  <div class='ocr_page' id='page_1' title='image "/cluster/home/n/w/nwhite01/storage/ocr_20150623/122/hvd.32044015471659/364.png"; bbox 0 0 4064 6292; ppageno 0'>
   <div class='ocr_carea' id='block_1_1' title="bbox 300 368 406 422">
    <p class='ocr_par' dir='ltr' id='par_1_1' title="bbox 300 368 406 422">
     <span class='ocr_line' id='line_1_1' title="bbox 300 368 406 422; baseline 0 -1"><span class='ocrx_word' id='word_1_1' title='bbox 300 368 406 422; x_wconf 80' lang='lat'><strong>655</strong></span> 
     </span>
    </p>
   </div>
   <div class='ocr_carea' id='block_1_2' title="bbox 1158 370 2689 428">
    <p class='ocr_par' dir='ltr' id='par_1_2' title="bbox 1158 370 2689 428">
     <span class='ocr_line' id='line_1_2' title="bbox 1158 370 2689 428; baseline 0.001 -3"><span class='ocrx_word' id='word_1_2' title='bbox 1158 371 1244 427; x_wconf 87' lang='lat' dir='ltr'><strong>DE</strong></span> <span class='ocrx_word' id='word_1_3' title='bbox 1284 370 1617 428; x_wconf 83' lang='lat' dir='ltr'><strong>DIVISIONE</strong></span> <span class='ocrx_word' id='word_1_4' title='bbox 1655 370 2001 427; x_wconf 78' lang='lat' dir='ltr'><strong>NATURAE.</strong></span> <span class='ocrx_word' id='word_1_5' title='bbox 2029 403 2098 411; x_wconf 95' lang='lat'><strong><em>—</em></strong></span> <span class='ocrx_word' id='word_1_6' title='bbox 2136 372 2331 427; x_wconf 78' lang='lat' dir='ltr'><strong>LIBER</strong></span> <span class='ocrx_word' id='word_1_7' title='bbox 2375 373 2689 428; x_wconf 79' lang='lat' dir='ltr'><strong>TERTIUS.</strong></span> 
     </span>
    </p>
   </div>
   <div class='ocr_carea' id='block_1_3' title="bbox 3452 380 3558 439">
    <p class='ocr_par' dir='ltr' id='par_1_3' title="bbox 3452 380 3558 439">
     <span class='ocr_line' id='line_1_3' title="bbox 3452 380 3558 439; baseline 0.009 -1"><span class='ocrx_word' id='word_1_8' title='bbox 3452 380 3558 439; x_wconf 72' lang='lat'><strong>654</strong></span> 
     </span>
    </p>
   </div>
   <div class='ocr_carea' id='block_1_4' title="bbox 300 482 3561 573">
    <p class='ocr_par' dir='ltr' id='par_1_4' title="bbox 300 482 3561 573">
     <span class='ocr_line' id='line_1_4' title="bbox 300 482 3561 573; baseline 0.007 -39"><span class='ocrx_word' id='word_1_9' title='bbox 300 482 515 552; x_wconf 87' lang='lat' dir='ltr'><strong>quidam</strong></span> <span class='ocrx_word' id='word_1_10' title='bbox 548 483 598 537; x_wconf 86' lang='lat' dir='ltr'><strong>in</strong></span> <span class='ocrx_word' id='word_1_11' title='bbox 642 484 908 539; x_wconf 84' lang='lat' dir='ltr'><strong>inﬁnitum</strong></span> <span class='ocrx_word' id='word_1_12' title='bbox 949 502 1052 540; x_wconf 89' lang='lat' dir='ltr'><strong>non</strong></span> <span class='ocrx_word' id='word_1_13' title='bbox 1084 486 1353 571; x_wconf 63' lang='lat' dir='ltr'><strong>proﬂuat;</strong></span> <span class='ocrx_word' id='word_1_14' title='bbox 1382 489 1506 543; x_wconf 84' lang='lat' dir='ltr'><strong>huic</strong></span> <span class='ocrx_word' id='word_1_15' title='bbox 1553 487 1882 559; x_wconf 80' lang='lat' dir='ltr'><strong>responden-</strong></span> <span class='ocrx_word' id='word_1_16' title='bbox 1911 488 1964 551; x_wconf 81' lang='grc' dir='ltr'><strong>Α</strong></span> <span class='ocrx_word' id='word_1_17' title='bbox 1990 490 2056 543; x_wconf 87' lang='lat' dir='ltr'><strong>ab</strong></span> <span class='ocrx_word' id='word_1_18' title='bbox 2084 504 2144 543; x_wconf 90' lang='lat' dir='ltr'><strong>ea</strong></span> <span class='ocrx_word' id='word_1_19' title='bbox 2174 488 2413 554; x_wconf 84' lang='lat' dir='ltr'><strong>veniunt,</strong></span> <span class='ocrx_word' id='word_1_20' title='bbox 2455 497 2509 543; x_wconf 92' lang='lat' dir='ltr'><strong>et</strong></span> <span class='ocrx_word' id='word_1_21' title='bbox 2535 489 2587 542; x_wconf 91' lang='lat' dir='ltr'><strong>in</strong></span> <span class='ocrx_word' id='word_1_22' title='bbox 2619 503 2736 544; x_wconf 89' lang='lat' dir='ltr'><strong>eam</strong></span> <span class='ocrx_word' id='word_1_23' title='bbox 2768 492 2991 547; x_wconf 82' lang='lat' dir='ltr'><strong>redeunt</strong></span> <span class='ocrx_word' id='word_1_24' title='bbox 3016 495 3306 552; x_wconf 88' lang='lat' dir='ltr'><strong>secundum</strong></span> <span class='ocrx_word' id='word_1_25' title='bbox 3345 501 3561 573; x_wconf 80' lang='lat' dir='ltr'><strong>regulas</strong></span> 
     </span>
    </p>
   </div>
   <div class='ocr_carea' id='block_1_5' title="bbox 298 566 1881 648">
    <p class='ocr_par' dir='ltr' id='par_1_5' title="bbox 298 566 1881 648">
     <span class='ocr_line' id='line_1_5' title="bbox 298 566 1881 648; baseline 0.003 -20"><span class='ocrx_word' id='word_1_26' title='bbox 298 573 425 628; x_wconf 87' lang='lat' dir='ltr'><strong>dum</strong></span> <span class='ocrx_word' id='word_1_27' title='bbox 454 581 535 627; x_wconf 89' lang='lat' dir='ltr'><strong>est</strong></span> <span class='ocrx_word' id='word_1_28' title='bbox 568 574 608 640; x_wconf 74' lang='grc'><strong>⁸,</strong></span> <span class='ocrx_word' id='word_1_29' title='bbox 645 588 833 630; x_wconf 86' lang='lat' dir='ltr'><strong>omnes</strong></span> <span class='ocrx_word' id='word_1_30' title='bbox 867 577 887 608; x_wconf 82' lang='lat'><strong>’</strong></span> <span class='ocrx_word' id='word_1_31' title='bbox 925 576 1012 631; x_wconf 85' lang='lat' dir='ltr'><strong>isti</strong></span> <span class='ocrx_word' id='word_1_32' title='bbox 1044 580 1251 632; x_wconf 82' lang='lat' dir='ltr'><strong>numeri</strong></span> <span class='ocrx_word' id='word_1_33' title='bbox 1300 566 1538 648; x_wconf 78' lang='lat' dir='ltr'><strong>partibus</strong></span> <span class='ocrx_word' id='word_1_34' title='bbox 1562 581 1676 634; x_wconf 87' lang='lat' dir='ltr'><strong>suis</strong></span> <span class='ocrx_word' id='word_1_35' title='bbox 1730 579 1881 645; x_wconf 89' lang='lat' dir='ltr'><strong>liniti,</strong></span> 
     </span>
    </p>
   </div>
   <div class='ocr_carea' id='block_1_6' title="bbox 295 667 1886 740">
    <p class='ocr_par' dir='ltr' id='par_1_6' title="bbox 295 667 1886 740">
     <span class='ocr_line' id='line_1_6' title="bbox 295 667 1886 740; baseline 0.002 -16"><span class='ocrx_word' id='word_1_36' title='bbox 295 680 366 724; x_wconf 82' lang='lat' dir='ltr'><strong>ex</strong></span> <span class='ocrx_word' id='word_1_37' title='bbox 420 667 615 735; x_wconf 79' lang='lat' dir='ltr'><strong>quibus</strong></span> <span class='ocrx_word' id='word_1_38' title='bbox 667 667 989 738; x_wconf 76' lang='lat' dir='ltr'><strong>multiplices</strong></span> <span class='ocrx_word' id='word_1_39' title='bbox 1034 670 1332 740; x_wconf 88' lang='lat' dir='ltr'><strong>procedunt</strong></span> <span class='ocrx_word' id='word_1_40' title='bbox 1393 672 1447 725; x_wconf 88' lang='lat' dir='ltr'><strong>in</strong></span> <span class='ocrx_word' id='word_1_41' title='bbox 1501 672 1789 737; x_wconf 88' lang='lat' dir='ltr'><strong>inﬁnitum,</strong></span> <span class='ocrx_word' id='word_1_42' title='bbox 1831 672 1886 727; x_wconf 89' lang='lat' dir='ltr'><strong>in</strong></span> 
     </span>
    </p>
   </div>
   <div class='ocr_carea' id='block_1_7' title="bbox 296 758 1881 831">
    <p class='ocr_par' dir='ltr' id='par_1_7' title="bbox 296 758 1881 831">
     <span class='ocr_line' id='line_1_7' title="bbox 296 758 1881 831; baseline 0.003 -16"><span class='ocrx_word' id='word_1_43' title='bbox 296 758 413 831; x_wconf 85' lang='lat' dir='ltr'><strong>ipsa</strong></span> <span class='ocrx_word' id='word_1_44' title='bbox 450 762 697 826; x_wconf 90' lang='lat' dir='ltr'><strong>monade,</strong></span> <span class='ocrx_word' id='word_1_45' title='bbox 743 760 832 817; x_wconf 88' lang='lat' dir='ltr'><strong>ubi</strong></span> <span class='ocrx_word' id='word_1_46' title='bbox 882 778 1071 818; x_wconf 88' lang='lat' dir='ltr'><strong>omnes</strong></span> <span class='ocrx_word' id='word_1_47' title='bbox 1104 778 1266 818; x_wconf 90' lang='lat' dir='ltr'><strong>unum</strong></span> <span class='ocrx_word' id='word_1_48' title='bbox 1320 772 1466 830; x_wconf 88' lang='lat' dir='ltr'><strong>sunt,</strong></span> <span class='ocrx_word' id='word_1_49' title='bbox 1497 764 1688 819; x_wconf 89' lang='lat' dir='ltr'><strong>inﬁniti</strong></span> <span class='ocrx_word' id='word_1_50' title='bbox 1740 775 1881 821; x_wconf 90' lang='lat' dir='ltr'><strong>sunt.</strong></span> 
     </span>
    </p>
   </div>
   <div class='ocr_carea' id='block_1_8' title="bbox 293 849 1883 924">
    <p class='ocr_par' dir='ltr' id='par_1_8' title="bbox 293 849 1883 924">
     <span class='ocr_line' id='line_1_8' title="bbox 293 849 1883 924; baseline 0.002 -17"><span class='ocrx_word' id='word_1_51' title='bbox 293 849 526 908; x_wconf 79' lang='lat' dir='ltr'><strong>Proinde</strong></span> <span class='ocrx_word' id='word_1_52' title='bbox 555 865 649 907; x_wconf 89' lang='lat' dir='ltr'><strong>aut</strong></span> <span class='ocrx_word' id='word_1_53' title='bbox 684 853 735 907; x_wconf 93' lang='lat' dir='ltr'><strong>in</strong></span> <span class='ocrx_word' id='word_1_54' title='bbox 760 855 988 909; x_wconf 87' lang='lat' dir='ltr'><strong>monade</strong></span> <span class='ocrx_word' id='word_1_55' title='bbox 1011 868 1132 910; x_wconf 90' lang='lat' dir='ltr'><strong>esse</strong></span> <span class='ocrx_word' id='word_1_56' title='bbox 1157 855 1375 924; x_wconf 82' lang='lat' dir='ltr'><strong>negabit</strong></span> <span class='ocrx_word' id='word_1_57' title='bbox 1393 869 1581 910; x_wconf 84' lang='lat' dir='ltr'><strong>omnes</strong></span> <span class='ocrx_word' id='word_1_58' title='bbox 1608 871 1883 922; x_wconf 88' lang='lat' dir='ltr'><strong>numeros,</strong></span> 
     </span>
    </p>
   </div>
   <div class='ocr_carea' id='block_1_9' title="bbox 294 946 1885 1017">
    <p class='ocr_par' dir='ltr' id='par_1_9' title="bbox 294 946 1885 1017">
     <span class='ocr_line' id='line_1_9' title="bbox 294 946 1885 1017; baseline 0.003 -17"><span class='ocrx_word' id='word_1_59' title='bbox 294 954 349 1001; x_wconf 89' lang='lat' dir='ltr'><strong>et</strong></span> <span class='ocrx_word' id='word_1_60' title='bbox 374 947 426 1000; x_wconf 93' lang='lat' dir='ltr'><strong>iu</strong></span> <span class='ocrx_word' id='word_1_61' title='bbox 477 947 589 1001; x_wconf 85' lang='lat' dir='ltr'><strong>suis</strong></span> <span class='ocrx_word' id='word_1_62' title='bbox 634 946 1166 1017; x_wconf 81' lang='lat' dir='ltr'><strong>multiplicationibus</strong></span> <span class='ocrx_word' id='word_1_63' title='bbox 1210 954 1363 1003; x_wconf 81' lang='lat' dir='ltr'><strong>extra</strong></span> <span class='ocrx_word' id='word_1_64' title='bbox 1394 962 1517 1003; x_wconf 86' lang='lat' dir='ltr'><strong>eam</strong></span> <span class='ocrx_word' id='word_1_65' title='bbox 1543 948 1722 1004; x_wconf 88' lang='lat' dir='ltr'><strong>ﬁnitos</strong></span> <span class='ocrx_word' id='word_1_66' title='bbox 1765 964 1885 1004; x_wconf 88' lang='lat' dir='ltr'><strong>esse</strong></span> 
     </span>
    </p>
   </div>
   <div class='ocr_carea' id='block_1_10' title="bbox 294 1038 1885 1111">
    <p class='ocr_par' dir='ltr' id='par_1_10' title="bbox 294 1038 1885 1111">
     <span class='ocr_line' id='line_1_10' title="bbox 294 1038 1885 1111; baseline 0.001 -19"><span class='ocrx_word' id='word_1_67' title='bbox 294 1039 618 1106; x_wconf 77' lang='lat' dir='ltr'><strong>aﬂirmabit;</strong></span> <span class='ocrx_word' id='word_1_68' title='bbox 662 1047 754 1094; x_wconf 88' lang='lat' dir='ltr'><strong>aut</strong></span> <span class='ocrx_word' id='word_1_69' title='bbox 810 1041 857 1095; x_wconf 86' lang='lat' dir='ltr'><strong>si</strong></span> <span class='ocrx_word' id='word_1_70' title='bbox 905 1041 1007 1096; x_wconf 87' lang='lat' dir='ltr'><strong>hoc</strong></span> <span class='ocrx_word' id='word_1_71' title='bbox 1054 1038 1320 1096; x_wconf 81' lang='lat' dir='ltr'><strong>afﬁrmare</strong></span> <span class='ocrx_word' id='word_1_72' title='bbox 1372 1056 1476 1095; x_wconf 89' lang='lat' dir='ltr'><strong>non</strong></span> <span class='ocrx_word' id='word_1_73' title='bbox 1510 1040 1725 1111; x_wconf 85' lang='lat' dir='ltr'><strong>poterit,</strong></span> <span class='ocrx_word' id='word_1_74' title='bbox 1755 1055 1885 1095; x_wconf 84' lang='lat' dir='ltr'><strong>vera</strong></span> 
     </span>
    </p>
   </div>
   <div class='ocr_carea' id='block_1_11' title="bbox 294 1132 1883 1198">
    <p class='ocr_par' dir='ltr' id='par_1_11' title="bbox 294 1132 1883 1198">
     <span class='ocr_line' id='line_1_11' title="bbox 294 1132 1883 1198; baseline 0 -13"><span class='ocrx_word' id='word_1_75' title='bbox 294 1132 505 1188; x_wconf 83' lang='lat' dir='ltr'><strong>ratione</strong></span> <span class='ocrx_word' id='word_1_76' title='bbox 544 1133 846 1196; x_wconf 82' lang='lat' dir='ltr'><strong>resistente,</strong></span> <span class='ocrx_word' id='word_1_77' title='bbox 882 1132 1192 1188; x_wconf 84' lang='lat' dir='ltr'><strong>necessario</strong></span> <span class='ocrx_word' id='word_1_78' title='bbox 1238 1132 1513 1198; x_wconf 81' lang='lat' dir='ltr'><strong>fatebitur,</strong></span> <span class='ocrx_word' id='word_1_79' title='bbox 1544 1148 1733 1188; x_wconf 90' lang='lat' dir='ltr'><strong>omnes</strong></span> <span class='ocrx_word' id='word_1_80' title='bbox 1781 1147 1883 1186; x_wconf 86' lang='lat' dir='ltr'><strong>nu-</strong></span> 
     </span>
    </p>
   </div>
   <div class='ocr_carea' id='block_1_12' title="bbox 294 1220 1885 1293">
    <p class='ocr_par' dir='ltr' id='par_1_12' title="bbox 294 1220 1885 1293">
     <span class='ocr_line' id='line_1_12' title="bbox 294 1220 1885 1293; baseline 0 -16"><span class='ocrx_word' id='word_1_81' title='bbox 294 1234 477 1278; x_wconf 88' lang='lat' dir='ltr'><strong>meros</strong></span> <span class='ocrx_word' id='word_1_82' title='bbox 528 1224 773 1293; x_wconf 86' lang='lat' dir='ltr'><strong>partibus</strong></span> <span class='ocrx_word' id='word_1_83' title='bbox 837 1224 947 1278; x_wconf 90' lang='lat' dir='ltr'><strong>suis</strong></span> <span class='ocrx_word' id='word_1_84' title='bbox 1002 1220 1203 1288; x_wconf 85' lang='lat' dir='ltr'><strong>ﬁnitos,</strong></span> <span class='ocrx_word' id='word_1_85' title='bbox 1265 1223 1315 1276; x_wconf 90' lang='lat' dir='ltr'><strong>in</strong></span> <span class='ocrx_word' id='word_1_86' title='bbox 1369 1224 1594 1277; x_wconf 86' lang='lat' dir='ltr'><strong>monade</strong></span> <span class='ocrx_word' id='word_1_87' title='bbox 1651 1221 1885 1277; x_wconf 87' lang='lat' dir='ltr'><strong>inﬁnitos</strong></span> 
     </span>
    </p>
   </div>
   <div class='ocr_carea' id='block_1_13' title="bbox 292 1313 1884 1384">
    <p class='ocr_par' dir='ltr' id='par_1_13' title="bbox 292 1313 1884 1384">
     <span class='ocr_line' id='line_1_13' title="bbox 292 1313 1884 1384; baseline -0.001 -14"><span class='ocrx_word' id='word_1_88' title='bbox 292 1313 590 1370; x_wconf 67' lang='lat' dir='ltr'><strong>subéistere</strong></span> <span class='ocrx_word' id='word_1_89' title='bbox 653 1322 709 1369; x_wconf 90' lang='lat' dir='ltr'><strong>et</strong></span> <span class='ocrx_word' id='word_1_90' title='bbox 772 1314 794 1347; x_wconf 82' lang='grc'><strong>⁸</strong></span> <span class='ocrx_word' id='word_1_91' title='bbox 850 1314 1190 1370; x_wconf 80' lang='lat' dir='ltr'><strong>uniformiter</strong></span> <span class='ocrx_word' id='word_1_92' title='bbox 1257 1324 1524 1371; x_wconf 86' lang='lat' dir='ltr'><strong>aeternos.</strong></span> <span class='ocrx_word' id='word_1_93' title='bbox 1604 1314 1884 1384; x_wconf 82' lang='lat' dir='ltr'><strong>Siquidem</strong></span> 
     </span>
    </p>
   </div>
   <div class='ocr_carea' id='block_1_14' title="bbox 291 1400 1884 1477">
    <p class='ocr_par' dir='ltr' id='par_1_14' title="bbox 291 1400 1884 1477">
     <span class='ocr_line' id='line_1_14' title="bbox 291 1400 1884 1477; baseline 0.001 -17"><span class='ocrx_word' id='word_1_94' title='bbox 291 1421 400 1462; x_wconf 90' lang='lat' dir='ltr'><strong>non</strong></span> <span class='ocrx_word' id='word_1_95' title='bbox 430 1406 521 1462; x_wconf 90' lang='lat' dir='ltr'><strong>ubi</strong></span> <span class='ocrx_word' id='word_1_96' title='bbox 559 1406 677 1463; x_wconf 82' lang='lat' dir='ltr'><strong>fons</strong></span> <span class='ocrx_word' id='word_1_97' title='bbox 706 1416 945 1477; x_wconf 84' lang='lat' dir='ltr'><strong>apparet,</strong></span> <span class='ocrx_word' id='word_1_98' title='bbox 1005 1407 1078 1462; x_wconf 86' lang='lat' dir='ltr'><strong>ibi</strong></span> <span class='ocrx_word' id='word_1_99' title='bbox 1129 1406 1152 1438; x_wconf 81' lang='lat'><strong>&quot;</strong></span> <span class='ocrx_word' id='word_1_100' title='bbox 1194 1422 1334 1477; x_wconf 87' lang='lat' dir='ltr'><strong>aqua</strong></span> <span class='ocrx_word' id='word_1_101' title='bbox 1377 1400 1567 1477; x_wconf 81' lang='lat' dir='ltr'><strong>incipit</strong></span> <span class='ocrx_word' id='word_1_102' title='bbox 1600 1422 1742 1470; x_wconf 90' lang='lat' dir='ltr'><strong>esse,</strong></span> <span class='ocrx_word' id='word_1_103' title='bbox 1790 1407 1884 1461; x_wconf 90' lang='lat' dir='ltr'><strong>sed</strong></span> 
     </span>
    </p>
   </div>
   <div class='ocr_carea' id='block_1_15' title="bbox 293 1500 1857 1572">
    <p class='ocr_par' dir='ltr' id='par_1_15' title="bbox 293 1500 1857 1572">
     <span class='ocr_line' id='line_1_15' title="bbox 293 1500 1857 1572; baseline -0.001 -16"><span class='ocrx_word' id='word_1_104' title='bbox 293 1501 510 1557; x_wconf 81' lang='lat' dir='ltr'><strong>aliunde</strong></span> <span class='ocrx_word' id='word_1_105' title='bbox 569 1516 667 1571; x_wconf 89' lang='lat' dir='ltr'><strong>per</strong></span> <span class='ocrx_word' id='word_1_106' title='bbox 737 1501 974 1557; x_wconf 90' lang='lat' dir='ltr'><strong>occultos</strong></span> <span class='ocrx_word' id='word_1_107' title='bbox 1055 1516 1217 1572; x_wconf 87' lang='lat' dir='ltr'><strong>peros</strong></span> <span class='ocrx_word' id='word_1_108' title='bbox 1277 1502 1629 1571; x_wconf 86' lang='lat' dir='ltr'><strong>sensibusque</strong></span> <span class='ocrx_word' id='word_1_109' title='bbox 1706 1500 1857 1555; x_wconf 90' lang='lat' dir='ltr'><strong>inﬁni</strong></span> 
     </span>
    </p>
   </div>
   <div class='ocr_carea' id='block_1_16' title="bbox 291 1588 1882 1662">
    <p class='ocr_par' dir='ltr' id='par_1_16' title="bbox 291 1588 1882 1662">
     <span class='ocr_line' id='line_1_16' title="bbox 291 1588 1882 1662; baseline -0.001 -16"><span class='ocrx_word' id='word_1_110' title='bbox 291 1595 380 1646; x_wconf 81' lang='lat' dir='ltr'><strong>tos</strong></span> <span class='ocrx_word' id='word_1_111' title='bbox 429 1588 582 1661; x_wconf 81' lang='lat' dir='ltr'><strong>longe</strong></span> <span class='ocrx_word' id='word_1_112' title='bbox 642 1599 765 1647; x_wconf 87' lang='lat' dir='ltr'><strong>ante</strong></span> <span class='ocrx_word' id='word_1_113' title='bbox 806 1599 1008 1657; x_wconf 88' lang='lat' dir='ltr'><strong>manat,</strong></span> <span class='ocrx_word' id='word_1_114' title='bbox 1061 1593 1371 1662; x_wconf 82' lang='lat' dir='ltr'><strong>priusquam</strong></span> <span class='ocrx_word' id='word_1_115' title='bbox 1427 1591 1480 1645; x_wconf 91' lang='lat' dir='ltr'><strong>in</strong></span> <span class='ocrx_word' id='word_1_116' title='bbox 1548 1590 1694 1646; x_wconf 82' lang='lat' dir='ltr'><strong>fonte</strong></span> <span class='ocrx_word' id='word_1_117' title='bbox 1723 1607 1882 1662; x_wconf 86' lang='lat' dir='ltr'><strong>appa-</strong></span> 
     </span>
    </p>
   </div>
   <div class='ocr_carea' id='block_1_17' title="bbox 292 1682 1883 1757">
    <p class='ocr_par' dir='ltr' id='par_1_17' title="bbox 292 1682 1883 1757">
     <span class='ocr_line' id='line_1_17' title="bbox 292 1682 1883 1757; baseline 0.001 -20"><span class='ocrx_word' id='word_1_118' title='bbox 292 1691 431 1738; x_wconf 89' lang='lat' dir='ltr'><strong>reat.</strong></span> <span class='ocrx_word' id='word_1_119' title='bbox 483 1682 561 1738; x_wconf 85' lang='lat' dir='ltr'><strong>Ac</strong></span> <span class='ocrx_word' id='word_1_120' title='bbox 612 1699 709 1757; x_wconf 91' lang='lat' dir='ltr'><strong>per</strong></span> <span class='ocrx_word' id='word_1_121' title='bbox 761 1686 863 1739; x_wconf 85' lang='lat' dir='ltr'><strong>hoc</strong></span> <span class='ocrx_word' id='word_1_122' title='bbox 893 1726 908 1749; x_wconf 91' lang='lat'><strong>,</strong></span> <span class='ocrx_word' id='word_1_123' title='bbox 981 1685 1433 1754; x_wconf 82' lang='lat' dir='ltr'><strong>quemadmodum</strong></span> <span class='ocrx_word' id='word_1_124' title='bbox 1478 1683 1699 1739; x_wconf 80' lang='lat' dir='ltr'><strong>abusive</strong></span> <span class='ocrx_word' id='word_1_125' title='bbox 1751 1684 1883 1739; x_wconf 83' lang='lat' dir='ltr'><strong>dici-</strong></span> 
     </span>
    </p>
   </div>
   <div class='ocr_carea' id='block_1_18' title="bbox 294 1774 1882 1848">
    <p class='ocr_par' dir='ltr' id='par_1_18' title="bbox 294 1774 1882 1848">
     <span class='ocr_line' id='line_1_18' title="bbox 294 1774 1882 1848; baseline 0.002 -19"><span class='ocrx_word' id='word_1_126' title='bbox 294 1785 384 1829; x_wconf 88' lang='lat' dir='ltr'><strong>tur</strong></span> <span class='ocrx_word' id='word_1_127' title='bbox 455 1774 609 1841; x_wconf 83' lang='lat' dir='ltr'><strong>fons,</strong></span> <span class='ocrx_word' id='word_1_128' title='bbox 683 1776 775 1830; x_wconf 89' lang='lat' dir='ltr'><strong>ubi</strong></span> <span class='ocrx_word' id='word_1_129' title='bbox 864 1776 1039 1847; x_wconf 90' lang='lat' dir='ltr'><strong>primo</strong></span> <span class='ocrx_word' id='word_1_130' title='bbox 1108 1777 1391 1831; x_wconf 81' lang='lat' dir='ltr'><strong>visibiliter</strong></span> <span class='ocrx_word' id='word_1_131' title='bbox 1449 1777 1664 1848; x_wconf 82' lang='lat' dir='ltr'><strong>surgit;</strong></span> <span class='ocrx_word' id='word_1_132' title='bbox 1728 1776 1882 1848; x_wconf 83' lang='lat' dir='ltr'><strong>longe</strong></span> 
     </span>
    </p>
   </div>
   <div class='ocr_carea' id='block_1_19' title="bbox 1990 580 3560 655">
    <p class='ocr_par' dir='ltr' id='par_1_19' title="bbox 1990 580 3560 655">
     <span class='ocr_line' id='line_1_19' title="bbox 1990 580 3560 655; baseline 0.013 -23"><span class='ocrx_word' id='word_1_133' title='bbox 1990 580 2322 655; x_wconf 72' lang='lat' dir='ltr'><strong>disciplinae,</strong></span> <span class='ocrx_word' id='word_1_134' title='bbox 2362 597 2500 652; x_wconf 86' lang='lat' dir='ltr'><strong>quae</strong></span> <span class='ocrx_word' id='word_1_135' title='bbox 2528 597 2713 636; x_wconf 86' lang='lat' dir='ltr'><strong>eorum</strong></span> <span class='ocrx_word' id='word_1_136' title='bbox 2754 584 2991 642; x_wconf 82' lang='lat' dir='ltr'><strong>rationes</strong></span> <span class='ocrx_word' id='word_1_137' title='bbox 3024 587 3278 645; x_wconf 88' lang='lat' dir='ltr'><strong>intuetur.</strong></span> <span class='ocrx_word' id='word_1_138' title='bbox 3314 591 3381 646; x_wconf 85' lang='lat' dir='ltr'><strong>At</strong></span> <span class='ocrx_word' id='word_1_139' title='bbox 3409 594 3455 649; x_wconf 87' lang='lat' dir='ltr'><strong>si</strong></span> <span class='ocrx_word' id='word_1_140' title='bbox 3482 595 3560 654; x_wconf 75' lang='lat' dir='ltr'><strong>ita</strong></span> 
     </span>
    </p>
   </div>
   <div class='ocr_carea' id='block_1_20' title="bbox 1987 673 3562 747">
    <p class='ocr_par' dir='ltr' id='par_1_20' title="bbox 1987 673 3562 747">
     <span class='ocr_line' id='line_1_20' title="bbox 1987 673 3562 747; baseline 0.013 -22"><span class='ocrx_word' id='word_1_141' title='bbox 1987 680 2089 737; x_wconf 83' lang='lat' dir='ltr'><strong>est,</strong></span> <span class='ocrx_word' id='word_1_142' title='bbox 2136 687 2292 728; x_wconf 88' lang='lat' dir='ltr'><strong>nemo</strong></span> <span class='ocrx_word' id='word_1_143' title='bbox 2345 673 2446 727; x_wconf 91' lang='lat' dir='ltr'><strong>nisi</strong></span> <span class='ocrx_word' id='word_1_144' title='bbox 2500 675 2779 743; x_wconf 77' lang='lat' dir='ltr'><strong>inqmdens</strong></span> <span class='ocrx_word' id='word_1_145' title='bbox 2819 681 3170 745; x_wconf 89' lang='lat' dir='ltr'><strong>contradicet,</strong></span> <span class='ocrx_word' id='word_1_146' title='bbox 3217 692 3466 742; x_wconf 83' lang='lat' dir='ltr'><strong>aeternos</strong></span> <span class='ocrx_word' id='word_1_147' title='bbox 3501 687 3562 747; x_wconf 83' lang='lat' dir='ltr'><strong>in</strong></span> 
     </span>
    </p>
   </div>
   <div class='ocr_carea' id='block_1_21' title="bbox 1988 766 3562 842">
    <p class='ocr_par' dir='ltr' id='par_1_21' title="bbox 1988 766 3562 842">
     <span class='ocr_line' id='line_1_21' title="bbox 1988 766 3562 842; baseline 0.012 -23"><span class='ocrx_word' id='word_1_148' title='bbox 1988 766 2193 819; x_wconf 80' lang='lat' dir='ltr'><strong>unitate</strong></span> <span class='ocrx_word' id='word_1_149' title='bbox 2230 780 2483 821; x_wconf 89' lang='lat' dir='ltr'><strong>numeros</strong></span> <span class='ocrx_word' id='word_1_150' title='bbox 2529 767 2642 821; x_wconf 89' lang='lat' dir='ltr'><strong>suis</strong></span> <span class='ocrx_word' id='word_1_151' title='bbox 2688 770 2988 826; x_wconf 86' lang='lat' dir='ltr'><strong>rationibus</strong></span> <span class='ocrx_word' id='word_1_152' title='bbox 3027 775 3359 842; x_wconf 87' lang='lat' dir='ltr'><strong>subsistere;</strong></span> <span class='ocrx_word' id='word_1_153' title='bbox 3405 785 3460 833; x_wconf 89' lang='lat' dir='ltr'><strong>et</strong></span> <span class='ocrx_word' id='word_1_154' title='bbox 3510 777 3562 838; x_wconf 81' lang='lat' dir='ltr'><strong>sl</strong></span> 
     </span>
    </p>
   </div>
   <div class='ocr_carea' id='block_1_22' title="bbox 1987 860 3562 941">
    <p class='ocr_par' dir='ltr' id='par_1_22' title="bbox 1987 860 3562 941">
     <span class='ocr_line' id='line_1_22' title="bbox 1987 860 3562 941; baseline 0.01 -29"><span class='ocrx_word' id='word_1_155' title='bbox 1987 860 2108 927; x_wconf 83' lang='lat' dir='ltr'><strong>quis</strong></span> <span class='ocrx_word' id='word_1_156' title='bbox 2158 860 2394 914; x_wconf 90' lang='lat' dir='ltr'><strong>intentus</strong></span> <span class='ocrx_word' id='word_1_157' title='bbox 2438 860 2735 932; x_wconf 82' lang='lat' dir='ltr'><strong>inspexerit</strong></span> <span class='ocrx_word' id='word_1_158' title='bbox 2776 864 2841 927; x_wconf 75' lang='grc'><strong>⁸⁸,</strong></span> <span class='ocrx_word' id='word_1_159' title='bbox 2894 864 3037 935; x_wconf 88' lang='lat' dir='ltr'><strong>ipsas</strong></span> <span class='ocrx_word' id='word_1_160' title='bbox 3091 868 3324 924; x_wconf 86' lang='lat' dir='ltr'><strong>rationes</strong></span> <span class='ocrx_word' id='word_1_161' title='bbox 3361 869 3562 941; x_wconf 85' lang='lat' dir='ltr'><strong>sempi-</strong></span> 
     </span>
    </p>
   </div>
   <div class='ocr_carea' id='block_1_23' title="bbox 1989 953 3563 1019">
    <p class='ocr_par' dir='ltr' id='par_1_23' title="bbox 1989 953 3563 1019">
     <span class='ocr_line' id='line_1_23' title="bbox 1989 953 3563 1019; baseline 0.008 -14"><span class='ocrx_word' id='word_1_162' title='bbox 1989 961 2169 1007; x_wconf 86' lang='lat' dir='ltr'><strong>ternas</strong></span> <span class='ocrx_word' id='word_1_163' title='bbox 2191 966 2310 1007; x_wconf 87' lang='lat' dir='ltr'><strong>esse</strong></span> <span class='ocrx_word' id='word_1_164' title='bbox 2348 967 2453 1007; x_wconf 87' lang='lat' dir='ltr'><strong>non</strong></span> <span class='ocrx_word' id='word_1_165' title='bbox 2495 953 2776 1008; x_wconf 88' lang='lat' dir='ltr'><strong>dubitabit.</strong></span> <span class='ocrx_word' id='word_1_166' title='bbox 2804 955 2943 1011; x_wconf 76' lang='lat' dir='ltr'><strong>MAG.</strong></span> <span class='ocrx_word' id='word_1_167' title='bbox 2984 958 3371 1015; x_wconf 88' lang='lat' dir='ltr'><strong>Arithmeticae</strong></span> <span class='ocrx_word' id='word_1_168' title='bbox 3397 961 3563 1019; x_wconf 81' lang='lat' dir='ltr'><strong>disci-</strong></span> 
     </span>
    </p>
   </div>
   <div class='ocr_carea' id='block_1_24' title="bbox 1986 1045 3558 1121">
    <p class='ocr_par' dir='ltr' id='par_1_24' title="bbox 1986 1045 3558 1121">
     <span class='ocr_line' id='line_1_24' title="bbox 1986 1045 3558 1121; baseline 0.01 -23"><span class='ocrx_word' id='word_1_169' title='bbox 1986 1045 2161 1114; x_wconf 88' lang='lat' dir='ltr'><strong>plinae</strong></span> <span class='ocrx_word' id='word_1_170' title='bbox 2193 1060 2295 1099; x_wconf 87' lang='lat' dir='ltr'><strong>non</strong></span> <span class='ocrx_word' id='word_1_171' title='bbox 2322 1045 2562 1117; x_wconf 82' lang='lat' dir='ltr'><strong>ignarum</strong></span> <span class='ocrx_word' id='word_1_172' title='bbox 2587 1055 2638 1101; x_wconf 89' lang='lat' dir='ltr'><strong>te</strong></span> <span class='ocrx_word' id='word_1_173' title='bbox 2665 1063 2783 1103; x_wconf 86' lang='lat' dir='ltr'><strong>esse</strong></span> <span class='ocrx_word' id='word_1_174' title='bbox 2805 1051 3092 1121; x_wconf 79' lang='lat' dir='ltr'><strong>perSpicio.</strong></span> <span class='ocrx_word' id='word_1_175' title='bbox 3118 1050 3392 1108; x_wconf 83' lang='lat' dir='ltr'><strong>Hactenus</strong></span> <span class='ocrx_word' id='word_1_176' title='bbox 3409 1056 3558 1114; x_wconf 83' lang='lat' dir='ltr'><strong>enim</strong></span> 
     </span>
    </p>
   </div>
   <div class='ocr_carea' id='block_1_25' title="bbox 1984 1136 3548 1215">
    <p class='ocr_par' dir='ltr' id='par_1_25' title="bbox 1984 1136 3548 1215">
     <span class='ocr_line' id='line_1_25' title="bbox 1984 1136 3548 1215; baseline 0.009 -27"><span class='ocrx_word' id='word_1_177' title='bbox 1984 1136 2238 1213; x_wconf 84' lang='lat' dir='ltr'><strong>quicquid</strong></span> <span class='ocrx_word' id='word_1_178' title='bbox 2261 1150 2289 1188; x_wconf 88' lang='lat' dir='ltr'><strong>a</strong></span> <span class='ocrx_word' id='word_1_179' title='bbox 2321 1145 2371 1188; x_wconf 89' lang='lat' dir='ltr'><strong>te</strong></span> <span class='ocrx_word' id='word_1_180' title='bbox 2400 1136 2465 1190; x_wconf 92' lang='lat' dir='ltr'><strong>de</strong></span> <span class='ocrx_word' id='word_1_181' title='bbox 2490 1137 2599 1206; x_wconf 85' lang='lat' dir='ltr'><strong>ipsa</strong></span> <span class='ocrx_word' id='word_1_182' title='bbox 2624 1140 2889 1207; x_wconf 90' lang='lat' dir='ltr'><strong>prolatum</strong></span> <span class='ocrx_word' id='word_1_183' title='bbox 2920 1150 3019 1206; x_wconf 86' lang='lat' dir='ltr'><strong>est,</strong></span> <span class='ocrx_word' id='word_1_184' title='bbox 3048 1158 3175 1197; x_wconf 87' lang='lat' dir='ltr'><strong>vera</strong></span> <span class='ocrx_word' id='word_1_185' title='bbox 3220 1144 3358 1199; x_wconf 82' lang='lat' dir='ltr'><strong>ratio</strong></span> <span class='ocrx_word' id='word_1_186' title='bbox 3388 1159 3548 1215; x_wconf 84' lang='lat' dir='ltr'><strong>prae-</strong></span> 
     </span>
    </p>
   </div>
   <div class='ocr_carea' id='block_1_26' title="bbox 1986 1226 3563 1293">
    <p class='ocr_par' dir='ltr' id='par_1_26' title="bbox 1986 1226 3563 1293">
     <span class='ocr_line' id='line_1_26' title="bbox 1986 1226 3563 1293; baseline 0.008 -13"><span class='ocrx_word' id='word_1_187' title='bbox 1986 1226 2148 1290; x_wconf 87' lang='lat' dir='ltr'><strong>dicat,</strong></span> <span class='ocrx_word' id='word_1_188' title='bbox 2195 1242 2258 1281; x_wconf 90' lang='lat' dir='ltr'><strong>ac</strong></span> <span class='ocrx_word' id='word_1_189' title='bbox 2301 1227 2398 1292; x_wconf 90' lang='lat' dir='ltr'><strong>sic,</strong></span> <span class='ocrx_word' id='word_1_190' title='bbox 2443 1237 2498 1282; x_wconf 90' lang='lat' dir='ltr'><strong>et</strong></span> <span class='ocrx_word' id='word_1_191' title='bbox 2537 1244 2643 1283; x_wconf 90' lang='lat' dir='ltr'><strong>non</strong></span> <span class='ocrx_word' id='word_1_192' title='bbox 2685 1230 2841 1285; x_wconf 86' lang='lat' dir='ltr'><strong>aliter</strong></span> <span class='ocrx_word' id='word_1_193' title='bbox 2885 1248 3004 1288; x_wconf 79' lang='lat' dir='ltr'><strong>esse</strong></span> <span class='ocrx_word' id='word_1_194' title='bbox 3030 1235 3332 1291; x_wconf 88' lang='lat' dir='ltr'><strong>conﬁrmat.</strong></span> <span class='ocrx_word' id='word_1_195' title='bbox 3368 1236 3474 1293; x_wconf 86' lang='lat' dir='ltr'><strong>Sed</strong></span> <span class='ocrx_word' id='word_1_196' title='bbox 3500 1244 3563 1292; x_wconf 88' lang='lat' dir='ltr'><strong>ut</strong></span> 
     </span>
    </p>
   </div>
   <div class='ocr_carea' id='block_1_27' title="bbox 1988 1318 3562 1399">
    <p class='ocr_par' dir='ltr' id='par_1_27' title="bbox 1988 1318 3562 1399">
     <span class='ocr_line' id='line_1_27' title="bbox 1988 1318 3562 1399; baseline 0.01 -29"><span class='ocrx_word' id='word_1_197' title='bbox 1988 1318 2193 1372; x_wconf 89' lang='lat' dir='ltr'><strong>ﬁrmius</strong></span> <span class='ocrx_word' id='word_1_198' title='bbox 2219 1318 2284 1371; x_wconf 88' lang='lat' dir='ltr'><strong>de</strong></span> <span class='ocrx_word' id='word_1_199' title='bbox 2310 1334 2656 1376; x_wconf 90' lang='lat' dir='ltr'><strong>numerorum</strong></span> <span class='ocrx_word' id='word_1_200' title='bbox 2686 1324 3005 1380; x_wconf 82' lang='lat' dir='ltr'><strong>aeternitate</strong></span> <span class='ocrx_word' id='word_1_201' title='bbox 3032 1327 3085 1381; x_wconf 92' lang='lat' dir='ltr'><strong>in</strong></span> <span class='ocrx_word' id='word_1_202' title='bbox 3115 1329 3342 1383; x_wconf 89' lang='lat' dir='ltr'><strong>monade</strong></span> <span class='ocrx_word' id='word_1_203' title='bbox 3364 1328 3562 1399; x_wconf 88' lang='lat' dir='ltr'><strong>perdo-</strong></span> 
     </span>
    </p>
   </div>
   <div class='ocr_carea' id='block_1_28' title="bbox 1984 1413 3566 1490">
    <p class='ocr_par' dir='ltr' id='par_1_28' title="bbox 1984 1413 3566 1490">
     <span class='ocr_line' id='line_1_28' title="bbox 1984 1413 3566 1490; baseline 0.008 -27"><span class='ocrx_word' id='word_1_204' title='bbox 1984 1424 2131 1475; x_wconf 87' lang='lat' dir='ltr'><strong>eeas,</strong></span> <span class='ocrx_word' id='word_1_205' title='bbox 2163 1426 2349 1465; x_wconf 88' lang='lat' dir='ltr'><strong>eorum</strong></span> <span class='ocrx_word' id='word_1_206' title='bbox 2390 1413 2654 1481; x_wconf 86' lang='lat' dir='ltr'><strong>rationes,</strong></span> <span class='ocrx_word' id='word_1_207' title='bbox 2676 1431 2811 1485; x_wconf 90' lang='lat' dir='ltr'><strong>quas</strong></span> <span class='ocrx_word' id='word_1_208' title='bbox 2840 1426 3093 1474; x_wconf 89' lang='lat' dir='ltr'><strong>aeternas</strong></span> <span class='ocrx_word' id='word_1_209' title='bbox 3117 1429 3276 1490; x_wconf 90' lang='lat' dir='ltr'><strong>atque</strong></span> <span class='ocrx_word' id='word_1_210' title='bbox 3306 1420 3566 1477; x_wconf 87' lang='lat' dir='ltr'><strong>immuta-</strong></span> 
     </span>
    </p>
   </div>
   <div class='ocr_carea' id='block_1_29' title="bbox 1984 1501 3561 1584">
    <p class='ocr_par' dir='ltr' id='par_1_29' title="bbox 1984 1501 3561 1584">
     <span class='ocr_line' id='line_1_29' title="bbox 1984 1501 3561 1584; baseline 0.009 -29"><span class='ocrx_word' id='word_1_211' title='bbox 1984 1501 2118 1555; x_wconf 86' lang='lat' dir='ltr'><strong>biles</strong></span> <span class='ocrx_word' id='word_1_212' title='bbox 2144 1502 2189 1532; x_wconf 84' lang='grc'><strong>²⁰</strong></span> <span class='ocrx_word' id='word_1_213' title='bbox 2219 1504 2418 1559; x_wconf 88' lang='lat' dir='ltr'><strong>asseris</strong></span> <span class='ocrx_word' id='word_1_214' title='bbox 2448 1519 2586 1570; x_wconf 90' lang='lat' dir='ltr'><strong>esse,</strong></span> <span class='ocrx_word' id='word_1_215' title='bbox 2628 1508 2866 1564; x_wconf 83' lang='lat' dir='ltr'><strong>breviter</strong></span> <span class='ocrx_word' id='word_1_216' title='bbox 2902 1511 3141 1566; x_wconf 89' lang='lat' dir='ltr'><strong>edissere</strong></span> <span class='ocrx_word' id='word_1_217' title='bbox 3167 1522 3326 1582; x_wconf 88' lang='lat' dir='ltr'><strong>atque</strong></span> <span class='ocrx_word' id='word_1_218' title='bbox 3356 1522 3561 1584; x_wconf 89' lang='lat' dir='ltr'><strong>aperte.</strong></span> 
     </span>
    </p>
   </div>
   <div class='ocr_carea' id='block_1_30' title="bbox 1983 1589 3560 1669">
    <p class='ocr_par' dir='ltr' id='par_1_30' title="bbox 1983 1589 3560 1669">
     <span class='ocr_line' id='line_1_30' title="bbox 1983 1589 3560 1669; baseline 0.01 -27"><span class='ocrx_word' id='word_1_219' title='bbox 1983 1589 2127 1645; x_wconf 79' lang='lat' dir='ltr'><strong>Dise.</strong></span> <span class='ocrx_word' id='word_1_220' title='bbox 2172 1592 2355 1647; x_wconf 90' lang='lat' dir='ltr'><strong>Prima</strong></span> <span class='ocrx_word' id='word_1_221' title='bbox 2400 1595 2709 1665; x_wconf 80' lang='lat' dir='ltr'><strong>progressio</strong></span> <span class='ocrx_word' id='word_1_222' title='bbox 2749 1612 3094 1653; x_wconf 88' lang='lat' dir='ltr'><strong>numerorum</strong></span> <span class='ocrx_word' id='word_1_223' title='bbox 3138 1610 3221 1655; x_wconf 87' lang='lat' dir='ltr'><strong>est</strong></span> <span class='ocrx_word' id='word_1_224' title='bbox 3249 1617 3277 1655; x_wconf 91' lang='lat' dir='ltr'><strong>a</strong></span> <span class='ocrx_word' id='word_1_225' title='bbox 3310 1603 3560 1669; x_wconf 87' lang='lat' dir='ltr'><strong>monade,</strong></span> 
     </span>
    </p>
   </div>
   <div class='ocr_carea' id='block_1_31' title="bbox 1983 1682 3563 1757">
    <p class='ocr_par' dir='ltr' id='par_1_31' title="bbox 1983 1682 3563 1757">
     <span class='ocr_line' id='line_1_31' title="bbox 1983 1682 3563 1757; baseline 0.004 -21"><span class='ocrx_word' id='word_1_226' title='bbox 1983 1690 2031 1736; x_wconf 90' lang='lat' dir='ltr'><strong>et</strong></span> <span class='ocrx_word' id='word_1_227' title='bbox 2060 1682 2518 1751; x_wconf 87' lang='lat' dir='ltr'><strong>nmitiplicationis</strong></span> <span class='ocrx_word' id='word_1_228' title='bbox 2541 1686 2839 1755; x_wconf 88' lang='lat' dir='ltr'><strong>auspicium</strong></span> <span class='ocrx_word' id='word_1_229' title='bbox 2853 1685 3001 1751; x_wconf 80' lang='grc' dir='ltr'>δυάς,</span> <span class='ocrx_word' id='word_1_230' title='bbox 3030 1689 3082 1743; x_wconf 90' lang='lat' dir='ltr'><strong>id</strong></span> <span class='ocrx_word' id='word_1_231' title='bbox 3100 1698 3181 1744; x_wconf 90' lang='lat' dir='ltr'><strong>est</strong></span> <span class='ocrx_word' id='word_1_232' title='bbox 3207 1691 3272 1754; x_wconf 75' lang='grc' dir='ltr'>ἰ,</span> <span class='ocrx_word' id='word_1_233' title='bbox 3298 1691 3563 1757; x_wconf 88' lang='lat' dir='ltr'><strong>binarius,</strong></span> 
     </span>
    </p>
   </div>
   <div class='ocr_carea' id='block_1_32' title="bbox 1984 1775 3561 1856">
    <p class='ocr_par' dir='ltr' id='par_1_32' title="bbox 1984 1775 3561 1856">
     <span class='ocr_line' id='line_1_32' title="bbox 1984 1775 3561 1856; baseline 0.006 -29"><span class='ocrx_word' id='word_1_234' title='bbox 1984 1775 2217 1828; x_wconf 87' lang='lat' dir='ltr'><strong>secunda</strong></span> <span class='ocrx_word' id='word_1_235' title='bbox 2268 1777 2432 1851; x_wconf 79' lang='grc' dir='ltr'><strong>τριάς,</strong></span> <span class='ocrx_word' id='word_1_236' title='bbox 2466 1779 2758 1843; x_wconf 88' lang='lat' dir='ltr'><strong>ternarius,</strong></span> <span class='ocrx_word' id='word_1_237' title='bbox 2785 1780 2941 1834; x_wconf 90' lang='lat' dir='ltr'><strong>tertia</strong></span> <span class='ocrx_word' id='word_1_238' title='bbox 2971 1782 3150 1856; x_wconf 77' lang='grc' dir='ltr'><strong>τέτρας</strong></span> <span class='ocrx_word' id='word_1_239' title='bbox 3180 1782 3243 1846; x_wconf 85' lang='grc'><strong>”,</strong></span> <span class='ocrx_word' id='word_1_240' title='bbox 3269 1792 3561 1852; x_wconf 88' lang='lat' dir='ltr'><strong>quaterna-</strong></span> 
     </span>
    </p>
   </div>
   <div class='ocr_carea' id='block_1_33' title="bbox 292 1860 3561 1934">
    <p class='ocr_par' dir='ltr' id='par_1_33' title="bbox 292 1860 3561 1934">
     <span class='ocr_line' id='line_1_33' title="bbox 292 1860 3561 1934; baseline 0.002 -12"><span class='ocrx_word' id='word_1_241' title='bbox 292 1868 442 1922; x_wconf 89' lang='lat' dir='ltr'><strong>enim</strong></span> <span class='ocrx_word' id='word_1_242' title='bbox 480 1878 610 1924; x_wconf 88' lang='lat' dir='ltr'><strong>ante</strong></span> <span class='ocrx_word' id='word_1_243' title='bbox 640 1878 758 1924; x_wconf 89' lang='lat' dir='ltr'><strong>erat</strong></span> <span class='ocrx_word' id='word_1_244' title='bbox 786 1869 838 1922; x_wconf 91' lang='lat' dir='ltr'><strong>in</strong></span> <span class='ocrx_word' id='word_1_245' title='bbox 869 1869 1094 1924; x_wconf 88' lang='lat' dir='ltr'><strong>secretis</strong></span> <span class='ocrx_word' id='word_1_246' title='bbox 1138 1877 1333 1934; x_wconf 86' lang='lat' dir='ltr'><strong>terrae,</strong></span> <span class='ocrx_word' id='word_1_247' title='bbox 1366 1869 1480 1923; x_wconf 90' lang='lat' dir='ltr'><strong>sive</strong></span> <span class='ocrx_word' id='word_1_248' title='bbox 1523 1870 1732 1932; x_wconf 86' lang='lat' dir='ltr'><strong>oceani,</strong></span> <span class='ocrx_word' id='word_1_249' title='bbox 1769 1869 1883 1923; x_wconf 88' lang='lat' dir='ltr'><strong>sive</strong></span> <span class='ocrx_word' id='word_1_250' title='bbox 1910 1860 1958 1921; x_wconf 86' lang='lat' dir='ltr'><strong>B</strong></span> <span class='ocrx_word' id='word_1_251' title='bbox 1989 1867 2119 1931; x_wconf 84' lang='lat' dir='ltr'><strong>rius,</strong></span> <span class='ocrx_word' id='word_1_252' title='bbox 2154 1867 2345 1921; x_wconf 89' lang='lat' dir='ltr'><strong>deinde</strong></span> <span class='ocrx_word' id='word_1_253' title='bbox 2385 1882 2574 1922; x_wconf 88' lang='lat' dir='ltr'><strong>omnes</strong></span> <span class='ocrx_word' id='word_1_254' title='bbox 2618 1870 2834 1925; x_wconf 83' lang='lat' dir='ltr'><strong>termini</strong></span> <span class='ocrx_word' id='word_1_255' title='bbox 2873 1871 2984 1926; x_wconf 91' lang='lat' dir='ltr'><strong>suis</strong></span> <span class='ocrx_word' id='word_1_256' title='bbox 3017 1871 3235 1927; x_wconf 87' lang='lat' dir='ltr'><strong>sedibus</strong></span> <span class='ocrx_word' id='word_1_257' title='bbox 3258 1873 3561 1928; x_wconf 80' lang='lat' dir='ltr'><strong>constituti.</strong></span> 
     </span>
    </p>
   </div>
   <div class='ocr_carea' id='block_1_34' title="bbox 292 1958 1875 2026">
    <p class='ocr_par' dir='ltr' id='par_1_34' title="bbox 292 1958 1875 2026">
     <span class='ocr_line' id='line_1_34' title="bbox 292 1958 1875 2026; baseline 0.002 -13"><span class='ocrx_word' id='word_1_258' title='bbox 292 1958 494 2026; x_wconf 67' lang='lat' dir='ltr'><strong>alibi“,</strong></span> <span class='ocrx_word' id='word_1_259' title='bbox 515 1961 605 2014; x_wconf 89' lang='lat' dir='ltr'><strong>ubi</strong></span> <span class='ocrx_word' id='word_1_260' title='bbox 627 1960 970 2016; x_wconf 83' lang='lat' dir='ltr'><strong>invisibiliter</strong></span> <span class='ocrx_word' id='word_1_261' title='bbox 1003 1961 1233 2025; x_wconf 88' lang='lat' dir='ltr'><strong>latebat;</strong></span> <span class='ocrx_word' id='word_1_262' title='bbox 1267 1961 1409 2016; x_wconf 83' lang='lat' dir='ltr'><strong>latex</strong></span> <span class='ocrx_word' id='word_1_263' title='bbox 1438 1960 1580 2015; x_wconf 89' lang='lat' dir='ltr'><strong>enim</strong></span> <span class='ocrx_word' id='word_1_264' title='bbox 1607 1976 1638 2014; x_wconf 92' lang='lat' dir='ltr'><strong>a</strong></span> <span class='ocrx_word' id='word_1_265' title='bbox 1662 1959 1875 2016; x_wconf 91' lang='lat' dir='ltr'><strong>latendo</strong></span> 
     </span>
    </p>
   </div>
   <div class='ocr_carea' id='block_1_35' title="bbox 292 2051 1877 2123">
    <p class='ocr_par' dir='ltr' id='par_1_35' title="bbox 292 2051 1877 2123">
     <span class='ocr_line' id='line_1_35' title="bbox 292 2051 1877 2123; baseline 0 -18"><span class='ocrx_word' id='word_1_266' title='bbox 292 2051 349 2106; x_wconf 92' lang='lat' dir='ltr'><strong>in</strong></span> <span class='ocrx_word' id='word_1_267' title='bbox 373 2052 524 2107; x_wconf 84' lang='lat' dir='ltr'><strong>venis</strong></span> <span class='ocrx_word' id='word_1_268' title='bbox 547 2060 724 2107; x_wconf 90' lang='lat' dir='ltr'><strong>terrae</strong></span> <span class='ocrx_word' id='word_1_269' title='bbox 750 2053 948 2108; x_wconf 88' lang='lat' dir='ltr'><strong>dicitur</strong></span> <span class='ocrx_word' id='word_1_270' title='bbox 974 2070 989 2107; x_wconf 89' lang='lat'><strong>:</strong></span> <span class='ocrx_word' id='word_1_271' title='bbox 1021 2053 1098 2108; x_wconf 89' lang='lat' dir='ltr'><strong>ita</strong></span> <span class='ocrx_word' id='word_1_272' title='bbox 1131 2062 1185 2108; x_wconf 90' lang='lat' dir='ltr'><strong>et</strong></span> <span class='ocrx_word' id='word_1_273' title='bbox 1208 2053 1437 2118; x_wconf 84' lang='lat' dir='ltr'><strong>numeri,</strong></span> <span class='ocrx_word' id='word_1_274' title='bbox 1478 2067 1707 2123; x_wconf 87' lang='lat' dir='ltr'><strong>quorum</strong></span> <span class='ocrx_word' id='word_1_275' title='bbox 1739 2051 1877 2107; x_wconf 75' lang='lat' dir='ltr'><strong>mul—</strong></span> 
     </span>
    </p>
   </div>
   <div class='ocr_carea' id='block_1_36' title="bbox 292 2144 1875 2218">
    <p class='ocr_par' dir='ltr' id='par_1_36' title="bbox 292 2144 1875 2218">
     <span class='ocr_line' id='line_1_36' title="bbox 292 2144 1875 2218; baseline 0 -19"><span class='ocrx_word' id='word_1_276' title='bbox 292 2144 555 2214; x_wconf 87' lang='lat' dir='ltr'><strong>tiplicatio</strong></span> <span class='ocrx_word' id='word_1_277' title='bbox 612 2145 751 2201; x_wconf 91' lang='lat' dir='ltr'><strong>sicut</strong></span> <span class='ocrx_word' id='word_1_278' title='bbox 797 2145 823 2178; x_wconf 88' lang='grc'><strong><em>⁸</em></strong></span> <span class='ocrx_word' id='word_1_279' title='bbox 866 2147 1003 2202; x_wconf 87' lang='lat' dir='ltr'><strong>aliae</strong></span> <span class='ocrx_word' id='word_1_280' title='bbox 1054 2147 1430 2218; x_wconf 87' lang='lat' dir='ltr'><strong>proportiones</strong></span> <span class='ocrx_word' id='word_1_281' title='bbox 1496 2147 1551 2201; x_wconf 90' lang='lat' dir='ltr'><strong>iu</strong></span> <span class='ocrx_word' id='word_1_282' title='bbox 1602 2145 1875 2201; x_wconf 87' lang='lat' dir='ltr'><strong>inﬁnitum</strong></span> 
     </span>
    </p>
   </div>
   <div class='ocr_carea' id='block_1_37' title="bbox 289 2236 1875 2310">
    <p class='ocr_par' dir='ltr' id='par_1_37' title="bbox 289 2236 1875 2310">
     <span class='ocr_line' id='line_1_37' title="bbox 289 2236 1875 2310; baseline 0 -18"><span class='ocrx_word' id='word_1_283' title='bbox 289 2236 585 2310; x_wconf 89' lang='lat' dir='ltr'><strong>proﬂuunt,</strong></span> <span class='ocrx_word' id='word_1_284' title='bbox 615 2254 720 2293; x_wconf 93' lang='lat' dir='ltr'><strong>non</strong></span> <span class='ocrx_word' id='word_1_285' title='bbox 752 2238 819 2294; x_wconf 88' lang='lat' dir='ltr'><strong>ab</strong></span> <span class='ocrx_word' id='word_1_286' title='bbox 847 2239 979 2309; x_wconf 88' lang='lat' dir='ltr'><strong>ipsis</strong></span> <span class='ocrx_word' id='word_1_287' title='bbox 1010 2237 1175 2294; x_wconf 89' lang='lat' dir='ltr'><strong>ﬁnitis</strong></span> <span class='ocrx_word' id='word_1_288' title='bbox 1203 2239 1442 2295; x_wconf 87' lang='lat' dir='ltr'><strong>numeris</strong></span> <span class='ocrx_word' id='word_1_289' title='bbox 1464 2280 1479 2305; x_wconf 91' lang='lat'><strong>,</strong></span> <span class='ocrx_word' id='word_1_290' title='bbox 1511 2239 1602 2308; x_wconf 89' lang='lat' dir='ltr'><strong>qui</strong></span> <span class='ocrx_word' id='word_1_291' title='bbox 1636 2238 1875 2307; x_wconf 91' lang='lat' dir='ltr'><strong>primum</strong></span> 
     </span>
    </p>
   </div>
   <div class='ocr_carea' id='block_1_38' title="bbox 288 2327 1873 2400">
    <p class='ocr_par' dir='ltr' id='par_1_38' title="bbox 288 2327 1873 2400">
     <span class='ocr_line' id='line_1_38' title="bbox 288 2327 1873 2400; baseline -0.001 -17"><span class='ocrx_word' id='word_1_292' title='bbox 288 2327 675 2398; x_wconf 86' lang='lat' dir='ltr'><strong>contemplanti</strong></span> <span class='ocrx_word' id='word_1_293' title='bbox 710 2329 890 2384; x_wconf 89' lang='lat' dir='ltr'><strong>animo</strong></span> <span class='ocrx_word' id='word_1_294' title='bbox 930 2335 1210 2400; x_wconf 85' lang='lat' dir='ltr'><strong>apparent,</strong></span> <span class='ocrx_word' id='word_1_295' title='bbox 1243 2329 1338 2383; x_wconf 89' lang='lat' dir='ltr'><strong>sed</strong></span> <span class='ocrx_word' id='word_1_296' title='bbox 1376 2328 1444 2383; x_wconf 84' lang='lat' dir='ltr'><strong>ab</strong></span> <span class='ocrx_word' id='word_1_297' title='bbox 1477 2329 1610 2398; x_wconf 91' lang='lat' dir='ltr'><strong>ipsis</strong></span> <span class='ocrx_word' id='word_1_298' title='bbox 1643 2328 1873 2382; x_wconf 79' lang='lat' dir='ltr'><strong>rationi-</strong></span> 
     </span>
    </p>
   </div>
   <div class='ocr_carea' id='block_1_39' title="bbox 286 2416 1876 2491">
    <p class='ocr_par' dir='ltr' id='par_1_39' title="bbox 286 2416 1876 2491">
     <span class='ocr_line' id='line_1_39' title="bbox 286 2416 1876 2491; baseline -0.001 -16"><span class='ocrx_word' id='word_1_299' title='bbox 286 2416 395 2475; x_wconf 84' lang='lat' dir='ltr'><strong>bus</strong></span> <span class='ocrx_word' id='word_1_300' title='bbox 422 2420 657 2476; x_wconf 89' lang='lat' dir='ltr'><strong>aeternis</strong></span> <span class='ocrx_word' id='word_1_301' title='bbox 682 2428 736 2476; x_wconf 87' lang='lat' dir='ltr'><strong>et</strong></span> <span class='ocrx_word' id='word_1_302' title='bbox 771 2420 1015 2487; x_wconf 85' lang='lat' dir='ltr'><strong>inﬁnitis,</strong></span> <span class='ocrx_word' id='word_1_303' title='bbox 1061 2421 1117 2476; x_wconf 91' lang='lat' dir='ltr'><strong>in</strong></span> <span class='ocrx_word' id='word_1_304' title='bbox 1143 2422 1338 2491; x_wconf 88' lang='lat' dir='ltr'><strong>quibus</strong></span> <span class='ocrx_word' id='word_1_305' title='bbox 1373 2420 1659 2476; x_wconf 83' lang='lat' dir='ltr'><strong>causaliter</strong></span> <span class='ocrx_word' id='word_1_306' title='bbox 1697 2420 1876 2477; x_wconf 85' lang='lat' dir='ltr'><strong>subsi-</strong></span> 
     </span>
    </p>
   </div>
   <div class='ocr_carea' id='block_1_40' title="bbox 240 2495 1875 2587">
    <p class='ocr_par' dir='ltr' id='par_1_40' title="bbox 240 2495 1875 2587">
     <span class='ocr_line' id='line_1_40' title="bbox 240 2495 1875 2587; baseline -0.002 -16"><span class='ocrx_word' id='word_1_307' title='bbox 240 2495 255 2503; x_wconf 56' lang='grc'><em>’</em></span> <span class='ocrx_word' id='word_1_308' title='bbox 289 2522 463 2581; x_wconf 86' lang='lat' dir='ltr'><strong>stunt,</strong></span> <span class='ocrx_word' id='word_1_309' title='bbox 493 2515 757 2587; x_wconf 78' lang='lat' dir='ltr'><strong>originem</strong></span> <span class='ocrx_word' id='word_1_310' title='bbox 798 2516 1023 2570; x_wconf 87' lang='lat' dir='ltr'><strong>ducunt.</strong></span> <span class='ocrx_word' id='word_1_311' title='bbox 1062 2514 1119 2569; x_wconf 91' lang='lat' dir='ltr'><strong>ln</strong></span> <span class='ocrx_word' id='word_1_312' title='bbox 1150 2514 1381 2570; x_wconf 90' lang='lat' dir='ltr'><strong>monade</strong></span> <span class='ocrx_word' id='word_1_313' title='bbox 1413 2522 1591 2568; x_wconf 86' lang='lat' dir='ltr'><strong>autem</strong></span> <span class='ocrx_word' id='word_1_314' title='bbox 1636 2523 1787 2579; x_wconf 89' lang='lat' dir='ltr'><strong>sunt;</strong></span> <span class='ocrx_word' id='word_1_315' title='bbox 1822 2514 1875 2568; x_wconf 91' lang='lat' dir='ltr'><strong>in</strong></span> 
     </span>
    </p>
   </div>
   <div class='ocr_carea' id='block_1_41' title="bbox 291 2605 1878 2678">
    <p class='ocr_par' dir='ltr' id='par_1_41' title="bbox 291 2605 1878 2678">
     <span class='ocr_line' id='line_1_41' title="bbox 291 2605 1878 2678; baseline -0.001 -17"><span class='ocrx_word' id='word_1_316' title='bbox 291 2608 523 2662; x_wconf 77' lang='lat' dir='ltr'><strong>monade</strong></span> <span class='ocrx_word' id='word_1_317' title='bbox 551 2621 680 2678; x_wconf 86' lang='lat' dir='ltr'><strong>ergo</strong></span> <span class='ocrx_word' id='word_1_318' title='bbox 711 2605 905 2661; x_wconf 88' lang='lat' dir='ltr'><strong>inﬁniti</strong></span> <span class='ocrx_word' id='word_1_319' title='bbox 953 2616 1116 2673; x_wconf 91' lang='lat' dir='ltr'><strong>sunt;</strong></span> <span class='ocrx_word' id='word_1_320' title='bbox 1157 2622 1223 2661; x_wconf 80' lang='lat' dir='ltr'><strong>ex</strong></span> <span class='ocrx_word' id='word_1_321' title='bbox 1260 2622 1365 2678; x_wconf 88' lang='lat' dir='ltr'><strong>qua</strong></span> <span class='ocrx_word' id='word_1_322' title='bbox 1412 2605 1654 2661; x_wconf 90' lang='lat' dir='ltr'><strong>inﬁnitus</strong></span> <span class='ocrx_word' id='word_1_323' title='bbox 1702 2606 1878 2661; x_wconf 88' lang='lat' dir='ltr'><strong>omnis</strong></span> 
     </span>
    </p>
   </div>
   <div class='ocr_carea' id='block_1_42' title="bbox 292 2698 1875 2770">
    <p class='ocr_par' dir='ltr' id='par_1_42' title="bbox 292 2698 1875 2770">
     <span class='ocr_line' id='line_1_42' title="bbox 292 2698 1875 2770; baseline -0.001 -16"><span class='ocrx_word' id='word_1_324' title='bbox 292 2713 643 2754; x_wconf 85' lang='lat' dir='ltr'><strong>numerorum</strong></span> <span class='ocrx_word' id='word_1_325' title='bbox 692 2714 882 2754; x_wconf 86' lang='lat' dir='ltr'><strong>cursus</strong></span> <span class='ocrx_word' id='word_1_326' title='bbox 911 2699 1173 2770; x_wconf 86' lang='lat' dir='ltr'><strong>procedit,</strong></span> <span class='ocrx_word' id='word_1_327' title='bbox 1224 2706 1278 2754; x_wconf 93' lang='lat' dir='ltr'><strong>et</strong></span> <span class='ocrx_word' id='word_1_328' title='bbox 1332 2700 1384 2753; x_wconf 92' lang='lat' dir='ltr'><strong>in</strong></span> <span class='ocrx_word' id='word_1_329' title='bbox 1435 2713 1601 2768; x_wconf 89' lang='lat' dir='ltr'><strong>quam</strong></span> <span class='ocrx_word' id='word_1_330' title='bbox 1656 2698 1875 2755; x_wconf 88' lang='lat' dir='ltr'><strong>desinit.</strong></span> 
     </span>
    </p>
   </div>
   <div class='ocr_carea' id='block_1_43' title="bbox 292 2790 1877 2863">
    <p class='ocr_par' dir='ltr' id='par_1_43' title="bbox 292 2790 1877 2863">
     <span class='ocr_line' id='line_1_43' title="bbox 292 2790 1877 2863; baseline 0.001 -18"><span class='ocrx_word' id='word_1_331' title='bbox 292 2790 361 2845; x_wconf 83' lang='lat' dir='ltr'><strong>Et</strong></span> <span class='ocrx_word' id='word_1_332' title='bbox 388 2799 445 2844; x_wconf 88' lang='lat' dir='ltr'><strong>ut</strong></span> <span class='ocrx_word' id='word_1_333' title='bbox 472 2790 662 2863; x_wconf 83' lang='lat' dir='ltr'><strong>majori</strong></span> <span class='ocrx_word' id='word_1_334' title='bbox 695 2803 1011 2862; x_wconf 87' lang='lat' dir='ltr'><strong>argumento</strong></span> <span class='ocrx_word' id='word_1_335' title='bbox 1048 2802 1281 2856; x_wconf 89' lang='lat' dir='ltr'><strong>utamur,</strong></span> <span class='ocrx_word' id='word_1_336' title='bbox 1311 2792 1571 2845; x_wconf 88' lang='lat' dir='ltr'><strong>unitatem</strong></span> <span class='ocrx_word' id='word_1_337' title='bbox 1604 2806 1877 2862; x_wconf 88' lang='lat' dir='ltr'><strong>nunquam</strong></span> 
     </span>
    </p>
   </div>
   <div class='ocr_carea' id='block_1_44' title="bbox 291 2880 1877 2953">
    <p class='ocr_par' dir='ltr' id='par_1_44' title="bbox 291 2880 1877 2953">
     <span class='ocr_line' id='line_1_44' title="bbox 291 2880 1877 2953; baseline 0.001 -18"><span class='ocrx_word' id='word_1_338' title='bbox 291 2880 581 2936; x_wconf 89' lang='lat' dir='ltr'><strong>inchoasse</strong></span> <span class='ocrx_word' id='word_1_339' title='bbox 643 2880 1013 2949; x_wconf 79' lang='lat' dir='ltr'><strong>alﬁrmantes,</strong></span> <span class='ocrx_word' id='word_1_340' title='bbox 1077 2881 1364 2953; x_wconf 83' lang='lat' dir='ltr'><strong>diligenter</strong></span> <span class='ocrx_word' id='word_1_341' title='bbox 1418 2880 1786 2938; x_wconf 77' lang='lat' dir='ltr'><strong>animadverte</strong></span> <span class='ocrx_word' id='word_1_342' title='bbox 1833 2883 1877 2936; x_wconf 82' lang='lat'><strong>&#39;.</strong></span> 
     </span>
    </p>
   </div>
   <div class='ocr_carea' id='block_1_45' title="bbox 293 2971 1880 3044">
    <p class='ocr_par' dir='ltr' id='par_1_45' title="bbox 293 2971 1880 3044">
     <span class='ocr_line' id='line_1_45' title="bbox 293 2971 1880 3044; baseline 0.002 -16"><span class='ocrx_word' id='word_1_343' title='bbox 293 2971 354 3028; x_wconf 88' lang='lat' dir='ltr'><strong>Si</strong></span> <span class='ocrx_word' id='word_1_344' title='bbox 377 2973 577 3040; x_wconf 88' lang='lat' dir='ltr'><strong>unitas,</strong></span> <span class='ocrx_word' id='word_1_345' title='bbox 611 2989 749 3044; x_wconf 89' lang='lat' dir='ltr'><strong>quae</strong></span> <span class='ocrx_word' id='word_1_346' title='bbox 776 2975 798 3006; x_wconf 83' lang='grc'><strong>⁸</strong></span> <span class='ocrx_word' id='word_1_347' title='bbox 835 2989 864 3030; x_wconf 91' lang='lat' dir='ltr'><strong>a</strong></span> <span class='ocrx_word' id='word_1_348' title='bbox 909 2974 1131 3032; x_wconf 87' lang='lat' dir='ltr'><strong>Graecis</strong></span> <span class='ocrx_word' id='word_1_349' title='bbox 1175 2975 1373 3031; x_wconf 84' lang='lat' dir='ltr'><strong>dicitur</strong></span> <span class='ocrx_word' id='word_1_350' title='bbox 1404 2990 1612 3042; x_wconf 90' lang='lat' dir='ltr'><strong>monas,</strong></span> <span class='ocrx_word' id='word_1_351' title='bbox 1640 2976 1880 3032; x_wconf 89' lang='lat' dir='ltr'><strong>omnium</strong></span> 
     </span>
    </p>
   </div>
   <div class='ocr_carea' id='block_1_46' title="bbox 292 3066 1883 3137">
    <p class='ocr_par' dir='ltr' id='par_1_46' title="bbox 292 3066 1883 3137">
     <span class='ocr_line' id='line_1_46' title="bbox 292 3066 1883 3137; baseline 0.003 -18"><span class='ocrx_word' id='word_1_352' title='bbox 292 3080 641 3121; x_wconf 73' lang='lat' dir='ltr'><strong>umerorum</strong></span> <span class='ocrx_word' id='word_1_353' title='bbox 670 3066 991 3137; x_wconf 89' lang='lat' dir='ltr'><strong>principium</strong></span> <span class='ocrx_word' id='word_1_354' title='bbox 1021 3075 1124 3134; x_wconf 87' lang='lat' dir='ltr'><strong>est,</strong></span> <span class='ocrx_word' id='word_1_355' title='bbox 1155 3077 1209 3123; x_wconf 89' lang='lat' dir='ltr'><strong>et</strong></span> <span class='ocrx_word' id='word_1_356' title='bbox 1244 3069 1479 3124; x_wconf 86' lang='lat' dir='ltr'><strong>medium</strong></span> <span class='ocrx_word' id='word_1_357' title='bbox 1517 3077 1569 3123; x_wconf 91' lang='lat' dir='ltr'><strong>et</strong></span> <span class='ocrx_word' id='word_1_358' title='bbox 1610 3067 1762 3135; x_wconf 87' lang='lat' dir='ltr'><strong>ﬁnis;</strong></span> <span class='ocrx_word' id='word_1_359' title='bbox 1816 3070 1883 3125; x_wconf 88' lang='lat' dir='ltr'><strong>ab</strong></span> 
     </span>
    </p>
   </div>
   <div class='ocr_carea' id='block_1_47' title="bbox 293 3157 1882 3233">
    <p class='ocr_par' dir='ltr' id='par_1_47' title="bbox 293 3157 1882 3233">
     <span class='ocr_line' id='line_1_47' title="bbox 293 3157 1882 3233; baseline 0.003 -21"><span class='ocrx_word' id='word_1_360' title='bbox 293 3157 411 3227; x_wconf 87' lang='lat' dir='ltr'><strong>ipsa</strong></span> <span class='ocrx_word' id='word_1_361' title='bbox 435 3159 694 3229; x_wconf 87' lang='lat' dir='ltr'><strong>siquidem</strong></span> <span class='ocrx_word' id='word_1_362' title='bbox 727 3163 1039 3231; x_wconf 86' lang='lat' dir='ltr'><strong>procedunt,</strong></span> <span class='ocrx_word' id='word_1_363' title='bbox 1069 3176 1165 3232; x_wconf 89' lang='lat' dir='ltr'><strong>per</strong></span> <span class='ocrx_word' id='word_1_364' title='bbox 1187 3163 1355 3233; x_wconf 88' lang='lat' dir='ltr'><strong>ipsam</strong></span> <span class='ocrx_word' id='word_1_365' title='bbox 1384 3169 1684 3228; x_wconf 85' lang='lat' dir='ltr'><strong>moventur,</strong></span> <span class='ocrx_word' id='word_1_366' title='bbox 1710 3163 1882 3232; x_wconf 86' lang='lat' dir='ltr'><strong>ipsam</strong></span> 
     </span>
    </p>
   </div>
   <div class='ocr_carea' id='block_1_48' title="bbox 1976 1958 3566 2035">
    <p class='ocr_par' dir='ltr' id='par_1_48' title="bbox 1976 1958 3566 2035">
     <span class='ocr_line' id='line_1_48' title="bbox 1976 1958 3566 2035; baseline 0.004 -23"><span class='ocrx_word' id='word_1_367' title='bbox 1976 1958 2044 2012; x_wconf 84' lang='lat' dir='ltr'><strong>Et</strong></span> <span class='ocrx_word' id='word_1_368' title='bbox 2072 1966 2156 2013; x_wconf 86' lang='lat' dir='ltr'><strong>est</strong></span> <span class='ocrx_word' id='word_1_369' title='bbox 2176 1959 2395 2030; x_wconf 91' lang='lat' dir='ltr'><strong>quidem</strong></span> <span class='ocrx_word' id='word_1_370' title='bbox 2423 1960 2667 2015; x_wconf 88' lang='lat' dir='ltr'><strong>biuarius</strong></span> <span class='ocrx_word' id='word_1_371' title='bbox 2708 1961 2887 2018; x_wconf 89' lang='lat' dir='ltr'><strong>omnis</strong></span> <span class='ocrx_word' id='word_1_372' title='bbox 2912 1963 3161 2033; x_wconf 88' lang='lat' dir='ltr'><strong>paritatis</strong></span> <span class='ocrx_word' id='word_1_373' title='bbox 3185 1965 3337 2035; x_wconf 84' lang='lat' dir='ltr'><strong>origo</strong></span> <span class='ocrx_word' id='word_1_374' title='bbox 3360 1966 3460 2021; x_wconf 90' lang='lat' dir='ltr'><strong>sub</strong></span> <span class='ocrx_word' id='word_1_375' title='bbox 3487 1966 3566 2019; x_wconf 80' lang='lat' dir='ltr'><strong>in-</strong></span> 
     </span>
    </p>
   </div>
   <div class='ocr_carea' id='block_1_49' title="bbox 1980 2049 3565 2125">
    <p class='ocr_par' dir='ltr' id='par_1_49' title="bbox 1980 2049 3565 2125">
     <span class='ocr_line' id='line_1_49' title="bbox 1980 2049 3565 2125; baseline 0.004 -22"><span class='ocrx_word' id='word_1_376' title='bbox 1980 2049 2255 2105; x_wconf 87' lang='lat' dir='ltr'><strong>tellectum</strong></span> <span class='ocrx_word' id='word_1_377' title='bbox 2286 2049 2554 2118; x_wconf 86' lang='lat' dir='ltr'><strong>cadentis,</strong></span> <span class='ocrx_word' id='word_1_378' title='bbox 2596 2050 2867 2107; x_wconf 80' lang='lat' dir='ltr'><strong>ternarias</strong></span> <span class='ocrx_word' id='word_1_379' title='bbox 2900 2066 3031 2107; x_wconf 84' lang='lat' dir='ltr'><strong>vero</strong></span> <span class='ocrx_word' id='word_1_380' title='bbox 3086 2053 3429 2125; x_wconf 86' lang='lat' dir='ltr'><strong>imparitatis.</strong></span> <span class='ocrx_word' id='word_1_381' title='bbox 3482 2054 3565 2111; x_wconf 77' lang='lat' dir='ltr'><strong>Ex</strong></span> 
     </span>
    </p>
   </div>
   <div class='ocr_carea' id='block_1_50' title="bbox 1978 2140 3566 2216">
    <p class='ocr_par' dir='ltr' id='par_1_50' title="bbox 1978 2140 3566 2216">
     <span class='ocr_line' id='line_1_50' title="bbox 1978 2140 3566 2216; baseline 0.005 -21"><span class='ocrx_word' id='word_1_382' title='bbox 1978 2140 2175 2209; x_wconf 89' lang='lat' dir='ltr'><strong>quibus</strong></span> <span class='ocrx_word' id='word_1_383' title='bbox 2198 2181 2212 2205; x_wconf 95' lang='lat'><strong>,</strong></span> <span class='ocrx_word' id='word_1_384' title='bbox 2261 2141 2500 2210; x_wconf 85' lang='lat' dir='ltr'><strong>paritate</strong></span> <span class='ocrx_word' id='word_1_385' title='bbox 2530 2141 2653 2198; x_wconf 89' lang='lat' dir='ltr'><strong>dico</strong></span> <span class='ocrx_word' id='word_1_386' title='bbox 2690 2151 2747 2197; x_wconf 89' lang='lat' dir='ltr'><strong>et</strong></span> <span class='ocrx_word' id='word_1_387' title='bbox 2785 2144 3115 2214; x_wconf 86' lang='lat' dir='ltr'><strong>imparitate,</strong></span> <span class='ocrx_word' id='word_1_388' title='bbox 3141 2160 3328 2201; x_wconf 91' lang='lat' dir='ltr'><strong>omnes</strong></span> <span class='ocrx_word' id='word_1_389' title='bbox 3357 2147 3566 2216; x_wconf 85' lang='lat' dir='ltr'><strong>species</strong></span> 
     </span>
    </p>
   </div>
   <div class='ocr_carea' id='block_1_51' title="bbox 1978 2234 3566 2308">
    <p class='ocr_par' dir='ltr' id='par_1_51' title="bbox 1978 2234 3566 2308">
     <span class='ocr_line' id='line_1_51' title="bbox 1978 2234 3566 2308; baseline 0.004 -21"><span class='ocrx_word' id='word_1_390' title='bbox 1978 2247 2329 2287; x_wconf 91' lang='lat' dir='ltr'><strong>numerorum</strong></span> <span class='ocrx_word' id='word_1_391' title='bbox 2376 2240 2753 2302; x_wconf 87' lang='lat' dir='ltr'><strong>procreantur,</strong></span> <span class='ocrx_word' id='word_1_392' title='bbox 2788 2234 2905 2291; x_wconf 83' lang='lat' dir='ltr'><strong>sive</strong></span> <span class='ocrx_word' id='word_1_393' title='bbox 2943 2235 3214 2308; x_wconf 89' lang='lat' dir='ltr'><strong>simplices</strong></span> <span class='ocrx_word' id='word_1_394' title='bbox 3266 2239 3395 2305; x_wconf 92' lang='lat' dir='ltr'><strong>sint,</strong></span> <span class='ocrx_word' id='word_1_395' title='bbox 3449 2238 3566 2296; x_wconf 83' lang='lat' dir='ltr'><strong>sive</strong></span> 
     </span>
    </p>
   </div>
   <div class='ocr_carea' id='block_1_52' title="bbox 1978 2322 3568 2401">
    <p class='ocr_par' dir='ltr' id='par_1_52' title="bbox 1978 2322 3568 2401">
     <span class='ocr_line' id='line_1_52' title="bbox 1978 2322 3568 2401; baseline 0.006 -24"><span class='ocrx_word' id='word_1_396' title='bbox 1978 2323 2284 2393; x_wconf 86' lang='lat' dir='ltr'><strong>compositi.</strong></span> <span class='ocrx_word' id='word_1_397' title='bbox 2320 2322 2604 2394; x_wconf 84' lang='lat' dir='ltr'><strong>Simplices</strong></span> <span class='ocrx_word' id='word_1_398' title='bbox 2644 2332 2772 2381; x_wconf 83' lang='lat' dir='ltr'><strong>sunt</strong></span> <span class='ocrx_word' id='word_1_399' title='bbox 2811 2342 2926 2396; x_wconf 90' lang='lat' dir='ltr'><strong>par,</strong></span> <span class='ocrx_word' id='word_1_400' title='bbox 2979 2336 3033 2383; x_wconf 86' lang='lat' dir='ltr'><strong>et</strong></span> <span class='ocrx_word' id='word_1_401' title='bbox 3082 2327 3288 2398; x_wconf 88' lang='lat' dir='ltr'><strong>impar;</strong></span> <span class='ocrx_word' id='word_1_402' title='bbox 3344 2344 3568 2401; x_wconf 88' lang='lat' dir='ltr'><strong>compo-</strong></span> 
     </span>
    </p>
   </div>
   <div class='ocr_carea' id='block_1_53' title="bbox 1980 2414 3567 2492">
    <p class='ocr_par' dir='ltr' id='par_1_53' title="bbox 1980 2414 3567 2492">
     <span class='ocr_line' id='line_1_53' title="bbox 1980 2414 3567 2492; baseline 0.006 -22"><span class='ocrx_word' id='word_1_403' title='bbox 1980 2414 2134 2480; x_wconf 87' lang='lat' dir='ltr'><strong>sitae,</strong></span> <span class='ocrx_word' id='word_1_404' title='bbox 2185 2429 2324 2486; x_wconf 88' lang='lat' dir='ltr'><strong>quae</strong></span> <span class='ocrx_word' id='word_1_405' title='bbox 2382 2416 2451 2471; x_wconf 84' lang='lat' dir='ltr'><strong>ab</strong></span> <span class='ocrx_word' id='word_1_406' title='bbox 2497 2416 2582 2473; x_wconf 86' lang='lat' dir='ltr'><strong>his</strong></span> <span class='ocrx_word' id='word_1_407' title='bbox 2641 2417 2847 2474; x_wconf 86' lang='lat' dir='ltr'><strong>duobus</strong></span> <span class='ocrx_word' id='word_1_408' title='bbox 2895 2419 3316 2489; x_wconf 83' lang='lat' dir='ltr'><strong>constituuntur,</strong></span> <span class='ocrx_word' id='word_1_409' title='bbox 3356 2422 3567 2492; x_wconf 88' lang='lat' dir='ltr'><strong>pariter</strong></span> 
     </span>
    </p>
   </div>
   <div class='ocr_carea' id='block_1_54' title="bbox 1979 2508 3564 2583">
    <p class='ocr_par' dir='ltr' id='par_1_54' title="bbox 1979 2508 3564 2583">
     <span class='ocr_line' id='line_1_54' title="bbox 1979 2508 3564 2583; baseline 0.005 -21"><span class='ocrx_word' id='word_1_410' title='bbox 1979 2524 2098 2579; x_wconf 89' lang='lat' dir='ltr'><strong>par,</strong></span> <span class='ocrx_word' id='word_1_411' title='bbox 2137 2508 2344 2579; x_wconf 87' lang='lat' dir='ltr'><strong>pariter</strong></span> <span class='ocrx_word' id='word_1_412' title='bbox 2394 2509 2590 2579; x_wconf 84' lang='lat' dir='ltr'><strong>impar,</strong></span> <span class='ocrx_word' id='word_1_413' title='bbox 2636 2511 2919 2581; x_wconf 87' lang='lat' dir='ltr'><strong>impariter</strong></span> <span class='ocrx_word' id='word_1_414' title='bbox 2966 2512 3141 2583; x_wconf 86' lang='lat' dir='ltr'><strong>impar</strong></span> <span class='ocrx_word' id='word_1_415' title='bbox 3187 2513 3254 2567; x_wconf 77' lang='lat'><strong>&quot;.</strong></span> <span class='ocrx_word' id='word_1_416' title='bbox 3309 2512 3564 2583; x_wconf 82' lang='lat' dir='ltr'><strong>Videsne,</strong></span> 
     </span>
    </p>
   </div>
   <div class='ocr_carea' id='block_1_55' title="bbox 1981 2602 3566 2677">
    <p class='ocr_par' dir='ltr' id='par_1_55' title="bbox 1981 2602 3566 2677">
     <span class='ocr_line' id='line_1_55' title="bbox 1981 2602 3566 2677; baseline 0.005 -23"><span class='ocrx_word' id='word_1_417' title='bbox 1981 2613 2241 2670; x_wconf 87' lang='lat' dir='ltr'><strong>quantum</strong></span> <span class='ocrx_word' id='word_1_418' title='bbox 2296 2602 2631 2670; x_wconf 89' lang='lat' dir='ltr'><strong>impossibile</strong></span> <span class='ocrx_word' id='word_1_419' title='bbox 2681 2610 2786 2668; x_wconf 87' lang='lat' dir='ltr'><strong>est,</strong></span> <span class='ocrx_word' id='word_1_420' title='bbox 2837 2604 2984 2658; x_wconf 92' lang='lat' dir='ltr'><strong>hunc</strong></span> <span class='ocrx_word' id='word_1_421' title='bbox 3041 2618 3389 2673; x_wconf 83' lang='lat' dir='ltr'><strong>numerorum</strong></span> <span class='ocrx_word' id='word_1_422' title='bbox 3428 2623 3566 2677; x_wconf 83' lang='lat' dir='ltr'><strong>.pro—</strong></span> 
     </span>
    </p>
   </div>
   <div class='ocr_carea' id='block_1_56' title="bbox 1981 2696 3567 2767">
    <p class='ocr_par' dir='ltr' id='par_1_56' title="bbox 1981 2696 3567 2767">
     <span class='ocr_line' id='line_1_56' title="bbox 1981 2696 3567 2767; baseline 0.003 -18"><span class='ocrx_word' id='word_1_423' title='bbox 1981 2696 2276 2767; x_wconf 82' lang='lat' dir='ltr'><strong>gressionis</strong></span> <span class='ocrx_word' id='word_1_424' title='bbox 2299 2697 2546 2751; x_wconf 89' lang='lat' dir='ltr'><strong>ordinem</strong></span> <span class='ocrx_word' id='word_1_425' title='bbox 2581 2697 2740 2752; x_wconf 89' lang='lat' dir='ltr'><strong>aliter</strong></span> <span class='ocrx_word' id='word_1_426' title='bbox 2766 2696 2907 2764; x_wconf 85' lang='lat' dir='ltr'><strong>ﬁeri,</strong></span> <span class='ocrx_word' id='word_1_427' title='bbox 2942 2709 3036 2753; x_wconf 88' lang='lat' dir='ltr'><strong>aut</strong></span> <span class='ocrx_word' id='word_1_428' title='bbox 3075 2700 3131 2753; x_wconf 92' lang='lat' dir='ltr'><strong>in</strong></span> <span class='ocrx_word' id='word_1_429' title='bbox 3155 2699 3319 2754; x_wconf 83' lang='lat' dir='ltr'><strong>alium</strong></span> <span class='ocrx_word' id='word_1_430' title='bbox 3349 2702 3567 2756; x_wconf 84' lang='lat' dir='ltr'><strong>modum</strong></span> 
     </span>
    </p>
   </div>
   <div class='ocr_carea' id='block_1_57' title="bbox 1982 2785 3569 2858">
    <p class='ocr_par' dir='ltr' id='par_1_57' title="bbox 1982 2785 3569 2858">
     <span class='ocr_line' id='line_1_57' title="bbox 1982 2785 3569 2858; baseline 0.003 -18"><span class='ocrx_word' id='word_1_431' title='bbox 1982 2786 2227 2840; x_wconf 87' lang='lat' dir='ltr'><strong>moveri?</strong></span> <span class='ocrx_word' id='word_1_432' title='bbox 2266 2785 2453 2842; x_wconf 86' lang='lat' dir='ltr'><strong>Nullus</strong></span> <span class='ocrx_word' id='word_1_433' title='bbox 2508 2789 2651 2843; x_wconf 90' lang='lat' dir='ltr'><strong>enim</strong></span> <span class='ocrx_word' id='word_1_434' title='bbox 2709 2789 2847 2845; x_wconf 83' lang='lat' dir='ltr'><strong>alius</strong></span> <span class='ocrx_word' id='word_1_435' title='bbox 2889 2803 3166 2858; x_wconf 88' lang='lat' dir='ltr'><strong>numerus,</strong></span> <span class='ocrx_word' id='word_1_436' title='bbox 3209 2791 3436 2846; x_wconf 88' lang='lat' dir='ltr'><strong>naturali</strong></span> <span class='ocrx_word' id='word_1_437' title='bbox 3479 2808 3569 2847; x_wconf 61' lang='lat' dir='ltr'><strong>or-</strong></span> 
     </span>
    </p>
   </div>
   <div class='ocr_carea' id='block_1_58' title="bbox 1986 2878 3568 2951">
    <p class='ocr_par' dir='ltr' id='par_1_58' title="bbox 1986 2878 3568 2951">
     <span class='ocr_line' id='line_1_58' title="bbox 1986 2878 3568 2951; baseline 0.003 -18"><span class='ocrx_word' id='word_1_438' title='bbox 1986 2878 2112 2934; x_wconf 89' lang='lat' dir='ltr'><strong>dine</strong></span> <span class='ocrx_word' id='word_1_439' title='bbox 2169 2879 2515 2944; x_wconf 88' lang='lat' dir='ltr'><strong>constitutus,</strong></span> <span class='ocrx_word' id='word_1_440' title='bbox 2574 2880 2783 2950; x_wconf 90' lang='lat' dir='ltr'><strong>primae</strong></span> <span class='ocrx_word' id='word_1_441' title='bbox 2836 2881 3197 2951; x_wconf 87' lang='lat' dir='ltr'><strong>processionis</strong></span> <span class='ocrx_word' id='word_1_442' title='bbox 3246 2883 3314 2936; x_wconf 88' lang='lat' dir='ltr'><strong>ab</strong></span> <span class='ocrx_word' id='word_1_443' title='bbox 3359 2884 3568 2938; x_wconf 88' lang='lat' dir='ltr'><strong>unitate</strong></span> 
     </span>
    </p>
   </div>
   <div class='ocr_carea' id='block_1_59' title="bbox 1983 2955 3564 3041">
    <p class='ocr_par' dir='ltr' id='par_1_59' title="bbox 1983 2955 3564 3041">
     <span class='ocr_line' id='line_1_59' title="bbox 1983 2955 3564 3041; baseline 0.001 -14"><span class='ocrx_word' id='word_1_444' title='bbox 1983 2972 2189 3027; x_wconf 88' lang='lat' dir='ltr'><strong>obtinet</strong></span> <span class='ocrx_word' id='word_1_445' title='bbox 2208 2971 2406 3038; x_wconf 89' lang='lat' dir='ltr'><strong>locum,</strong></span> <span class='ocrx_word' id='word_1_446' title='bbox 2433 2955 2534 3028; x_wconf 78' lang='lat' dir='ltr'><strong>nisi</strong></span> <span class='ocrx_word' id='word_1_447' title='bbox 2560 2973 2837 3041; x_wconf 89' lang='lat' dir='ltr'><strong>binarius;</strong></span> <span class='ocrx_word' id='word_1_448' title='bbox 2866 2989 2964 3030; x_wconf 91' lang='lat' dir='ltr'><strong>nec</strong></span> <span class='ocrx_word' id='word_1_449' title='bbox 2997 2976 3286 3041; x_wconf 88' lang='lat' dir='ltr'><strong>secundae,</strong></span> <span class='ocrx_word' id='word_1_450' title='bbox 3311 2975 3413 3030; x_wconf 90' lang='lat' dir='ltr'><strong>nisi</strong></span> <span class='ocrx_word' id='word_1_451' title='bbox 3455 2986 3564 3029; x_wconf 77' lang='lat' dir='ltr'><strong>lcr-</strong></span> 
     </span>
    </p>
   </div>
   <div class='ocr_carea' id='block_1_60' title="bbox 1986 3065 3570 3138">
    <p class='ocr_par' dir='ltr' id='par_1_60' title="bbox 1986 3065 3570 3138">
     <span class='ocr_line' id='line_1_60' title="bbox 1986 3065 3570 3138; baseline 0.003 -20"><span class='ocrx_word' id='word_1_452' title='bbox 1986 3065 2204 3132; x_wconf 79' lang='lat' dir='ltr'><strong>narius;</strong></span> <span class='ocrx_word' id='word_1_453' title='bbox 2237 3079 2337 3120; x_wconf 88' lang='lat' dir='ltr'><strong>nec</strong></span> <span class='ocrx_word' id='word_1_454' title='bbox 2366 3065 2576 3130; x_wconf 88' lang='lat' dir='ltr'><strong>tertiae,</strong></span> <span class='ocrx_word' id='word_1_455' title='bbox 2608 3065 2710 3120; x_wconf 90' lang='lat' dir='ltr'><strong>nisi</strong></span> <span class='ocrx_word' id='word_1_456' title='bbox 2745 3067 3160 3136; x_wconf 83' lang='lat' dir='ltr'><strong>quaternarius;</strong></span> <span class='ocrx_word' id='word_1_457' title='bbox 3200 3074 3254 3122; x_wconf 86' lang='lat' dir='ltr'><strong>et</strong></span> <span class='ocrx_word' id='word_1_458' title='bbox 3279 3069 3570 3138; x_wconf 81' lang='lat' dir='ltr'><strong>unusquis-</strong></span> 
     </span>
    </p>
   </div>
   <div class='ocr_carea' id='block_1_61' title="bbox 1987 3156 3571 3230">
    <p class='ocr_par' dir='ltr' id='par_1_61' title="bbox 1987 3156 3571 3230">
     <span class='ocr_line' id='line_1_61' title="bbox 1987 3156 3571 3230; baseline 0.003 -21"><span class='ocrx_word' id='word_1_459' title='bbox 1987 3171 2092 3225; x_wconf 88' lang='lat' dir='ltr'><strong>que</strong></span> <span class='ocrx_word' id='word_1_460' title='bbox 2115 3168 2372 3211; x_wconf 88' lang='lat' dir='ltr'><strong>numerus</strong></span> <span class='ocrx_word' id='word_1_461' title='bbox 2402 3171 2553 3211; x_wconf 90' lang='lat' dir='ltr'><strong>suam</strong></span> <span class='ocrx_word' id='word_1_462' title='bbox 2581 3156 2761 3211; x_wconf 88' lang='lat' dir='ltr'><strong>sedem</strong></span> <span class='ocrx_word' id='word_1_463' title='bbox 2789 3157 3089 3213; x_wconf 89' lang='lat' dir='ltr'><strong>naturalem</strong></span> <span class='ocrx_word' id='word_1_464' title='bbox 3114 3159 3372 3228; x_wconf 84' lang='lat' dir='ltr'><strong>possidet,</strong></span> <span class='ocrx_word' id='word_1_465' title='bbox 3405 3173 3571 3230; x_wconf 90' lang='lat' dir='ltr'><strong>quam</strong></span> 
     </span>
    </p>
   </div>
   <div class='ocr_carea' id='block_1_62' title="bbox 292 3240 3565 3325">
    <p class='ocr_par' dir='ltr' id='par_1_62' title="bbox 292 3240 3565 3325">
     <span class='ocr_line' id='line_1_62' title="bbox 292 3240 3565 3325; baseline 0.002 -22"><span class='ocrx_word' id='word_1_466' title='bbox 292 3258 504 3319; x_wconf 88' lang='lat' dir='ltr'><strong>petunt,</strong></span> <span class='ocrx_word' id='word_1_467' title='bbox 529 3251 582 3304; x_wconf 90' lang='lat' dir='ltr'><strong>in</strong></span> <span class='ocrx_word' id='word_1_468' title='bbox 611 3250 780 3320; x_wconf 89' lang='lat' dir='ltr'><strong>ipsam</strong></span> <span class='ocrx_word' id='word_1_469' title='bbox 805 3252 1177 3319; x_wconf 90' lang='lat' dir='ltr'><strong>desinunt;ct</strong></span> <span class='ocrx_word' id='word_1_470' title='bbox 1204 3268 1360 3309; x_wconf 89' lang='lat' dir='ltr'><strong>nemo</strong></span> <span class='ocrx_word' id='word_1_471' title='bbox 1391 3254 1690 3325; x_wconf 88' lang='lat' dir='ltr'><strong>sapientum</strong></span> <span class='ocrx_word' id='word_1_472' title='bbox 1715 3240 1957 3310; x_wconf 82' lang='lat' dir='ltr'><strong>ambi-C</strong></span> <span class='ocrx_word' id='word_1_473' title='bbox 1989 3248 2166 3303; x_wconf 81' lang='lat' dir='ltr'><strong>nullus</strong></span> <span class='ocrx_word' id='word_1_474' title='bbox 2218 3263 2477 3303; x_wconf 73' lang='lat' dir='ltr'><strong>numerus</strong></span> <span class='ocrx_word' id='word_1_475' title='bbox 2533 3257 2750 3318; x_wconf 69' lang='lat' dir='ltr'><strong>praeter</strong></span> <span class='ocrx_word' id='word_1_476' title='bbox 2806 3249 3003 3319; x_wconf 74' lang='lat' dir='ltr'><strong>ipsum.</strong></span> <span class='ocrx_word' id='word_1_477' title='bbox 3058 3249 3209 3319; x_wconf 87' lang='lat' dir='ltr'><strong>cujus</strong></span> <span class='ocrx_word' id='word_1_478' title='bbox 3270 3250 3416 3309; x_wconf 91' lang='lat' dir='ltr'><strong>locus</strong></span> <span class='ocrx_word' id='word_1_479' title='bbox 3463 3259 3565 3318; x_wconf 79' lang='lat' dir='ltr'><strong>est,</strong></span> 
     </span>
    </p>
   </div>
   <div class='ocr_carea' id='block_1_63' title="bbox 292 3340 1886 3416">
    <p class='ocr_par' dir='ltr' id='par_1_63' title="bbox 292 3340 1886 3416">
     <span class='ocr_line' id='line_1_63' title="bbox 292 3340 1886 3416; baseline 0.006 -22"><span class='ocrx_word' id='word_1_480' title='bbox 292 3340 392 3411; x_wconf 81' lang='lat' dir='ltr'><strong>git,</strong></span> <span class='ocrx_word' id='word_1_481' title='bbox 418 3340 558 3410; x_wconf 89' lang='lat' dir='ltr'><strong>quod</strong></span> <span class='ocrx_word' id='word_1_482' title='bbox 586 3340 662 3397; x_wconf 89' lang='lat' dir='ltr'><strong>ita</strong></span> <span class='ocrx_word' id='word_1_483' title='bbox 683 3342 752 3397; x_wconf 91' lang='lat' dir='ltr'><strong>sit</strong></span> <span class='ocrx_word' id='word_1_484' title='bbox 778 3361 790 3396; x_wconf 90' lang='lat'><strong>:</strong></span> <span class='ocrx_word' id='word_1_485' title='bbox 820 3359 926 3398; x_wconf 90' lang='lat' dir='ltr'><strong>non</strong></span> <span class='ocrx_word' id='word_1_486' title='bbox 954 3345 1056 3399; x_wconf 88' lang='lat' dir='ltr'><strong>alia</strong></span> <span class='ocrx_word' id='word_1_487' title='bbox 1083 3344 1188 3399; x_wconf 88' lang='lat' dir='ltr'><strong>erit</strong></span> <span class='ocrx_word' id='word_1_488' title='bbox 1216 3346 1416 3411; x_wconf 89' lang='lat' dir='ltr'><strong>unitas,</strong></span> <span class='ocrx_word' id='word_1_489' title='bbox 1454 3360 1519 3401; x_wconf 81' lang='lat' dir='ltr'><strong>ex</strong></span> <span class='ocrx_word' id='word_1_490' title='bbox 1542 3362 1647 3416; x_wconf 90' lang='lat' dir='ltr'><strong>qua</strong></span> <span class='ocrx_word' id='word_1_491' title='bbox 1676 3347 1886 3403; x_wconf 80' lang='lat' dir='ltr'><strong>numeri</strong></span> 
     </span>
    </p>
   </div>
   <div class='ocr_carea' id='block_1_64' title="bbox 293 3432 1885 3510">
    <p class='ocr_par' dir='ltr' id='par_1_64' title="bbox 293 3432 1885 3510">
     <span class='ocr_line' id='line_1_64' title="bbox 293 3432 1885 3510; baseline 0.005 -23"><span class='ocrx_word' id='word_1_492' title='bbox 293 3432 586 3505; x_wconf 88' lang='lat' dir='ltr'><strong>proﬂuunt,</strong></span> <span class='ocrx_word' id='word_1_493' title='bbox 620 3443 673 3490; x_wconf 89' lang='lat' dir='ltr'><strong>et</strong></span> <span class='ocrx_word' id='word_1_494' title='bbox 693 3449 791 3505; x_wconf 85' lang='lat' dir='ltr'><strong>per</strong></span> <span class='ocrx_word' id='word_1_495' title='bbox 811 3451 971 3506; x_wconf 87' lang='lat' dir='ltr'><strong>quam</strong></span> <span class='ocrx_word' id='word_1_496' title='bbox 1001 3446 1286 3494; x_wconf 85' lang='lat' dir='ltr'><strong>moventur</strong></span> <span class='ocrx_word' id='word_1_497' title='bbox 1307 3436 1348 3504; x_wconf 79' lang='lat'><strong>’,</strong></span> <span class='ocrx_word' id='word_1_498' title='bbox 1376 3447 1428 3493; x_wconf 88' lang='lat' dir='ltr'><strong>et</strong></span> <span class='ocrx_word' id='word_1_499' title='bbox 1455 3437 1579 3504; x_wconf 86' lang='lat' dir='ltr'><strong>alia,</strong></span> <span class='ocrx_word' id='word_1_500' title='bbox 1605 3453 1763 3509; x_wconf 86' lang='lat' dir='ltr'><strong>quam</strong></span> <span class='ocrx_word' id='word_1_501' title='bbox 1786 3455 1885 3510; x_wconf 63' lang='lat' dir='ltr'><strong>pea-</strong></span> 
     </span>
    </p>
   </div>
   <div class='ocr_carea' id='block_1_65' title="bbox 296 3526 1881 3600">
    <p class='ocr_par' dir='ltr' id='par_1_65' title="bbox 296 3526 1881 3600">
     <span class='ocr_line' id='line_1_65' title="bbox 296 3526 1881 3600; baseline 0.005 -22"><span class='ocrx_word' id='word_1_502' title='bbox 296 3532 434 3588; x_wconf 91' lang='lat' dir='ltr'><strong>tunt,</strong></span> <span class='ocrx_word' id='word_1_503' title='bbox 468 3533 519 3581; x_wconf 91' lang='lat' dir='ltr'><strong>et</strong></span> <span class='ocrx_word' id='word_1_504' title='bbox 558 3526 611 3581; x_wconf 91' lang='lat' dir='ltr'><strong>in</strong></span> <span class='ocrx_word' id='word_1_505' title='bbox 666 3541 826 3596; x_wconf 82' lang='lat' dir='ltr'><strong>quam</strong></span> <span class='ocrx_word' id='word_1_506' title='bbox 871 3526 1154 3596; x_wconf 87' lang='lat' dir='ltr'><strong>ﬁniuntur,</strong></span> <span class='ocrx_word' id='word_1_507' title='bbox 1182 3530 1276 3585; x_wconf 90' lang='lat' dir='ltr'><strong>sed</strong></span> <span class='ocrx_word' id='word_1_508' title='bbox 1306 3545 1412 3584; x_wconf 85' lang='lat' dir='ltr'><strong>una</strong></span> <span class='ocrx_word' id='word_1_509' title='bbox 1463 3537 1626 3600; x_wconf 87' lang='lat' dir='ltr'><strong>atque</strong></span> <span class='ocrx_word' id='word_1_510' title='bbox 1670 3532 1881 3600; x_wconf 87' lang='lat' dir='ltr'><strong>eadem,</strong></span> 
     </span>
    </p>
   </div>
   <div class='ocr_carea' id='block_1_66' title="bbox 296 3616 1885 3690">
    <p class='ocr_par' dir='ltr' id='par_1_66' title="bbox 296 3616 1885 3690">
     <span class='ocr_line' id='line_1_66' title="bbox 296 3616 1885 3690; baseline 0.006 -20"><span class='ocrx_word' id='word_1_511' title='bbox 296 3616 421 3686; x_wconf 88' lang='lat' dir='ltr'><strong>quia</strong></span> <span class='ocrx_word' id='word_1_512' title='bbox 453 3625 614 3672; x_wconf 79' lang='lat' dir='ltr'><strong>estet</strong></span> <span class='ocrx_word' id='word_1_513' title='bbox 644 3620 690 3650; x_wconf 80' lang='grc'><strong>¹⁰</strong></span> <span class='ocrx_word' id='word_1_514' title='bbox 714 3619 1071 3690; x_wconf 87' lang='lat' dir='ltr'><strong>principium,</strong></span> <span class='ocrx_word' id='word_1_515' title='bbox 1102 3622 1361 3687; x_wconf 88' lang='lat' dir='ltr'><strong>medium,</strong></span> <span class='ocrx_word' id='word_1_516' title='bbox 1394 3628 1449 3677; x_wconf 91' lang='lat' dir='ltr'><strong>et</strong></span> <span class='ocrx_word' id='word_1_517' title='bbox 1484 3621 1623 3677; x_wconf 89' lang='lat' dir='ltr'><strong>ﬁnis.</strong></span> <span class='ocrx_word' id='word_1_518' title='bbox 1654 3622 1885 3681; x_wconf 82' lang='lat' dir='ltr'><strong>Proinde</strong></span> 
     </span>
    </p>
   </div>
   <div class='ocr_carea' id='block_1_67' title="bbox 296 3711 1883 3784">
    <p class='ocr_par' dir='ltr' id='par_1_67' title="bbox 296 3711 1883 3784">
     <span class='ocr_line' id='line_1_67' title="bbox 296 3711 1883 3784; baseline 0.004 -22"><span class='ocrx_word' id='word_1_519' title='bbox 296 3711 548 3765; x_wconf 80' lang='lat' dir='ltr'><strong>numeria</strong></span> <span class='ocrx_word' id='word_1_520' title='bbox 567 3725 664 3765; x_wconf 89' lang='lat' dir='ltr'><strong>suo</strong></span> <span class='ocrx_word' id='word_1_521' title='bbox 686 3711 1092 3782; x_wconf 82' lang='lat' dir='ltr'><strong>progredientes</strong></span> <span class='ocrx_word' id='word_1_522' title='bbox 1109 3714 1399 3784; x_wconf 87' lang='lat' dir='ltr'><strong>principio,</strong></span> <span class='ocrx_word' id='word_1_523' title='bbox 1416 3728 1522 3768; x_wconf 90' lang='lat' dir='ltr'><strong>non</strong></span> <span class='ocrx_word' id='word_1_524' title='bbox 1538 3712 1754 3768; x_wconf 90' lang='lat' dir='ltr'><strong>aliunde</strong></span> <span class='ocrx_word' id='word_1_525' title='bbox 1777 3714 1883 3769; x_wconf 88' lang='lat' dir='ltr'><strong>nisi</strong></span> 
     </span>
    </p>
   </div>
   <div class='ocr_carea' id='block_1_68' title="bbox 294 3802 1883 3875">
    <p class='ocr_par' dir='ltr' id='par_1_68' title="bbox 294 3802 1883 3875">
     <span class='ocr_line' id='line_1_68' title="bbox 294 3802 1883 3875; baseline 0.002 -20"><span class='ocrx_word' id='word_1_526' title='bbox 294 3816 325 3855; x_wconf 90' lang='lat' dir='ltr'><strong>a</strong></span> <span class='ocrx_word' id='word_1_527' title='bbox 355 3816 451 3856; x_wconf 87' lang='lat' dir='ltr'><strong>suo</strong></span> <span class='ocrx_word' id='word_1_528' title='bbox 476 3802 580 3856; x_wconf 89' lang='lat' dir='ltr'><strong>ﬁne</strong></span> <span class='ocrx_word' id='word_1_529' title='bbox 612 3804 1049 3875; x_wconf 82' lang='lat' dir='ltr'><strong>progrediuntur.</strong></span> <span class='ocrx_word' id='word_1_530' title='bbox 1099 3804 1213 3859; x_wconf 78' lang='lat' dir='ltr'><strong>Non</strong></span> <span class='ocrx_word' id='word_1_531' title='bbox 1245 3803 1389 3859; x_wconf 89' lang='lat' dir='ltr'><strong>enim</strong></span> <span class='ocrx_word' id='word_1_532' title='bbox 1422 3806 1464 3838; x_wconf 69' lang='grc' dir='ltr'><strong>ἰ</strong></span> <span class='ocrx_word' id='word_1_533' title='bbox 1496 3802 1639 3858; x_wconf 88' lang='lat' dir='ltr'><strong>aliud</strong></span> <span class='ocrx_word' id='word_1_534' title='bbox 1667 3812 1751 3858; x_wconf 88' lang='lat' dir='ltr'><strong>est</strong></span> <span class='ocrx_word' id='word_1_535' title='bbox 1791 3821 1883 3859; x_wconf 86' lang='lat' dir='ltr'><strong>eo-</strong></span> 
     </span>
    </p>
   </div>
   <div class='ocr_carea' id='block_1_69' title="bbox 292 3892 1879 3967">
    <p class='ocr_par' dir='ltr' id='par_1_69' title="bbox 292 3892 1879 3967">
     <span class='ocr_line' id='line_1_69' title="bbox 292 3892 1879 3967; baseline 0.003 -19"><span class='ocrx_word' id='word_1_536' title='bbox 292 3909 416 3948; x_wconf 89' lang='lat' dir='ltr'><strong>rum</strong></span> <span class='ocrx_word' id='word_1_537' title='bbox 432 3896 756 3967; x_wconf 84' lang='lat' dir='ltr'><strong>principium</strong></span> <span class='ocrx_word' id='word_1_538' title='bbox 783 3896 896 3952; x_wconf 79' lang='lat' dir='ltr'><strong>et”</strong></span> <span class='ocrx_word' id='word_1_539' title='bbox 923 3897 1064 3952; x_wconf 90' lang='lat' dir='ltr'><strong>aliud</strong></span> <span class='ocrx_word' id='word_1_540' title='bbox 1098 3892 1351 3965; x_wconf 86' lang='lat' dir='ltr'><strong>ﬁnis,sed</strong></span> <span class='ocrx_word' id='word_1_541' title='bbox 1378 3912 1482 3953; x_wconf 93' lang='lat' dir='ltr'><strong>una</strong></span> <span class='ocrx_word' id='word_1_542' title='bbox 1508 3906 1668 3966; x_wconf 90' lang='lat' dir='ltr'><strong>atque</strong></span> <span class='ocrx_word' id='word_1_543' title='bbox 1692 3897 1879 3953; x_wconf 88' lang='lat' dir='ltr'><strong>eadem</strong></span> 
     </span>
    </p>
   </div>
   <div class='ocr_carea' id='block_1_70' title="bbox 292 3984 1878 4060">
    <p class='ocr_par' dir='ltr' id='par_1_70' title="bbox 292 3984 1878 4060">
     <span class='ocr_line' id='line_1_70' title="bbox 292 3984 1878 4060; baseline 0.004 -19"><span class='ocrx_word' id='word_1_544' title='bbox 292 3987 496 4042; x_wconf 89' lang='lat' dir='ltr'><strong>unitas.</strong></span> <span class='ocrx_word' id='word_1_545' title='bbox 528 3984 604 4043; x_wconf 76' lang='lat' dir='ltr'><strong>Ac</strong></span> <span class='ocrx_word' id='word_1_546' title='bbox 631 4004 726 4058; x_wconf 89' lang='lat' dir='ltr'><strong>per</strong></span> <span class='ocrx_word' id='word_1_547' title='bbox 755 3989 857 4045; x_wconf 88' lang='lat' dir='ltr'><strong>hoc</strong></span> <span class='ocrx_word' id='word_1_548' title='bbox 907 3991 1215 4047; x_wconf 88' lang='lat' dir='ltr'><strong>necessario</strong></span> <span class='ocrx_word' id='word_1_549' title='bbox 1244 3991 1549 4060; x_wconf 88' lang='lat' dir='ltr'><strong>conﬁcitur,</strong></span> <span class='ocrx_word' id='word_1_550' title='bbox 1598 4002 1678 4058; x_wconf 92' lang='lat' dir='ltr'><strong>ut,</strong></span> <span class='ocrx_word' id='word_1_551' title='bbox 1732 3992 1775 4048; x_wconf 91' lang='lat' dir='ltr'><strong>si</strong></span> <span class='ocrx_word' id='word_1_552' title='bbox 1827 3993 1878 4047; x_wconf 93' lang='lat' dir='ltr'><strong>in</strong></span> 
     </span>
    </p>
   </div>
   <div class='ocr_carea' id='block_1_71' title="bbox 293 4078 1882 4156">
    <p class='ocr_par' dir='ltr' id='par_1_71' title="bbox 293 4078 1882 4156">
     <span class='ocr_line' id='line_1_71' title="bbox 293 4078 1882 4156; baseline 0.002 -21"><span class='ocrx_word' id='word_1_553' title='bbox 293 4078 562 4136; x_wconf 86' lang='lat' dir='ltr'><strong>inﬁnitum</strong></span> <span class='ocrx_word' id='word_1_554' title='bbox 592 4083 983 4153; x_wconf 90' lang='lat' dir='ltr'><strong>protendantur</strong></span> <span class='ocrx_word' id='word_1_555' title='bbox 1013 4083 1061 4117; x_wconf 82' lang='lat'><strong>“</strong></span> <span class='ocrx_word' id='word_1_556' title='bbox 1099 4083 1295 4153; x_wconf 88' lang='lat' dir='ltr'><strong>ﬁnem,</strong></span> <span class='ocrx_word' id='word_1_557' title='bbox 1338 4084 1406 4140; x_wconf 87' lang='lat' dir='ltr'><strong>ab</strong></span> <span class='ocrx_word' id='word_1_558' title='bbox 1438 4086 1649 4141; x_wconf 90' lang='lat' dir='ltr'><strong>inﬁnito</strong></span> <span class='ocrx_word' id='word_1_559' title='bbox 1676 4085 1882 4156; x_wconf 88' lang='lat' dir='ltr'><strong>princi-</strong></span> 
     </span>
    </p>
   </div>
   <div class='ocr_carea' id='block_1_72' title="bbox 291 4174 1882 4246">
    <p class='ocr_par' dir='ltr' id='par_1_72' title="bbox 291 4174 1882 4246">
     <span class='ocr_line' id='line_1_72' title="bbox 291 4174 1882 4246; baseline 0.001 -18"><span class='ocrx_word' id='word_1_560' title='bbox 291 4174 385 4245; x_wconf 88' lang='lat' dir='ltr'><strong>pio</strong></span> <span class='ocrx_word' id='word_1_561' title='bbox 414 4175 659 4245; x_wconf 89' lang='lat' dir='ltr'><strong>protendi</strong></span> <span class='ocrx_word' id='word_1_562' title='bbox 688 4174 977 4246; x_wconf 90' lang='lat' dir='ltr'><strong>incipiant;</strong></span> <span class='ocrx_word' id='word_1_563' title='bbox 1012 4175 1134 4232; x_wconf 90' lang='lat' dir='ltr'><strong>ﬁnis</strong></span> <span class='ocrx_word' id='word_1_564' title='bbox 1169 4184 1349 4232; x_wconf 90' lang='lat' dir='ltr'><strong>autem</strong></span> <span class='ocrx_word' id='word_1_565' title='bbox 1379 4176 1620 4233; x_wconf 87' lang='lat' dir='ltr'><strong>inﬁnitus</strong></span> <span class='ocrx_word' id='word_1_566' title='bbox 1655 4185 1738 4233; x_wconf 89' lang='lat' dir='ltr'><strong>est</strong></span> <span class='ocrx_word' id='word_1_567' title='bbox 1765 4192 1882 4231; x_wconf 86' lang='lat' dir='ltr'><strong>om-</strong></span> 
     </span>
    </p>
   </div>
   <div class='ocr_carea' id='block_1_73' title="bbox 294 4267 1879 4342">
    <p class='ocr_par' dir='ltr' id='par_1_73' title="bbox 294 4267 1879 4342">
     <span class='ocr_line' id='line_1_73' title="bbox 294 4267 1879 4342; baseline 0.003 -20"><span class='ocrx_word' id='word_1_568' title='bbox 294 4267 445 4322; x_wconf 86' lang='lat' dir='ltr'><strong>nium</strong></span> <span class='ocrx_word' id='word_1_569' title='bbox 483 4283 829 4324; x_wconf 86' lang='lat' dir='ltr'><strong>numerorum</strong></span> <span class='ocrx_word' id='word_1_570' title='bbox 865 4270 1043 4327; x_wconf 87' lang='lat' dir='ltr'><strong>unitas</strong></span> <span class='ocrx_word' id='word_1_571' title='bbox 1074 4269 1293 4337; x_wconf 90' lang='lat' dir='ltr'><strong>eadem;</strong></span> <span class='ocrx_word' id='word_1_572' title='bbox 1320 4271 1486 4342; x_wconf 80' lang='lat' dir='ltr'><strong>igitur</strong></span> <span class='ocrx_word' id='word_1_573' title='bbox 1519 4284 1602 4327; x_wconf 88' lang='lat' dir='ltr'><strong>est</strong></span> <span class='ocrx_word' id='word_1_574' title='bbox 1638 4272 1879 4327; x_wconf 88' lang='lat' dir='ltr'><strong>omnium</strong></span> 
     </span>
    </p>
   </div>
   <div class='ocr_carea' id='block_1_74' title="bbox 295 4354 1872 4433">
    <p class='ocr_par' dir='ltr' id='par_1_74' title="bbox 295 4354 1872 4433">
     <span class='ocr_line' id='line_1_74' title="bbox 295 4354 1872 4433; baseline 0.003 -21"><span class='ocrx_word' id='word_1_575' title='bbox 295 4374 643 4414; x_wconf 89' lang='lat' dir='ltr'><strong>numerorum</strong></span> <span class='ocrx_word' id='word_1_576' title='bbox 674 4360 945 4415; x_wconf 87' lang='lat' dir='ltr'><strong>inﬁnitum</strong></span> <span class='ocrx_word' id='word_1_577' title='bbox 973 4361 1318 4433; x_wconf 86' lang='lat' dir='ltr'><strong>principium.</strong></span> <span class='ocrx_word' id='word_1_578' title='bbox 1370 4362 1437 4416; x_wconf 85' lang='lat' dir='ltr'><strong>Et</strong></span> <span class='ocrx_word' id='word_1_579' title='bbox 1464 4362 1509 4417; x_wconf 91' lang='lat' dir='ltr'><strong>si</strong></span> <span class='ocrx_word' id='word_1_580' title='bbox 1552 4354 1748 4418; x_wconf 87' lang='lat' dir='ltr'><strong>omnes</strong></span> <span class='ocrx_word' id='word_1_581' title='bbox 1782 4379 1872 4417; x_wconf 89' lang='lat' dir='ltr'><strong>nu-</strong></span> 
     </span>
    </p>
   </div>
   <div class='ocr_carea' id='block_1_75' title="bbox 294 4451 1877 4524">
    <p class='ocr_par' dir='ltr' id='par_1_75' title="bbox 294 4451 1877 4524">
     <span class='ocr_line' id='line_1_75' title="bbox 294 4451 1877 4524; baseline 0.004 -21"><span class='ocrx_word' id='word_1_582' title='bbox 294 4451 429 4505; x_wconf 89' lang='lat' dir='ltr'><strong>meri</strong></span> <span class='ocrx_word' id='word_1_583' title='bbox 458 4451 805 4508; x_wconf 86' lang='lat' dir='ltr'><strong>aeternaliter</strong></span> <span class='ocrx_word' id='word_1_584' title='bbox 839 4459 894 4508; x_wconf 89' lang='lat' dir='ltr'><strong>et.</strong></span> <span class='ocrx_word' id='word_1_585' title='bbox 920 4451 1501 4508; x_wconf 88' lang='lat' dir='ltr'><strong>incommunicabiliter</strong></span> <span class='ocrx_word' id='word_1_586' title='bbox 1522 4452 1575 4508; x_wconf 91' lang='lat' dir='ltr'><strong>in</strong></span> <span class='ocrx_word' id='word_1_587' title='bbox 1604 4452 1647 4485; x_wconf 75' lang='lat'>“</span> <span class='ocrx_word' id='word_1_588' title='bbox 1672 4454 1877 4524; x_wconf 84' lang='lat' dir='ltr'><strong>princi-</strong></span> 
     </span>
    </p>
   </div>
   <div class='ocr_carea' id='block_1_76' title="bbox 291 4543 1881 4612">
    <p class='ocr_par' dir='ltr' id='par_1_76' title="bbox 291 4543 1881 4612">
     <span class='ocr_line' id='line_1_76' title="bbox 291 4543 1881 4612; baseline 0.004 -17"><span class='ocrx_word' id='word_1_589' title='bbox 291 4543 382 4612; x_wconf 87' lang='lat' dir='ltr'><strong>pio</strong></span> <span class='ocrx_word' id='word_1_590' title='bbox 411 4558 510 4598; x_wconf 91' lang='lat' dir='ltr'><strong>suo</strong></span> <span class='ocrx_word' id='word_1_591' title='bbox 560 4545 880 4611; x_wconf 87' lang='lat' dir='ltr'><strong>subsistunt,</strong></span> <span class='ocrx_word' id='word_1_592' title='bbox 934 4544 986 4600; x_wconf 92' lang='lat' dir='ltr'><strong>in</strong></span> <span class='ocrx_word' id='word_1_593' title='bbox 1035 4544 1145 4599; x_wconf 88' lang='lat' dir='ltr'><strong>ﬁne</strong></span> <span class='ocrx_word' id='word_1_594' title='bbox 1192 4560 1289 4601; x_wconf 90' lang='lat' dir='ltr'><strong>suo</strong></span> <span class='ocrx_word' id='word_1_595' title='bbox 1327 4545 1672 4601; x_wconf 86' lang='lat' dir='ltr'><strong>aeternaliter</strong></span> <span class='ocrx_word' id='word_1_596' title='bbox 1704 4556 1758 4601; x_wconf 88' lang='lat' dir='ltr'><strong>et</strong></span> <span class='ocrx_word' id='word_1_597' title='bbox 1798 4549 1881 4602; x_wconf 91' lang='lat' dir='ltr'><strong>in-</strong></span> 
     </span>
    </p>
   </div>
   <div class='ocr_carea' id='block_1_77' title="bbox 1986 3340 3571 3411">
    <p class='ocr_par' dir='ltr' id='par_1_77' title="bbox 1986 3340 3571 3411">
     <span class='ocr_line' id='line_1_77' title="bbox 1986 3340 3571 3411; baseline 0.002 -15"><span class='ocrx_word' id='word_1_598' title='bbox 1986 3356 2251 3411; x_wconf 86' lang='lat' dir='ltr'><strong>occupare</strong></span> <span class='ocrx_word' id='word_1_599' title='bbox 2276 3341 2490 3395; x_wconf 88' lang='lat' dir='ltr'><strong>sinitur.</strong></span> <span class='ocrx_word' id='word_1_600' title='bbox 2537 3340 2595 3394; x_wconf 83' lang='lat' dir='ltr'><strong>in</strong></span> <span class='ocrx_word' id='word_1_601' title='bbox 2643 3340 2755 3409; x_wconf 90' lang='lat' dir='ltr'><strong>ipsa</strong></span> <span class='ocrx_word' id='word_1_602' title='bbox 2785 3355 2917 3395; x_wconf 80' lang='lat' dir='ltr'><strong>vero</strong></span> <span class='ocrx_word' id='word_1_603' title='bbox 2944 3341 3150 3396; x_wconf 78' lang='lat' dir='ltr'><strong>unitate</strong></span> <span class='ocrx_word' id='word_1_604' title='bbox 3194 3342 3352 3398; x_wconf 91' lang='lat' dir='ltr'><strong>simul</strong></span> <span class='ocrx_word' id='word_1_605' title='bbox 3381 3357 3571 3399; x_wconf 85' lang='lat' dir='ltr'><strong>omnes</strong></span> 
     </span>
    </p>
   </div>
   <div class='ocr_carea' id='block_1_78' title="bbox 1985 3432 3568 3507">
    <p class='ocr_par' dir='ltr' id='par_1_78' title="bbox 1985 3432 3568 3507">
     <span class='ocr_line' id='line_1_78' title="bbox 1985 3432 3568 3507; baseline 0 -17"><span class='ocrx_word' id='word_1_606' title='bbox 1985 3435 2193 3491; x_wconf 90' lang='lat' dir='ltr'><strong>numeri</strong></span> <span class='ocrx_word' id='word_1_607' title='bbox 2226 3442 2372 3500; x_wconf 87' lang='lat' dir='ltr'><strong>sunt,</strong></span> <span class='ocrx_word' id='word_1_608' title='bbox 2403 3442 2459 3489; x_wconf 89' lang='lat' dir='ltr'><strong>et</strong></span> <span class='ocrx_word' id='word_1_609' title='bbox 2483 3433 2660 3488; x_wconf 89' lang='lat' dir='ltr'><strong>nullus</strong></span> <span class='ocrx_word' id='word_1_610' title='bbox 2691 3433 2855 3488; x_wconf 88' lang='lat' dir='ltr'><strong>alium</strong></span> <span class='ocrx_word' id='word_1_611' title='bbox 2884 3432 3157 3505; x_wconf 86' lang='lat' dir='ltr'><strong>praecedit</strong></span> <span class='ocrx_word' id='word_1_612' title='bbox 3193 3434 3277 3491; x_wconf 84' lang='lat' dir='ltr'><strong>vel</strong></span> <span class='ocrx_word' id='word_1_613' title='bbox 3303 3436 3568 3507; x_wconf 85' lang='lat' dir='ltr'><strong>sequitur,</strong></span> 
     </span>
    </p>
   </div>
   <div class='ocr_carea' id='block_1_79' title="bbox 1984 3522 3572 3599">
    <p class='ocr_par' dir='ltr' id='par_1_79' title="bbox 1984 3522 3572 3599">
     <span class='ocr_line' id='line_1_79' title="bbox 1984 3522 3572 3599; baseline 0 -18"><span class='ocrx_word' id='word_1_614' title='bbox 1984 3526 2236 3599; x_wconf 91' lang='lat' dir='ltr'><strong>quoniam</strong></span> <span class='ocrx_word' id='word_1_615' title='bbox 2264 3534 2452 3581; x_wconf 88' lang='lat' dir='ltr'><strong>omnes</strong></span> <span class='ocrx_word' id='word_1_616' title='bbox 2482 3540 2647 3578; x_wconf 92' lang='lat' dir='ltr'><strong>unum</strong></span> <span class='ocrx_word' id='word_1_617' title='bbox 2680 3531 2825 3579; x_wconf 91' lang='lat' dir='ltr'><strong>sunt.</strong></span> <span class='ocrx_word' id='word_1_618' title='bbox 2857 3522 3041 3595; x_wconf 79' lang='lat' dir='ltr'><strong>Neque</strong></span> <span class='ocrx_word' id='word_1_619' title='bbox 3069 3534 3247 3580; x_wconf 87' lang='lat' dir='ltr'><strong>tamen</strong></span> <span class='ocrx_word' id='word_1_620' title='bbox 3270 3524 3572 3581; x_wconf 87' lang='lat' dir='ltr'><strong>naturalem</strong></span> 
     </span>
    </p>
   </div>
   <div class='ocr_carea' id='block_1_80' title="bbox 1983 3616 3569 3690">
    <p class='ocr_par' dir='ltr' id='par_1_80' title="bbox 1983 3616 3569 3690">
     <span class='ocr_line' id='line_1_80' title="bbox 1983 3616 3569 3690; baseline -0.001 -14"><span class='ocrx_word' id='word_1_621' title='bbox 1983 3637 2138 3676; x_wconf 88' lang='lat' dir='ltr'><strong>suum</strong></span> <span class='ocrx_word' id='word_1_622' title='bbox 2168 3619 2433 3683; x_wconf 85' lang='lat' dir='ltr'><strong>ordinem,</strong></span> <span class='ocrx_word' id='word_1_623' title='bbox 2466 3632 2573 3687; x_wconf 91' lang='lat' dir='ltr'><strong>quo</strong></span> <span class='ocrx_word' id='word_1_624' title='bbox 2600 3617 2653 3672; x_wconf 91' lang='lat' dir='ltr'><strong>in</strong></span> <span class='ocrx_word' id='word_1_625' title='bbox 2688 3616 2801 3673; x_wconf 86' lang='lat' dir='ltr'><strong>suis</strong></span> <span class='ocrx_word' id='word_1_626' title='bbox 2829 3616 3365 3690; x_wconf 79' lang='lat' dir='ltr'><strong>nmitiplicationibus</strong></span> <span class='ocrx_word' id='word_1_627' title='bbox 3392 3617 3569 3683; x_wconf 84' lang='lat' dir='ltr'><strong>couti-</strong></span> 
     </span>
    </p>
   </div>
   <div class='ocr_carea' id='block_1_81' title="bbox 1984 3708 3573 3778">
    <p class='ocr_par' dir='ltr' id='par_1_81' title="bbox 1984 3708 3573 3778">
     <span class='ocr_line' id='line_1_81' title="bbox 1984 3708 3573 3778; baseline -0.001 -10"><span class='ocrx_word' id='word_1_628' title='bbox 1984 3720 2199 3777; x_wconf 88' lang='lat' dir='ltr'><strong>neulur,</strong></span> <span class='ocrx_word' id='word_1_629' title='bbox 2238 3708 2647 3765; x_wconf 89' lang='lat' dir='ltr'><strong>immutabiliter</strong></span> <span class='ocrx_word' id='word_1_630' title='bbox 2675 3709 2957 3775; x_wconf 86' lang='lat' dir='ltr'><strong>haberent,</strong></span> <span class='ocrx_word' id='word_1_631' title='bbox 2987 3709 3033 3764; x_wconf 90' lang='lat' dir='ltr'><strong>si</strong></span> <span class='ocrx_word' id='word_1_632' title='bbox 3063 3722 3171 3763; x_wconf 91' lang='lat' dir='ltr'><strong>non</strong></span> <span class='ocrx_word' id='word_1_633' title='bbox 3202 3709 3439 3778; x_wconf 85' lang='lat' dir='ltr'><strong>ipsorum</strong></span> <span class='ocrx_word' id='word_1_634' title='bbox 3475 3722 3573 3767; x_wconf 85' lang='lat' dir='ltr'><strong>ae-</strong></span> 
     </span>
    </p>
   </div>
   <div class='ocr_carea' id='block_1_82' title="bbox 1984 3802 3563 3873">
    <p class='ocr_par' dir='ltr' id='par_1_82' title="bbox 1984 3802 3563 3873">
     <span class='ocr_line' id='line_1_82' title="bbox 1984 3802 3563 3873; baseline -0.001 -13"><span class='ocrx_word' id='word_1_635' title='bbox 1984 3803 2258 3860; x_wconf 87' lang='lat' dir='ltr'><strong>terualiter</strong></span> <span class='ocrx_word' id='word_1_636' title='bbox 2284 3802 2634 3859; x_wconf 88' lang='lat' dir='ltr'><strong>immutabilis</strong></span> <span class='ocrx_word' id='word_1_637' title='bbox 2663 3817 2827 3857; x_wconf 89' lang='lat' dir='ltr'><strong>causa</strong></span> <span class='ocrx_word' id='word_1_638' title='bbox 2862 3803 2914 3857; x_wconf 92' lang='lat' dir='ltr'><strong>in</strong></span> <span class='ocrx_word' id='word_1_639' title='bbox 2943 3802 3151 3857; x_wconf 87' lang='lat' dir='ltr'><strong>unitate</strong></span> <span class='ocrx_word' id='word_1_640' title='bbox 3193 3802 3563 3873; x_wconf 87' lang='lat' dir='ltr'><strong>praecederet.</strong></span> 
     </span>
    </p>
   </div>
   <div class='ocr_carea' id='block_1_83' title="bbox 1983 3893 3571 3964">
    <p class='ocr_par' dir='ltr' id='par_1_83' title="bbox 1983 3893 3571 3964">
     <span class='ocr_line' id='line_1_83' title="bbox 1983 3893 3571 3964; baseline 0 -14"><span class='ocrx_word' id='word_1_641' title='bbox 1983 3895 2240 3951; x_wconf 87' lang='lat' dir='ltr'><strong>Similiter</strong></span> <span class='ocrx_word' id='word_1_642' title='bbox 2261 3895 2328 3949; x_wconf 91' lang='lat' dir='ltr'><strong>de</strong></span> <span class='ocrx_word' id='word_1_643' title='bbox 2351 3893 2549 3963; x_wconf 87' lang='lat' dir='ltr'><strong>duplis,</strong></span> <span class='ocrx_word' id='word_1_644' title='bbox 2578 3907 2807 3963; x_wconf 88' lang='lat' dir='ltr'><strong>quorum</strong></span> <span class='ocrx_word' id='word_1_645' title='bbox 2838 3893 3089 3964; x_wconf 88' lang='lat' dir='ltr'><strong>princeps</strong></span> <span class='ocrx_word' id='word_1_646' title='bbox 3115 3901 3198 3948; x_wconf 89' lang='lat' dir='ltr'><strong>est</strong></span> <span class='ocrx_word' id='word_1_647' title='bbox 3221 3894 3486 3960; x_wconf 88' lang='lat' dir='ltr'><strong>binarius,</strong></span> <span class='ocrx_word' id='word_1_648' title='bbox 3512 3900 3571 3951; x_wconf 78' lang='lat' dir='ltr'><strong>et</strong></span> 
     </span>
    </p>
   </div>
   <div class='ocr_carea' id='block_1_84' title="bbox 1984 3983 3567 4056">
    <p class='ocr_par' dir='ltr' id='par_1_84' title="bbox 1984 3983 3567 4056">
     <span class='ocr_line' id='line_1_84' title="bbox 1984 3983 3567 4056; baseline 0.001 -16"><span class='ocrx_word' id='word_1_649' title='bbox 1984 3987 2177 4056; x_wconf 85' lang='lat' dir='ltr'><strong>triplis,</strong></span> <span class='ocrx_word' id='word_1_650' title='bbox 2215 4000 2349 4055; x_wconf 88' lang='lat' dir='ltr'><strong>quos</strong></span> <span class='ocrx_word' id='word_1_651' title='bbox 2396 3983 2672 4055; x_wconf 87' lang='lat' dir='ltr'><strong>praecedit</strong></span> <span class='ocrx_word' id='word_1_652' title='bbox 2707 3984 2995 4047; x_wconf 79' lang='lat' dir='ltr'><strong>ternarias,</strong></span> <span class='ocrx_word' id='word_1_653' title='bbox 3026 3990 3079 4038; x_wconf 90' lang='lat' dir='ltr'><strong>et</strong></span> <span class='ocrx_word' id='word_1_654' title='bbox 3108 3983 3441 4055; x_wconf 87' lang='lat' dir='ltr'><strong>quadruplis,</strong></span> <span class='ocrx_word' id='word_1_655' title='bbox 3474 3984 3567 4053; x_wconf 81' lang='lat' dir='ltr'><strong>qui</strong></span> 
     </span>
    </p>
   </div>
   <div class='ocr_carea' id='block_1_85' title="bbox 1982 4076 3565 4149">
    <p class='ocr_par' dir='ltr' id='par_1_85' title="bbox 1982 4076 3565 4149">
     <span class='ocr_line' id='line_1_85' title="bbox 1982 4076 3565 4149; baseline -0.001 -15"><span class='ocrx_word' id='word_1_656' title='bbox 1982 4094 2045 4134; x_wconf 86' lang='lat' dir='ltr'><strong>ex</strong></span> <span class='ocrx_word' id='word_1_657' title='bbox 2078 4078 2429 4149; x_wconf 85' lang='lat' dir='ltr'><strong>quaternario</strong></span> <span class='ocrx_word' id='word_1_658' title='bbox 2471 4077 2759 4147; x_wconf 84' lang='lat' dir='ltr'><strong>incipiunt,</strong></span> <span class='ocrx_word' id='word_1_659' title='bbox 2801 4076 3160 4146; x_wconf 88' lang='lat' dir='ltr'><strong>omnibusque</strong></span> <span class='ocrx_word' id='word_1_660' title='bbox 3189 4076 3565 4147; x_wconf 87' lang='lat' dir='ltr'><strong>multiplicium</strong></span> 
     </span>
    </p>
   </div>
   <div class='ocr_carea' id='block_1_86' title="bbox 1981 4171 3566 4245">
    <p class='ocr_par' dir='ltr' id='par_1_86' title="bbox 1981 4171 3566 4245">
     <span class='ocr_line' id='line_1_86' title="bbox 1981 4171 3566 4245; baseline -0.001 -17"><span class='ocrx_word' id='word_1_661' title='bbox 1981 4174 2265 4245; x_wconf 87' lang='lat' dir='ltr'><strong>speciebus</strong></span> <span class='ocrx_word' id='word_1_662' title='bbox 2311 4171 2739 4242; x_wconf 78' lang='lat' dir='ltr'><strong>intelligendum,</strong></span> <span class='ocrx_word' id='word_1_663' title='bbox 2791 4171 2933 4241; x_wconf 91' lang='lat' dir='ltr'><strong>quod</strong></span> <span class='ocrx_word' id='word_1_664' title='bbox 2979 4185 3332 4241; x_wconf 88' lang='lat' dir='ltr'><strong>unaquaeque</strong></span> <span class='ocrx_word' id='word_1_665' title='bbox 3379 4186 3566 4227; x_wconf 88' lang='lat' dir='ltr'><strong>earum</strong></span> 
     </span>
    </p>
   </div>
   <div class='ocr_carea' id='block_1_87' title="bbox 1983 4263 3566 4338">
    <p class='ocr_par' dir='ltr' id='par_1_87' title="bbox 1983 4263 3566 4338">
     <span class='ocr_line' id='line_1_87' title="bbox 1983 4263 3566 4338; baseline -0.001 -15"><span class='ocrx_word' id='word_1_666' title='bbox 1983 4284 2013 4323; x_wconf 88' lang='lat' dir='ltr'><strong>a</strong></span> <span class='ocrx_word' id='word_1_667' title='bbox 2060 4266 2278 4338; x_wconf 90' lang='lat' dir='ltr'><strong>proprio</strong></span> <span class='ocrx_word' id='word_1_668' title='bbox 2333 4278 2432 4321; x_wconf 90' lang='lat' dir='ltr'><strong>suo</strong></span> <span class='ocrx_word' id='word_1_669' title='bbox 2484 4264 2751 4336; x_wconf 90' lang='lat' dir='ltr'><strong>principio</strong></span> <span class='ocrx_word' id='word_1_670' title='bbox 2806 4264 3044 4334; x_wconf 85' lang='lat' dir='ltr'><strong>inchoat,</strong></span> <span class='ocrx_word' id='word_1_671' title='bbox 3094 4272 3150 4320; x_wconf 92' lang='lat' dir='ltr'><strong>et</strong></span> <span class='ocrx_word' id='word_1_672' title='bbox 3195 4266 3248 4320; x_wconf 91' lang='lat' dir='ltr'><strong>in</strong></span> <span class='ocrx_word' id='word_1_673' title='bbox 3299 4263 3566 4321; x_wconf 84' lang='lat' dir='ltr'><strong>inﬁnitum</strong></span> 
     </span>
    </p>
   </div>
   <div class='ocr_carea' id='block_1_88' title="bbox 1983 4356 3565 4429">
    <p class='ocr_par' dir='ltr' id='par_1_88' title="bbox 1983 4356 3565 4429">
     <span class='ocr_line' id='line_1_88' title="bbox 1983 4356 3565 4429; baseline 0.001 -16"><span class='ocrx_word' id='word_1_674' title='bbox 1983 4359 2176 4414; x_wconf 87' lang='lat' dir='ltr'><strong>tendit.</strong></span> <span class='ocrx_word' id='word_1_675' title='bbox 2223 4358 2429 4429; x_wconf 81' lang='lat' dir='ltr'><strong>Duplex</strong></span> <span class='ocrx_word' id='word_1_676' title='bbox 2469 4364 2648 4412; x_wconf 89' lang='lat' dir='ltr'><strong>autem</strong></span> <span class='ocrx_word' id='word_1_677' title='bbox 2694 4356 2994 4427; x_wconf 86' lang='lat' dir='ltr'><strong>proportio,</strong></span> <span class='ocrx_word' id='word_1_678' title='bbox 3050 4370 3145 4412; x_wconf 92' lang='lat' dir='ltr'><strong>seu</strong></span> <span class='ocrx_word' id='word_1_679' title='bbox 3197 4357 3411 4428; x_wconf 82' lang='lat' dir='ltr'><strong>triplex,</strong></span> <span class='ocrx_word' id='word_1_680' title='bbox 3467 4370 3565 4414; x_wconf 84' lang='lat' dir='ltr'><strong>seu</strong></span> 
     </span>
    </p>
   </div>
   <div class='ocr_carea' id='block_1_89' title="bbox 1981 4449 3566 4523">
    <p class='ocr_par' dir='ltr' id='par_1_89' title="bbox 1981 4449 3566 4523">
     <span class='ocr_line' id='line_1_89' title="bbox 1981 4449 3566 4523; baseline -0.001 -15"><span class='ocrx_word' id='word_1_681' title='bbox 1981 4452 2334 4523; x_wconf 80' lang='lat' dir='ltr'><strong>quadruplex,</strong></span> <span class='ocrx_word' id='word_1_682' title='bbox 2365 4466 2457 4507; x_wconf 90' lang='lat' dir='ltr'><strong>seu</strong></span> <span class='ocrx_word' id='word_1_683' title='bbox 2487 4451 2591 4506; x_wconf 86' lang='lat' dir='ltr'><strong>alia</strong></span> <span class='ocrx_word' id='word_1_684' title='bbox 2629 4450 2813 4506; x_wconf 88' lang='lat' dir='ltr'><strong>talium</strong></span> <span class='ocrx_word' id='word_1_685' title='bbox 2849 4449 3252 4521; x_wconf 88' lang='lat' dir='ltr'><strong>proportionum</strong></span> <span class='ocrx_word' id='word_1_686' title='bbox 3280 4451 3333 4506; x_wconf 92' lang='lat' dir='ltr'><strong>in</strong></span> <span class='ocrx_word' id='word_1_687' title='bbox 3358 4452 3566 4507; x_wconf 86' lang='lat' dir='ltr'><strong>unitate</strong></span> 
     </span>
    </p>
   </div>
   <div class='ocr_carea' id='block_1_90' title="bbox 1982 4540 3564 4616">
    <p class='ocr_par' dir='ltr' id='par_1_90' title="bbox 1982 4540 3564 4616">
     <span class='ocr_line' id='line_1_90' title="bbox 1982 4540 3564 4616; baseline -0.002 -16"><span class='ocrx_word' id='word_1_688' title='bbox 1982 4545 2289 4616; x_wconf 85' lang='lat' dir='ltr'><strong>specialiter</strong></span> <span class='ocrx_word' id='word_1_689' title='bbox 2309 4554 2468 4614; x_wconf 85' lang='lat' dir='ltr'><strong>atque</strong></span> <span class='ocrx_word' id='word_1_690' title='bbox 2515 4543 2766 4609; x_wconf 80' lang='lat' dir='ltr'><strong>distincte</strong></span> <span class='ocrx_word' id='word_1_691' title='bbox 2795 4556 2900 4597; x_wconf 88' lang='lat' dir='ltr'><strong>non</strong></span> <span class='ocrx_word' id='word_1_692' title='bbox 2932 4540 3269 4615; x_wconf 81' lang='lat' dir='ltr'><strong>intelligitur,</strong></span> <span class='ocrx_word' id='word_1_693' title='bbox 3296 4542 3564 4614; x_wconf 88' lang='lat' dir='ltr'><strong>siquidem</strong></span> 
     </span>
    </p>
   </div>
   <div class='ocr_carea' id='block_1_91' title="bbox 293 4616 3565 4709">
    <p class='ocr_par' dir='ltr' id='par_1_91' title="bbox 293 4616 3565 4709">
     <span class='ocr_line' id='line_1_91' title="bbox 293 4616 3565 4709; baseline 0 -21"><span class='ocrx_word' id='word_1_694' title='bbox 293 4635 819 4691; x_wconf 87' lang='lat' dir='ltr'><strong>communicabiliter</strong></span> <span class='ocrx_word' id='word_1_695' title='bbox 859 4636 1155 4692; x_wconf 87' lang='lat' dir='ltr'><strong>subsistere</strong></span> <span class='ocrx_word' id='word_1_696' title='bbox 1197 4639 1564 4694; x_wconf 88' lang='lat' dir='ltr'><strong>necessarium</strong></span> <span class='ocrx_word' id='word_1_697' title='bbox 1593 4650 1675 4694; x_wconf 89' lang='lat' dir='ltr'><strong>est</strong></span> <span class='ocrx_word' id='word_1_698' title='bbox 1703 4637 1767 4692; x_wconf 82' lang='grc'><strong>¹³.</strong></span> <span class='ocrx_word' id='word_1_699' title='bbox 1814 4638 1879 4693; x_wconf 83' lang='grc' dir='ltr'><strong>Ει.</strong></span> <span class='ocrx_word' id='word_1_700' title='bbox 1905 4616 1958 4678; x_wconf 81' lang='grc' dir='ltr'><strong>Ῐ)</strong></span> <span class='ocrx_word' id='word_1_701' title='bbox 1986 4641 2037 4694; x_wconf 91' lang='lat' dir='ltr'><strong>in</strong></span> <span class='ocrx_word' id='word_1_702' title='bbox 2060 4654 2327 4695; x_wconf 89' lang='lat' dir='ltr'><strong>eaomnes</strong></span> <span class='ocrx_word' id='word_1_703' title='bbox 2352 4636 2673 4709; x_wconf 87' lang='lat' dir='ltr'><strong>multiplices</strong></span> <span class='ocrx_word' id='word_1_704' title='bbox 2698 4647 2751 4693; x_wconf 91' lang='lat' dir='ltr'><strong>et</strong></span> <span class='ocrx_word' id='word_1_705' title='bbox 2775 4636 2932 4694; x_wconf 92' lang='lat' dir='ltr'><strong>simul</strong></span> <span class='ocrx_word' id='word_1_706' title='bbox 2946 4645 3140 4693; x_wconf 88' lang='lat' dir='ltr'><strong>suntet</strong></span> <span class='ocrx_word' id='word_1_707' title='bbox 3162 4650 3328 4691; x_wconf 89' lang='lat' dir='ltr'><strong>unum</strong></span> <span class='ocrx_word' id='word_1_708' title='bbox 3354 4636 3565 4702; x_wconf 74' lang='lat' dir='ltr'><strong>sunt&quot;,</strong></span> 
     </span>
    </p>
   </div>
   <div class='ocr_carea' id='block_1_92' title="bbox 293 4723 1877 4803">
    <p class='ocr_par' dir='ltr' id='par_1_92' title="bbox 293 4723 1877 4803">
     <span class='ocr_line' id='line_1_92' title="bbox 293 4723 1877 4803; baseline 0.004 -26"><span class='ocrx_word' id='word_1_709' title='bbox 293 4723 745 4793; x_wconf 86' lang='lat' dir='ltr'><strong>quemadmodum</strong></span> <span class='ocrx_word' id='word_1_710' title='bbox 798 4741 902 4781; x_wconf 89' lang='lat' dir='ltr'><strong>non</strong></span> <span class='ocrx_word' id='word_1_711' title='bbox 939 4725 1043 4780; x_wconf 87' lang='lat' dir='ltr'><strong>erit</strong></span> <span class='ocrx_word' id='word_1_712' title='bbox 1087 4725 1219 4803; x_wconf 9' lang='lat' dir='ltr'><strong>ﬁnis,</strong></span> <span class='ocrx_word' id='word_1_713' title='bbox 1251 4727 1368 4783; x_wconf 89' lang='lat' dir='ltr'><strong>sine</strong></span> <span class='ocrx_word' id='word_1_714' title='bbox 1412 4726 1782 4783; x_wconf 89' lang='lat' dir='ltr'><strong>desinentibus</strong></span> <span class='ocrx_word' id='word_1_715' title='bbox 1823 4728 1877 4784; x_wconf 82' lang='lat' dir='ltr'><strong>in</strong></span> 
     </span>
    </p>
   </div>
   <div class='ocr_carea' id='block_1_93' title="bbox 292 4815 1877 4888">
    <p class='ocr_par' dir='ltr' id='par_1_93' title="bbox 292 4815 1877 4888">
     <span class='ocr_line' id='line_1_93' title="bbox 292 4815 1877 4888; baseline 0.004 -19"><span class='ocrx_word' id='word_1_716' title='bbox 292 4830 437 4882; x_wconf 89' lang='lat' dir='ltr'><strong>eum,</strong></span> <span class='ocrx_word' id='word_1_717' title='bbox 469 4815 541 4870; x_wconf 89' lang='lat' dir='ltr'><strong>ita</strong></span> <span class='ocrx_word' id='word_1_718' title='bbox 582 4830 686 4870; x_wconf 90' lang='lat' dir='ltr'><strong>non</strong></span> <span class='ocrx_word' id='word_1_719' title='bbox 715 4826 835 4872; x_wconf 89' lang='lat' dir='ltr'><strong>erat</strong></span> <span class='ocrx_word' id='word_1_720' title='bbox 863 4816 910 4857; x_wconf 65' lang='lat'><strong>1&#39;</strong></span> <span class='ocrx_word' id='word_1_721' title='bbox 960 4816 1285 4888; x_wconf 85' lang='lat' dir='ltr'><strong>principium</strong></span> <span class='ocrx_word' id='word_1_722' title='bbox 1344 4818 1460 4874; x_wconf 88' lang='lat' dir='ltr'><strong>sine</strong></span> <span class='ocrx_word' id='word_1_723' title='bbox 1500 4818 1877 4875; x_wconf 88' lang='lat' dir='ltr'><strong>inchoantibus</strong></span> 
     </span>
    </p>
   </div>
   <div class='ocr_carea' id='block_1_94' title="bbox 292 4889 1878 4980">
    <p class='ocr_par' dir='ltr' id='par_1_94' title="bbox 292 4889 1878 4980">
     <span class='ocr_line' id='line_1_94' title="bbox 292 4889 1878 4980; baseline 0.004 -22"><span class='ocrx_word' id='word_1_724' title='bbox 292 4904 364 4958; x_wconf 88' lang='lat' dir='ltr'><strong>ab</strong></span> <span class='ocrx_word' id='word_1_725' title='bbox 393 4920 458 4960; x_wconf 91' lang='lat' dir='ltr'><strong>eo</strong></span> <span class='ocrx_word' id='word_1_726' title='bbox 488 4913 611 4962; x_wconf 87' lang='lat' dir='ltr'><strong>actu</strong></span> <span class='ocrx_word' id='word_1_727' title='bbox 638 4916 693 4963; x_wconf 89' lang='lat' dir='ltr'><strong>et</strong></span> <span class='ocrx_word' id='word_1_728' title='bbox 722 4889 1037 4979; x_wconf 73' lang='lat' dir='ltr'><strong>operatione</strong></span> <span class='ocrx_word' id='word_1_729' title='bbox 1064 4907 1454 4980; x_wconf 81' lang='lat' dir='ltr'><strong>intelligentiae</strong></span> <span class='ocrx_word' id='word_1_730' title='bbox 1498 4909 1561 4963; x_wconf 79' lang='grc' dir='ltr'><strong>ι’.</strong></span> <span class='ocrx_word' id='word_1_731' title='bbox 1612 4908 1878 4965; x_wconf 84' lang='lat' dir='ltr'><strong>Aeterna-</strong></span> 
     </span>
    </p>
   </div>
   <div class='ocr_carea' id='block_1_95' title="bbox 292 4997 1884 5071">
    <p class='ocr_par' dir='ltr' id='par_1_95' title="bbox 292 4997 1884 5071">
     <span class='ocr_line' id='line_1_95' title="bbox 292 4997 1884 5071; baseline 0.004 -19"><span class='ocrx_word' id='word_1_732' title='bbox 292 4997 419 5052; x_wconf 86' lang='lat' dir='ltr'><strong>liter</strong></span> <span class='ocrx_word' id='word_1_733' title='bbox 447 5014 577 5071; x_wconf 87' lang='lat' dir='ltr'><strong>ergo</strong></span> <span class='ocrx_word' id='word_1_734' title='bbox 624 5003 675 5056; x_wconf 92' lang='lat' dir='ltr'><strong>in</strong></span> <span class='ocrx_word' id='word_1_735' title='bbox 715 5001 943 5055; x_wconf 87' lang='lat' dir='ltr'><strong>monade</strong></span> <span class='ocrx_word' id='word_1_736' title='bbox 973 5016 1164 5055; x_wconf 90' lang='lat' dir='ltr'><strong>omnes</strong></span> <span class='ocrx_word' id='word_1_737' title='bbox 1211 5002 1420 5055; x_wconf 88' lang='lat' dir='ltr'><strong>numeri</strong></span> <span class='ocrx_word' id='word_1_738' title='bbox 1462 5002 1784 5070; x_wconf 91' lang='lat' dir='ltr'><strong>subsistunt,</strong></span> <span class='ocrx_word' id='word_1_739' title='bbox 1829 5012 1884 5058; x_wconf 88' lang='lat' dir='ltr'><strong>et</strong></span> 
     </span>
    </p>
   </div>
   <div class='ocr_carea' id='block_1_96' title="bbox 291 5089 1882 5164">
    <p class='ocr_par' dir='ltr' id='par_1_96' title="bbox 291 5089 1882 5164">
     <span class='ocr_line' id='line_1_96' title="bbox 291 5089 1882 5164; baseline 0.001 -18"><span class='ocrx_word' id='word_1_740' title='bbox 291 5089 421 5146; x_wconf 76' lang='lat' dir='ltr'><strong>dum</strong></span> <span class='ocrx_word' id='word_1_741' title='bbox 447 5091 514 5146; x_wconf 87' lang='lat' dir='ltr'><strong>ab</strong></span> <span class='ocrx_word' id='word_1_742' title='bbox 535 5107 597 5147; x_wconf 90' lang='lat' dir='ltr'><strong>ea</strong></span> <span class='ocrx_word' id='word_1_743' title='bbox 639 5091 928 5162; x_wconf 89' lang='lat' dir='ltr'><strong>proﬂuunt,</strong></span> <span class='ocrx_word' id='word_1_744' title='bbox 963 5093 1014 5146; x_wconf 93' lang='lat' dir='ltr'><strong>in</strong></span> <span class='ocrx_word' id='word_1_745' title='bbox 1047 5106 1109 5146; x_wconf 90' lang='lat' dir='ltr'><strong>ea</strong></span> <span class='ocrx_word' id='word_1_746' title='bbox 1132 5107 1253 5147; x_wconf 89' lang='lat' dir='ltr'><strong>esse</strong></span> <span class='ocrx_word' id='word_1_747' title='bbox 1293 5107 1399 5146; x_wconf 90' lang='lat' dir='ltr'><strong>non</strong></span> <span class='ocrx_word' id='word_1_748' title='bbox 1432 5091 1703 5158; x_wconf 81' lang='lat' dir='ltr'><strong>desinunt,</strong></span> <span class='ocrx_word' id='word_1_749' title='bbox 1749 5108 1882 5164; x_wconf 87' lang='lat' dir='ltr'><strong>quo-</strong></span> 
     </span>
    </p>
   </div>
   <div class='ocr_carea' id='block_1_97' title="bbox 292 5181 1880 5257">
    <p class='ocr_par' dir='ltr' id='par_1_97' title="bbox 292 5181 1880 5257">
     <span class='ocr_line' id='line_1_97' title="bbox 292 5181 1880 5257; baseline 0.003 -19"><span class='ocrx_word' id='word_1_750' title='bbox 292 5181 441 5238; x_wconf 82' lang='lat' dir='ltr'><strong>niam</strong></span> <span class='ocrx_word' id='word_1_751' title='bbox 490 5190 687 5239; x_wconf 89' lang='lat' dir='ltr'><strong>statum</strong></span> <span class='ocrx_word' id='word_1_752' title='bbox 739 5200 893 5240; x_wconf 92' lang='lat' dir='ltr'><strong>suum</strong></span> <span class='ocrx_word' id='word_1_753' title='bbox 947 5183 1248 5239; x_wconf 86' lang='lat' dir='ltr'><strong>naturalem</strong></span> <span class='ocrx_word' id='word_1_754' title='bbox 1290 5184 1541 5239; x_wconf 89' lang='lat' dir='ltr'><strong>deserere</strong></span> <span class='ocrx_word' id='word_1_755' title='bbox 1596 5193 1718 5239; x_wconf 83' lang='lat' dir='ltr'><strong>non&#39;</strong></span> <span class='ocrx_word' id='word_1_756' title='bbox 1755 5198 1880 5257; x_wconf 86' lang='lat' dir='ltr'><strong>pos-</strong></span> 
     </span>
    </p>
   </div>
   <div class='ocr_carea' id='block_1_98' title="bbox 292 5273 1873 5347">
    <p class='ocr_par' dir='ltr' id='par_1_98' title="bbox 292 5273 1873 5347">
     <span class='ocr_line' id='line_1_98' title="bbox 292 5273 1873 5347; baseline 0.001 -16"><span class='ocrx_word' id='word_1_757' title='bbox 292 5285 440 5331; x_wconf 87' lang='lat' dir='ltr'><strong>sunt.</strong></span> <span class='ocrx_word' id='word_1_758' title='bbox 472 5273 609 5330; x_wconf 83' lang='lat' dir='ltr'><strong>Nam</strong></span> <span class='ocrx_word' id='word_1_759' title='bbox 633 5276 749 5332; x_wconf 82' lang='lat' dir='ltr'><strong>sive</strong></span> <span class='ocrx_word' id='word_1_760' title='bbox 778 5275 1204 5347; x_wconf 89' lang='lat' dir='ltr'><strong>multiplicentur</strong></span> <span class='ocrx_word' id='word_1_761' title='bbox 1245 5274 1291 5316; x_wconf 77' lang='grc' dir='ltr'>ι’</span> <span class='ocrx_word' id='word_1_762' title='bbox 1366 5275 1480 5332; x_wconf 87' lang='lat' dir='ltr'><strong>sive</strong></span> <span class='ocrx_word' id='word_1_763' title='bbox 1512 5277 1873 5344; x_wconf 86' lang='lat' dir='ltr'><strong>resolvantur,</strong></span> 
     </span>
    </p>
   </div>
   <div class='ocr_carea' id='block_1_99' title="bbox 1986 4728 3566 4803">
    <p class='ocr_par' dir='ltr' id='par_1_99' title="bbox 1986 4728 3566 4803">
     <span class='ocr_line' id='line_1_99' title="bbox 1986 4728 3566 4803; baseline -0.004 -14"><span class='ocrx_word' id='word_1_764' title='bbox 1986 4745 2040 4789; x_wconf 90' lang='lat' dir='ltr'><strong>et</strong></span> <span class='ocrx_word' id='word_1_765' title='bbox 2074 4750 2236 4788; x_wconf 87' lang='lat' dir='ltr'><strong>unum</strong></span> <span class='ocrx_word' id='word_1_766' title='bbox 2268 4732 2541 4803; x_wconf 81' lang='lat' dir='ltr'><strong>multiplex</strong></span> <span class='ocrx_word' id='word_1_767' title='bbox 2577 4740 2631 4787; x_wconf 93' lang='lat' dir='ltr'><strong>et</strong></span> <span class='ocrx_word' id='word_1_768' title='bbox 2656 4730 2920 4803; x_wconf 85' lang='lat' dir='ltr'><strong>simplex;</strong></span> <span class='ocrx_word' id='word_1_769' title='bbox 2955 4729 3182 4802; x_wconf 82' lang='lat' dir='ltr'><strong>simplex</strong></span> <span class='ocrx_word' id='word_1_770' title='bbox 3214 4728 3431 4800; x_wconf 88' lang='lat' dir='ltr'><strong>quidem</strong></span> <span class='ocrx_word' id='word_1_771' title='bbox 3465 4741 3566 4782; x_wconf 88' lang='lat' dir='ltr'><strong>na-</strong></span> 
     </span>
    </p>
   </div>
   <div class='ocr_carea' id='block_1_100' title="bbox 1984 4822 3568 4893">
    <p class='ocr_par' dir='ltr' id='par_1_100' title="bbox 1984 4822 3568 4893">
     <span class='ocr_line' id='line_1_100' title="bbox 1984 4822 3568 4893; baseline -0.001 -14"><span class='ocrx_word' id='word_1_772' title='bbox 1984 4834 2126 4890; x_wconf 90' lang='lat' dir='ltr'><strong>tura,</strong></span> <span class='ocrx_word' id='word_1_773' title='bbox 2181 4824 2458 4893; x_wconf 83' lang='lat' dir='ltr'><strong>multiplex</strong></span> <span class='ocrx_word' id='word_1_774' title='bbox 2508 4838 2638 4879; x_wconf 86' lang='lat' dir='ltr'><strong>vero</strong></span> <span class='ocrx_word' id='word_1_775' title='bbox 2694 4823 3021 4887; x_wconf 89' lang='lat' dir='ltr'><strong>rationibus,</strong></span> <span class='ocrx_word' id='word_1_776' title='bbox 3081 4822 3377 4878; x_wconf 91' lang='lat' dir='ltr'><strong>secundum</strong></span> <span class='ocrx_word' id='word_1_777' title='bbox 3431 4835 3568 4893; x_wconf 89' lang='lat' dir='ltr'><strong>quas</strong></span> 
     </span>
    </p>
   </div>
   <div class='ocr_carea' id='block_1_101' title="bbox 1988 4912 3566 4986">
    <p class='ocr_par' dir='ltr' id='par_1_101' title="bbox 1988 4912 3566 4986">
     <span class='ocr_line' id='line_1_101' title="bbox 1988 4912 3566 4986; baseline -0.003 -13"><span class='ocrx_word' id='word_1_778' title='bbox 1988 4917 2231 4973; x_wconf 80' lang='lat' dir='ltr'><strong>ordinem</strong></span> <span class='ocrx_word' id='word_1_779' title='bbox 2281 4932 2436 4970; x_wconf 90' lang='lat' dir='ltr'><strong>suum</strong></span> <span class='ocrx_word' id='word_1_780' title='bbox 2487 4915 2541 4970; x_wconf 92' lang='lat' dir='ltr'><strong>in</strong></span> <span class='ocrx_word' id='word_1_781' title='bbox 2594 4914 3129 4986; x_wconf 89' lang='lat' dir='ltr'><strong>multiplicationibus</strong></span> <span class='ocrx_word' id='word_1_782' title='bbox 3175 4912 3566 4970; x_wconf 88' lang='lat' dir='ltr'><strong>immutabilem</strong></span> 
     </span>
    </p>
   </div>
   <div class='ocr_carea' id='block_1_102' title="bbox 1988 5005 3566 5077">
    <p class='ocr_par' dir='ltr' id='par_1_102' title="bbox 1988 5005 3566 5077">
     <span class='ocr_line' id='line_1_102' title="bbox 1988 5005 3566 5077; baseline -0.003 -15"><span class='ocrx_word' id='word_1_783' title='bbox 1988 5008 2279 5077; x_wconf 88' lang='lat' dir='ltr'><strong>accipiunt.</strong></span> <span class='ocrx_word' id='word_1_784' title='bbox 2306 5006 2442 5073; x_wconf 85' lang='lat' dir='ltr'><strong>Quid</strong></span> <span class='ocrx_word' id='word_1_785' title='bbox 2471 5005 2647 5062; x_wconf 87' lang='lat' dir='ltr'><strong>dicam</strong></span> <span class='ocrx_word' id='word_1_786' title='bbox 2690 5007 2754 5063; x_wconf 88' lang='lat' dir='ltr'><strong>de</strong></span> <span class='ocrx_word' id='word_1_787' title='bbox 2796 5007 3031 5063; x_wconf 86' lang='lat' dir='ltr'><strong>mirabili</strong></span> <span class='ocrx_word' id='word_1_788' title='bbox 3079 5016 3240 5077; x_wconf 87' lang='lat' dir='ltr'><strong>atque</strong></span> <span class='ocrx_word' id='word_1_789' title='bbox 3269 5005 3447 5061; x_wconf 90' lang='lat' dir='ltr'><strong>divina</strong></span> <span class='ocrx_word' id='word_1_790' title='bbox 3475 5018 3566 5058; x_wconf 80' lang='lat' dir='ltr'><strong>su-</strong></span> 
     </span>
    </p>
   </div>
   <div class='ocr_carea' id='block_1_103' title="bbox 1982 5094 3555 5169">
    <p class='ocr_par' dir='ltr' id='par_1_103' title="bbox 1982 5094 3555 5169">
     <span class='ocr_line' id='line_1_103' title="bbox 1982 5094 3555 5169; baseline -0.001 -17"><span class='ocrx_word' id='word_1_791' title='bbox 1982 5096 2501 5169; x_wconf 81' lang='lat' dir='ltr'><strong>perparticularium,</strong></span> <span class='ocrx_word' id='word_1_792' title='bbox 2536 5106 2593 5152; x_wconf 88' lang='lat' dir='ltr'><strong>et</strong></span> <span class='ocrx_word' id='word_1_793' title='bbox 2642 5097 3177 5169; x_wconf 88' lang='lat' dir='ltr'><strong>superpartientium,</strong></span> <span class='ocrx_word' id='word_1_794' title='bbox 3207 5106 3262 5152; x_wconf 88' lang='lat' dir='ltr'><strong>et</strong></span> <span class='ocrx_word' id='word_1_795' title='bbox 3294 5094 3555 5167; x_wconf 82' lang='lat' dir='ltr'><strong>multipli—</strong></span> 
     </span>
    </p>
   </div>
   <div class='ocr_carea' id='block_1_104' title="bbox 1984 5186 3559 5260">
    <p class='ocr_par' dir='ltr' id='par_1_104' title="bbox 1984 5186 3559 5260">
     <span class='ocr_line' id='line_1_104' title="bbox 1984 5186 3559 5260; baseline -0.001 -17"><span class='ocrx_word' id='word_1_796' title='bbox 1984 5189 2124 5243; x_wconf 90' lang='lat' dir='ltr'><strong>cium</strong></span> <span class='ocrx_word' id='word_1_797' title='bbox 2197 5186 2874 5260; x_wconf 85' lang='lat' dir='ltr'><strong>superparticularium&#39;et</strong></span> <span class='ocrx_word' id='word_1_798' title='bbox 2934 5186 3308 5260; x_wconf 89' lang='lat' dir='ltr'><strong>multiplicium</strong></span> <span class='ocrx_word' id='word_1_799' title='bbox 3369 5202 3559 5258; x_wconf 88' lang='lat' dir='ltr'><strong>super-</strong></span> 
     </span>
    </p>
   </div>
   <div class='ocr_carea' id='block_1_105' title="bbox 1976 5280 3563 5354">
    <p class='ocr_par' dir='ltr' id='par_1_105' title="bbox 1976 5280 3563 5354">
     <span class='ocr_line' id='line_1_105' title="bbox 1976 5280 3563 5354; baseline 0.001 -19"><span class='ocrx_word' id='word_1_800' title='bbox 1976 5280 2329 5341; x_wconf 85' lang='lat' dir='ltr'><strong>nartientium</strong></span> <span class='ocrx_word' id='word_1_801' title='bbox 2357 5281 2740 5337; x_wconf 87' lang='lat' dir='ltr'><strong>constitutione</strong></span> <span class='ocrx_word' id='word_1_802' title='bbox 2789 5290 2844 5338; x_wconf 91' lang='lat' dir='ltr'><strong>et</strong></span> <span class='ocrx_word' id='word_1_803' title='bbox 2880 5282 3247 5354; x_wconf 86' lang='lat' dir='ltr'><strong>preportione,</strong></span> <span class='ocrx_word' id='word_1_804' title='bbox 3278 5294 3412 5351; x_wconf 88' lang='lat' dir='ltr'><strong>quas</strong></span> <span class='ocrx_word' id='word_1_805' title='bbox 3450 5280 3563 5337; x_wconf 86' lang='lat' dir='ltr'><strong>sin-</strong></span> 
     </span>
    </p>
   </div>
   <div class='ocr_carea' id='block_1_106' title="bbox 1566 5411 2275 5503">
    <p class='ocr_par' dir='ltr' id='par_1_106' title="bbox 1566 5411 2275 5503">
     <span class='ocr_line' id='line_1_106' title="bbox 1566 5411 2275 5503; baseline 0 -36"><span class='ocrx_word' id='word_1_806' title='bbox 1566 5411 1839 5503; x_wconf 31' lang='lat' dir='ltr'><strong>.VARIAE</strong></span> <span class='ocrx_word' id='word_1_807' title='bbox 1878 5411 2275 5471; x_wconf 83' lang='lat' dir='ltr'><strong>LECTlONES.</strong></span> 
     </span>
    </p>
   </div>
   <div class='ocr_carea' id='block_1_107' title="bbox 294 5547 1801 5607">
    <p class='ocr_par' dir='ltr' id='par_1_107' title="bbox 294 5547 1801 5607">
     <span class='ocr_line' id='line_1_107' title="bbox 294 5547 1801 5607; baseline 0.003 -5"><span class='ocrx_word' id='word_1_808' title='bbox 294 5588 297 5591; x_wconf 90' lang='grc'><strong>-</strong></span> <span class='ocrx_word' id='word_1_809' title='bbox 368 5559 386 5592; x_wconf 79' lang='grc' dir='ltr'><strong>ι</strong></span> <span class='ocrx_word' id='word_1_810' title='bbox 429 5557 503 5603; x_wconf 77' lang='lat' dir='ltr'><strong>est</strong></span> <span class='ocrx_word' id='word_1_811' title='bbox 537 5564 647 5604; x_wconf 88' lang='lat' dir='ltr'><strong>om.</strong></span> <span class='ocrx_word' id='word_1_812' title='bbox 678 5547 740 5605; x_wconf 87' lang='lat' dir='ltr'><strong>C.</strong></span> <span class='ocrx_word' id='word_1_813' title='bbox 843 5549 864 5580; x_wconf 78' lang='grc'><em>³</em></span> <span class='ocrx_word' id='word_1_814' title='bbox 923 5564 1099 5605; x_wconf 72' lang='lat' dir='ltr'><strong>omnes</strong></span> <span class='ocrx_word' id='word_1_815' title='bbox 1120 5564 1229 5605; x_wconf 89' lang='lat' dir='ltr'><strong>om.</strong></span> <span class='ocrx_word' id='word_1_816' title='bbox 1260 5549 1326 5605; x_wconf 82' lang='lat' dir='ltr'><strong>A.</strong></span> <span class='ocrx_word' id='word_1_817' title='bbox 1443 5550 1477 5585; x_wconf 76' lang='lat'>&quot;</span> <span class='ocrx_word' id='word_1_818' title='bbox 1516 5559 1564 5606; x_wconf 87' lang='lat' dir='ltr'><strong>et</strong></span> <span class='ocrx_word' id='word_1_819' title='bbox 1596 5566 1703 5606; x_wconf 91' lang='lat' dir='ltr'><strong>om.</strong></span> <span class='ocrx_word' id='word_1_820' title='bbox 1734 5552 1801 5607; x_wconf 83' lang='lat' dir='ltr'><strong>A.</strong></span> 
     </span>
    </p>
   </div>
   <div class='ocr_carea' id='block_1_108' title="bbox 292 5619 1671 5676">
    <p class='ocr_par' dir='ltr' id='par_1_108' title="bbox 292 5619 1671 5676">
     <span class='ocr_line' id='line_1_108' title="bbox 292 5619 1671 5676; baseline 0 -1"><span class='ocrx_word' id='word_1_821' title='bbox 292 5620 439 5675; x_wconf 76' lang='lat' dir='ltr'><strong>alibi.</strong></span> <span class='ocrx_word' id='word_1_822' title='bbox 474 5635 585 5676; x_wconf 89' lang='lat' dir='ltr'><strong>om.</strong></span> <span class='ocrx_word' id='word_1_823' title='bbox 612 5620 653 5675; x_wconf 77' lang='grc' dir='ltr'><strong>Ο</strong></span> <span class='ocrx_word' id='word_1_824' title='bbox 738 5620 760 5652; x_wconf 84' lang='grc'><strong>⁸</strong></span> <span class='ocrx_word' id='word_1_825' title='bbox 787 5619 826 5674; x_wconf 75' lang='grc' dir='ltr'>Α</span> <span class='ocrx_word' id='word_1_826' title='bbox 852 5620 976 5674; x_wconf 74' lang='lat' dir='ltr'><strong>sive.</strong></span> <span class='ocrx_word' id='word_1_827' title='bbox 1080 5621 1100 5652; x_wconf 91' lang='lat'><strong><em>&quot;</em></strong></span> <span class='ocrx_word' id='word_1_828' title='bbox 1142 5620 1182 5676; x_wconf 80' lang='grc' dir='ltr'><strong>Ο</strong></span> <span class='ocrx_word' id='word_1_829' title='bbox 1220 5631 1394 5676; x_wconf 81' lang='lat' dir='ltr'><strong>autem</strong></span> <span class='ocrx_word' id='word_1_830' title='bbox 1445 5623 1671 5675; x_wconf 81' lang='lat' dir='ltr'><strong>adverte.</strong></span> 
     </span>
    </p>
   </div>
   <div class='ocr_carea' id='block_1_109' title="bbox 292 5692 1419 5747">
    <p class='ocr_par' dir='ltr' id='par_1_109' title="bbox 292 5692 1419 5747">
     <span class='ocr_line' id='line_1_109' title="bbox 292 5692 1419 5747; baseline 0 -1"><span class='ocrx_word' id='word_1_831' title='bbox 292 5694 363 5746; x_wconf 76' lang='grc' dir='ltr'><strong>Α.</strong></span> <span class='ocrx_word' id='word_1_832' title='bbox 461 5698 501 5730; x_wconf 79' lang='grc' dir='ltr'><strong>ιι</strong></span> <span class='ocrx_word' id='word_1_833' title='bbox 553 5692 688 5745; x_wconf 83' lang='lat' dir='ltr'><strong>enim</strong></span> <span class='ocrx_word' id='word_1_834' title='bbox 714 5706 824 5747; x_wconf 91' lang='lat' dir='ltr'><strong>om.</strong></span> <span class='ocrx_word' id='word_1_835' title='bbox 874 5692 939 5745; x_wconf 83' lang='lat' dir='ltr'><strong>A.</strong></span> <span class='ocrx_word' id='word_1_836' title='bbox 1019 5692 1062 5726; x_wconf 76' lang='grc' dir='ltr'>ι’</span> <span class='ocrx_word' id='word_1_837' title='bbox 1107 5700 1155 5746; x_wconf 85' lang='lat' dir='ltr'><strong>et</strong></span> <span class='ocrx_word' id='word_1_838' title='bbox 1196 5707 1305 5746; x_wconf 91' lang='lat' dir='ltr'><strong>om.</strong></span> <span class='ocrx_word' id='word_1_839' title='bbox 1356 5693 1419 5746; x_wconf 85' lang='lat' dir='ltr'><strong>A.</strong></span> 
     </span>
    </p>
   </div>
   <div class='ocr_carea' id='block_1_110' title="bbox 294 5761 1361 5832">
    <p class='ocr_par' dir='ltr' id='par_1_110' title="bbox 294 5761 1361 5832">
     <span class='ocr_line' id='line_1_110' title="bbox 294 5761 1361 5832; baseline 0.001 -18"><span class='ocrx_word' id='word_1_840' title='bbox 294 5761 685 5832; x_wconf 79' lang='lat' dir='ltr'><strong>intelligentiae</strong></span> <span class='ocrx_word' id='word_1_841' title='bbox 713 5761 974 5831; x_wconf 80' lang='lat' dir='ltr'><strong>proﬁcisci</strong></span> <span class='ocrx_word' id='word_1_842' title='bbox 1001 5763 1361 5817; x_wconf 87' lang='lat' dir='ltr'><strong>aeternaliter.</strong></span> 
     </span>
    </p>
   </div>
   <div class='ocr_carea' id='block_1_111' title="bbox 294 5832 1197 5909">
    <p class='ocr_par' dir='ltr' id='par_1_111' title="bbox 294 5832 1197 5909">
     <span class='ocr_line' id='line_1_111' title="bbox 294 5832 1197 5909; baseline 0.001 -22"><span class='ocrx_word' id='word_1_843' title='bbox 294 5832 456 5887; x_wconf 84' lang='lat' dir='ltr'><strong>idem.</strong></span> <span class='ocrx_word' id='word_1_844' title='bbox 526 5833 581 5864; x_wconf 82' lang='lat'>“</span> <span class='ocrx_word' id='word_1_845' title='bbox 613 5832 719 5888; x_wconf 83' lang='lat' dir='ltr'><strong>Pro</strong></span> <span class='ocrx_word' id='word_1_846' title='bbox 757 5834 938 5909; x_wconf 69' lang='grc' dir='ltr'><strong>τότ-ρας</strong></span> <span class='ocrx_word' id='word_1_847' title='bbox 964 5832 1011 5888; x_wconf 80' lang='grc' dir='ltr'><strong>Α</strong></span> <span class='ocrx_word' id='word_1_848' title='bbox 1062 5843 1197 5903; x_wconf 76' lang='lat' dir='ltr'><strong>post.</strong></span> 
     </span>
    </p>
   </div>
   <div class='ocr_carea' id='block_1_112' title="bbox 1928 5549 3297 5622">
    <p class='ocr_par' dir='ltr' id='par_1_112' title="bbox 1928 5549 3297 5622">
     <span class='ocr_line' id='line_1_112' title="bbox 1928 5549 3297 5622; baseline -0.002 -17"><span class='ocrx_word' id='word_1_849' title='bbox 1928 5551 1950 5583; x_wconf 61' lang='grc'><strong><em>³</em></strong></span> <span class='ocrx_word' id='word_1_850' title='bbox 1970 5551 2013 5605; x_wconf 80' lang='grc' dir='ltr'><strong>Α</strong></span> <span class='ocrx_word' id='word_1_851' title='bbox 2041 5551 2317 5622; x_wconf 89' lang='lat' dir='ltr'><strong>Siquidem</strong></span> <span class='ocrx_word' id='word_1_852' title='bbox 2351 5551 2439 5607; x_wconf 82' lang='lat' dir='ltr'><strong>ubi</strong></span> <span class='ocrx_word' id='word_1_853' title='bbox 2480 5552 2596 5622; x_wconf 79' lang='lat' dir='ltr'><strong>fons</strong></span> <span class='ocrx_word' id='word_1_854' title='bbox 2630 5559 2867 5622; x_wconf 88' lang='lat' dir='ltr'><strong>apparet,</strong></span> <span class='ocrx_word' id='word_1_855' title='bbox 2904 5566 3008 5605; x_wconf 82' lang='lat' dir='ltr'><strong>non</strong></span> <span class='ocrx_word' id='word_1_856' title='bbox 3036 5549 3109 5604; x_wconf 78' lang='lat' dir='ltr'><strong>ibi</strong></span> <span class='ocrx_word' id='word_1_857' title='bbox 3137 5564 3297 5622; x_wconf 77' lang='lat' dir='ltr'><strong>aqua.</strong></span> 
     </span>
    </p>
   </div>
   <div class='ocr_carea' id='block_1_113' title="bbox 1763 5623 2176 5693">
    <p class='ocr_par' dir='ltr' id='par_1_113' title="bbox 1763 5623 2176 5693">
     <span class='ocr_line' id='line_1_113' title="bbox 1763 5623 2176 5693; baseline 0 -18"><span class='ocrx_word' id='word_1_858' title='bbox 1763 5623 1783 5653; x_wconf 77' lang='grc'><em>⁸</em></span> <span class='ocrx_word' id='word_1_859' title='bbox 1811 5623 1851 5675; x_wconf 85' lang='grc' dir='ltr'>Α</span> <span class='ocrx_word' id='word_1_860' title='bbox 1883 5624 2176 5693; x_wconf 76' lang='lat' dir='ltr'><strong>animaque.</strong></span> 
     </span>
    </p>
   </div>
   <div class='ocr_carea' id='block_1_114' title="bbox 1497 5692 2048 5761">
    <p class='ocr_par' dir='ltr' id='par_1_114' title="bbox 1497 5692 2048 5761">
     <span class='ocr_line' id='line_1_114' title="bbox 1497 5692 2048 5761; baseline 0.002 -14"><span class='ocrx_word' id='word_1_861' title='bbox 1497 5692 1545 5732; x_wconf 75' lang='grc'><strong>³³</strong></span> <span class='ocrx_word' id='word_1_862' title='bbox 1582 5692 1623 5747; x_wconf 87' lang='lat' dir='ltr'>C</span> <span class='ocrx_word' id='word_1_863' title='bbox 1650 5693 2048 5761; x_wconf 82' lang='lat' dir='ltr'><strong>protenduntur.</strong></span> 
     </span>
    </p>
   </div>
   <div class='ocr_carea' id='block_1_115' title="bbox 1441 5762 2012 5832">
    <p class='ocr_par' dir='ltr' id='par_1_115' title="bbox 1441 5762 2012 5832">
     <span class='ocr_line' id='line_1_115' title="bbox 1441 5762 2012 5832; baseline -0.002 -15"><span class='ocrx_word' id='word_1_864' title='bbox 1441 5765 1485 5802; x_wconf 74' lang='grc' dir='ltr'>ιδ</span> <span class='ocrx_word' id='word_1_865' title='bbox 1509 5762 1554 5817; x_wconf 79' lang='grc' dir='ltr'><strong>Α</strong></span> <span class='ocrx_word' id='word_1_866' title='bbox 1577 5763 2012 5832; x_wconf 73' lang='lat' dir='ltr'><strong>multiplicantur.</strong></span> 
     </span>
    </p>
   </div>
   <div class='ocr_carea' id='block_1_116' title="bbox 1299 5832 1890 5905">
    <p class='ocr_par' dir='ltr' id='par_1_116' title="bbox 1299 5832 1890 5905">
     <span class='ocr_line' id='line_1_116' title="bbox 1299 5832 1890 5905; baseline 0 -17"><span class='ocrx_word' id='word_1_867' title='bbox 1299 5834 1345 5866; x_wconf 79' lang='lat'><strong>”</strong></span> <span class='ocrx_word' id='word_1_868' title='bbox 1374 5832 1415 5888; x_wconf 90' lang='lat' dir='ltr'>C</span> <span class='ocrx_word' id='word_1_869' title='bbox 1470 5834 1747 5905; x_wconf 84' lang='lat' dir='ltr'><strong>impariter</strong></span> <span class='ocrx_word' id='word_1_870' title='bbox 1773 5851 1890 5905; x_wconf 84' lang='lat' dir='ltr'><strong>par.</strong></span> 
     </span>
    </p>
   </div>
   <div class='ocr_carea' id='block_1_117' title="bbox 3391 5551 3565 5607">
    <p class='ocr_par' dir='ltr' id='par_1_117' title="bbox 3391 5551 3565 5607">
     <span class='ocr_line' id='line_1_117' title="bbox 3391 5551 3565 5607; baseline 0.006 -1"><span class='ocrx_word' id='word_1_871' title='bbox 3391 5551 3413 5582; x_wconf 87' lang='lat'><strong>&#39;</strong></span> <span class='ocrx_word' id='word_1_872' title='bbox 3456 5552 3565 5607; x_wconf 73' lang='lat' dir='ltr'><strong>sive</strong></span> 
     </span>
    </p>
   </div>
   <div class='ocr_carea' id='block_1_118' title="bbox 2273 5619 3562 5692">
    <p class='ocr_par' dir='ltr' id='par_1_118' title="bbox 2273 5619 3562 5692">
     <span class='ocr_line' id='line_1_118' title="bbox 2273 5619 3562 5692; baseline 0.001 -14"><span class='ocrx_word' id='word_1_873' title='bbox 2273 5624 2294 5654; x_wconf 78' lang='grc'>⁹</span> <span class='ocrx_word' id='word_1_874' title='bbox 2325 5634 2373 5678; x_wconf 88' lang='lat' dir='ltr'><strong>et</strong></span> <span class='ocrx_word' id='word_1_875' title='bbox 2402 5619 2495 5691; x_wconf 78' lang='lat' dir='ltr'><strong>per</strong></span> <span class='ocrx_word' id='word_1_876' title='bbox 2520 5619 2677 5692; x_wconf 18' lang='lat' dir='ltr'><strong>quanti</strong></span> <span class='ocrx_word' id='word_1_877' title='bbox 2696 5631 2968 5675; x_wconf 80' lang='lat' dir='ltr'><strong>moventur</strong></span> <span class='ocrx_word' id='word_1_878' title='bbox 2992 5635 3101 5692; x_wconf 79' lang='lat' dir='ltr'><strong>om.</strong></span> <span class='ocrx_word' id='word_1_879' title='bbox 3123 5619 3205 5692; x_wconf 70' lang='grc' dir='ltr'><strong>ᾼζ</strong></span> <span class='ocrx_word' id='word_1_880' title='bbox 3272 5620 3315 5657; x_wconf 70' lang='grc'><strong>⁸⁸</strong></span> <span class='ocrx_word' id='word_1_881' title='bbox 3361 5630 3409 5675; x_wconf 85' lang='lat' dir='ltr'><strong>et</strong></span> <span class='ocrx_word' id='word_1_882' title='bbox 3448 5638 3562 5679; x_wconf 88' lang='lat' dir='ltr'><strong>om.</strong></span> 
     </span>
    </p>
   </div>
   <div class='ocr_carea' id='block_1_119' title="bbox 2159 5690 3565 5750">
    <p class='ocr_par' dir='ltr' id='par_1_119' title="bbox 2159 5690 3565 5750">
     <span class='ocr_line' id='line_1_119' title="bbox 2159 5690 3565 5750; baseline 0.013 -18"><span class='ocrx_word' id='word_1_883' title='bbox 2159 5693 2204 5732; x_wconf 65' lang='grc' dir='ltr'><strong>ιι</strong></span> <span class='ocrx_word' id='word_1_884' title='bbox 2254 5694 2307 5749; x_wconf 70' lang='lat' dir='ltr'><strong>in</strong></span> <span class='ocrx_word' id='word_1_885' title='bbox 2350 5690 2459 5749; x_wconf 77' lang='lat' dir='ltr'><strong>om,</strong></span> <span class='ocrx_word' id='word_1_886' title='bbox 2502 5690 2567 5748; x_wconf 81' lang='grc' dir='ltr'><strong>Α.</strong></span> <span class='ocrx_word' id='word_1_887' title='bbox 2647 5691 2691 5724; x_wconf 71' lang='grc'>⁸⁸</span> <span class='ocrx_word' id='word_1_888' title='bbox 2715 5700 2790 5745; x_wconf 80' lang='lat' dir='ltr'><strong>est</strong></span> <span class='ocrx_word' id='word_1_889' title='bbox 2836 5706 2942 5745; x_wconf 93' lang='lat' dir='ltr'><strong>om.</strong></span> <span class='ocrx_word' id='word_1_890' title='bbox 2977 5690 3038 5747; x_wconf 91' lang='lat' dir='ltr'><strong>C.</strong></span> <span class='ocrx_word' id='word_1_891' title='bbox 3116 5691 3224 5745; x_wconf 77' lang='lat' dir='ltr'><strong>“A</strong></span> <span class='ocrx_word' id='word_1_892' title='bbox 3250 5692 3371 5746; x_wconf 84' lang='lat' dir='ltr'><strong>erit.</strong></span> <span class='ocrx_word' id='word_1_893' title='bbox 3447 5695 3489 5728; x_wconf 83' lang='grc'><strong>¹⁷</strong></span> <span class='ocrx_word' id='word_1_894' title='bbox 3519 5696 3565 5750; x_wconf 78' lang='grc' dir='ltr'><strong>Α</strong></span> 
     </span>
    </p>
   </div>
   <div class='ocr_carea' id='block_1_120' title="bbox 2090 5761 3561 5834">
    <p class='ocr_par' dir='ltr' id='par_1_120' title="bbox 2090 5761 3561 5834">
     <span class='ocr_line' id='line_1_120' title="bbox 2090 5761 3561 5834; baseline 0.003 -18"><span class='ocrx_word' id='word_1_895' title='bbox 2090 5766 2129 5797; x_wconf 75' lang='grc'><strong>⁸³</strong></span> <span class='ocrx_word' id='word_1_896' title='bbox 2157 5765 2199 5816; x_wconf 81' lang='grc' dir='ltr'>Α</span> <span class='ocrx_word' id='word_1_897' title='bbox 2217 5766 2547 5834; x_wconf 63' lang='lat' dir='ltr'><strong>perspexerit.</strong></span> <span class='ocrx_word' id='word_1_898' title='bbox 2624 5763 2668 5795; x_wconf 81' lang='grc'>⁸⁰</span> <span class='ocrx_word' id='word_1_899' title='bbox 2687 5762 2727 5815; x_wconf 81' lang='grc' dir='ltr'><strong>Α</strong></span> <span class='ocrx_word' id='word_1_900' title='bbox 2751 5761 3168 5834; x_wconf 70' lang='lat' dir='ltr'><strong>innumerabiles.</strong></span> <span class='ocrx_word' id='word_1_901' title='bbox 3241 5763 3282 5796; x_wconf 79' lang='grc' dir='ltr'><strong>ἰ</strong></span> <span class='ocrx_word' id='word_1_902' title='bbox 3307 5761 3457 5820; x_wconf 88' lang='lat' dir='ltr'><strong>Corr.</strong></span> <span class='ocrx_word' id='word_1_903' title='bbox 3479 5783 3492 5831; x_wconf 88' lang='lat'><strong>;</strong></span> <span class='ocrx_word' id='word_1_904' title='bbox 3517 5767 3561 5820; x_wconf 85' lang='lat' dir='ltr'><strong>A</strong></span> 
     </span>
    </p>
   </div>
   <div class='ocr_carea' id='block_1_121' title="bbox 1987 5833 2937 5891">
    <p class='ocr_par' dir='ltr' id='par_1_121' title="bbox 1987 5833 2937 5891">
     <span class='ocr_line' id='line_1_121' title="bbox 1987 5833 2937 5891; baseline -0.003 -2"><span class='ocrx_word' id='word_1_905' title='bbox 1987 5834 2030 5864; x_wconf 73' lang='lat'><strong>&quot;‘</strong></span> <span class='ocrx_word' id='word_1_906' title='bbox 2061 5836 2105 5889; x_wconf 79' lang='grc' dir='ltr'>Α</span> <span class='ocrx_word' id='word_1_907' title='bbox 2130 5846 2174 5888; x_wconf 85' lang='lat' dir='ltr'><strong>et</strong></span> <span class='ocrx_word' id='word_1_908' title='bbox 2200 5852 2359 5889; x_wconf 75' lang='lat' dir='ltr'><strong>unum</strong></span> <span class='ocrx_word' id='word_1_909' title='bbox 2393 5847 2510 5891; x_wconf 74' lang='lat' dir='ltr'><strong>sunt</strong></span> <span class='ocrx_word' id='word_1_910' title='bbox 2544 5844 2591 5890; x_wconf 84' lang='lat' dir='ltr'><strong>et</strong></span> <span class='ocrx_word' id='word_1_911' title='bbox 2622 5833 2937 5888; x_wconf 69' lang='lat' dir='ltr'><strong>simufsunt.</strong></span> 
     </span>
    </p>
   </div>
  </div>
