4064 6292
493 265 596 319 6ῗὲ3

1857 267 2138 325 JO.\NNIS
2178 267 2374 326 SCOTI

3640 263 3755 321 656

492 381 713 450 gulatittt
744 383 948 451 species
980 385 1047 437 ab
1096 383 1299 438 unitate
1337 384 1642 454 accipiunt?
1669 385 1806 453 Quid
1845 385 1912 439 de
1942 400 2063 455 pro-
2090 388 2143 447 Α
2167 393 2447 454 quartum,
2480 383 2699 440 dimidia
2747 392 2804 439 et
2843 381 3022 448 tertia,
3061 396 3201 452 quae
3229 389 3356 438 sunt
3383 382 3482 437 tria
3530 390 3586 438 et
3615 383 3751 447 duo.

494 473 1027 541 portionalitatibus,
1091 492 1227 545 quas
1275 476 1327 530 in
1384 478 1857 547 proportionilms,
1906 479 2067 549 inque

492 561 806 619 dlllcrcntiis
868 565 1216 620 terntiuornm
1265 568 1711 638 contcmplamur,
1771 569 1820 623 in
1872 559 2067 637 quibus

490 652 777 710 iuelTabilis
823 668 984 726 atque
1014 658 1227 713 divinae
1260 658 1473 714 virtutis
1511 670 1594 714 est
1641 659 1963 724 constantia,
2010 670 2068 715 ιιι

492 745 667 802 nullus
689 749 985 819 sapientiae
1002 760 1208 805 secreta
1228 762 1513 820 penetrans
1538 766 1630 806 eas
1654 766 1756 807 non
1774 756 1789 781 ¹
1815 764 2066 808 aeternas

491 851 609 907 esse
635 839 967 893 contendat?
1015 840 1070 896 Si
1107 853 1285 896 autent
1318 843 1335 871 ¹
1365 853 1507 898 recta
1537 842 1778 898 deﬁnitio
1821 854 1905 898 est
1929 844 2062 907 veri,

491 943 630 996 quae
657 928 807 993 dicit,
854 945 1039 986 verum
1082 932 1371 1001 essequod
1415 947 1630 1003 semper
1678 943 1890 993 manet;
1924 934 2066 1003 quod

492 1032 670 1076 autem
694 1037 904 1092 semper
944 1035 1123 1079 manet
1150 1025 1193 1089 ³,
1227 1037 1502 1080 actcrnunt
1529 1036 1642 1081 est:
1672 1026 1941 1081 rationes“
1973 1040 2068 1079 tut-

490 1128 761 1169 xnerorum
788 1131 946 1172 verae
974 1129 1121 1183 sunt,
1138 1118 1258 1188 quia
1284 1133 1497 1188 semper
1517 1119 2029 1188 inunutabilitcrqne
2046 1118 2066 1150 '

491 1217 733 1270 manent,
762 1222 823 1262 ac
856 1224 951 1278 per
983 1209 1083 1264 ltoe
1118 1220 1369 1265 aeternae
1400 1219 1540 1265 sunt.
1591 1210 1664 1265 lle
1708 1210 1901 1280 quibus
1924 1209 2069 1278 quis-

491 1298 613 1364 quis
676 1297 958 1369 diligenter
1009 1299 1148 1356 seire
1197 1300 1485 1364 desiderat,
1533 1301 1799 1371 magniﬁci
1861 1300 2068 1356 linctltii

489 1388 556 1443 de
610 1388 834 1446 Matltcsi
870 1391 1033 1447 libros
1082 1392 1319 1467 intentus
1374 1392 1533 1461 legat.
1587 1394 1716 1449 Item
1772 1394 1840 1448 de
1885 1406 2074 1447 mune-

491 1495 673 1535 rorum
733 1482 1051 1539 aeternitate
1118 1483 1170 1537 itt
1234 1484 1499 1553 principio
1556 1500 1688 1547 suo,
1757 1483 1808 1538 id
1865 1495 1966 1545 est.
2017 1483 2069 1538 in

493 1573 742 1635 mouade,
774 1575 1146 1629 brevissimum
1173 1575 1357 1645 accipe
1386 1583 1789 1646 argumentum.
1814 1575 1870 1630 Si
1897 1575 2072 1630 unitas

490 1677 835 1718 numerorum
883 1674 965 1720 est
1008 1665 1208 1728 unitas,
1249 1682 1520 1737 nttuquant
1567 1677 1684 1723 erat
1737 1668 1914 1723 unitas
1951 1667 2070 1723 sine

2170 477 2450 546 quintum;
2484 484 2665 545 partes
2688 474 2806 546 ejus
2832 487 3022 528 omnes
3049 472 3208 528 simul
3238 472 3577 543 conjunctae,
3607 491 3753 545 quac

2165 579 2292 623 sunt
2342 584 2529 633 umtnt,
2568 568 2695 631 duo,
2749 567 2875 631 tria,
2924 574 3159 631 sextum,
3202 566 3433 637 seipsum
3472 566 3754 633 videlicet.

2165 660 2463 730 complent:
2528 669 2670 715 totus
2717 673 2840 713 cum
2895 671 2993 713 sua
3043 668 3217 724 sexta,
3262 658 3365 714 hoc
3411 667 3513 724 est,
3561 673 3658 715 sex
3697 669 3759 716 et

2169 765 2332 804 unum
2370 750 2687 819 septimum,
2739 757 2885 805 totus
2924 764 3048 805 cum
3090 764 3189 806 sua
3240 750 3433 814 tertia,
3476 751 3582 807 ltoc
3639 760 3753 817 est,

2167 855 2259 896 sex
2291 852 2343 895 et
2395 842 2500 897 duo
2531 852 2803 905 octavum,
2847 848 2989 897 totus
3011 855 3131 896 cum
3157 856 3252 896 sua
3278 842 3496 897 dimidia
3520 857 3754 907 nonum.

2168 936 2269 992 ltoc
2321 945 2404 990 est
2438 936 2617 999 ",sex
2665 945 2722 989 et
2769 935 2896 999 tria,
2954 936 3148 1005 quibus
3196 934 3242 990 si
3290 950 3454 990 unum
3497 935 3757 1003 addatur,

2169 1025 2219 1080 itt
2247 1040 2353 1094 quo
2383 1024 2622 1079 omnimn
2663 1038 3008 1081 numerorum
3040 1024 3162 1079 ﬁnis
3191 1024 3562 1090 constituitur,
3586 1026 3759 1081 dena-

2172 1116 2248 1171 ria
2303 1115 2576 1186 quantitas
2638 1113 2965 1185 perﬁcietur.
3027 1113 3084 1170 Si
3137 1129 3267 1188 ergo
3320 1114 3597 1185 perfectus
3653 1118 3762 1172 iste

2172 1222 2449 1270 numerus,
2492 1207 2739 1264 senarius
2768 1206 3037 1271 videlicet,
3079 1206 3136 1261 in
3173 1206 3377 1261 unitate
3403 1222 3761 1264 numerorum

2171 1300 2516 1354 constituitur
2544 1299 2613 1365 ι’,
2648 1298 2848 1362 videat,
2884 1297 2973 1366 qui
3003 1296 3156 1363 dicit,
3185 1312 3308 1352 eum
3330 1307 3613 1353 aeternum
3638 1313 3756 1353 non

2172 1404 2314 1451 esse,
2343 1402 2465 1443 cum
2509 1388 2560 1443 itt
2591 1388 2706 1457 ipso
2739 1388 2980 1442 omnium
2999 1380 3451 1461 'conditor'opera
3495 1405 3595 1444 sua
3629 1405 3760 1459 per-

2173 1478 2383 1534 fecerit.
2432 1476 2532 1534 Ubi
2596 1477 2913 1542 uelandum,
2971 1476 3117 1547 quod
3173 1492 3280 1532 non
3342 1478 3463 1534 ideo
3509 1479 3764 1535 senarius

2173 1585 2432 1626 numerus
2459 1567 2732 1639 perfectus
2756 1579 2859 1634 est,
2897 1569 3149 1639 quoniam
3186 1570 3239 1623 in
3270 1584 3338 1625 eo
3360 1571 3503 1625 Deus
3539 1580 3761 1635 cuncta,

2173 1677 2311 1733 quae
2325 1674 2513 1717 creare
2527 1659 2714 1725 voluit,
2729 1659 3142 1735 consummavit,
3166 1661 3261 1716 sed
3285 1660 3406 1716 ideo
3427 1660 3475 1694 “
3495 1663 3686 1716 omnia
3717 1665 3762 1697 “

489 1755 747 1818 numeris,
795 1770 1022 1824 quorum
1076 1768 1162 1813 est
1205 1758 1400 1814 unitas.
1454 1758 1583 1815 Item
1646 1760 1690 1815 si
1741 1759 1953 1815 nunteri
2004 1775 2070 1815 ex
2100 1741 2338 1826 Bopera
2386 1768 2483 1809 sua
2512 1751 2784 1818 condidit,
2815 1762 2877 1806 ut
2920 1751 3250 1821 perfectione
3292 1754 3501 1809 numeri
3532 1768 3761 1824 operum

487 1849 716 1903 monade
761 1848 924 1904 veluti
968 1865 1033 1905 cx
1079 1852 1309 1921 quodam
1358 1850 1505 1908 fonte
1573 1852 1893 1907 incxltattsto
1947 1866 2074 1922 pro-

485 1939 680 2004 fluunt,
715 1949 769 1995 et
815 1941 867 1995 in
924 1957 1064 2006 eam,
1106 1954 1583 2013 quantumcmtque
1629 1943 2071 2013 multiplicemur,

489 2031 781 2095 desinunt,
839 2048 943 2088 non
994 2034 1062 2088 al)
1117 2048 1178 2089 ea
1227 2034 1442 2103 quidem
1483 2033 1833 2103 proﬁuereut,
1865 2034 1908 2089 si
1950 2044 2075 2095 ante

487 2135 673 2175 eorum
704 2120 904 2175 ﬂuxum
939 2121 991 2176 in
1031 2137 1096 2176 ea
1126 2122 1415 2177 causaliter
1467 2139 1571 2179 non
1597 2124 1619 2154 ⁸
1654 2124 2003 2182 substitcrcnt
2030 2129 2073 2193 ⁷,

492 2223 590 2266 nec
636 2209 689 2264 in
741 2225 859 2265 eam
898 2211 1145 2268 desinere
1192 2223 1522 2283 appeterent,
1564 2214 1743 2270 sinon
1785 2215 1838 2270 in
1866 2230 1927 2271 ca
1952 2231 2077 2272 suas

490 2316 685 2358 causas
709 2304 1054 2360 aeternalitcr
1080 2320 1397 2377 permanere
1435 2308 1665 2364 naturali
1712 2321 1856 2365 motu
1881 2324 2076 2381 cogno-
2136 2298 2149 2307 ’

490 2403 724 2458 scereut,
774 2396 838 2450 ad
884 2412 1021 2467 quas
1063 2412 1275 2469 semper
1334 2399 1507 2457 redire
1558 2418 1660 2457 non
1721 2415 1933 2459 cessant
1982 2419 2078 2475 per

490 2491 705 2545 eosdem
765 2479 1008 2563 gradus,
1044 2491 1359 2564 quibusad
1431 2495 1620 2550 eadem
1683 2495 2073 2567 produxerant,

491 2584 773 2656 aualyticis
817 2584 1033 2656 regulis,
1078 2600 1175 2655 per
1212 2602 1347 2657 quas
1391 2587 1567 2644 onmis
1612 2589 1964 2660 inaequalitas
2008 2594 2075 2649 ad

491 2676 871 2747 aequalitatem
899 2687 1197 2732 revocatur.
1238 2679 1550 2749 Analyticas
1576 2690 1754 2735 autem
1785 2682 1996 2751 regulas
2020 2681 2072 2737 in

491 2767 671 2823 fronte
698 2768 916 2825 secumli
944 2778 1207 2824 tractatus
1237 2769 1536 2826 illatltcseos
1563 2770 1833 2841 magniﬁci
1865 2772 2071 2829 Boetltii

490 2861 764 2916 studiosus
794 2861 1023 2931 quisque
1078 2862 1262 2917 taliuttt
1300 2862 1529 2918 mirabili
1577 2873 1887 2919 naturarum
1919 2865 2072 2921 inda-

491 2955 707 3022 gatiouc
732 2953 984 3024 reperiet.
1018 2952 1074 3009 Si
1112 2965 1292 3010 autem
1318 2954 1439 3025 quis
1468 2954 1687 3021 dixerit,
1723 2966 1779 3011 ct
1814 2958 2071 3013 unitatem

491 3058 861 3110 numerorum,
891 3057 948 3102 et
984 3046 1131 3116 ipsos
1165 3061 1421 3103 numeros
1454 3048 1613 3103 simul
1640 3063 1764 3105 esse
1800 3050 2071 3121 insepara-

493 3136 700 3201 biliter,
736 3138 990 3207 quoniam
1018 3138 1161 3193 inter
1190 3154 1274 3204 ea,
1306 3154 1444 3209 quae
1473 3142 1634 3195 simul
1661 3153 1713 3196 et
1740 3143 2072 3212 inseparabi-

491 3225 802 3291 litcr‘sunt.
850 3245 953 3283 non
996 3230 1287 3301 incongrue
1320 3245 1798 3296 connumerantur,
1834 3249 1937 3288 non
1985 3251 2075 3290 ne-

492 3318 751 3389 gandum,
776 3319 883 3374 imo
907 3320 1069 3375 etiam
1103 3320 1376 3376 fatendum
1408 3340 1421 3386 ;
1451 3327 1543 3378 sed
1573 3337 1677 3377 non
1712 3324 1831 3379 ideo
1856 3334 2074 3380 aeterna

493 3424 634 3472 esse,
679 3410 1050 3480 principioque
1093 3426 1283 3479 carere
1310 3412 1636 3468 credemlum
1667 3414 1752 3468 vel
1781 3414 2074 3487 intelligen-

495 3500 646 3554 dum.
678 3498 840 3554 Multa
885 3501 1028 3556 enim
1067 3514 1214 3567 sunt,
1242 3517 1380 3573 quae
1420 3504 1579 3559 simul
1629 3505 1891 3576 incipiunt
1932 3522 2072 3575 csse,

493 3605 603 3647 non
657 3601 837 3646 tamen
876 3591 995 3649 ideo
1027 3593 1184 3649 simul
1214 3594 1236 3627 ⁸
1266 3595 1611 3651 aeternaliter
1645 3606 1911 3668 coguntur
1942 3600 2071 3654 sub-

495 3680 710 3737 sistere.
739 3681 871 3738 Naut
901 3694 955 3738 et
991 3684 1242 3741 materies
1267 3695 1322 3739 ct
1344 3684 1535 3752 forma,
1565 3697 1621 3742 et
1650 3701 1750 3743 vox
1772 3697 1827 3744 et
1851 3687 2074 3744 verbum

495 3773 658 3829 simul
698 3774 982 3846 incipiunt,
1018 3776 1177 3831 simul
1209 3777 1476 3844 desinunt,
1512 3793 1612 3834 nec
1650 3789 1828 3836 tamen
1854 3792 2076 3837 aeterna

495 3874 639 3921 sunt.
658 3863 714 3920 Si
741 3866 885 3921 enim
904 3876 1122 3922 aeterna
1147 3878 1347 3934 essent,
1363 3884 1460 3925 nec
1482 3870 1800 3939 inciperent,
1816 3887 1914 3929 nec
1936 3871 2079 3927 desi-

499 3971 695 4016 nerent
720 3977 862 4030 esse,
878 3973 933 4020 et
959 3965 1124 4020 multa
1142 3964 1195 4020 id
1218 3981 1406 4038 genus.
1431 3966 1900 4039 Respondendum,
1917 3986 2076 4026 sena-

497 4055 612 4109 rius
640 4071 898 4113 numerus
927 4059 994 4114 ab
1020 4058 1226 4115 unitate
1283 4070 1339 4115 et
1364 4060 1810 4132 multiplicatione
1848 4063 2078 4119 aliorum

499 4162 849 4205 nunterorunt
878 4166 985 4206 non
1010 4151 1327 4216 secluditur,
1352 4153 1671 4223 praesertint
1701 4170 1824 4210 cum
1855 4154 2001 4211 solus
2024 4155 2077 4209 itt

499 4241 884 4309 cardinalibus,
909 4245 1008 4299 ltoc
1039 4254 1143 4310 est,
1174 4245 1226 4298 in
1255 4246 1426 4315 prime
1453 4262 1611 4302 versu
1643 4263 1989 4303 numerorum
2014 4250 2080 4306 ab

499 4348 608 4388 uno
655 4350 825 4405 usque
852 4337 919 4391 ad
957 4336 1165 4401 decem,
1217 4336 1486 4407 perfectus
1533 4340 1642 4405 sit;
1685 4342 1798 4396 suis
1850 4357 2083 4413 namque

498 4423 744 4495 partibus
768 4424 1068 4495 perﬁcitur,
1092 4417 1240 4481 sexta
1268 4426 1538 4495 videlicet,
1568 4440 1623 4484 et
1646 4431 1822 4495 tertia,
1845 4441 1899 4486 et
1923 4432 2082 4487 dimi-

499 4512 608 4570 dia.
663 4514 827 4571 Sexta
871 4518 1084 4587 quidem
1122 4534 1284 4573 unum
1337 4502 1437 4584 est,
1495 4522 1651 4578 tertia
1695 4523 1819 4589 duo,
1857 4525 2079 4582 dimidia

499 4604 627 4670 tria,
660 4619 797 4674 quae
831 4607 988 4661 simul
1026 4620 1335 4680 compactae
1397 4613 1665 4669 senariam
1720 4614 2012 4672 conﬁciunt
2057 4621 2080 4653 '

502 4695 877 4763 quantitatem.
932 4697 1108 4753 Unum
1152 4699 1457 4770 siquidem,‘
1490 4711 1544 4757 et
1587 4704 1715 4771 duo,
1747 4715 1800 4760 et
1846 4706 1946 4760 tria
1986 4722 2080 4763 sex

500 4792 630 4840 sunt
652 4786 719 4840 ¹⁹.
750 4787 848 4843 Est
867 4797 922 4843 et
948 4788 1048 4842 alia
1076 4792 1233 4853 ratio,
1259 4806 1396 4860 quae
1417 4793 1554 4848 miro
1576 4795 1735 4850 modo
1761 4796 1958 4851 senarii
1984 4812 2083 4852 nu-

501 4876 639 4932 meri
685 4878 1067 4947 perfectionem
1115 4880 1370 4948 insinuat,
1401 4898 1542 4953 quae
1587 4884 1820 4955 primum
1862 4901 2078 4942 versum

504 4984 852 5027 numerorum
901 4972 1012 5028 suis
1047 4973 1290 5044 partibus
1332 4975 1581 5031 ordinate
1625 4978 1931 5033 constitutis
1962 4993 2086 5048 per-

504 5063 635 5120 ﬁcit.
693 5063 857 5120 Sexta
903 5080 1029 5136 pars
1074 5064 1191 5133 ejus
1237 5082 1401 5122 unuut
1457 5069 1690 5139 primum
1737 5085 2081 5125 numerorum

502 5155 712 5211 obtinet
746 5156 942 5222 locum,
992 5154 1148 5210 tertia
1187 5156 1292 5211 duo
1358 5159 1680 5226 secundum,
1720 5160 1938 5215 dimidia
1983 5160 2082 5216 tria

506 5247 751 5315 tertium,
779 5246 997 5303 dimidia
1036 5256 1091 5302 et
1120 5255 1274 5303 sexta
1322 5262 1461 5304 uuae
1509 5258 1635 5305 sunt
1667 5251 1769 5306 tria
1803 5261 1859 5306 et
1896 5267 2079 5313 unum.

2176 1862 2396 1905 suorum
2437 1845 2820 1917 perfectionem
2869 1844 3217 1916 signiﬁcaret.
3246 1845 3361 1901 Hoc
3391 1846 3556 1917 igitur
3589 1847 3770 1902 maxi-

2176 1953 2321 1992 ntum
2367 1951 2432 1992 ac
2466 1935 2857 1992 divinissimum
2891 1936 3186 2007 exemplar,
3213 1937 3269 1992 iu
3306 1952 3415 2008 quo
3446 1938 3578 1993 fecit
3619 1939 3764 1994 Deus

2176 2047 2338 2105 opera
2391 2045 2512 2098 sua,
2570 2029 2813 2105 nunquid
2867 2029 3126 2085 credibile
3173 2039 3265 2084 aut
3327 2030 3624 2085 verisimile
3677 2038 3764 2086 est

2180 2128 2548 2200 temporaliter
2576 2129 2884 2191 inchoasse,
2909 2123 3035 2182 dum
3075 2124 3129 2178 in
3158 2139 3226 2179 eo
3253 2139 3359 2179 non
3391 2124 3590 2191 solum,
3617 2140 3765 2195 quae

2178 2222 2231 2277 itt
2270 2220 2601 2291 temporibus
2624 2228 2770 2286 sunt,
2814 2233 3000 2274 verum
3026 2226 3081 2274 et
3110 2220 3224 2289 ipsa
3249 2222 3515 2290 tempora,
3544 2224 3600 2270 et
3621 2231 3763 2289 quae

2180 2313 2319 2369 ultra
2352 2323 2593 2381 tempora
2623 2310 2945 2375 subsistunt,
2971 2311 3039 2365 ab
3065 2310 3259 2379 opiﬁce
3283 2326 3524 2365 ommum
3553 2313 3759 2367 consti—

2180 2413 2293 2460 tuta
2320 2404 2482 2459 sunt?
2509 2402 2740 2458 Proinde
2767 2416 2923 2457 nemo
2946 2417 3137 2473 sanum
3166 2402 3381 2473 sapiens
3406 2404 3475 2457 de
3513 2404 3758 2458 aeterni-

2178 2504 2287 2550 tate
2332 2507 2680 2548 numerorum
2732 2491 3012 2557 dubitabit,
3061 2492 3230 2549 solius
3291 2493 3489 2549 senarii
3546 2496 3763 2549 numeri

2176 2595 2496 2654 argumento
2535 2592 2711 2638 utens.
2759 2580 2892 2635 Nam
2937 2584 3080 2652 quod
3132 2583 3200 2637 de
3252 2583 3575 2639 aeternitate
3617 2584 3762 2638 illius

2178 2675 2514 2745 intelligitur,
2544 2674 2611 2729 de
2641 2672 2868 2726 aliorum
2897 2671 3147 2727 similiter
3188 2673 3525 2743 perennitate
3556 2673 3758 2727 intelli-

2178 2767 2407 2839 gendum
2443 2764 2615 2820 est".
2652 2762 2925 2833 Siquidem
2975 2778 3083 2818 non
3131 2764 3197 2819 de
3240 2764 3354 2820 solo
3402 2767 3641 2829 senario,
3698 2768 3761 2824 de

2176 2860 2527 2916 universitate
2572 2872 2703 2913 vero
2750 2855 3074 2926 generaliter
3115 2859 3356 2913 omnium
3406 2874 3758 2914 numerorum

2176 2930 2379 3008 dictum
2401 2957 2484 3004 est
2509 2964 2522 3002 :
2554 2946 2743 3002 Omnia
2765 2949 2818 3001 in
2842 2964 3106 3014 mensura,
3135 2960 3182 3002 et
3203 2965 3434 3015 numero,
3459 2960 3506 3004 et
3532 2953 3761 3020 pondere

2178 3044 2298 3112 fecit
2328 3027 2485 3095 Déus.
2514 3039 2587 3094 At
2623 3039 2668 3095 si
2699 3039 2814 3094 loca
2861 3049 2915 3094 et
2944 3048 3182 3109 tempora
3214 3042 3353 3097 intra
3377 3043 3579 3107 omnia,
3616 3059 3761 3113 quae

2176 3137 2319 3193 Deus
2344 3136 2490 3200 fecit,
2517 3140 2993 3196 connumerautur,
3014 3134 3323 3189 necessario
3364 3134 3758 3191 intellectuales

2179 3230 2408 3294 numeri,
2436 3229 2489 3283 itt
2529 3227 2642 3283 sola
2677 3226 2901 3283 scientia
2931 3226 3228 3293 substituti,
3261 3226 3377 3283 loca
3420 3238 3477 3282 et
3515 3237 3761 3297 tempora

2176 3332 2405 3379 naturae
2441 3334 2573 3376 suae
2609 3319 2970 3389 perpetuitate
2999 3319 3345 3389 praecedunt,
3387 3329 3445 3375 et
3484 3320 3625 3374 intra
3675 3334 3757 3383 ea,

2177 3430 2316 3485 quae
2348 3412 2507 3469 simul
2535 3420 2591 3468 et
2625 3419 2843 3467 aeterna
2883 3420 2939 3468 et
2968 3412 3109 3467 facta
3154 3421 3301 3477 sunt,
3333 3420 3755 3482 computantur;

2177 3517 2398 3563 aeterna
2433 3492 2650 3576 quidem
2683 3512 2809 3560 sunt
2850 3504 2903 3559 in
2934 3504 3185 3569 mouade,
3214 3505 3266 3559 in
3299 3503 3766 3574 multiplicationi-

2177 3600 2279 3656 bus
2296 3612 2428 3653 vero
2449 3599 2530 3652 sui
2549 3596 2593 3627 ιο
2615 3595 2779 3652 facta.
2805 3595 2943 3652 ΜΑε.
2975 3595 3051 3651 De
3075 3596 3394 3651 aeternitate
3406 3610 3758 3651 numerorum

2178 3691 2233 3747 itt
2278 3689 2508 3746 mouade
2545 3688 2681 3744 satis
2720 3696 2804 3743 est
2851 3688 3200 3758 disputatum.
3249 3687 3529 3754 Quomodo
3577 3697 3759 3743 autem

2180 3782 2311 3837 ﬁunt
2338 3782 2404 3847 ⁸⁷,
2428 3789 2483 3835 ει
2508 3781 2621 3846 ubi,
2645 3789 2702 3834 et
2741 3779 2903 3845 unde,
2924 3779 3080 3834 valde
3104 3779 3466 3836 necessarium
3492 3788 3578 3834 εει
3609 3778 3763 3834 inve-

2179 3870 2395 3943 stigare.
2414 3870 2611 3925 Eorum
2629 3882 2860 3939 namque
2878 3879 3194 3940 argumento
3214 3882 3473 3925 conamur
3490 3882 3761 3934 asserere,

2181 3962 2380 4025 omnia,
2437 3975 2574 4030 quae
2599 3975 2631 4015 a
2659 3960 2704 3993 ⁸⁸
2726 3960 2836 4015 Deo
2876 3969 3018 4022 sunt,
3070 3946 3292 4015 aeterna
3325 3960 3484 4015 simul
3529 3971 3585 4015 et
3618 3958 3759 4015 facta

2182 4068 2319 4110 csse.
2350 4052 2492 4106 Dtsc.
2542 4050 2929 4106 Aeternitatem
2978 4049 3243 4115 mouadis,
3270 4052 3619 4119 omniumque
3663 4065 3764 4105 nu-

2183 4157 2456 4200 merorum
2486 4141 2538 4195 itt
2582 4155 2666 4205 ea,
2706 4150 2968 4210 quantum
3000 4139 3175 4203 valeo,
3203 4140 3446 4210 exposui.
3478 4141 3760 4207 Quomodo

2184 4246 2361 4292 autem
2390 4234 2781 4291 intellectuales
2809 4232 3042 4299 numeri,
3067 4234 3360 4289 secundum
3386 4246 3523 4303 quos
3550 4234 3757 4297 omnia,

2184 4346 2323 4402 quae
2368 4330 2639 4386 numerari
2672 4339 2913 4398 possunt,
2948 4338 3317 4395 numerantur,
3349 4330 3502 4392 liunt,
3545 4335 3597 4382 et
3626 4328 3757 4407 ubi,

2186 4433 2240 4478 ct
2287 4423 2446 4490 unde,
2496 4432 2645 4478 tuum
2695 4433 2777 4478 cst
2828 4407 3173 4493 explanare.‘
3213 4420 3326 4477 lloc
3384 4431 3563 4475 autem
3637 4420 3760 4474 dico

2187 4516 2385 4580 sciens,
2427 4514 2637 4571 facilius
2660 4529 2847 4571 eorum
2876 4502 3272 4575 aeternitatem.
3302 4527 3464 4583 quam
3496 4509 3758 4566 facturam

2186 4617 2242 4664 et
2260 4608 2446 4679 quaeri
2479 4622 2657 4678 posse,
2678 4618 2733 4663 et
2767 4605 3014 4671 inveniri,
3035 4614 3091 4662 et
3120 4604 3356 4661 suaderi.
3386 4603 3525 4660 ΜΑε.
3562 4603 3636 4658 De
3674 4617 3759 4657 nte

2186 4700 2343 4768 bene,
2374 4711 2434 4755 ut
2473 4701 2651 4766 video,
2698 4700 2974 4765 aestimas,
3025 4699 3240 4769 quando
3289 4696 3420 4753 tttilti
3463 4693 3759 4749 difﬁciliora

2187 4791 2518 4860 quaerenda,
2549 4790 2885 4853 invenienda,
2913 4788 3184 4844 suadenda
3211 4786 3520 4842 committis.
3553 4784 3763 4839 Vernu-

2187 4891 2364 4938 tanten
2417 4896 2593 4938 meum
2642 4891 2727 4937 est
2795 4894 3082 4951 quaerere,
3143 4879 3379 4935 invenire
3440 4891 3565 4932 vero
3614 4875 3760 4930 illius

2185 4975 2352 5033 solius
2378 4984 2479 5039 est,
2510 4974 2597 5044 qui
2624 4973 2884 5027 illuminat
2910 4970 3216 5027 abscondita
3246 4970 3599 5029 tenebrarum;
3630 4981 3757 5021 sua-

2186 5068 2315 5124 dere
2355 5079 2571 5136 quoque
2599 5061 2836 5133 ejusdem
2867 5073 2971 5128 cst,
2999 5062 3090 5133 qui
3134 5070 3310 5131 potest
3356 5059 3501 5115 solus
3543 5058 3758 5126 aperire

2185 5173 2405 5214 sensum
2434 5166 2487 5212 et
2522 5155 2868 5211 intellectum.
2924 5153 3062 5221 Quid
3090 5154 3233 5208 enim
3274 5151 3491 5222 prodest
3519 5148 3758 5205 exterior

2187 5248 2386 5307 suasio.
2435 5246 2477 5304 si
2531 5260 2637 5301 non
2681 5244 2822 5301 adsit
2845 5242 2888 5276 “
2913 5243 3139 5301 interior
3180 5241 3535 5298 iliumiuatio?
3570 5238 3757 5310 Itaque

1795 5362 2048 5419 VARIAE
2088 5359 2487 5419 LECTIONES.

578 5481 605 5520 ο
636 5491 738 5531 non
784 5489 894 5531 om.
944 5474 1008 5530 A.
1105 5473 1129 5506 ⁸
1164 5472 1210 5528 Α
1249 5472 1409 5529 enim.

512 5546 653 5602 (iter.
748 5545 770 5577 ⁸
811 5563 913 5600 non
958 5559 1067 5599 om.
1094 5543 1157 5598 A.
1254 5544 1275 5576 '
1316 5544 1357 5597 Α
1387 5543 1746 5609 substiterant,

510 5615 575 5673 C.
663 5617 708 5653 ι’
731 5617 949 5670 denaria
978 5615 1667 5680 quantitas—ronstituitur
1690 5631 1799 5673 om.
1828 5615 1887 5669 C.

516 5687 564 5721 “
592 5697 663 5743 est
686 5702 794 5743 om.
823 5688 885 5740 Α.
967 5686 1011 5720 ⁸⁸
1035 5683 1077 5740 C
1100 5685 1223 5740 suis.
1315 5686 1355 5718 "
1381 5688 1424 5742 Α
1450 5685 1659 5756 ﬁnium.
1732 5686 1776 5719 “
1805 5704 1837 5741 α
1858 5700 1964 5741 om.
1997 5686 2059 5739 Α.

1521 5474 1543 5507 ⁸
1587 5474 1727 5545 quod
1765 5484 1938 5545 mrtem
1977 5489 2175 5543 semper
2216 5482 2542 5545 manerent.
2571 5466 2614 5524 C

1845 5544 2047 5617 fsimnl
2085 5558 2193 5617 om.
2234 5544 2298 5596 Δ.
2360 5544 2489 5617 Δξιέ
2525 5544 2703 5617 per/{ci

1967 5614 2010 5652 "
2043 5615 2180 5680 quod
2211 5629 2312 5666 non
2354 5608 2659 5666 ideo—sed
2687 5608 2804 5662 ideo
2833 5621 2941 5663 om.
2965 5606 3024 5663 C.

1997 5686 2059 5738 Α.
2139 5684 2181 5720 ι’
2205 5682 2245 5738 C
2270 5682 2354 5737 sit.

2716 5468 2739 5499 ⁵
2774 5466 2815 5520 Α
2854 5465 3258 5521 rartonationes.
3298 5532 3299 5535 η
3352 5464 3434 5518 Ἀ
3464 5462 3755 5516 ἱηιηιηιαιτὶο

2716 5549 2818 5585 unt.
2918 5537 3023 5585 “A
3060 5536 3212 5585 ﬁunt.
3317 5535 3358 5566 "
3393 5536 3488 5585 hoc
3522 5543 3593 5585 est
3643 5548 3751 5585 om.

2984 5539 3025 5591 Α
3057 5536 3212 5604 ﬁunt.
3317 5536 3358 5566 "
3393 5536 3488 5588 hoc
3522 5543 3593 5588 est
3643 5548 3751 5587 om.

2984 5606 3024 5661 3.
3113 5607 3157 5638 “
3181 5606 3282 5661 l’ro
3303 5606 3478 5660 omnia
3512 5609 3552 5659 Α
3587 5605 3642 5657 in
3671 5620 3750 5657 co.

2401 5543 2424 5574 ’
2450 5540 2489 5594 (Σ
2525 5536 2818 5606 perﬁciunt.
