4064 6292
300 362 401 414 657

1156 346 1243 402 DE
1278 340 1621 401 DIVISIONE
1658 336 2010 395 NATURAE.
2049 365 2120 377 —-
2156 334 2356 392 LIBER
2393 333 2711 390 TERTIUS.

3433 331 3536 386 658

299 476 441 548 quod
472 473 630 546 paulo
671 477 796 525 ante
825 484 855 523 a
888 477 939 524 te
972 478 987 506 ί
1018 466 1217 523 dictum
1249 474 1354 532 est,
1400 470 1621 518 aeterna
1651 458 1871 529 quidem
1898 459 1950 519 Α
1973 470 2067 510 eos
2093 445 2737 519 ordinantis,’eérumque
2780 448 3016 506 rationes
3050 448 3257 507 facilius
3295 462 3535 511 tractan-
3594 473 3621 485 -

296 571 353 625 in
400 565 647 628 monade,
696 562 748 615 in
799 557 1332 628 multiplicationibus
1379 567 1507 608 vero
1546 550 1660 606 suis
1705 548 1867 611 facta,

300 661 457 730 hujus
501 655 831 729 quaestionis
869 651 1238 724 praelibamen
1280 661 1400 703 esse
1444 644 1699 699 arbitror.
1732 640 1800 695 Et
1826 639 1871 711 si

297 751 632 816 intellexisti,
658 747 801 820 quod
832 744 1037 804 dixisti,
1069 738 1334 811 superﬂue
1359 735 1594 809 quaeris,
1627 731 1769 803 quod
1792 731 1872 786 in-

299 844 527 914 telligis;
561 841 644 896 siu
672 852 820 899 vero,
854 832 1222 906 quaerendum
1246 836 1348 885 est.

372 944 458 998 12.
501 942 642 998 ῡιεα.
694 937 928 995 Omnino
978 934 1155 998 video,
1215 944 1468 986 numeros
1517 941 1622 982 non
1662 923 1766 981 nisi
1815 924 1869 978 in

295 1030 833 1105 multiplicationibus
875 1027 987 1082 suis
1011 1039 1169 1096 posse
1211 1021 1358 1088 ﬁeri;
1393 1035 1518 1075 nam
1560 1017 1615 1072 in
1645 1015 1871 1071 monade

296 1128 503 1185 aeterni
528 1127 548 1157 ¹
574 1132 721 1180 sunt.
757 1120 1034 1189 Quomodo
1061 1130 1263 1182 autem,
1306 1115 1392 1170 vel
1421 1115 1532 1178 ubi,
1571 1111 1654 1168 vel
1683 1111 1825 1166 unde
1849 1108 1870 1141 ³

296 1222 457 1285 ﬁunt,
492 1218 671 1274 adhuc
693 1230 798 1270 non
832 1213 1008 1276 video,
1033 1211 1261 1279 ideoque
1290 1210 1484 1264 horum
1508 1204 1870 1276 cognitionem

297 1324 356 1371 te
373 1311 581 1382 aperire
614 1307 846 1379 postulo.
887 1303 1022 1359 MAG.
1055 1301 1256 1358 Omnes
1279 1314 1534 1355 numeros
1563 1295 1869 1360 causaliter,

293 1406 402 1461 hoc
428 1412 533 1467 est,
563 1402 614 1456 vi
645 1410 701 1456 et
744 1404 1011 1469 potestate
1040 1395 1094 1449 in
1127 1393 1355 1448 monade
1381 1404 1594 1459 semper
1618 1402 1737 1442 esse
1763 1400 1871 1440 non

294 1497 624 1554 dubitamus.
650 1495 802 1549 DISC.
826 1490 965 1545 Hine
993 1488 1237 1544 dubitare
1267 1485 1444 1541 minus
1457 1491 1539 1538 est
1566 1480 1871 1547 intelligen-

295 1589 448 1643 tium.
482 1585 620 1641 MAG.
647 1582 874 1638 Monada
899 1589 1079 1636 autem
1107 1579 1161 1633 in
1191 1577 1215 1608 ⁸
1255 1575 1518 1647 sapientia
1555 1580 1609 1627 et
1647 1569 1872 1627 scientia

293 1675 639 1734 aeternaliter
668 1673 965 1730 subsistere
1014 1668 1294 1740 intelligis,
1334 1675 1394 1722 ut
1437 1665 1691 1721 arbitror.
1724 1663 1868 1718 Disc.

295 1771 357 1826 Si
404 1769 561 1825 aliter
599 1768 791 1831 sentio,
835 1766 903 1820 ab
933 1765 1103 1836 ipsius
1133 1762 1378 1817 monadis
1406 1775 1532 1814 vera
1567 1757 1874 1830 cognitione

292 1863 507 1919 alienus
567 1877 708 1918 sum.
754 1859 910 1915 ‘MAG.
969 1857 1087 1914 Non
1150 1856 1286 1912 alios
1336 1854 1494 1918 reris,
1549 1860 1607 1907 ut
1661 1850 1871 1920 opinor,

290 1970 549 2012 numeros
594 1954 647 2009 in
688 1953 919 2009 monade
944 1952 996 2007 vi
1041 1960 1097 2007 et
1137 1956 1406 2022 potestate
1438 1946 1777 2008 constitutos,
1818 1949 1875 1997 et

294 2047 434 2104 alios
459 2055 582 2102 actu
617 2053 671 2101 et
699 2059 862 2114 opere
908 2044 964 2099 in
994 2057 1194 2115 genera
1233 2049 1288 2095 et
1318 2039 1527 2110 species
1563 2033 1871 2105 intelligihi-

292 2136 426 2193 lium
455 2151 827 2201 numerorum,
855 2134 948 2191 sed
968 2132 1186 2190 eosdem
1208 2129 1557 2204 proﬂuentes.
1586 2126 1729 2182 Disc.
1755 2122 1873 2180 Non

292 2230 448 2295 alios,
476 2230 695 2285 eosdem
736 2243 884 2291 vero,
936 2226 1030 2283 sed
1072 2226 1248 2281 aliter.
1299 2224 1439 2279 MAG.
1487 2222 1607 2287 Dic,
1640 2232 1865 2290 quaeso,

290 2325 567 2396 quomodo
619 2324 817 2380 aliter?
865 2322 1010 2388 Dtsc.
1064 2320 1121 2374 In
1171 2319 1399 2375 monade
1438 2316 1654 2387 quidem
1697 2313 1748 2367 vi
1820 2320 1874 2367 et

291 2425 583 2488 potestate,
637 2417 691 2471 in
754 2414 1045 2485 generibus
1100 2426 1227 2466 vero
1276 2418 1332 2465 et
1387 2407 1578 2463 formis
1622 2414 1745 2461 actu
1815 2412 1870 2459 et

291 2524 478 2579 opere.
509 2508 647 2564 MAG.
675 2506 845 2562 Recte
873 2503 1225 2575 respondisti.
1252 2500 1386 2556 Num
1417 2514 1545 2572 ergo
1572 2499 1746 2562 vides,
1769 2512 1871 2551 nu-

290 2616 476 2657 meros
504 2598 720 2655 eosdem
751 2599 824 2654 ibi
868 2605 1120 2653 aeternos
1148 2609 1289 2661 esse,
1329 2593 1417 2649 ubi
1443 2592 1495 2647 vi
1528 2600 1583 2645 et
1609 2597 1874 2660 potestate

290 2691 581 2749 causaliter
605 2698 748 2755 sunt,
780 2689 884 2745 hoc
914 2697 1015 2753 est,
1065 2687 1119 2742 in
1163 2687 1422 2750 monade;
1471 2684 1560 2739 ubi
1584 2697 1714 2738 vero
1749 2689 1889 2769 actu.

290 2792 349 2837 et
375 2795 538 2851 opere
584 2779 988 2850 intelliguntur,
1030 2778 1102 2833 ibi
1151 2774 1322 2831 factos
1352 2788 1474 2830 esse
1507 2773 1737 2827 l"lDtsc.
1782 2769 1874 2824 Ni-

295 2874 461 2929 mium
508 2871 807 2937 acceleras;
847 2869 1174 2941 pedetentim
1220 2865 1649 2922 ratiocinationis
1695 2864 1873 2934 ingreo

294 2964 491 3019 dienda
522 2971 608 3018 est
644 2962 753 3027 vis,
793 2977 862 3016 ne
897 2960 1024 3030 quid
1063 2961 1276 3015 incaute
1322 2966 1629 3025 temereque
1667 2962 1872 3008 statua-

295 3071 438 3110 mus.
477 3053 634 3109 Prius
671 3055 852 3123 itaque
881 3061 963 3108 est
1002 3050 1390 3122 quaerendum,
1420 3047 1548 3118 quid
1590 3046 1660 3102 sit
1683 3046 1787 3111 vis,
1820 3052 1873 3100 et

294 3148 426 3220 quid
455 3155 693 3219 potestas
735 3161 1083 3202 numerorum
1116 3145 1168 3199 in
1202 3143 1449 3208 monade,
1474 3140 1873 3209 eorundemquc

294 3240 428 3310 quid
479 3240 551 3294 sit
615 3248 796 3304 actus,
848 3246 905 3293 et
943 3236 1074 3308 quid
1125 3235 1366 3306 Operatio
1409 3234 1463 3288 in
1496 3233 1784 3305 generibus
1822 3240 1876 3286 et

294 3328 510 3389 formis.
578 3329 718 3386 Msa.
768 3330 863 3385 Vis
921 3337 1026 3393 est,
1079 3336 1139 3383 ut
1200 3327 1446 3391 aestimo,
1509 3324 1879 3381 substantialis

294 3433 484 3477 eorum
525 3418 721 3484 virtus,
760 3433 898 3488 quae
921 3419 942 3449 ⁸
993 3415 1337 3473 aeternaliter
1385 3423 1443 3472 et
1475 3414 1882 3470 immutabiliter

299 3514 355 3569 in
393 3513 620 3569 monade
662 3512 1043 3577 subsistunt";
1077 3520 1319 3580 poteStas
1352 3523 1479 3564 vero
1510 3517 1593 3564 est
1616 3506 1885 3579 possibili-

307 3612 393 3659 tas
425 3604 506 3658 eis
546 3603 777 3668 insita“,
807 3618 911 3673 qua
954 3601 1008 3656 in
1055 3616 1250 3672 genera
1301 3608 1356 3654 et
1402 3599 1612 3670 species
1657 3605 1886 3670 possunt

307 3695 678 3766 multiplicari,
727 3704 783 3750 et
827 3693 1187 3750 intellectibus
1235 3690 1505 3748 manifesti
1558 3690 1674 3747 ﬁeri
1722 3689 1885 3746 certis

300 3788 656 3843 terminorum
712 3785 1164 3851 distinctionibus,
1238 3784 1597 3855 quantitatum
1664 3781 1889 3837 diversi-

300 3876 522 3944 tatibns,
597 3876 893 3933 intervallis
944 3873 1390 3940 differentiarum,
1435 3868 1887 3947 proportionum’

299 3969 973 4042 proportionalitatumque
1044 3968 1274 4023 mirabili
1328 3966 1650 4036 aequalitate
1697 3972 1754 4020 et
1807 3963 1889 4018 in-

300 4062 515 4121 solubili
562 4064 930 4120 consonantia.
968 4063 1134 4120 Actus
1175 4071 1260 4119 est
1308 4071 1485 4117 motus
1532 4060 1718 4125 animi,
1758 4074 1885 4130 pro-

298 4154 616 4214 cedentium
666 4169 1012 4210 numerorum
1062 4170 1129 4210 ex
1173 4153 1403 4210 monade
1448 4153 1501 4208 in
1541 4152 1751 4207 diversa
1799 4164 1891 4220 ge-

304 4263 466 4313 nera,
523 4247 686 4317 inque
761 4248 970 4317 species
1027 4244 1335 4301 diﬂerentes
1395 4241 1887 4313 multiplicationem

307 4339 721 4409 contemplantis
757 4339 812 4393 in
859 4338 1037 4408 seipso
1070 4346 1125 4393 et
1152 4338 1206 4392 in
1238 4336 1452 4407 seipsis,
1478 4335 1788 4406 priusquam
1833 4331 1890 4386 in

301 4430 616 4503 phantasias
634 4431 975 4499 cogitationis
993 4430 1310 4501 proveniant
1326 4429 1390 4493 ‘°,
1416 4428 1519 4483 hoc
1552 4434 1657 4492 est,
1681 4423 1888 4495 simpli-

1974 547 2064 612 tis,
2089 546 2339 615 forasque
2368 542 2686 619 quibusdam
2709 540 2875 611 signis
2894 542 3252 613 corporalium
3278 560 3534 602 sensuum

1970 637 2299 708 signiﬁcatos
2324 636 2379 689 in
2415 634 2638 689 aliorum
2669 632 2915 687 notitiam
2948 635 3226 691 tradentis.
3265 636 3331 692 Et
3364 652 3430 693 ne
3453 652 3540 693 me

1969 728 2247 783 existimes
2265 725 2400 781 velle
2419 723 2665 786 suadere,
2707 723 2855 793 ipsos
2890 740 3142 781 numeros
3167 727 3236 781 ab
3262 726 3540 784 intellectu

1969 820 2054 875 vel
2100 820 2308 874 ratione
2344 816 2689 887 multiplicari
2731 824 2787 871 et
2825 817 3022 882 creari,
3061 826 3117 872 et
3156 833 3260 874 non
3308 820 3377 875 ab
3424 820 3542 892 ipso

1969 911 2210 966 omnium
2267 908 2565 978 conditore,
2618 905 3054 976 multiplicatore,
3107 908 3434 965 ordinatore.
3481 908 3543 968 Si

1970 1001 2113 1057 enim
2178 1000 2246 1055 ab
2298 999 2404 1055 ullo
2468 1006 2655 1055 creato
2708 998 2981 1054 intellectu
3043 1000 3542 1072 multiplicationem

1971 1110 2121 1150 suam
2164 1093 2375 1149 numeri
2413 1093 2643 1163 primum
2671 1100 3007 1163 paterentur,
3033 1108 3137 1149 non
3177 1094 3257 1149 eis
3283 1095 3459 1149 divina
3489 1104 3545 1151 et

1972 1186 2256 1242 iueﬂ‘abilis
2286 1182 2692 1239 immutabilitas
2722 1192 2776 1237 et
2802 1185 3080 1239 harmonia
3111 1184 3379 1239 rationum
3408 1186 3544 1241 ineso

1973 1286 2072 1332 set.
2099 1276 2331 1332 Proinde
2355 1291 2458 1330 non
2481 1274 2602 1328 ideo
2626 1274 2930 1329 intellectus
2958 1274 3343 1331 intellectuales
3356 1291 3546 1332 nume-

1973 1384 2062 1424 ros
2097 1381 2282 1423 creare
2309 1366 2577 1437 putandus
2612 1375 2716 1431 est,
2751 1365 2879 1435 quia
2907 1366 2961 1420 in
2989 1366 3194 1436 seipsos
3215 1366 3548 1438 contempla-

1976 1469 2080 1516 tur.
2106 1459 2186 1516 Ab
2215 1473 2325 1514 uno
2346 1466 2524 1513 autem
2545 1456 2802 1512 Creatore
2824 1461 3063 1512 omnium
3086 1457 3139 1512 in
3166 1458 3549 1528 intellectibus,

1972 1554 2087 1611 sive
2132 1552 2402 1618 humanis,
2448 1551 2561 1607 sive
2589 1550 2864 1620 angelicis,
2913 1549 3030 1606 ﬁeri
3074 1550 3399 1606 credendum
3440 1559 3544 1619 est,

1974 1662 2004 1701 a
2031 1660 2137 1715 quo
2162 1643 2325 1698 etiam
2354 1641 2406 1696 in
2436 1640 2663 1696 monade
2702 1640 3050 1696 aeternaliter
3083 1641 3357 1697 substituti
3384 1654 3549 1711 sunt;

1974 1752 2073 1808 per
2100 1734 2425 1790 intellectum
2466 1733 2533 1787 ab
2580 1747 2643 1787 ea
2683 1733 2736 1786 in
2766 1733 3037 1810 notionem
3068 1735 3296 1789 rationis
3331 1736 3554 1792 descen-

1904 1823 2130 1887 Bdunt.
2184 1829 2318 1885 Nam
2372 1827 2844 1898 quemadmodum,
2898 1834 2958 1881 ut
3017 1827 3259 1898 exemplo
3313 1838 3549 1897 utamur,

1973 1926 2252 1983 consilium
2280 1926 2572 1995 quoddam,
2603 1926 2699 1981 scit
2727 1925 3115 1997 qualiscunque
3140 1942 3230 1982 ars
3261 1929 3543 1995 naturalis,

1973 2020 2098 2074 dmn
2144 2018 2197 2074 in
2237 2017 2616 2074 secretissimis
2655 2017 3032 2074 intellectualis
3077 2029 3302 2075 naturae
3346 2021 3553 2077 sinibus

1974 2114 2302 2177 continetur,
2348 2110 2507 2167 simul
2550 2118 2652 2174 est,
2683 2120 2740 2165 et
2782 2127 2946 2166 unum
2991 2113 3259 2183 quoddam
3304 2113 3553 2184 simplex,

1974 2206 2090 2261 sine
2128 2205 2373 2274 partibus
2420 2219 2517 2259 seu
2557 2202 2932 2269 divisionibus,
2983 2205 3099 2259 sine
3129 2206 3434 2275 quantitate
3460 2223 3553 2263 seu

1970 2295 2254 2367 qualitate,
2292 2294 2409 2349 sine
2438 2294 2577 2359 loco,
2608 2294 2723 2348 sine
2754 2302 3013 2364 tempore,
3047 2303 3102 2349 et
3127 2296 3347 2351 omnino
3376 2298 3550 2351 omni-

1968 2391 2084 2446 bus
2128 2387 2499 2443 accidentibus
2543 2385 2869 2450 absolutum,
2901 2401 2965 2442 ac
3002 2386 3091 2441 vix
3120 2385 3218 2441 soli
3259 2386 3558 2443 intellectui

1973 2480 2281 2550 cognitum;
2315 2494 2421 2533 non
2452 2478 2595 2532 enim
2644 2477 2947 2533 intellectus
2984 2480 3308 2534 naturalium
3359 2482 3555 2535 artium

1973 2574 2149 2631 factor
2180 2580 2285 2638 est,
2318 2570 2410 2626 sed
2438 2570 2704 2633 inventor,
2737 2585 2841 2624 non
2885 2578 3061 2624 tamen
3093 2570 3137 2602 ¹³
3158 2580 3309 2626 extra
3353 2587 3431 2635 se,
3466 2573 3560 2627 sed

1975 2666 2117 2720 intra
2141 2662 2191 2699 “
2212 2678 2306 2719 eas
2354 2661 2587 2728 invenit;
2630 2661 2757 2716 dum
2798 2676 2928 2717 vero
2955 2663 3065 2731 ipsa
3107 2678 3197 2718 ars
3240 2663 3308 2718 ab
3348 2663 3561 2717 arcanis

1974 2756 2105 2822 suis,
2134 2756 2187 2810 in
2220 2753 2415 2823 quibus
2444 2752 2605 2809 simul
2632 2752 2685 2807 in
2725 2753 2922 2817 animo,
2957 2755 3008 2809 in
3038 2769 3143 2824 quo
3167 2762 3269 2819 est,
3301 2754 3355 2809 in
3387 2756 3555 2809 ratio-

1973 2863 2096 2904 nem
2159 2845 2475 2917 intelligibili
2537 2846 2918 2916 progressione
2972 2847 3159 2918 incipit
3209 2847 3558 2912 descendere,

1974 2955 2100 2995 mox
2118 2939 2374 3011 paulatim
2401 2952 2526 2994 suas
2548 2937 2594 2969 ³⁸
2620 2938 2859 2993 occultas
2882 2939 3093 3011 regulas
3117 2941 3319 3011 apertis
3339 2941 3559 2996 divisio-

1972 3035 2133 3090 nibus
2196 3042 2358 3103 atque
2416 3030 2736 3087 diﬂ‘erentiis
2801 3033 3015 3087 inchoat
3073 3035 3316 3102 aperire,
3385 3033 3561 3090 adhuc

1979 3136 2156 3181 tamen
2184 3122 2523 3194 purissimas,
2565 3123 2820 3192 omnique
2848 3124 3226 3194 imaginatione
3247 3125 3480 3191 alienas;
3510 3138 3593 3183 et.

1901 3190 1948 3253 δ
1981 3220 2115 3274 haec
2137 3216 2410 3299 processio
2448 3216 2624 3287 prima
2664 3190 2797 3271 artis
2836 3216 2903 3271 ab
2933 3190 3048 3286 ipsa
3097 3216 3340 3283 scientia,
3370 3218 3422 3271 in
3458 3233 3561 3287 qua

1983 3313 2233 3385 primitus
2256 3309 2518 3373 subsistit,
2544 3325 2642 3380 per
2663 3308 2994 3365 intellectum
3024 3310 3077 3364 in
3108 3309 3369 3366 rationem
3396 3310 3563 3379 ipsius

1984 3403 2289 3459 intellectus
2316 3408 2436 3456 actu
2463 3398 2741 3471 perﬁcitur
2767 3417 2782 3467 ;
2825 3414 2985 3455 omne
3013 3400 3298 3470 siquidem,
3327 3402 3470 3471 quod
3496 3416 3563 3456 ex

1984 3496 2208 3553 secretis
2236 3502 2459 3549 naturae
2500 3493 2554 3548 in
2584 3492 2848 3548 rationem
2891 3494 3139 3564 pervenit
3167 3493 3233 3559 ¹⁶,
3263 3508 3359 3563 per
3395 3493 3554 3548 intel—

1985 3587 2158 3643 lectus
2171 3586 2438 3641 actionem
2462 3584 2670 3640 accedit
2687 3585 2727 3618 ιτ
2748 3600 2764 3651 ;
2785 3584 2978 3638 iterum
2996 3594 3177 3641 autem
3193 3585 3352 3639 veluti
3368 3600 3562 3640 secun-

1987 3681 2055 3737 do
2093 3680 2353 3735 descensu
2407 3678 2594 3733 eadem
2635 3692 2724 3732 ars
2768 3692 2833 3732 ex
2887 3677 3096 3732 ratione
3142 3678 3195 3732 in
3250 3679 3563 3733 memoriam

1987 3771 2334 3833 descendens,
2377 3770 2632 3839 paulatim
2674 3772 2914 3840 apertius
2946 3770 2997 3824 in
3035 3771 3356 3840 phantasiis,
3402 3772 3566 3827 veluti

1988 3863 2040 3939 in
2077 3861 2392 3932 quibusdam
2434 3860 2621 3916 formis
2672 3863 2905 3931 seipsam
2936 3860 3259 3917 luculentius
3288 3864 3565 3928 declarat;

1989 3954 2149 4010 tertio
2170 3970 2297 4008 vero
2326 3954 2588 4009 descensu
2637 3954 2703 4008 ad
2746 3953 3053 4023 corporales
3096 3968 3285 4009 sensus
3317 3953 3566 4008 diﬂ‘nndi-

1990 4056 2076 4102 tur
2105 4048 2173 4112 ³⁸,
2202 4044 2291 4100 ubi
2339 4043 2685 4099 sensibilibus
2736 4043 2904 4114 signis
2962 4043 3217 4097 virtutem
3270 4058 3422 4097 suam
3472 4059 3568 4112 per

1990 4127 2204 4208 genera,
2261 4142 2316 4190 et
2368 4128 2595 4205 species,
2649 4148 2944 4202 omnesque
2993 4132 3287 4187 divisiones
3327 4147 3471 4197 suas,
3513 4141 3569 4187 et

1990 4227 2402 4292 subdivisiones,
2430 4237 2484 4282 et
2508 4226 2827 4297 partitiones
2848 4225 3018 4281 exerit
3043 4240 3057 4279 :
3085 4224 3158 4279 ita
3185 4223 3570 4282 intellectuales

1990 4317 2203 4375 numeri
2224 4332 2289 4372 ex
2313 4317 2541 4373 monade
2568 4331 2626 4371 se
2648 4314 2946 4370 defundunt
2971 4312 3014 4345 ¹⁹
3035 4354 3050 4380 ,
3074 4321 3132 4367 ιιι
3156 4313 3211 4367 in
3235 4313 3413 4367 animo
3436 4328 3571 4384 quo-

1992 4415 2116 4472 dam
2143 4414 2305 4470 modo
2333 4412 2746 4483 splendescant;
2777 4411 2968 4466 deinde
2995 4425 3063 4466 ex
3092 4410 3270 4465 animo
3309 4410 3363 4465 in
3400 4409 3568 4465 ratio-

303 4523 440 4578 citer
471 4523 523 4577 in
560 4524 602 4555 “
631 4524 948 4593 incorporea
977 4500 1186 4587 natura,
1214 4521 1359 4576 omni
1386 4520 1619 4590 imagine
1646 4523 1882 4580 carente,
1912 4556 1965 4617 Β
1992 4523 2115 4563 nem
2140 4506 2470 4577 proﬂuentes
2497 4503 2543 4535 '°
2576 4503 2813 4574 apertius
2850 4515 2908 4558 se
2942 4500 3308 4572 patefaciunt;
3352 4516 3474 4557 mox
3502 4502 3571 4557 de

1102 4616 1109 4617 ,
1212 4615 1221 4617 -
1988 4597 2192 4617 -,.ΞΑ..Δ
2227 4597 2275 4617 2..
2322 4595 2636 4617 _.-..--_!-_-
2696 4595 3035 4617 A--.........-‘AA,.
3072 4593 3442 4617 ..ι-η-ιιηηιεΛΑ-
3504 4608 3561 4617 Α-

301 4618 592 4687 purissimo
644 4617 947 4673 intellectus
995 4616 1152 4671 oculo
1209 4615 1354 4686 ipsos
1418 4625 1674 4667 numeros
1725 4623 1887 4681 supra

301 4719 519 4763 omnem
550 4707 927 4777 quantitatem,
957 4715 1011 4762 et
1051 4694 1464 4777 qualitatem,'et
1491 4703 1632 4769 loca,
1663 4709 1718 4757 et
1748 4709 1889 4756 tem-

300 4812 433 4870 pora
465 4798 876 4854 considerantis.
919 4797 985 4852 Et
1012 4806 1072 4851 ut
1096 4797 1141 4830 “
1167 4796 1403 4852 breviter
1433 4793 1706 4856 deﬁniam,
1737 4798 1889 4846 actus

300 4899 387 4946 est
409 4899 586 4945 motus
610 4890 801 4955 animi,
840 4889 1160 4960 purissimos
1190 4889 1243 4943 in
1283 4903 1380 4943 sua
1408 4898 1597 4942 natura
1636 4897 1889 4939 numeros

306 4980 515 5050 absque
553 4979 663 5035 ulla
694 4980 1077 5052 imaginatione
1128 4978 1407 5033 intuentis.
1456 4976 1602 5046 Opus
1628 4988 1757 5029 vero
1801 4980 1889 5029 est
1935 5019 1945 5030 .

302 5067 546 5139 eiusdem
584 5071 750 5126 animi
786 5079 985 5137 motus,
1016 5069 1332 5141 purissimos
1363 5081 1639 5132 numeros,
1667 5080 1802 5135 quos
1832 5063 1887 5117 in

303 5160 483 5233 seipso
516 5160 843 5224 considerat,
883 5159 1181 5229 phantasiis
1208 5157 1372 5213 veluti
1415 5154 1733 5227 quibusdam
1769 5169 1890 5209 cor-

307 5251 535 5322 poribus
562 5250 891 5310 incrassatos
917 5248 1209 5307 memoriae
1227 5246 1679 5313 commendantis,
1708 5244 1889 5316 ibique

1988 4597 2197 4653 ratione
2226 4597 2280 4652 in
2322 4595 2640 4651 memoriam
2691 4595 3038 4650 decurrentes
3072 4593 3444 4663 phantasticas
3499 4608 3566 4648 ex

1990 4691 2159 4762 ipsius
2203 4688 2498 4745 memoriae
2542 4694 2735 4742 natura
2779 4686 3049 4756 accipiunt
3092 4684 3477 4756 apparitiones,
3514 4686 3572 4741 in

1992 4786 2186 4855 quibus
2225 4783 2456 4837 virtutes
2509 4778 2881 4850 multiplicium
2940 4792 3158 4833 suarum
3208 4775 3502 4833 formarum
3524 4776 3569 4809 “

1992 4875 2402 4948 inquisitoribus
2456 4873 2569 4929 suis
2619 4870 2918 4927 luculenter
2969 4870 3239 4941 aperiunt,
3287 4869 3480 4925 deinde
3516 4869 3571 4925 in

1993 4985 2203 5033 sensus,
2233 4976 2510 5040 postremo
2553 4965 2609 5020 in
2657 4964 2876 5037 ﬁguras.
2916 4962 3054 5018 Num
3083 4963 3247 5035 igitur
3288 4962 3439 5017 vides
3467 4962 3571 5015 tria

1992 5062 2108 5129 illa,
2154 5076 2292 5133 quae
2341 5059 2673 5131 quaesieras,
2722 5059 3011 5128 quomodo,
3048 5064 3104 5111 et
3130 5055 3245 5121 ubi,
3288 5061 3345 5109 et
3389 5053 3572 5109 unde?

1995 5154 2149 5211 Unde
2203 5152 2467 5225 quidem?
2522 5166 2552 5205 a
2599 5148 2865 5214 monade;
2931 5146 3065 5203 ubi?
3109 5146 3163 5201 in
3186 5147 3231 5177 ”
3257 5142 3567 5209 intellectu;

1994 5242 2305 5315 quomodo?
2352 5240 2579 5299 diversis
2609 5239 2881 5313 gradibus,
2912 5236 3142 5310 primum
3173 5252 3205 5291 a
3244 5233 3568 5304 semetipsis,

1584 5422 1840 5491 VARIAE
1875 5421 2276 5483 LECTIONES.

927 5566 1227 5622 Austerna.
1319 5566 1342 5596 ³
1382 5566 1428 5619 Α
1453 5566 1529 5618 vel
1579 5566 1678 5617 und

931 5637 1047 5690 ade.
1144 5635 1165 5667 ⁸
1189 5636 1263 5690 eis
1297 5635 1457 5688 insita
1478 5649 1586 5689 om.
1613 5633 1678 5686 A.

1146 5705 1192 5738 “
1219 5706 1308 5759 sed
1350 5706 1491 5759 intra
1513 5719 1619 5758 om.
1649 5702 1710 5758 C.

1217 5776 1262 5807 ²⁰
1294 5776 1339 5830 Α
1359 5776 1688 5844 per/luentes.

404 5566 484 5621 να
506 5576 555 5621 te
584 5582 696 5624 om.
720 5566 781 5623 C.

303 5638 327 5672 ⁷
350 5634 402 5693 Α
421 5637 703 5693 subsistens
730 5639 785 5692 in
806 5637 1047 5692 monade.

306 5706 383 5764 Et
417 5719 475 5762 ut
502 5708 545 5763 Α
570 5710 694 5763 Aut.
775 5708 820 5740 ¹³
841 5709 883 5761 Α
911 5709 1066 5762 enim.

306 5777 356 5814 ⁸⁸
380 5778 427 5833 Δ
446 5794 514 5836 ex
537 5779 766 5835 monade
789 5778 1125 5833 descendunt.

1319 5562 1342 5596 8
1391 5563 1418 5596 Δ
1453 5562 1529 5596 ...Ι
1579 5562 1715 5596 "nlla
1741 5562 1820 5596 ..οι
1851 5562 1941 5596 ..Ιιὲ

1382 5563 1428 5619 Α
1453 5561 1529 5618 vel
1579 5562 1715 5618 unde
1741 5561 1820 5617 vel
1851 5562 1962 5617 ubi.
2093 5561 2118 5593 ⁸
2145 5561 2202 5615 in
2228 5573 2338 5616 om.
2364 5561 2392 5613 Α

1383 5636 1457 5688 ita
1478 5649 1586 5689 om.
1613 5633 1678 5686 A.
1777 5635 1797 5667 ⁹
1820 5632 1865 5686 Α
1886 5642 1936 5686 et
1966 5631 2392 5702 proportionem.

1795 5702 1839 5734 ³⁸
1864 5702 1988 5756 Ain
2017 5717 2159 5757 suas.

1770 5773 1814 5806 ’³
1853 5773 1896 5827 A
1923 5771 2214 5842 formarum
2263 5786 2499 5826 suarum.
2575 5768 2622 5803 ⁸⁸
2654 5767 2711 5822 in
2740 5781 2852 5823 om.
2885 5766 2946 5823 C.

2093 5559 2118 5593 ⁸
2145 5560 2202 5615 in
2228 5573 2338 5616 om.
2364 5558 2429 5613 Α.
2530 5556 2595 5628 7',
2615 5572 2725 5612 esse
2759 5571 2869 5612 om.
2915 5555 2979 5628 (Ξ,
3037 5624 3047 5628 _
3102 5556 3125 5589 ⁸
3166 5571 3300 5628 quae
3339 5554 3567 5628 om_._A.

2495 5627 2543 5660 ¹⁰
2571 5626 2613 5681 Α
2635 5627 2863 5681 veniant.
2945 5627 2987 5667 ιι
3028 5624 3083 5681 in
3104 5623 3213 5683 om.
3246 5627 3310 5680 Α.
3397 5626 3440 5657 ι’
3464 5623 3570 5680 Pro

2242 5700 2286 5733 ¹⁶
2304 5700 2349 5754 Α
2371 5698 2525 5754 venit.
2609 5697 2651 5728 "
2677 5698 2721 5749 Α
2745 5696 3030 5767 per/icitur.
3112 5698 3156 5738 ιθ
3182 5696 3223 5753 C
3243 5696 3569 5767 defunditur.
