4064 6292
497 247 600 306 659

1864 254 2144 312 JOANNIS
2180 257 2306 315 SCO

3625 265 3727 320 6510

498 362 553 425 in
585 361 931 433 intellectum,
958 364 1026 419 ab
1054 346 1322 420 intellectu
1357 372 1374 404 ι
1410 365 1461 419 in
1498 365 1783 433 rationem,
1807 379 1873 420 ex
1904 367 2062 422 ratio—
2089 374 2140 435 Α
2168 369 2458 442 telligentia
2496 370 2628 425 liunt
2664 373 2780 443 puri
2824 386 2917 443 per
2943 387 3021 437 se,
3054 372 3307 443 omnique
3348 373 3731 444 imaginatione

500 468 567 509 ne
597 454 648 509 in
691 454 1024 521 memoriam,
1064 470 1125 509 ex
1153 456 1411 510 memoria
1438 454 1495 511 in
1523 470 1711 512 sensus
1754 470 2062 527 corporeus,

499 554 552 600 et
600 546 645 601 si
702 560 921 604 necesse
978 556 1059 603 est
1114 556 1332 619 propter
1377 549 1665 605 utilitatem
1724 550 2062 616 discentium,

500 650 742 695 extremo
769 642 933 711 gradu
974 657 1003 695 a
1053 642 1302 699 sensibus
1329 643 1397 697 ad
1447 643 1685 699 visibiles
1724 644 1925 713 ﬁguras
1972 645 2065 700 de-

501 735 778 793 scendunt.
847 736 991 791 Disc.
1036 735 1199 791 Plane
1250 738 1660 809 clarissimeque
1701 740 1873 796 video.
1928 740 2065 797 MAG.

489 826 683 898 itaque
703 843 808 884 non
832 836 884 883 to
910 828 1062 896 latet,
1092 838 1149 884 ut
1181 832 1394 902 opinor,
1424 849 1677 889 numeros
1698 846 1751 888 et
1773 836 1792 866 ³
1821 842 2069 890 aeternos

501 939 641 988 esse,
671 932 725 978 et
748 922 953 991 factos;
982 934 1237 982 aeternos
1276 927 1491 996 intidem
1530 929 1581 983 in
1624 929 1871 993 monade,
1900 928 2072 984 factos

503 1028 632 1069 vero
655 1013 1020 1084 multipliciter
1043 1015 1096 1070 in
1117 1016 1227 1072 suis
1252 1016 1708 1073 descensionibus.
1726 1018 1906 1073 Primo
1927 1020 2073 1075 vide-

496 1104 625 1158 licet
674 1105 723 1160 iu
778 1105 1047 1161 intellectu
1097 1109 1571 1178 eontemplantium
1622 1123 1682 1164 se
1722 1109 1744 1140 ³
1778 1110 1831 1163 in
1877 1118 2073 1164 semet-

496 1197 634 1267 ipsis
665 1197 821 1254 ﬁunt.
853 1199 954 1265 Qui
984 1201 1168 1255 modus
1216 1200 1443 1255 faciendi
1470 1201 1624 1273 longe
1656 1217 1685 1254 a
1717 1202 1963 1257 sensibus
1991 1217 2075 1257 re-

505 1300 681 1344 motus
701 1298 814 1355 est;
860 1290 975 1345 ﬁeri
1014 1292 1155 1346 enim
1186 1293 1440 1348 dicuntur
1466 1295 1517 1348 in
1570 1296 1759 1349 notitia
1790 1308 1847 1350 se
1877 1294 2072 1349 intelli-

496 1383 762 1450 gentiam.
816 1380 949 1436 Nam
983 1384 1037 1437 in
1070 1384 1296 1438 monade
1346 1385 1473 1439 dum
1522 1387 1651 1452 sint,
1697 1386 1945 1441 ineffabili
1978 1401 2074 1441 sua

510 1473 712 1528 unitate
747 1473 769 1504 ’⁸
796 1489 1007 1528 onmem
1040 1484 1295 1545 superant
1344 1476 1693 1543 intellectum,
1724 1492 1789 1532 eo
1817 1478 1951 1544 solo,
1992 1478 2078 1532 di-

509 1567 631 1621 vino
662 1566 927 1633 videlicet,
965 1566 1235 1623 intellectu
1276 1579 1522 1639 excepto,
1575 1585 1731 1639 quem
1765 1570 1838 1624 nil
1881 1572 2077 1641 ubique

508 1658 654 1711 ltlel.
699 1657 813 1726 ipse
837 1668 918 1714 est
943 1659 1086 1714 enim
1118 1660 1421 1716 intellectus
1454 1662 1714 1726 omnium,
1746 1663 1852 1715 imo
1873 1663 2073 1716 omnia.

507 1748 621 1802 Non
654 1751 796 1804 enim
834 1751 901 1805 de
926 1750 1044 1820 ipsa
1090 1752 1341 1817 monatle,
1379 1767 1517 1822 quae
1559 1762 1643 1807 est
1671 1767 1833 1808 causa
1882 1752 1993 1808 sola
2025 1763 2079 1806 et
2111 1731 2153 1791 Β

509 1846 741 1899 creatrix
792 1845 1031 1900 oumium
1078 1846 1367 1902 visibilium
1420 1856 1477 1901 et
1523 1847 1893 1913 invisibilium,
1938 1862 2081 1902 nunc

506 1938 705 2007 agitur,
750 1938 847 1993 sed
894 1939 963 1993 de
1010 1938 1097 1993 illa
1133 1948 1313 1995 creata
1346 1940 1593 2005 monade,
1640 1940 1693 1995 in
1746 1956 1851 2010 qua
1894 1954 2084 1994 omnes

512 2032 719 2085 numeri
776 2031 1102 2098 causaliter,
1145 2032 1506 2100 uniformiter,
1537 2032 1930 2088 rationabiliter
1972 2033 1994 2065 '
2031 2043 2085 2087 et

512 2137 724 2192 semper
739 2123 1058 2189 subsistunt,
1072 2132 1127 2177 et
1146 2140 1211 2179 ex
1235 2140 1339 2194 qua
1363 2124 1763 2181 multiformiter
1777 2133 2081 2195 erumpunt.

515 2213 765 2268 Secundo
789 2229 916 2269 vero
939 2214 993 2268 in
1025 2214 1236 2269 ratione
1258 2215 1411 2280 ﬁunt,
1442 2216 1496 2269 in
1524 2230 1626 2285 qua
1657 2215 1771 2270 ﬁeri
1801 2223 2085 2285 propterea

515 2306 786 2373 dicuntur,
817 2308 942 2377 quia
989 2307 1041 2361 iu
1080 2322 1144 2362 ea
1166 2297 1524 2363 manifestius
1554 2322 1613 2364 se
1640 2307 1960 2373 ostendunt;
1995 2307 2087 2361 ad-

516 2399 620 2452 lme
652 2405 827 2452 tamen
857 2414 954 2468 per
982 2399 1209 2469 seipsos,
1245 2399 1446 2469 absque
1478 2399 1583 2454 ullo
1624 2399 1963 2470 pbantastico
2000 2412 2089 2453 co-

516 2492 650 2546 lore.
685 2490 886 2546 Deinde
914 2492 969 2546 in
1003 2494 1259 2548 memoria
1289 2508 1354 2548 ac
1398 2494 1664 2558 sensibus,
1696 2494 1748 2548 in
1792 2491 2090 2563 phantasiis

518 2584 837 2655 quibusdam
867 2583 1190 2641 efﬁciuntur.
1221 2586 1372 2656 Ipsae
1417 2595 1594 2642 autem
1638 2587 1959 2658 phantasiae
1997 2594 2089 2641 aut

518 2677 797 2732 donatura
825 2680 1139 2749 memoriae,
1186 2682 1288 2736 hoc
1315 2689 1423 2749 est,-
1463 2682 1531 2737 de
1564 2697 1626 2737 ea
1659 2692 1813 2754 parte
1856 2685 2087 2750 animae,

518 2787 654 2842 quae
684 2771 981 2830 formandis
1030 2775 1356 2847 imaginibus
1399 2784 1484 2831 est
1530 2777 1810 2839 attributa,
1862 2786 1954 2831 aut
1999 2791 2092 2831 ex-

520 2867 786 2922 trinsecus
814 2880 878 2920 ex
923 2868 1205 2938 superﬁcie
1237 2880 1521 2939 corporum
1567 2883 1663 2938 per
1713 2884 1903 2925 sensus
1943 2877 2093 2923 exte—

521 2959 693 3015 riores
740 2969 1027 3017 sumuntur
1058 2962 1100 3015 ⁸.
1149 2960 1255 3018 Sed
1295 2977 1435 3034 quae
1475 2964 1809 3017 extrinsecus
1848 2963 2086 3023 veniunt,

472 3108 479 3119 ,
521 3050 834 3120 phantasiae
882 3052 1096 3122 proprie
1141 3052 1494 3123 appellantur,
1532 3068 1669 3122 quae
1706 3067 1836 3109 vero
1873 3069 1938 3107 ex
1982 3066 2091 3108 me-

2165 465 2349 519 absolu
2420 472 2765 533 apparentes,
2795 474 2887 519 aut
2930 465 2982 519 iu
3016 467 3276 521 memoria
3303 480 3573 536 sensuque
3601 484 3733 522 cor-

2166 566 2331 624 poreo
2358 556 2674 625 quibusdam
2714 557 3186 629 imaginationibus
3211 560 3509 624 incrassati,
3544 576 3608 615 ac
3640 576 3734 615 ve-

2167 647 2265 703 luti
2305 662 2373 701 ex
2411 653 2642 719 quadam
2670 660 2723 707 et
2769 652 2824 707 in
2872 655 3101 722 quadam
3155 654 3377 707 materia
3408 652 3554 709 facti.
3588 653 3730 709 Mss.

2167 740 2243 796 ita
2265 750 2369 797 est.
2399 740 2503 796 Sed
2525 743 2662 811 quod
2684 744 2959 809 addidisti,
2987 759 3051 798 ex
3079 745 3308 813 quadam
3335 753 3388 798 et
3418 744 3471 798 in
3499 745 3737 814 quadam

2170 832 2392 886 materia
2422 831 2547 885 facti
2571 834 2632 895 ιθ,
2663 848 2768 888 non
2817 835 2950 889 satis
2988 843 3141 889 acute
3177 835 3517 905 perspexisti.
3560 835 3743 890 Phan-

2171 920 2341 976 tasiae
2379 936 2632 992 namque,
2663 937 2797 991 quas
2824 923 2891 980 de
2928 925 3189 980 memoria
3217 926 3270 979 in
3295 926 3556 980 memoria
3583 928 3627 961 ³⁸
3659 924 3745 980 vel

2173 1026 2333 1067 sensu
2363 1013 2430 1069 de
2467 1012 2711 1069 sensibili
2758 1016 3051 1085 accipiunt,
3091 1025 3148 1070 ut
3202 1016 3255 1070 in
3299 1016 3381 1071 eis
3426 1031 3743 1086 appaream,

2173 1117 2278 1157 non
2305 1117 2368 1157 ex
2397 1105 2631 1174 quadam
2661 1106 2885 1160 materia
2911 1106 3063 1172 ﬁunt,
3095 1108 3187 1162 sed
3221 1122 3285 1162 ex
3314 1109 3749 1179 iueorporalihus

2172 1196 2539 1266 incorporales
2582 1208 2893 1253 nascuntur.
2924 1198 3041 1255 Non
3070 1201 3215 1255 enim
3254 1216 3319 1256 ex
3368 1203 3597 1257 materia
3623 1216 3754 1257 cor-

2176 1286 2438 1356 poralium
2468 1302 2647 1342 rerum
2677 1286 3002 1355 eﬁieiuntur,
3023 1290 3114 1345 sed
3138 1306 3205 1345 ex
3232 1292 3434 1361 specie,
3466 1308 3606 1361 quae
3631 1307 3754 1362 ντος

2179 1380 2263 1434 cul
2300 1381 2460 1435 dubio
2501 1382 2816 1451 incorporea
2853 1391 2956 1448 est,
2997 1390 3049 1437 et
3085 1398 3152 1439 ex
3177 1384 3466 1450 coloribus,
3511 1387 3602 1454 qui
3645 1401 3751 1439 non

2178 1486 2425 1541 corpora,
2458 1473 2548 1527 sed
2574 1474 2716 1529 circa
2741 1490 2966 1545 corpora
2990 1475 3376 1547 intelliguntur.
3406 1477 3484 1530 Ac
3509 1492 3608 1546 per
3650 1479 3754 1531 hoc

2181 1563 2257 1618 nil
2282 1574 2365 1619 est
2394 1566 2800 1621 convenientiae
2845 1581 2909 1619 ac
2949 1568 3264 1632 naturaiius,
3305 1582 3467 1637 quam
3506 1577 3566 1621 ut
3595 1569 3759 1622 intel-

2182 1653 2437 1710 lectuales
2482 1657 2689 1711 numeri
2720 1656 2772 1709 iu
2802 1656 2962 1711 rebus
3003 1657 3350 1726 iueorporeis,
3382 1667 3439 1712 et
3464 1672 3530 1713 ex
3578 1659 3757 1713 incor—

2181 1749 2453 1818 poralibus
2504 1748 2760 1819 sumptis,
2815 1750 3068 1804 virtutem
3117 1764 3270 1804 suam
3325 1752 3651 1817 ostendant,
3705 1762 3760 1805 et

2187 1838 2344 1892 modo
2377 1839 2607 1908 quodam
2638 1838 2888 1894 ineﬁ‘abili
2931 1841 2983 1893 in
3015 1842 3415 1910 generationem
3445 1843 3758 1898 sensibilem

2182 1932 2312 1987 facti
2356 1933 2664 2001 procedant.
2712 1933 3123 2005 Perspeetisque
3153 1934 3196 1967 “
3238 1949 3418 1990 rerum
3458 1936 3762 1990 rationibus

2183 2040 2290 2080 non
2319 2034 2521 2080 temere
2543 2026 2665 2096 quis
2693 2027 2912 2093 dixerit,
2953 2028 3097 2097 ipsas
3125 2030 3451 2099 phantasias,
3481 2031 3536 2083 in
3567 2030 3763 2099 quibus

2186 2120 2393 2175 numeri
2426 2136 2485 2175 se
2537 2122 2881 2178 interioribus
2926 2125 3320 2179 numerantium
3357 2126 3529 2181 oculis
3555 2126 3767 2197 patefa-

2186 2212 2363 2279 ciunt,
2397 2228 2501 2267 non
2533 2198 2746 2269 aliunde
2789 2214 2991 2270 nisi‘ab
3031 2216 3162 2285 ipsis
3194 2217 3625 2288 iutelligibilibus
3666 2235 3765 2272 uu-

2188 2306 2353 2360 meris
2402 2306 2704 2375 provenire.
2768 2304 2900 2360 Nam
2951 2307 2994 2362 si
3056 2310 3416 2364 numerositas
3464 2309 3766 2363 formarum

2187 2400 2542 2466 sensibilium,
2575 2400 2627 2454 in
2658 2400 2851 2469 quibus
2878 2403 3104 2457 materia
3146 2403 3473 2467 continetur,
3503 2410 3563 2456 ut
3596 2403 3769 2457 sensi-

2190 2493 2289 2548 bus
2314 2493 2486 2561 possit
2511 2492 2749 2561 percipi;
2782 2493 3046 2561 siquidem
3076 2509 3172 2564 per
3200 2507 3261 2549 se
3298 2495 3469 2564 ipsam
3514 2494 3769 2548 invisibi-

2190 2582 2257 2638 lis
2287 2591 2392 2648 est,
2428 2591 2588 2652 atque
2616 2583 2669 2636 in
2704 2581 2891 2638 formis
2937 2584 3003 2638 ab
3035 2585 3483 2641 intellectualibus
3523 2588 3771 2640 numeris

2190 2672 2453 2743 originem
2482 2674 2646 2738 ducit,
2680 2680 2734 2727 et
2765 2688 2831 2728 ex
2857 2675 2989 2746 ipsa,
3035 2674 3328 2730 formarum
3359 2677 3631 2742 videlicet,
3668 2694 3769 2731 uu—

2193 2765 2502 2819 merositate
2541 2780 2637 2835 per
2663 2780 2952 2835 corporeos
2976 2781 3168 2823 sensus
3184 2769 3443 2823 memoria
3470 2771 3773 2840 phantasiis

2195 2856 2567 2912 conformatur
2607 2874 2621 2910 :
2680 2857 2754 2912 nil
2794 2858 2936 2913 aliud
2977 2866 3159 2921 restat,
3196 2859 3297 2914 nisi
3336 2871 3394 2914 ut
3425 2858 3471 2892 "
3506 2861 3774 2931 intelliga-

2195 2966 2336 3017 mus,
2360 2967 2615 3008 numeros
2635 2952 3026 3009 intellectuales
3044 2968 3111 3009 ex
3133 2956 3361 3009 monade
3387 2955 3585 3026 duplici
3613 2956 3774 3011 modo

2194 3045 2381 3112 ﬂuere,
2408 3055 2462 3101 et
2499 3047 2555 3101 in
2582 3047 2841 3101 memoria
2890 3047 3064 3103 factos
3105 3048 3222 3102 acie
3272 3048 3471 3102 mentis
3516 3048 3773 3117 multiplio

522 3142 713 3207 moria,
769 3142 1165 3212 phantasmata.
1226 3144 1387 3198 Verbi
1439 3143 1629 3214 gratia,
1685 3143 1967 3212 phantasia
2013 3150 2095 3198 est
2122 3137 2167 3207 Ὺ
2199 3139 2335 3204 cari,
2374 3137 2563 3204 dividi,
2593 3139 2915 3208 comparari,
2952 3139 3152 3209 colligi,
3178 3140 3340 3193 imiri.
3372 3140 3479 3195 Aut
3517 3141 3687 3206 enim,
3716 3142 3775 3195 ut

522 3232 719 3304 imago,
741 3249 902 3303 quam
929 3234 998 3289 de
1026 3241 1175 3289 certo
1205 3234 1449 3304 corpore,
1481 3248 1573 3289 seu
1602 3232 1797 3297 colore,
1834 3249 1927 3288 seu
1968 3249 2092 3304 spa-
2146 3244 2159 3315 ᾖ
2196 3233 2586 3306 praediximus,
2612 3246 2712 3302 per
2742 3232 3075 3315 intellegam
3101 3234 3153 3287 in
3188 3232 3475 3299 rationem,
3507 3241 3561 3287 et
3584 3247 3650 3286 ex
3688 3249 3775 3286 ra-

526 3282 902 3304 πημονν-ι-η-
935 3282 995 3289 --ν
1031 3282 1171 3289 -ν--ν
1208 3282 1449 3304 mpm,
1482 3282 1573 3289 -ν-
1607 3282 1797 3297 νν-ν--ν
1834 3282 1926 3288 -η
1968 3282 2061 3304 -ιν-
2200 3282 2586 3306 ,ν--έ--η---ν--τ
2615 3282 2703 3302 τη
3190 3282 3475 3299 -----------,
3512 3282 3558 3287 ν-
3591 3282 3650 3286 η
3690 3282 3746 3286 -η

526 3326 598 3379 tio
625 3343 652 3377 a
684 3342 769 3380 me
809 3327 924 3379 viso
952 3340 1047 3396 per
1075 3341 1287 3381 sensum
1330 3326 1543 3380 videndi
1573 3333 1901 3395 assumptum
1943 3339 2096 3381 meae
2198 3329 2345 3403 tione
2372 3329 2421 3383 in
2451 3328 3149 3397 memoriamdescendunt,
3191 3318 3655 3399 smper—species
3688 3343 3774 3382 re-

524 3418 818 3472 memoriae
868 3418 1061 3488 inﬁgo;
1116 3421 1433 3488 phantasma
1462 3434 1592 3473 vero
1626 3429 1708 3473 est
1756 3419 1932 3489 imago
1985 3417 2092 3484 illa,
2136 3392 2144 3453 δ

525 3524 683 3579 quam
732 3509 875 3579 ﬁngo
921 3510 986 3565 de
1038 3510 1216 3581 aliquo
1247 3526 1518 3580 nunquam
1559 3524 1587 3563 a
1628 3525 1714 3565 me
1763 3510 1895 3565 viso.
1951 3510 2098 3575 Quae

525 3600 660 3655 falsa
706 3616 811 3656 non
863 3602 1132 3657 immerito
1169 3602 1366 3657 dicitur
1414 3598 1611 3674 imago,
1647 3604 1899 3673 quoniam
1950 3602 2094 3669 illud,

527 3693 669 3762 quod
696 3693 894 3762 cogito,
924 3702 1013 3748 aut
1046 3696 1256 3764 penitus
1285 3710 1389 3750 non
1421 3703 1525 3759 est,
1550 3702 1645 3749 aut
1671 3695 1716 3750 si
1753 3702 1855 3757 est,
1886 3709 1989 3750 non
2022 3694 2098 3748 ita

527 3791 631 3848 est,
686 3783 826 3838 sicut
873 3785 1137 3856 imaginor
1169 3787 1213 3839 ⁷.
1259 3785 1360 3842 Ubi
1397 3788 1710 3852 notandum,
1761 3787 1806 3842 si
1856 3795 2098 3841 sanetum

520 3877 807 3947 sequimur
832 3878 1212 3950 Augustinum,
1239 3883 1378 3951 quod
1406 3882 1723 3953 phantasma
1752 3898 1857 3936 non
1886 3883 2101 3954 aliunde

529 3969 632 4024 nisi
666 3985 732 4024 ex
782 3970 1061 4041 phantasia
1094 3974 1353 4028 nascitur.
1405 3974 1500 4029 Est
1538 3974 1702 4039 enim,
1737 3982 1795 4028 ut
1838 3974 1952 4044 ipse
2001 3974 2099 4040 ait,

530 4064 706 4134 imago
737 4065 1007 4136 imaginis,
1035 4065 1136 4122 hoc
1162 4076 1265 4131 est,
1297 4067 1471 4139 imago
1508 4058 1576 4123 ex
1613 4066 1716 4121 alia
1745 4067 1977 4138 imagine
2002 4081 2100 4128 na-

491 4206 498 4214 .
526 4172 701 4213 secus.
728 4157 887 4214 Verbi
916 4154 1122 4230 gratia,
1165 4161 1294 4215 solis
1322 4162 1559 4232 quotidie
1601 4160 1826 4216 orientis
1876 4160 2103 4231 phantas-

529 4250 662 4304 siam
692 4250 883 4314 habeo,
916 4267 1078 4322 quam
1124 4252 1191 4307 de
1221 4253 1517 4309 disciformi
1553 4256 1574 4286 ⁸
1618 4254 1785 4322 ipsius
1808 4253 1988 4322 specie
2015 4264 2103 4308 ac:

529 4340 669 4408 cepi,
695 4350 749 4395 et
792 4341 984 4395 iterum
1025 4343 1092 4396 ad
1128 4342 1535 4398 similitudinem
1572 4344 1740 4414 ipsius
1789 4345 2105 4414 phantasiae

530 4429 734 4484 solares
778 4431 1039 4502 imagines
1087 4433 1231 4489 mille
1282 4434 1335 4487 in
1389 4435 1647 4489 memoria
1679 4436 1822 4504 ﬁngo
1871 4434 2104 4504 majores

2192 3437 2321 3475 rum
2358 3410 2648 3475 visibilium
2677 3422 2731 3475 in
2765 3435 2958 3475 sensus
3004 3434 3315 3492 corporeos,
3363 3420 3670 3488 iterumque
3714 3434 3778 3473 cx

2198 3515 2331 3585 ipsis
2359 3517 2411 3570 in
2441 3516 2667 3570 eandem
2706 3516 3019 3569 memoriam
3048 3515 3340 3578 confluunt,
3372 3514 3423 3568 in
3453 3528 3557 3583 qua
3596 3512 3770 3583 phan-

2196 3610 2423 3666 tasticas
2482 3610 2806 3680 accipientes
2859 3608 3061 3664 formas
3113 3607 3267 3674 ﬁunt,
3319 3607 3777 3675 interioribusque

2202 3704 2449 3760 sensibus
2498 3705 2871 3758 succumbunt.
2909 3700 2985 3757 Ac
3032 3715 3128 3772 per
3178 3700 3302 3765 hoc,
3354 3712 3568 3770 quoque
3614 3697 3780 3752 modo

2201 3798 2418 3854 numeri
2462 3796 2739 3867 patiantur
2766 3793 3022 3865 perSpici,
3069 3808 3176 3849 non
3211 3791 3423 3847 aliunde
3457 3792 3559 3845 nisi
3606 3805 3637 3843 a
3695 3802 3778 3845 se-

2201 3886 2450 3958 metipsis
2496 3884 2849 3956 apparitionis
2903 3897 3031 3939 suae
3073 3882 3409 3939 occasionem
3452 3879 3779 3951 percipiunt.

2204 3979 2435 4034 Proinde
2464 3978 2509 4012 "
2538 3978 2673 4032 etin
2700 3975 2927 4030 monade
2971 3975 3172 4029 aeterni
3221 3981 3367 4037 sunt,
3416 3982 3470 4027 et
3512 3987 3540 4024 a
3586 3968 3783 4039 seipsis

2205 4070 2259 4125 in
2302 4081 2620 4140 quacunque
2662 4076 2885 4122 naturae
2913 4073 3065 4137 parte
3107 4073 3469 4135 apparuerunt
3494 4058 3639 4122 facti.
3680 4055 3784 4115 hoc

2204 4166 2305 4221 est,
2338 4160 2450 4215 sive
2480 4158 2533 4213 in
2563 4157 2859 4222 intellectu,
2890 4156 3002 4211 sive
3048 4156 3101 4210 in
3152 4155 3360 4210 ratione
3409 4153 3608 4221 absque
3658 4150 3783 4206 ullis

2204 4250 2695 4320 imaginationibus,
2725 4250 2839 4303 sive
2868 4249 2923 4302 in
2968 4246 3228 4303 memoria
3257 4261 3323 4301 ex
3370 4243 3651 4314 Speciebus
3701 4260 3784 4298 re—

2205 4358 2326 4398 rum
2379 4342 2712 4398 sensibilium
2763 4340 2989 4395 formata
3030 4337 3345 4408 phantasias
3386 4332 3671 4406 quasdam,
3730 4337 3779 4391 ie

2209 4436 2401 4506 quibus
2431 4445 2743 4505 appareant,
2772 4432 2936 4489 veluti
2986 4430 3114 4487 facti
3165 4430 3231 4486 de
3281 4430 3472 4500 seipsis
3500 4427 3780 4483 facientes.

531 4521 613 4576 vel
654 4522 913 4590 minores,
938 4522 1090 4592 juxta
1119 4525 1463 4595 cogitationis
1505 4541 1656 4581 meae
1704 4526 2005 4590 arbitrium,
2039 4540 2103 4582 ac
2133 4502 2181 4563 ί)
2208 4527 2353 4583 DISC.
2382 4527 2458 4581 De
2486 4525 2726 4581 numeris
2755 4525 2887 4579 satis
2913 4532 3093 4579 actum
3120 4522 3184 4576 ³³.
3212 4518 3309 4577 His
3332 4521 3473 4576 enim
3499 4534 3786 4590 argumen-

530 4626 629 4683 per
658 4614 759 4668 hoc
786 4613 951 4669 falsae
994 4624 1141 4682 sunt,
1183 4617 1310 4687 quia
1358 4617 1431 4671 nil
1467 4618 1582 4672 veri
1631 4618 1929 4672 imitantur.
1966 4617 2100 4673 Nam

530 4701 725 4758 Graeci
745 4705 921 4772 aliter,
949 4708 1077 4776 quid
1101 4709 1169 4762 sit
1191 4710 1532 4779 phantasma,
1548 4709 1883 4782 intelligunt;
1919 4710 2104 4766 dicunt

533 4794 679 4850 enim
721 4796 987 4861 notitiam,
1025 4812 1161 4868 quae
1204 4800 1257 4855 iu
1303 4802 1483 4857 animo
1528 4810 1611 4858 est
1658 4803 1723 4857 de
1767 4803 2109 4859 sensibilibus

534 4888 767 4954 naturis,
808 4905 905 4959 per
948 4892 1260 4960 pltantasias
1306 4906 1494 4948 earum
1551 4902 1888 4965 susceptam,
1945 4896 2108 4965 phan-

538 4990 709 5038 tasma
741 4999 880 5040 esse.
924 4986 1069 5041 Dtso.
1097 4986 1390 5057 Dupliciter
1411 5004 1541 5059 ergo
1570 4986 1740 5043 factos
1774 4996 2025 5042 numeros
2052 4988 2107 5041 in

536 5077 765 5132 monatle
790 5079 1133 5133 aeternaliter
1166 5081 1483 5135 substitutos
1519 5081 1539 5111 ⁹
1577 5082 1808 5146 asseris,
1842 5080 1893 5133 ui
1921 5080 2103 5145 fallor;

537 5178 630 5229 aut
657 5171 801 5226 enim
832 5173 885 5226 in
921 5172 1121 5236 animo,
1156 5181 1209 5229 et
1252 5174 1459 5229 ratione
1497 5173 1629 5239 sola,
1664 5187 1727 5227 ac
1772 5171 2000 5241 simplici
2027 5170 2108 5224 in—

2208 4618 2281 4673 tis
2307 4615 2616 4680 conﬁcitur,
2643 4615 2896 4685 clareque
2921 4613 3259 4684 intelligitur,
3285 4611 3374 4667 ubi
3403 4607 3603 4665 aeterni
3636 4618 3783 4671 sunt,

2208 4718 2262 4765 et
2287 4710 2375 4765 ubi
2404 4717 2458 4765 et
2482 4709 2527 4741 “
2556 4708 2824 4778 quomodo
2863 4706 3141 4776 patiuntur
3170 4705 3306 4771 ﬁeri,
3343 4710 3405 4759 ut
3445 4716 3546 4758 non
3590 4700 3784 4755 imme-

2210 4802 2314 4856 rito
2343 4800 2764 4872 perspiciamus,
2799 4813 2892 4853 eos
2925 4807 2979 4854 et
3009 4806 3258 4853 aeternos
3293 4810 3445 4861 esse,
3493 4802 3546 4849 et
3588 4792 3781 4846 factos.

2211 4890 2316 4948 Sed
2346 4905 2603 4961 quorsum
2651 4892 2785 4946 haec
2825 4889 3066 4956 tendant,
3112 4889 3351 4943 intentus
3379 4894 3614 4956 expecto.
3672 4881 3784 4937 Non

2209 4988 2352 5041 enim
2396 4993 2615 5054 propter
2640 4999 2698 5039 se
2744 4985 2878 5054 ipsa,
2927 4982 3019 5038 sed
3064 4991 3285 5052 propter
3324 4980 3463 5033 aliud
3494 4977 3616 5048 quid
3654 4990 3780 5030 sua-

2211 5075 2445 5130 dendum
2486 5075 2790 5129 introducta
2834 5082 2975 5127 sunt.
3012 5072 3149 5127 Msa.
3193 5072 3378 5136 Miror,
3421 5083 3518 5123 cur
3543 5078 3648 5122 tam
3680 5067 3785 5120 cito

2210 5168 2407 5224 oblitus
2428 5182 2489 5223 es
2520 5168 2615 5222 tui.
2661 5165 2792 5221 Nam
2824 5164 2981 5236 paulo
3025 5175 3149 5221 ante
3186 5161 3474 5234 posmlasli
3502 5173 3533 5215 a
3564 5172 3650 5213 me
3686 5171 3784 5212 na-

1786 5344 2041 5401 VARIAE
2069 5340 2472 5399 LECTIONES.

612 5490 629 5523 ι
675 5482 717 5538 C
740 5497 770 5537 a
798 5485 1099 5553 semetipsis
1142 5482 1195 5537 in
1226 5491 1488 5539 interiectu
1524 5476 1577 5553 in
1614 5482 1948 5553 intellectum.

541 5553 562 5587 ⁸
589 5554 938 5622 uuiformiter,
992 5552 1372 5609 rationabiliter
1399 5571 1507 5609 om.
1554 5552 1616 5607 Α.

539 5626 562 5660 ⁸
587 5626 815 5694 Aquam
842 5637 895 5679 ut
928 5628 1113 5680 dedisti
1145 5626 1362 5695 formae.

543 5695 699 5751 riam.
734 5698 776 5731 "
796 5696 843 5752 A
876 5696 1291 5768 Prospectisque.
1369 5697 1415 5732 “
1439 5705 1492 5751 ut
1519 5711 1630 5752 om.
1662 5695 1724 5750 (ἶ.

2046 5482 2067 5510 ³
2113 5489 2160 5530 et
2189 5492 2294 5530 om.
2338 5477 2401 5529 A.

1722 5489 1948 5535 uectum.
2047 5489 2067 5510 '
2113 5489 2160 5534 et
2189 5492 2294 5531 om.
2338 5489 2401 5529 Α.
2486 5489 2583 5527 'se
2603 5489 2711 5528 om.
2754 5489 2815 5527 υ.
2914 5489 2936 5502 '
2964 5489 3069 5525 ιιι-ο
3093 5489 3184 5524 sua

1722 5553 1743 5584 ⁵
1792 5551 1943 5620 Ipsae
1992 5561 2165 5604 autem
2201 5546 2509 5620 pituitlusige
2560 5574 2628 5620 -—_
2662 5552 2947 5620 sumuntur:
2965 5557 3074 5620 orn.
3122 5543 3184 5595 G.

1442 5626 1462 5656 ⁹
1490 5626 1530 5678 Α
1562 5623 1860 5678 substitutos
1914 5620 2261 5674 aeternaliler.

1802 5692 1846 5725 “
1865 5692 1910 5746 A
1942 5690 2189 5747 Perinde.

2914 5472 2936 5502 ⁵
2964 5470 3069 5525 Pro
3093 5486 3189 5524 sua
3220 5458 3420 5524 unitate
3451 5466 3493 5522 Α
3514 5469 3781 5523 suavitate.

3292 5541 3312 5571 '
3345 5541 3385 5593 Ο
3417 5541 3554 5594 sicut
3596 5539 3780 5607 imago.

3382 5610 3427 5644 ⁸⁸
3455 5611 3499 5665 Α
3524 5611 3576 5664 in
3601 5624 3788 5661 utentem

2486 5473 2507 5505 ³
2529 5464 2583 5527 se
2603 5466 2711 5528 om.
2754 5465 2815 5527 C.

2355 5617 2410 5651 ‘°~
2448 5615 2585 5670 MAG.
2611 5615 2685 5667 ita
2722 5624 2885 5667 est-.-

2269 5687 2313 5721 ¹⁸
2327 5689 2372 5742 Α
2387 5696 2459 5742 est
2490 5694 2691 5751 actum,

2920 5613 3046 5681 facti
3077 5628 3186 5665 om.
3222 5609 3278 5665 C.

2767 5682 2813 5721 ⁸⁸
2834 5682 2921 5738 ubi
2942 5692 2989 5736 et
3017 5698 3128 5739 om.
3151 5682 3218 5737 A.
