4064 6292
375 402 471 459 661

1225 400 1313 455 DE
1349 400 1686 458 DIVISIONE
1725 400 2072 456 NATURAE.
2105 431 2176 441 —-
2213 401 2413 458 LIBER
2453 402 2773 457 TERTIUS.

3525 402 3630 458 662

376 516 570 575 turalia
613 515 877 587 exempla,
909 517 1104 586 quibus
1131 531 1344 586 possem
1394 526 1446 572 te
1492 518 1834 573 introducere
1880 518 1946 572 ad
1977 521 2023 578 Α
2051 518 2306 587 apostolis
2330 520 2383 574 in
2411 518 2704 588 spiritualis
2731 518 2951 574 visionis
2977 525 3235 584 montem,
3259 519 3362 574 hoc
3381 525 3484 584 est,
3509 517 3629 573 alti-

374 609 780 681 intelligentiam
825 623 1034 674 eorum,
1067 609 1134 663 de
1173 609 1368 678 quibus
1417 609 1849 679 disputabamus,
1898 609 1950 663 id

367 712 476 766 est,
507 702 774 772 quomodo
815 701 1019 766 omnia,
1041 715 1179 770 quae
1199 717 1265 757 ex
1287 701 1397 756 Deo
1423 710 1638 768 sunt,et
1655 703 1690 753 ,³
1729 711 1949 758 aeterna

369 793 530 848 simul
556 803 611 848 et
647 794 785 848 facta
818 803 964 858 sunt,
993 802 1048 848 et
1077 795 1331 860 maxime,
1359 795 1626 864 quomodo
1655 794 1798 850 Deus
1837 795 1948 866 ipse

366 893 424 937 et
452 883 625 939 factor
663 885 901 940 omnium
948 893 1052 950 est,
1079 893 1133 940 et
1177 885 1228 939 in
1260 885 1512 941 omnibus
1562 886 1639 940 ﬂt.
1691 885 1835 942 Haec
1864 895 1947 940 cst

365 979 512 1034 enim
540 993 748 1034 summa
779 978 944 1034 totius
981 988 1198 1034 nostrae
1241 981 1542 1048 praesentis
1580 980 1948 1034 ratiocinatio-

364 1070 472 1124 nis.
499 1069 645 1124 Dtsc.
671 1067 791 1122 .lam
823 1068 876 1122 in
911 1084 998 1124 me
1039 1069 1212 1140 ipsum
1253 1071 1434 1126 redeo.
1470 1069 1604 1126 Nam
1632 1070 1944 1126 difﬁcultate

360 1159 782 1230 praedictorum,
811 1167 865 1216 et
895 1160 1071 1214 adhuc
1097 1160 1368 1230 incognita
1412 1161 1544 1216 mihi
1573 1177 1753 1216 rerum
1795 1163 1946 1216 theo-

359 1253 444 1310 ria
468 1251 812 1322 stupefactus,
853 1253 994 1309 sicut
1018 1253 1203 1309 multis
1230 1255 1432 1320 evenit,
1468 1255 1520 1308 in
1549 1254 1722 1309 extasi
1768 1254 1943 1308 factus

361 1361 504 1402 sum.
535 1343 666 1410 Quis
691 1345 835 1398 enim
865 1345 1102 1408 rudium,
1129 1353 1186 1399 et
1231 1346 1467 1400 nondum
1499 1345 1942 1402 sublimissimum

360 1435 584 1506 sophiae
641 1436 897 1492 verticem
960 1437 1404 1501 ascendentium,
1479 1437 1604 1494 talia
1677 1437 1939 1508 c0gitans,

358 1529 558 1584 mentis
578 1542 850 1584 secessum
875 1544 982 1584 non
1004 1529 1263 1598 patiatur,
1289 1537 1564 1584 aeternam
1593 1534 1939 1586 numerorum

358 1633 390 1674 ει
420 1619 679 1676 Creatore
705 1621 946 1676 omnium
968 1620 1021 1674 in
1047 1620 1277 1676 monade
1300 1619 1527 1675 audiens
1549 1619 1934 1684 conditionem,

356 1710 760 1780 eorundemque
815 1712 1214 1782 processionem
1278 1711 1334 1767 in
1388 1726 1585 1781 genera
1625 1719 1680 1766 et
1708 1712 1934 1781 species,

357 1802 410 1856 in
459 1801 653 1871 quibus
693 1802 808 1858 ﬂeri
865 1799 1139 1868 dicuntur,
1184 1801 1436 1872 quoniam
1475 1802 1528 1856 in
1567 1803 1649 1857 eis
1682 1801 1938 1861 ab.intel-

2054 609 2292 663 tudinem
2327 610 2494 678 raptis
2524 607 2773 679 apparuit
2800 607 3081 663 visibiliter
3107 608 3150 674 ’,
3197 608 3414 677 quando
3446 617 3622 663 trans-

2050 699 2303 756 formatio
2329 699 2539 754 Domini
2572 697 2714 754 facta
2738 699 2854 754 est?
2888 696 3003 756 Non
3042 698 3188 754 enim
3218 698 3469 754 audiendi
3501 705 3628 754 sunt
3684 746 3694 756 ρ

2051 792 2128 857 hi,
2161 792 2250 861 qui
2283 799 2491 861 putant,
2518 805 2642 846 eum
2683 790 2753 846 ad
2787 799 2996 861 tempus
3037 790 3092 844 in
3128 805 3353 861 corpore
3386 803 3629 846 resurre-

2049 885 2212 950 xisse,
2239 885 2311 954 :ut
2340 883 2500 940 simul
2543 897 2666 938 cum
2709 881 2824 938 Elia
2857 883 2910 937 in
2952 890 3136 937 monte
3165 883 3465 948 visibiliter,
3517 897 3626 945 non

2045 992 2148 1048 per
2171 992 2232 1032 se
2259 977 2438 1031 anima
2469 976 2536 1040 ³⁸,
2565 976 2657 1030 sed
2687 975 2741 1030 in
2767 986 3101 1045 suocorpore
3127 983 3424 1044 appareret,
3443 984 3498 1029 et
3519 975 3624 1031 ite-

2049 1085 2168 1124 rum
2197 1069 2264 1124 ad
2299 1067 2602 1138 sepulcrum
2640 1068 2880 1124 rediisse.
2919 1067 3049 1134 Quis
3085 1049 3213 1137 ergo
3251 1063 3492 1123 dicturus
3514 1077 3622 1136 est,

2045 1178 2151 1233 qua
2179 1162 2388 1218 ratione
2417 1161 2597 1216 anima
2620 1161 2936 1230 incorporea
2959 1169 3013 1215 et
3036 1157 3324 1216 invisibilis
3347 1159 3626 1214 invisibili-

2045 1254 2146 1310 hus
2194 1253 2556 1323 apostolorum
2593 1251 2874 1323 spiritibus
2917 1251 3080 1307 veluti
3128 1250 3478 1321 corporaliter
3509 1252 3624 1308 visa

2043 1356 2149 1412 est,
2177 1361 2301 1402 cum
2329 1361 2426 1401 nec
2458 1346 2512 1400 in
2549 1361 2648 1400 suo
2675 1359 2902 1414 corpore
2922 1383 2938 1410 ,
2968 1359 3068 1401 nec
3098 1345 3151 1400 in
3191 1343 3370 1416 aliqua
3400 1345 3626 1400 materia

2040 1439 2309 1502 sensibili,
2336 1453 2428 1494 seu
2458 1437 2672 1494 aliunde
2691 1447 2967 1508 assumpta
3003 1438 3336 1508 apparuerit,
3367 1439 3460 1493 sed
3488 1453 3622 1508 quas

2043 1533 2165 1588 dam
2207 1531 2461 1587 ineffabili
2508 1532 2722 1596 virtute,
2766 1531 2864 1587 soli
2906 1531 3016 1586 Deo
3063 1531 3298 1602 cognita,
3339 1530 3627 1586 invisibilis

2043 1623 2264 1692 spiritus
2307 1622 2463 1692 quasi
2494 1621 2538 1656 “
2573 1623 2800 1678 visibilis
2835 1638 2932 1693 per
2969 1637 3029 1677 se
3062 1621 3237 1677 factus
3267 1622 3386 1678 est?
3415 1621 3554 1690 Quid
3576 1623 3622 1658 ³⁸

2041 1713 2286 1770 dicturus
2304 1729 2364 1770 es
2379 1713 2424 1746 ⁸³
2445 1715 2511 1769 de
2534 1713 2714 1768 anima
2741 1713 3034 1784 prophetae
3050 1712 3330 1774 Samuelis,
3355 1713 3628 1782 quomodo

2044 1802 2388 1858 invisibiliter
2417 1813 2672 1873 tanquam
2705 1803 2931 1859 visibilis
2961 1802 3137 1858 locuta
3168 1811 3250 1858 est
3286 1801 3448 1858 Sauli
3487 1801 3626 1860 Nam

354 1894 584 1951 lectibns
619 1896 896 1966 patiuntur
929 1893 1190 1966 intelligi;
1225 1895 1419 1952 deinde
1435 1895 1488 1950 in
1504 1903 1752 1950 naturam
1781 1895 1942 1949 ratio-
1973 1891 2019 1950 Β
2045 1906 2102 1953 et
2131 1897 2264 1966 ipse,
2295 1897 2434 1952 sicut
2481 1895 2730 1966 apostoli,
2759 1895 2810 1950 in
2842 1895 3036 1966 spiritu
3083 1905 3270 1965 raptus
3303 1894 3428 1949 talia
3466 1895 3621 1952 vidit.

354 1987 583 2042 nubilem
613 1988 900 2044 secundam
932 1987 1092 2044 veluti
1125 1990 1144 2019 ³
1177 1988 1607 2058 procreationem
1629 2029 1643 2055 ,
1681 1989 1935 2059 quoniam

361 2083 414 2140 in
447 2100 508 2137 ea
542 2100 667 2140 suas
698 2085 922 2140 virtutes
949 2085 1286 2140 manifestius
1311 2092 1642 2156 propagant;
1666 2083 1857 2138 deinde
1880 2083 1934 2138 in

355 2175 619 2234 memoria
663 2175 1016 2246 sensibusque
1043 2174 1380 2246 pbantasias,
1428 2176 1538 2230 imo
1576 2175 1740 2230 etiam
1785 2177 1942 2230 thcoc-

348 2267 574 2338 phanias
600 2268 1193 2338 accipientes—omne
1231 2268 1396 2334 enim,
1445 2270 1588 2340 quod
1634 2287 1697 2325 ex
1742 2279 1934 2324 natura

349 2374 531 2420 rerum
587 2359 638 2412 in
689 2358 945 2414 memoria
996 2359 1295 2424 formatur,
1339 2358 1655 2414 occasiones
1707 2374 1770 2414 ex
1825 2360 1935 2413 Deo

349 2452 548 2508 habere
564 2467 667 2506 non
693 2461 773 2508 est
797 2452 1150 2508 dubitandum
1174 2483 1235 2494 —
1251 2453 1482 2521 quodam
1507 2453 1664 2508 modo
1690 2452 1802 2508 ﬂeri
1828 2470 1932 2508 non

349 2541 415 2597 de
441 2543 544 2598 alia
578 2542 824 2606 materia,
857 2544 952 2598 sed
991 2544 1056 2598 de
1083 2544 1391 2614 semetipsis
1425 2545 1588 2600 facti?
1623 2543 1774 2600 Nunc
1807 2558 1933 2598 vero

349 2633 514 2689 veluti
543 2633 957 2706 expergefactus
986 2636 1037 2690 in
1066 2650 1152 2690 me
1177 2635 1350 2705 ipsum
1374 2635 1607 2700 rediens,
1633 2635 1935 2690 interioris-

343 2739 450 2796 que
480 2724 696 2792 luminis
720 2726 931 2782 radium
952 2726 1281 2782 luculentius
1301 2726 1654 2798 perSpiciens,
1680 2743 1760 2789 ea,
1788 2741 1931 2796 quae

343 2833 376 2874 a
408 2826 459 2873 te
480 2819 622 2874 dicta
651 2827 796 2888 sunt,
821 2833 1149 2890 cognoscere
1175 2819 1394 2888 incipio.
1417 2816 1642 2874 Conaris
1669 2819 1812 2874 enim
1831 2859 1846 2885 ,
1876 2826 1936 2874 ut

341 2907 555 2980 opinor,
599 2909 848 2976 suadere,
891 2923 1082 2966 omnes
1129 2923 1386 2965 numeros
1411 2925 1478 2964 ett
1508 2910 1740 2964 monade
1767 2909 1933 2966 veluti

343 3013 409 3053 ex
437 3001 667 3070 quodam
699 3002 845 3056 fonte
868 3011 1174 3067 manantes,
1204 3003 1379 3058 instar
1400 3002 1628 3058 duorum
1652 3002 1930 3058 ﬂuminum

342 3109 410 3148 ex
431 3109 536 3147 una
568 3108 698 3148 vena
723 3095 1052 3166 surgentium
1078 3094 1361 3164 proﬂuere,
1378 3096 1539 3166 inque
1591 3097 1724 3152 duos
1751 3096 1933 3154 alveos

341 3194 669 3256 segregatos,
719 3201 949 3256 quorum
983 3203 1122 3243 unus
1143 3203 1253 3259 .per
1287 3189 1574 3244 interiores
1617 3202 1781 3258 puros
1831 3203 1929 3242 na-

2043 1989 2320 2059 Siquidcm
2372 1988 2624 2044 credendi
2657 2003 2763 2044 non
2787 1995 2934 2052 sunt,
2956 1986 3048 2056 qui
3068 1986 3272 2051 dicunt,
3297 2001 3402 2042 non
3425 1987 3623 2056 ipsum,

2037 2084 2132 2142 sed
2161 2082 2379 2154 aliquod
2417 2081 2729 2153 ﬁgmentum
2779 2080 2833 2135 in
2875 2079 3224 2136 similitudine
3265 2079 3430 2149 ipsius
3459 2094 3624 2150 appa-

2037 2176 2239 2240 ruisse,
2273 2174 2546 2246 indignum
2571 2172 2878 2245 iudicantes
2913 2172 3148 2238 animam
3188 2179 3433 2226 sanctam
3465 2170 3511 2204 “
3541 2171 3625 2227 iu-

2037 2269 2433 2326 cantationibus
2458 2267 2806 2340 pythonissae
2826 2268 2894 2323 ab
2928 2266 2972 2298 ”
3009 2266 3195 2324 inferis
3225 2267 3487 2332 revocari,
3514 2282 3623 2322 non

2037 2359 2528 2415 animadvertentes
2569 2359 2808 2415 divinam
2849 2357 3244 2430 providentiam
3284 2373 3389 2412 non
3442 2357 3620 2416 minus

2035 2468 2132 2523 per
2160 2451 2487 2516 immundos,
2518 2466 2681 2521 quam
2723 2465 2821 2522 per
2861 2451 3092 2506 mundos
3115 2449 3337 2520 spiritus
3372 2457 3622 2506 naturam

2036 2559 2214 2598 rerum
2266 2543 2666 2600 administrare.
2717 2541 2943 2599 Constat
2982 2551 3196 2606 autem,
3247 2541 3481 2596 animam
3525 2540 3624 2596 Sa-

2036 2631 2227 2691 muelis
2253 2635 2298 2668 “
2321 2651 2420 2707 per
2451 2649 2513 2690 se
2551 2635 2720 2705 ipsam
2747 2635 2902 2704 quasi
2938 2635 2981 2668 ¹⁷
3027 2633 3312 2689 visibiliter
3347 2649 3453 2688 non
3485 2634 3532 2668 “
3568 2635 3624 2690 in

2035 2742 2282 2798 corpore,
2317 2741 2418 2782 nec
2448 2727 2501 2780 in
2541 2727 2722 2796 aliqua
2753 2724 3105 2781 similitudine
3138 2723 3467 2780 consulentis
3500 2740 3622 2781 eam

2035 2821 2177 2892 regis
2209 2821 2424 2876 animae
2462 2820 2816 2891 prophetasse
2843 2817 2908 2872 ”.
2954 2817 3021 2873 Et
3066 2817 3112 2873 si
3159 2815 3296 2872 forte
3327 2817 3487 2873 alicui
3518 2819 3622 2874 hoc

2034 2916 2248 2972 videtur
2275 2915 2592 2972 incredibile
2619 2913 2705 2969 vel
2727 2913 2952 2968 dubium
2983 2912 3048 2978 ³ο,
3075 2911 3218 2982 legat
3241 2917 3488 2966 sanctum
3516 2909 3622 2964 Au-

2033 3010 2305 3082 gustinum
2335 3009 2390 3064 in
2418 3007 2560 3064 libro
2587 3007 2656 3063 de
2681 3022 2813 3063 cura
2856 3005 3254 3062 defunctorum.
3299 3002 3407 3058 Nos
3433 3010 3616 3058 autem

2033 3103 2100 3158 ad
2130 3100 2569 3158 manifestissima
2600 3108 2829 3156 naturae
2863 3097 3107 3170 exempla
3145 3111 3519 3162 recurramus,
3545 3096 3618 3150 de

2035 3195 2231 3266 quibus
2258 3208 2415 3250 nemo
2438 3201 2586 3250 recte
2617 3191 3109 3264 philosaphantium
3130 3189 3428 3247 contendit.
3459 3189 3607 3244 Disc.

342 3287 517 3345 turae,
551 3279 652 3334 hoc
686 3287 789 3343 est,
835 3294 932 3350 per
987 3280 1342 3345 intellectum,
1372 3289 1425 3334 et
1457 3279 1740 3346 rationem,
1785 3279 1922 3334 alter
1950 3287 1995 3352 α
2027 3291 2146 3356 Dic,
2175 3303 2398 3360 quaeso,
2426 3302 2565 3358 quise
2589 3295 2713 3343 sunt
2735 3285 2845 3342 illa.

340 3386 470 3427 vero
502 3387 600 3443 per
625 3373 924 3430 exteriores
953 3373 1242 3430 visibilium
1272 3387 1452 3428 rerum
1479 3374 1690 3444 species
1722 3374 1918 3428 decur-

339 3467 414 3520 rit
444 3467 464 3497 ³
493 3476 540 3520 et
573 3481 670 3536 per
715 3481 926 3532 sensus,
956 3466 1128 3522 donec
1157 3466 1317 3522 simul
1355 3468 1405 3522 in
1443 3469 1756 3524 memoriam
1786 3483 1928 3524 cons

339 3553 526 3621 ﬂuant,
556 3557 606 3612 in
635 3573 741 3628 qua
774 3557 1142 3626 multipliciter
1172 3557 1491 3614 formantur.

410 3644 493 3700 15.
537 3646 640 3701 Sed
665 3647 936 3718 quomodo
963 3646 984 3678 ⁸
1008 3661 1096 3702 res
1136 3647 1503 3718 incorporeae,
1530 3658 1585 3703 et
1610 3665 1714 3704 non
1744 3649 1918 3705 solum

338 3751 370 3790 a
395 3737 664 3803 sensibus,
690 3753 878 3796 verum
904 3739 1068 3796 etiam
1091 3753 1158 3794 ex
1188 3739 1470 3804 memoria,
1499 3741 1758 3809 omnique
1783 3739 1918 3795 ima-

335 3825 605 3900 ginatione
671 3843 800 3899 prae
865 3829 1031 3883 nimia
1110 3843 1242 3884 suae
1304 3837 1531 3885 naturae
1599 3831 1915 3894 excellentia

331 3925 591 3981 remotae,
621 3917 672 3972 in
701 3919 957 3974 memoria
982 3919 1318 3986 sensibusve,
1347 3920 1448 3974 hoc
1467 3929 1570 3986 est,
1589 3921 1640 3974 in
1672 3921 1918 3990 imagini-

330 4005 434 4062 bus
461 4006 864 4078 visibilibnsque
906 4009 1094 4080 tiguris
1123 4009 1284 4066 veluti
1325 4009 1645 4080 quibusdam
1676 4014 1918 4082 corpori-

331 4098 434 4154 bus
462 4099 667 4170 possint
709 4099 732 4131 ⁸
756 4115 1027 4170 ,προεῖπε
1049 4142 1062 4167 ,
1106 4115 1212 4156 non
1252 4101 1386 4156 satis
1419 4101 1594 4156 video.
1632 4101 1771 4157 Mss.
1805 4102 1918 4160 Hoc

331 4203 440 4242 uno
469 4189 715 4260 exemplo
745 4199 911 4246 totum
960 4201 1011 4245 te
1061 4189 1363 4262 intelligere
1387 4191 1582 4246 sentio.
1632 4189 1712 4246 Ita
1749 4194 1914 4261 enim,

329 4288 391 4333 ut
419 4281 624 4348 dixisti,
663 4299 730 4339 ex
760 4285 986 4338 monade
1019 4284 1228 4340 numeri
1260 4291 1514 4350 manant,
1551 4293 1604 4339 et
1636 4285 1690 4340 in
1714 4301 1918 4342 memo-

329 4373 466 4426 riam
501 4378 522 4408 ⁸
557 4375 850 4431 conﬂuunt.
879 4377 952 4432 De
971 4393 1035 4432 eo
1065 4388 1268 4446 autem,
1292 4379 1433 4448 quod
1456 4395 1560 4436 non
1585 4381 1717 4436 satis
1741 4382 1912 4450 vides,

330 4466 514 4536 accipe
540 4469 678 4537 quod
711 4469 905 4523 sentio.
940 4467 1310 4539 Spiritualium
1329 4484 1509 4526 rerum
1540 4479 1732 4529 natura
1757 4488 1864 4528 non
1893 4473 1914 4504 τ

329 4555 405 4609 ita
473 4557 1017 4630 contemplationibus
1083 4561 1282 4616 mentis
1330 4562 1664 4628 succumbit,
1718 4549 1776 4619 ut
1820 4579 1916 4634 per

2094 3431 2183 3502 ll.
2205 3444 2343 3501 Mss.
2375 3443 2603 3500 Formas
2625 3457 2806 3500 rerum
2829 3441 3176 3513 incorporeas
3197 3454 3317 3496 esse
3339 3439 3610 3512 sapientes

2023 3539 2226 3594 dicunt.
2281 3537 2520 3594 Eandem
2572 3551 2786 3608 quoque
2847 3535 3168 3590 sententiam
3219 3535 3284 3590 de
3341 3531 3614 3589 coloribus

2020 3631 2329 3704 proferunt;
2353 3645 2448 3686 eos
2467 3629 2972 3700 enimincorporeos
2989 3642 3108 3682 esse
3125 3641 3248 3682 vera
3270 3625 3476 3680 ratione
3489 3638 3614 3678 con-

2019 3725 2156 3780 sulta
2178 3722 2548 3796 pronuntiant.
2571 3722 2718 3777 Dtsc.
2741 3719 2994 3792 Quisquis
3018 3717 3388 3782 inde-dubitat,
3407 3716 3546 3772 inter
3567 3717 3610 3750 “

2019 3819 2364 3890 philosophos
2391 3817 2566 3873 locum
2617 3832 2723 3872 non
2748 3815 2927 3872 habet.
2976 3813 3114 3870 Msc.
3161 3811 3219 3868 Si
3241 3829 3369 3885 ergo
3408 3812 3614 3868 formae

2020 3925 2180 3984 atque
2211 3911 2420 3967 colores
2447 3911 2498 3965 in
2527 3925 2754 3966 numero
2784 3925 2963 3966 rerum
3005 3907 3420 3978 incorporaliqu
3453 3921 3606 3961 como

2019 4013 2300 4076 putantur,
2344 4019 2447 4074 qua
2498 4003 2704 4058 ratione
2748 4001 2996 4058 sensibus
3043 3999 3318 4071 corporeis
3356 4013 3608 4052 succum-

2019 4097 2173 4162 bunt,
2198 4096 2462 4167 profer,si
2491 4102 2658 4164 potes.
2683 4092 2852 4150 Omne
2879 4091 3042 4156 enim,
3072 4091 3215 4162 quod
3240 4105 3335 4160 per
3353 4088 3538 4144 oculos
3561 4087 3609 4120 "

2019 4189 2268 4255 sentitur,
2329 4202 2432 4242 non
2477 4186 2634 4240 aliter
2680 4185 2780 4260 nisi
2827 4185 2880 4238 in
2926 4183 3096 4238 forma
3143 4182 3378 4238 colorata
3419 4175 3607 4236 sentiri

2018 4291 2217 4354 potest.
2243 4283 2388 4339 Disc.
2441 4279 2668 4339 Formas
2695 4285 2748 4333 et
2773 4275 2982 4332 colores
3007 4289 3104 4346 per
3126 4290 3184 4329 se
3215 4287 3474 4343 apparere
3497 4285 3603 4327 non

2021 4392 2179 4448 posse
2208 4375 2458 4440 aestimo,
2490 4372 2544 4427 in
2574 4371 2806 4442 quadam
2831 4383 2959 4424 vero
2984 4366 3208 4422 materia
3233 4365 3336 4420 sibi
3363 4363 3602 4434 subjecta

2020 4474 2298 4538 apparent.
2337 4462 2478 4520 Mss.
2522 4461 2688 4518 Miror
2716 4459 2889 4526 valde,
2914 4459 3012 4514 cur
3035 4467 3143 4512 tam
3183 4456 3339 4527 longe
3367 4470 3398 4510 a
3427 4451 3604 4524 philo-

2021 4559 2208 4629 sophia
2242 4557 2470 4614 recedis.
2498 4555 2643 4609 Dtsc.
2679 4553 2871 4607 Nescio
2895 4550 3003 4606 ubi.
3039 4550 3176 4606 MAG.
3209 4549 3324 4604 Non
3357 4557 3409 4602 te
3437 4545 3606 4602 sentis

326 4646 534 4718 singula
563 4648 628 4704 de
654 4649 758 4714 his,
782 4666 920 4720 quae
948 4653 1011 4705 de
1031 4667 1118 4718 ea,
1138 4651 1218 4705 vel
1244 4652 1294 4708 in
1321 4667 1408 4720 ea,
1434 4653 1517 4708 vel
1545 4669 1772 4724 peream
1795 4671 1914 4725 per-
1940 4655 1992 4718 Ι]
2016 4666 2227 4707 errasse
2247 4691 2262 4716 ,
2307 4647 2521 4719 quando
2559 4647 2742 4702 dixisti
2769 4687 2783 4712 ,
2836 4645 3035 4700 formas
3071 4651 3126 4698 et
3166 4641 3374 4697 colores
3413 4655 3510 4710 per
3545 4651 3604 4693 se

324 4747 589 4810 aguntur,
643 4740 904 4794 rationem
937 4742 1242 4796 reddamus.
1293 4742 1460 4798 Multa
1489 4745 1632 4799 enim
1663 4745 1712 4800 in
1739 4761 1802 4802 ea
1827 4761 1913 4801 so-

323 4825 438 4880 lent
483 4845 780 4900 apparere,
841 4848 978 4901 (piae
1030 4849 1135 4887 non
1182 4834 1478 4888 secundum
1541 4835 1786 4906 cognitas
1829 4837 1913 4892 vel

323 4917 625 4990 incOgnitas
668 4922 836 4993 ipsius
874 4922 1037 4993 leges,
1081 4923 1172 4979 sed
1206 4923 1346 4979 ultra
1375 4941 1591 4980 omnem
1630 4925 1800 4998 legem
1832 4927 1911 4982 di-

323 5011 450 5066 vina
492 5013 806 5080 voluntate,
865 5031 1004 5084 «litae
1045 5016 1187 5070 nulla
1237 5015 1350 5086 lege
1397 5017 1771 5083 concluditur,
1827 5029 1910 5075 cst

322 5105 466 5160 enim
490 5105 573 5161 lex
601 5103 776 5180 legum
804 5119 856 5164 et
885 5109 1020 5164 ratio
1051 5111 1345 5176 rationum,
1375 5109 1605 5165 mirabili
1635 5121 1689 5166 et
1721 5112 1906 5168 incﬂ‘a-

319 5195 416 5251 bili
448 5197 606 5252 modo
634 5199 785 5254 fiunt.
813 5201 944 5268 Quis
979 5201 1122 5256 enim
1159 5202 1418 5258 rationem
1459 5211 1637 5272 potest
1664 5204 1905 5272 reddere,

319 5285 366 5341 si
398 5285 761 5360 interrogatus
786 5289 974 5358 fuerit,
1001 5291 1271 5362 quomodo
1308 5292 1360 5348 in
1399 5293 1594 5363 spiritu
1635 5293 1656 5324 ⁸
1698 5293 1910 5367 Moyses

2020 4759 2126 4800 non
2157 4756 2315 4814 posse
2345 4739 2593 4798 sensibus
2641 4737 3014 4800 succumbere,
3044 4735 3146 4789 nisi
3191 4733 3242 4787 in
3277 4732 3455 4802 aliqua
3487 4745 3604 4785 ma-

2017 4833 2171 4896 teria,
2195 4847 2316 4887 cum
2342 4832 2456 4901 ipsa
2475 4828 2701 4884 materia
2722 4828 2790 4896 ",
2807 4843 3000 4882 carens
3020 4826 3191 4883 forma
3216 4833 3376 4894 atque
3399 4821 3600 4890 colore,

2013 4924 2233 4980 omnino
2264 4921 2549 4978 invisibilis
2580 4921 2654 4976 sit
2682 4929 2739 4976 et
2766 4920 3114 4994 incorporea;
3143 4936 3202 4974 ac
3235 4933 3331 4989 per
3357 4918 3460 4972 hoc
3506 4929 3601 4969 ne-

2013 5031 2164 5072 cesse
2191 5023 2293 5082 est,
2328 5013 2590 5070 rationem
2638 5011 2850 5080 reddas,
2895 5015 3163 5082 quomodo
3207 5010 3410 5066 formae
3451 5007 3496 5038 ”
3546 5014 3602 5064 et

2013 5112 2242 5178 colores,
2283 5112 2411 5168 dum
2451 5109 2802 5180 incorporeas
2845 5121 3068 5166 naturae
3099 5107 3223 5170 sint,
3269 5105 3321 5159 in
3373 5102 3597 5158 materia

2050 5221 2108 5258 er
2135 5220 2192 5259 se
2219 5203 2388 5273 ipsam
2418 5201 2465 5234 ’⁵
2494 5201 2855 5268 considerata,
2885 5201 2988 5257 hoc
3013 5208 3120 5266 est,
3170 5198 3286 5254 sine
3316 5195 3485 5250 forma
3517 5202 3599 5248 at-

2014 5313 2118 5367 que
2149 5296 2328 5352 colore
2374 5295 2696 5366 incorporati
2725 5303 2949 5352 possunt
2977 5293 3022 5325 ²⁶
3060 5291 3308 5356 sensibus
3349 5299 3600 5343 succum-

1597 5427 1851 5482 VARIAE
1887 5429 2288 5486 LECTIONBS.

395 5515 411 5546 '
443 5525 492 5572 et
535 5531 646 5571 om.
699 5516 743 5571 Δ

351 5595 585 5647 naniam.
662 5588 683 5618 ⁸
707 5587 747 5643 C

362 5695 377 5710 .
455 5667 497 5698 ιι
529 5659 679 5728 quasi
706 5675 814 5714 om.
841 5660 902 5713 Α.
979 5661 1022 5694 ¹²
1063 5661 1104 5716 Α
1138 5659 1308 5726 Quod.

318 5727 361 5760 "
389 5727 549 5796 quasi
573 5745 683 5783 om.
715 5731 775 5784 Α.
856 5731 899 5764 ⁸⁸
929 5749 1032 5786 non
1056 5748 1166 5786 utn.
1199 5732 1256 5786 (ἔ.

313 5796 412 5853 hoc
449 5799 672 5854 videtur.
746 5803 788 5836 ἰ
820 5801 1044 5859 Aintra.

312 5883 421 5925 non
445 5879 686 5941 possunt.

772 5599 1004 5660 possunt.
1082 5589 1102 5620 ⁸
1126 5589 1166 5660 Α
1191 5590 1459 5643 memoria.

1389 5660 1433 5693 ³⁸
1457 5659 1499 5712 Α
1534 5668 1628 5713 est.

1121 5804 1166 5834 "
1197 5817 1290 5873 per
1316 5801 1494 5857 oculos
1518 5812 1626 5858 om.
1666 5803 1730 5858 A.

847 5518 940 5573 Ἀ
998 5519 1371 5575 rationabilem
1423 5519 1750 5584 secundum;
1810 5520 1966 5574 veluti
2017 5521 2295 5577 sectmdam
2340 5533 2448 5574 om.
2513 5550 2555 5574 Α.

1537 5589 1556 5620 "
1582 5605 1683 5642 non
1717 5605 1826 5645 om.
1864 5591 1928 5645 A.
2003 5593 2024 5624 ⁸
2051 5595 2104 5646 in
2118 5591 2303 5662 spiritu
2325 5605 2434 5644 um.
2458 5589 2532 5662 A.
2597 5587 3039 5662 'riaibiliterom.
3060 5586 3124 5662 _C.

1709 5662 1724 5692 ¹
1736 5662 1752 5690 ἰ
1792 5663 1835 5716 Α
1871 5674 2279 5718 sacrosanctam.

1337 5731 1380 5762 ι’
1408 5731 1450 5783 Α
1477 5730 1769 5787 consulenti
1817 5749 1931 5788 eam
1971 5734 2076 5804 regi
2107 5735 2482 5806 prop/amasse.

1337 5801 1494 5856 nculos
1518 5812 1626 5858 oin.
1666 5803 1730 5858 A.
1819 5805 1865 5837 ³³
1889 5805 1934 5862 A
1959 5819 2082 5862 cum
2106 5804 2326 5859 materia
2353 5804 2482 5862 ipsa.

1959 5819 2082 5862 cum
2106 5813 2326 5859 inritam
2353 5813 2487 5874 ipsa.

2687 5516 2709 5549 ⁸
2757 5515 2848 5572 Sic
2897 5514 2971 5582 C,
3019 5515 3065 5569 Α
3113 5515 3404 5569 decurrere.
3505 5511 3594 5567 ‘A

3204 5586 3246 5617 ⁸ο
3273 5587 3452 5638 animo
3480 5599 3591 5640 om.

2356 5661 2402 5692 ¹⁵
2426 5660 2770 5730 pythonissae
2781 5658 3008 5728 potuisse
3025 5659 3112 5714 ab.
3191 5657 3236 5730 ξ’
3261 5655 3298 5710 (ἶ
3318 5654 3589 5730 Samuhel.

2570 5731 2615 5762 '°
2644 5731 2690 5786 Α
2721 5729 2881 5784 alicui
2921 5729 3213 5784 incredibili
3255 5727 3329 5782 vel
3365 5727 3583 5781 dubium

2580 5800 2627 5836 "
2654 5801 2701 5858 Δ
2733 5801 2926 5873 forma.
3022 5801 3068 5834 "
3097 5803 3142 5857 A
3166 5817 3226 5858 se
3249 5801 3382 5855 ima.
3477 5795 3527 5834 “
3549 5794 3594 5856 α
