4064 6292
453 345 560 402 665

1823 324 2105 386 JOANNIS
2140 324 2338 385 SCO'l‘l

3624 321 3760 385 668

442 459 601 523 'bere,
639 454 862 527 proinde
908 450 1336 509 ratiocinabilius
1379 448 1606 513 diceres,
1644 445 1927 502 materiam
1960 445 2038 500 iu—
2062 443 2220 508 Aeis
2267 443 2554 514 procedat,
2601 451 2658 498 et
2707 443 2761 497 in
2809 443 2891 499 eis
2924 441 3215 499 causaliter
3262 444 3544 502 subsistat.
3582 446 3751 506 Has.

453 548 681 605 formem
712 547 764 602 in
794 545 1065 603 coloribus
1090 558 1154 600 ac
1190 541 1405 607 formis,
1442 554 1605 612 quam
1643 536 1847 594 formas
1875 544 2037 606 atque

454 638 665 696 colores
716 638 770 693 in
824 637 1051 693 materia
1083 676 1099 702 ,
1160 632 1486 691 sensibiliter
1537 646 1819 702 apparere.
1886 629 2034 686 DISC.

453 727 607 783 Nunc
656 743 742 784 me
790 742 1004 784 errasse
1058 741 1166 781 non
1232 725 1477 795 denego,
1525 720 1693 777 falsae
1750 720 2040 776 ratiocina-

454 823 618 879 tionis
667 819 1059 878 consuetudine
1110 817 1388 887 deceptus,
1432 821 1488 869 et
1525 813 1673 884 jam,
1702 812 1831 882 quid
1860 826 2036 884 agam,

454 916 672 986 penitus
717 915 926 985 ignoro.
981 909 1123 967 MAG.
1178 905 1576 963 Recordarisne
1600 945 1614 970 ,
1645 903 1774 974 quid
1815 903 1882 959 de
1921 902 2041 973 ipsa

455 1009 683 1064 materia
728 1006 797 1062 in
823 1007 999 1077 primo
1043 1006 1182 1060 libro
1225 1004 1367 1058 inter
1395 1017 1496 1058 nos
1549 1009 1633 1056 est
1662 999 1969 1056 confectum
1997 999 2036 1064 ³,

455 1100 592 1156 ubi”
636 1116 700 1156 ex
744 1098 1154 1169 intelligibilium
1208 1097 1352 1152 coitu
1422 1096 1592 1164 ipsam
1634 1092 1752 1148 ﬁeri
1801 1091 2042 1162 disputa-

455 1191 676 1247 vimus?
729 1190 1067 1259 Quantilates
1136 1187 1401 1258 siquidem
1462 1194 1519 1240 et
1554 1184 1871 1256 qualitates,
1910 1182 2040 1237 dum

454 1301 554 1357 per
599 1300 659 1341 se
706 1284 1057 1354 incorporeae
1089 1282 1217 1347 sint,
1272 1281 1326 1334 in
1361 1294 1530 1334 unum
1563 1294 1693 1333 vero
1720 1277 1740 1308 ³
1783 1285 2042 1332 coeuntes

456 1374 742 1431 informem
798 1372 1035 1429 efﬁciunt
1084 1372 1410 1437 materiam,
1460 1386 1598 1440 quae
1649 1368 1876 1439 adjectis
1926 1367 2041 1423 for-

454 1468 558 1523 mis
616 1466 993 1537 coloribusque
1062 1465 1398 1535 incorporeis
1446 1463 1499 1518 in
1553 1463 1770 1518 diversa
1812 1475 2041 1531 corpora

455 1569 720 1617 movetur.
746 1561 887 1617 DISC.
916 1558 1196 1614 Recordor
1220 1572 1370 1612 sane.
1400 1555 1539 1612 MAG.
1565 1555 1643 1610 Ex
1669 1556 1829 1610 rebus
1859 1555 2042 1625 itaque

454 1651 886 1722 incorporalibus
950 1666 1179 1721 corpora
1240 1659 1557 1706 nascuntur.
1615 1647 1761 1703 DISC.
1831 1646 2043 1719 Negare

452 1761 559 1801 non
589 1760 840 1816 possum;
890 1744 1184 1814 praedictis
1229 1742 1375 1796 enim
1419 1740 1720 1796 rationibus
1754 1739 2040 1795 collectum

2139 535 2283 592 Sane
2312 535 2583 608 intelligis.
2612 534 2865 605 Proinde,
2894 537 2950 592 ni
2989 536 3168 604 fallor,
3197 552 3302 594 non
3330 542 3577 611 negabis,
3602 557 3750 597 om-

2136 628 2228 683 nia
2274 642 2501 699 corpora
2548 628 2843 698 composita
2896 638 2952 684 et
3011 629 3287 698 solubilia,
3340 647 3479 704 quae
3530 644 3755 694 natura

2138 734 2321 775 rerum
2374 718 2395 751 °
2456 720 2697 775 omnium
2747 729 3050 776 extremum
3100 723 3350 779 obtinent
3396 724 3607 793 locum,
3673 729 3753 786 de

2139 808 2319 881 aliquo
2347 825 2483 875 esse,
2519 826 2625 867 non
2652 821 2835 867 autem
2862 813 2930 869 de
2955 814 3142 870 nihilo.
3172 815 3321 873 DISC.
3351 816 3470 874 Non
3495 822 3748 892 negabo.

2143 906 2219 961 Ex
2252 906 2603 977 qualitatibus
2642 907 2788 962 enim
2830 918 2886 964 et
2906 910 3303 979 quantitatibus
3325 913 3658 984 simplicium
3687 927 3751 972 et

2140 998 2487 1054 invisibilium
2517 1014 2835 1070 corporum,
2870 1002 3231 1073 sensibusque
3263 1005 3750 1076 incomprehensi-

2140 1090 2329 1146 bilium
2359 1090 2686 1159 efficiuntur,
2713 1109 2855 1163 quae
2897 1106 3183 1165 propterea
3233 1096 3499 1156 elementa
3523 1117 3746 1157 vocan-

2143 1196 2250 1252 tur,
2298 1188 2553 1258 quoniam
2598 1204 2667 1244 ex
2720 1188 2931 1244 illorum
2977 1205 3248 1247 concursu
3292 1194 3473 1248 omnia
3498 1211 3743 1266 certior:

2142 1280 2392 1347 componi
2414 1289 2727 1335 naturarum
2749 1282 3099 1352 inquisitores
3127 1285 3301 1351 aiunt,
3322 1287 3452 1343 etin
3478 1304 3545 1343 ea
3570 1289 3749 1359 solvi,

2141 1378 2196 1426 et
2225 1370 2278 1424 in
2306 1371 2387 1425 eis
2423 1372 2643 1427 salvari.
2672 1371 2949 1428 Catholica
2987 1390 3205 1445 quoque
3242 1376 3420 1431 solent
3450 1378 3746 1449 appellari,

2144 1462 2197 1519 id
2226 1472 2342 1530 est,
2379 1462 2737 1531 universalia;
2775 1481 2841 1521 ex
2898 1467 3029 1538 ipsis
3070 1468 3337 1537 siquidem
3364 1472 3585 1543 propria
3616 1473 3747 1529 sin-

2143 1555 2390 1626 gulorum
2442 1571 2667 1627 corpora
2722 1556 2876 1613 ﬁunt.
2932 1559 3132 1615 lterum
3188 1560 3454 1617 elementa
3502 1578 3612 1618 non
3673 1564 3747 1621 de

2142 1646 2313 1701 nihilo
2349 1642 2508 1712 facta,
2542 1649 2635 1703 sed
2678 1664 2744 1704 ex
2765 1649 3205 1720 primordialibus
3235 1654 3414 1709 causis
3434 1656 3747 1724 procedere

2144 1737 2336 1793 fateor.
2367 1738 2513 1807 Quas
2545 1741 2918 1810 primordiales
2948 1758 3140 1800 causas
3171 1724 3328 1801 simul
3370 1756 3425 1803 et
3479 1751 3653 1805 semel
3687 1750 3745 1807 in

450 1847 554 1895 est.
586 1838 724 1895 MAG.
755 1838 995 1908 Corpora
1016 1851 1148 1909 ergo
1187 1851 1294 1891 non
1320 1835 1385 1890 de
1414 1833 1605 1900 nihilo,
1638 1833 1734 1889 sed
1761 1832 1826 1887 de
1846 1830 2036 1901 ‘aliquo
2069 1823 2115 1884 Β
2146 1832 2324 1889 Verbo
2355 1835 2449 1890 Dei
2496 1834 2668 1891 factas
2713 1835 2893 1893 nullus
2940 1838 3177 1895 ﬁdelium
3233 1841 3463 1908 dubitat,
3505 1844 3745 1902 audiens

449 1930 608 1987 ﬁunt.
638 1928 756 1984 Non
787 1930 930 1984 enim
962 1928 1085 2000 quis
1114 1927 1342 1991 dixerit,
1375 1925 1677 1996 praedictas
1725 1939 1911 1980 eorum
1945 1938 2040 1979 oc-

451 2022 698 2078 casiones
718 2021 850 2077 nihil
878 2035 1019 2088 esse,
1051 2022 1153 2076 hoc
1177 2029 1262 2075 est
1290 2019 1707 2089 quantitateset
1726 2016 2041 2087 qualitates,

449 2111 654 2171 formas
678 2115 765 2170 vel
799 2115 1037 2187 species,
1072 2113 1283 2169 colores
1307 2154 1321 2179 ,
1356 2111 1639 2167 intervalla
1668 2110 2041 2183 longitudinis,

449 2203 767 2272 latitudinis,
796 2206 1118 2271 altitudinis,
1148 2212 1204 2259 et
1233 2219 1357 2259 cum
1404 2203 1490 2259 his
1524 2202 1641 2259 loca
1677 2211 1733 2257 et
1774 2210 2039 2273 tempora.

451 2298 601 2368 Quae
643 2302 687 2354 si
737 2299 1091 2364 abstraxeris,
1136 2313 1362 2368 corpora
1403 2312 1507 2352 non
1554 2304 1714 2352 erunt
1752 2297 1809 2362 ‘;
1844 2296 1890 2352 si
1927 2311 1991 2352 ea
2021 2296 2043 2328 ⁸

456 2389 823 2457 conjunxeris,
855 2405 978 2447 mox
1012 2387 1340 2452 efﬁciuntur,
1364 2388 1479 2444 sive
1507 2388 1797 2455 catholica,
1830 2395 1889 2443 ut
1917 2396 2045 2444 sunt

454 2490 716 2553 quattuor
739 2482 923 2537 mundi
956 2482 1189 2537 maxima
1227 2496 1475 2552 corpora,
1510 2482 1623 2537 sive
1645 2481 1860 2551 propria
1879 2523 1893 2548 ,
1923 2496 2045 2553 spe-

452 2570 873 2640 cialissimisque
936 2570 1098 2625 rebus
1148 2569 1457 2626 distributa.
1509 2569 1661 2637 Quae
1719 2578 1915 2626 cuncta
1975 2586 2044 2626 ex

452 2670 711 2735 quattuor
733 2660 1068 2731 simplicibus
1094 2661 1378 2718 elementis
1396 2662 1650 2734 componi
1675 2677 1780 2719 non
1798 2664 2042 2735 negabis,

454 2764 512 2814 ut
563 2757 786 2827 opinor,
830 2755 1087 2826 quoniam
1134 2757 1190 2812 in
1239 2772 1302 2812 ea
1354 2758 1715 2814 resolvuntur.
1748 2758 1895 2815 DISC.
1926 2758 2043 2815 Non

451 2849 685 2921 negabo,
728 2847 823 2904 sed
854 2847 941 2902 illa
981 2848 1248 2904 elementa
1289 2864 1388 2919 per
1427 2864 1487 2905 se
1519 2851 1806 2923 simplicia,
1838 2867 2045 2924 suaque

454 2942 844 3012 compositione
876 2941 1118 2996 omnium
1146 2956 1435 3014 corporum
1471 2941 1713 2999 effectiva
1735 2985 1751 3011 ,
1781 2945 1847 3001 de
1875 2944 2045 3001 nihilo

453 3051 571 3091 esse
602 3035 745 3092 facta
790 3038 1042 3095 dixerim.
1072 3040 1212 3096 MAG.
1246 3039 1385 3108 Quid
1414 3055 1542 3112 ergo
1581 3040 1827 3096 dicturus
1869 3056 1932 3098 es
1975 3040 2044 3098 de

454 3129 633 3184 causis
666 3130 1100 3201 primordialibus
1137 3133 1193 3198 ⁸,
1236 3133 1300 3187 de
1339 3132 1536 3203 quibus
1571 3133 1738 3188 multa
1766 3134 2043 3190 diximus?

2143 1926 2460 1996 prepbetam
2486 1927 2753 1983 dicentem
2775 1928 2885 1985 Deo
2914 1946 2928 1984 :
2955 1929 3149 1987 Omnia
3177 1934 3232 1987 in
3258 1935 3516 2004 sapientia
3542 1936 3740 2007 fecisti,

2144 2016 2487 2089 frontemque
2536 2034 2724 2076 sacrae
2775 2020 3092 2093 Scripturae
3122 2026 3418 2096 aSpiciens,
3449 2044 3559 2099 qua
3601 2030 3742 2086 scti-

2143 2116 2295 2179 ptum
2336 2118 2454 2165 est:
2485 2109 2554 2165 In
2582 2113 2839 2184 principio
2866 2115 2987 2184 fecit
3014 2116 3157 2172 Deus
3184 2118 3386 2174 caelum
3419 2130 3470 2176 et
3515 2132 3739 2182 terram.

2146 2195 2285 2254 MAG.
2321 2198 2513 2255 Restat
2539 2216 2689 2273 ergo,
2716 2212 2775 2258 ut
2807 2219 3134 2275 quaeramus
3161 2208 3226 2263 de
3256 2209 3388 2280 ipsis
3408 2212 3738 2281 primordia-

2145 2289 2285 2345 libus
2326 2292 2527 2359 causis,
2555 2303 2737 2350 utrum
2768 2296 2822 2351 in
2854 2297 3031 2354 Verbo
3075 2300 3171 2355 Dei
3202 2302 3269 2357 de
3298 2304 3465 2359 nihilo
3506 2315 3636 2362 sunt
3658 2303 3740 2362 fa-

2147 2390 2287 2449 ctae,
2320 2399 2386 2438 an
2433 2400 2646 2457 semper
2694 2388 2750 2443 in
2794 2404 2860 2446 eo
2906 2393 3100 2447 erant?
3144 2393 3212 2449 Et
3248 2396 3295 2450 si
3328 2412 3546 2468 semper
3583 2400 3635 2456 in
3671 2416 3738 2458 eo

2146 2484 2324 2541 erant,
2358 2492 2465 2532 non
2496 2488 2637 2546 erat,
2667 2482 2885 2551 quando
2913 2499 3020 2539 non
3050 2497 3241 2554 erant,
3267 2489 3406 2544 sicut
3446 2490 3577 2547 illud
3606 2492 3740 2551 Ver-

2145 2565 2273 2621 bum
2297 2608 2311 2634 ,
2340 2568 2392 2623 in
2424 2584 2533 2640 quo
2569 2582 2746 2638 erant,
2774 2590 2880 2630 non
2905 2573 3044 2644 e'ra’t,
3075 2581 3291 2649 quando
3321 2598 3430 2639 non
3453 2597 3628 2642 erant.
3668 2589 3737 2645 Et

2147 2659 2191 2712 si
2225 2674 2439 2731 semper
2480 2662 2532 2717 in
2564 2677 2631 2719 eo
2662 2664 2842 2721 Verbo
2886 2678 3067 2735 erant,
3095 2674 3364 2740 quomodo
3394 2675 3448 2730 in
3498 2677 3619 2746 ipso
3671 2680 3739 2737 de

2147 2750 2317 2807 nihilo
2359 2752 2533 2810 factae
2570 2757 2735 2811 sunt?
2764 2758 2877 2813 Non
2908 2761 3053 2816 enim
3102 2765 3296 2820 rationi
3338 2770 3614 2834 convenit,
3647 2786 3735 2837 ea,

2149 2857 2287 2913 quae
2313 2860 2527 2915 semper
2556 2857 2732 2915 erant,
2759 2850 2827 2907 de
2868 2852 3039 2909 nihilo
3078 2854 3195 2911 ﬁeri
3243 2857 3548 2917 inchoasse.
3579 2864 3648 2919 Et
3690 2866 3737 2920 si

2148 2936 2269 3006 quis
2298 2937 2516 3007 dixerit,
2543 2941 2673 2997 illud
2702 2944 2868 3011 nihil,
2894 2946 2962 3001 de
2997 2942 3105 3017 quo
3134 2948 3311 3006 factae
3338 2962 3463 3008 sunt
3488 2954 3530 2985 '°
3552 2994 3569 3021 ,
3595 2970 3739 3010 sem—

2148 3044 2246 3099 per
2284 3040 2430 3097 erat,
2475 3042 2531 3088 et
2558 3050 2773 3106 semper
2803 3036 2870 3092 de
2918 3054 2985 3094 eo
3032 3040 3207 3098 factae
3251 3056 3398 3109 sunt,
3445 3056 3737 3116 quaeretur

2150 3122 2218 3176 ab
2246 3121 2357 3188 illo,
2394 3124 2483 3179 ubi
2510 3139 2724 3196 semper
2748 3137 2868 3182 erat
2897 3128 3025 3184 illud
3053 3131 3230 3187 nihil?
3254 3132 3443 3189 Utrum
3477 3136 3531 3191 in
3561 3138 3735 3193 Verbo

456 3220 833 3291 Quaerendum
858 3232 944 3280 est
971 3226 1113 3280 enim
1136 3266 1152 3291 ,
1177 3241 1347 3296 quare
1379 3240 1579 3281 causae
1600 3225 1886 3293 dicuntur,
1916 3227 1962 3282 si
1989 3226 2044 3282 in

2152 3213 2270 3279 Dei,
2299 3214 2352 3268 in
2379 3230 2485 3286 quo
2508 3218 2687 3271 omnia
2716 3220 3049 3288 subsistunt,
3095 3238 3162 3277 an
3199 3239 3296 3295 per
3324 3241 3383 3280 se
3418 3236 3576 3283 extra
3605 3227 3737 3284 Ver-

455 3315 680 3372 eﬁcctus
722 3331 850 3372 suos
893 3334 1000 3373 non
1057 3318 1387 3388 procedunt?
1433 3317 1711 3389 Siquidem
1758 3319 1805 3374 si
1864 3317 2047 3375 omnia

457 3417 681 3476 corpora
713 3421 777 3460 ex
808 3405 1110 3472 elementis,
1142 3407 1409 3464 elementa
1436 3422 1568 3463 vero
1595 3407 1663 3464 de
1698 3408 1900 3477 nihilo,
1930 3407 2050 3465 illo-

459 3513 577 3555 rum
605 3513 768 3553 causa
791 3498 1061 3553 videbitur
1085 3514 1205 3554 esse
1230 3499 1387 3565 nihil,
1415 3514 1521 3554 non
1543 3509 1723 3554 autem
1750 3500 1899 3570 ipsae
1927 3501 2043 3572 pri-

459 3591 748 3647 mordiales
777 3606 972 3647 causae
993 3593 1047 3658 ",
1102 3608 1237 3662 quas
1264 3593 1405 3647 Deus
1443 3592 1604 3648 Pater
1643 3593 1699 3647 in
1731 3594 1906 3649 Verbo
1949 3610 2047 3650 suo

460 3680 606 3737 fecit.
641 3682 708 3736 Et
735 3681 781 3736 si
828 3683 927 3748 ita,
964 3698 1071 3738 non
1120 3682 1255 3738 nihil
1280 3684 1386 3738 erit
1411 3683 1567 3749 nihil,
1600 3683 1695 3739 sed
1724 3684 1830 3740 erit
1857 3700 2041 3741 causa.

460 3772 531 3829 At
557 3773 605 3828 si
638 3771 802 3827 fuerit
845 3788 1044 3841 causa,
1094 3774 1284 3830 melior
1316 3775 1420 3830 erit
1453 3774 1536 3829 bis
1556 3815 1572 3840 ,
1619 3790 1848 3845 quorum
1884 3790 2048 3831 causa

461 3876 543 3922 est
570 3876 657 3922 :et
683 3868 995 3923 necessario
1023 3877 1297 3938 sequetur,
1324 3877 1381 3922 ut
1406 3878 1499 3923 aut
1530 3866 1762 3924 Verbum
1791 3868 1886 3925 Dei
1914 3869 2048 3924 nihil

462 3962 551 4028 sit,
580 3962 633 4016 in
660 3977 770 4034 quo
800 3961 959 4017 Pater
1002 3963 1181 4017 omnia
1211 3962 1367 4031 fecit;
1397 3964 1540 4034 quod
1564 3978 1661 4034 per
1691 3964 2048 4033 privationem

461 4055 684 4126 impium
727 4056 908 4112 dicere
947 4056 1248 4124 videbitur;
1290 4038 1506 4128 negatio
1561 4057 1704 4112 enim
1733 4056 1896 4112 Verbi
1952 4071 2051 4127 per

462 4148 837 4205 excellentiam
884 4157 1146 4215 naturae,
1181 4164 1284 4204 non
1330 4158 1510 4205 autem
1546 4164 1645 4221 per
1689 4148 2050 4219 privationem

464 4242 798 4299 substantiae
842 4242 897 4297 in
949 4241 1216 4313 theologia
1261 4241 1564 4313 reperitur;
1611 4249 1705 4296 aut
1732 4251 1888 4296 extra
1916 4239 2053 4296 Ver-

463 4335 589 4391 bum
617 4351 778 4391 causa
809 4335 1074 4406 quaedam
1100 4342 1353 4405 ponetur,
1392 4349 1531 4404 quae
1569 4333 1704 4389 nihil
1737 4333 1953 4400 dicitur,
1976 4332 2053 4390 de

464 4441 569 4498 qua
607 4427 749 4482 Dens
775 4427 958 4482 omnia
1003 4426 1151 4492 fecit,
1182 4434 1237 4480 et
1278 4426 1329 4480 in
1368 4441 1473 4496 qua
1502 4427 1710 4492 omnia,
1734 4426 2052 4497 priusquam

2149 3305 2311 3360 bum?
2357 3306 2416 3362 Si
2462 3309 2818 3380 responderit,
2848 3312 2903 3367 in
2937 3313 3114 3369 Verbo
3159 3330 3375 3388 semper
3403 3329 3547 3385 erat,
3575 3335 3738 3391 oppo-

2148 3408 2308 3453 netur
2333 3400 2404 3465 ei,
2431 3416 2536 3457 non
2565 3417 2694 3473 ergo
2739 3403 2892 3470 nihil,
2926 3406 3019 3461 sed
3066 3423 3322 3479 magnum
3352 3409 3559 3480 aliquid
3588 3420 3732 3479 erat;

2147 3490 2329 3544 omnia
2360 3491 2649 3561 siquidem,
2681 3508 2818 3563 quae
2847 3495 2897 3549 in
2926 3494 3109 3553 Verbo
3132 3498 3228 3553 Dei
3256 3498 3581 3568 subsistunt,
3610 3517 3736 3559 vere

2148 3593 2205 3640 et
2233 3586 2554 3642 naturaliter
2575 3588 2893 3657 subsistunt,
2923 3593 3053 3647 etin
3080 3593 3271 3650 ordine
3298 3596 3729 3666 primordialium

2148 3696 2434 3736 causarum
2481 3694 2901 3740 connumeratur
2952 3688 3014 3755 “,
3053 3690 3198 3758 quod
3243 3690 3378 3745 nihil
3427 3693 3737 3763 putabatur,

2148 3782 2203 3828 et
2225 3774 2293 3828 de
2320 3789 2428 3844 quo
2450 3776 2628 3830 omnia
2657 3774 2800 3832 facta
2828 3780 3142 3835 creduntur.
3178 3780 3235 3836 Si
3265 3798 3395 3838 vero
3420 3793 3577 3840 extra
3607 3786 3737 3842 Ver-

2148 3867 2275 3921 bum
2307 3880 2403 3936 per
2427 3882 2485 3922 se
2513 3870 2783 3937 putaverit
2826 3869 2983 3935 nihil,
3015 3870 3119 3927 duo
3154 3873 3420 3944 principia
3449 3875 3554 3930 sibi
3597 3877 3735 3932 invi-

2148 3975 2265 4016 cem
2305 3961 2531 4016 adversa
2556 4003 2570 4028 ,
2605 3962 2745 4017 sicut
2775 3979 2916 4019 unus
2963 3964 3433 4034 Manichaeorum,
3481 3969 3735 4027 aestima-

2148 4052 2295 4108 bitur
2333 4052 2557 4124 ﬁngere.
2612 4052 2760 4109 Multi
2826 4056 3088 4126 siquidem
3135 4059 3458 4115 secularium
3501 4062 3735 4132 philoso-

2147 4145 2381 4215 phorum
2403 4142 2691 4200 informem
2725 4147 3005 4201 materiam
3031 4158 3377 4205 coaeternam
3408 4150 3519 4206 Deo
3543 4169 3665 4210 esse
3693 4152 3736 4186 "

2148 4245 2498 4307 putaverunt,
2530 4236 2596 4291 de
2642 4252 2748 4308 qua
2784 4239 2965 4293 omnia
3008 4255 3173 4310 opera
3222 4257 3315 4296 sua
3364 4241 3524 4308 fecit;
3578 4259 3735 4314 quam

2124 4331 2435 4399 ~materiam
2461 4340 2744 4402 propterea
2775 4331 2910 4386 nihil
2938 4331 3224 4400 dicebant,
3252 4334 3401 4404 quia,
3424 4336 3734 4407 priusquam

2151 4425 2356 4482 formas
2384 4433 2441 4481 et
2466 4425 2672 4495 species
2692 4441 2721 4479 a
2744 4424 2854 4480 Deo
2884 4426 3171 4496 acciperet,
3194 4428 3246 4481 in
3270 4428 3415 4484 nullo
3442 4429 3488 4460 "
3509 4445 3734 4501 appare-

468 4521 678 4587 ﬁerent,
709 4520 1007 4575 constituit.
1051 4518 1223 4573 Aliter
1256 4519 1399 4573 enim
1435 4533 1598 4573 causa
1636 4534 1740 4573 non
1783 4526 1885 4573 est.
1913 4517 1980 4572 Et
2006 4517 2051 4573 si
2084 4553 2131 4614 ι)
2155 4519 2281 4585 bat,
2311 4535 2375 4575 ae
2420 4518 2583 4574 veluti
2630 4519 2846 4588 penitus
2889 4519 3023 4573 nihil
3050 4528 3168 4575 erat
3206 4519 3271 4574 “.
3296 4520 3565 4592 Quidquid
3594 4525 3733 4579 enim

467 4615 541 4672 ita
587 4621 688 4678 est,
721 4628 828 4682 qua
879 4612 1084 4667 ratione
1131 4610 1327 4666 dicitur
1370 4610 1525 4677 nihil,
1556 4626 1661 4665 non
1691 4610 1866 4665 video.
1898 4608 2053 4664 Prius

468 4705 734 4776 siquidem
775 4703 1003 4759 dixerim
1050 4701 1073 4734 ⁸
1114 4717 1233 4758 eam
1269 4703 1450 4757 omnia
1498 4715 1647 4767 esse,
1695 4716 1856 4772 quam
1897 4699 2052 4756 nihil.

2154 4613 2373 4668 omnino
2400 4622 2550 4669 caret
2593 4612 2766 4668 forma
2791 4621 2847 4668 et
2889 4612 3097 4683 specie,
3131 4628 3237 4668 non
3263 4614 3534 4674 immerito
3563 4623 3737 4685 potest

2153 4704 2337 4761 vocari
2384 4704 2538 4759 nihil.
2589 4705 2737 4772 Quas
2784 4719 2974 4760 omnes
3018 4703 3323 4761 delusiones
3360 4705 3452 4760 lux
3496 4706 3737 4765 veritatis

468 4799 527 4855 In
556 4812 722 4854 causa
760 4810 992 4867 namque
1023 4795 1201 4852 omnia
1220 4836 1235 4862 ,
1263 4809 1492 4865 quorum
1524 4809 1688 4850 causa
1722 4802 1838 4860 est,
1867 4809 2059 4850 causa-
2153 4795 2379 4866 expulit,
2410 4795 2479 4850 ab
2514 4810 2622 4849 uno
2649 4795 2916 4865 principio
2945 4794 3125 4850 omnia
3165 4810 3287 4851 esse
3315 4796 3660 4867 praedicans,
3688 4813 3738 4856 et

470 4893 595 4949 liter
620 4901 675 4949 et
702 4888 1124 4964 primordialiter
1150 4887 1472 4944 subsistunt.
1504 4886 1649 4942 DISC.
1675 4885 1852 4958 Cogor
1875 4884 2054 4951 fateri,

474 4992 732 5059 quattuor
761 4981 946 5038 mundi
996 4980 1155 5053 hujus
1200 4980 1469 5035 elementa
1520 4980 1572 5033 in
1619 4976 2057 5050 primordialibus

470 5075 653 5133 causis
681 5074 994 5130 subsistere.
1028 5070 1145 5127 Non
1174 5071 1318 5127 enim
1345 5070 1706 5141 quorundam,
1724 5070 1817 5126 sed
1843 5068 2058 5124 univcr-

471 5166 657 5223 saliter
697 5166 938 5221 omnium
1002 5161 1296 5219 visibilium
1352 5170 1409 5217 et
1463 5160 1811 5217 invisibilium
1861 5172 2059 5215 causae

472 5269 633 5327 sunt,
661 5270 718 5317 et
748 5258 883 5315 nihil
919 5260 975 5316 in
1004 5258 1197 5315 ordine
1223 5257 1551 5313 naturalium
1588 5259 1830 5313 omnium
1872 5271 2053 5321 sensu,

474 5370 571 5414 seu
600 5355 833 5423 ratione,
862 5366 962 5411 seu
1005 5351 1283 5409 intellectu
1324 5352 1642 5424 percipitur,
1671 5351 1818 5424 quod
1847 5366 1957 5407 non
1991 5348 2061 5406 ab

2154 4886 2229 4942 nil
2258 4888 2310 4942 in
2339 4895 2530 4941 natura
2560 4901 2741 4941 rerum
2764 4885 3054 4942 visibilium
3080 4894 3133 4942 et
3158 4886 3467 4944 invisibium
3488 4889 3735 4960 inveniri,

2160 4993 2377 5048 quoquo
2430 4976 2590 5033 modo
2648 4978 3017 5048 generationis
3068 4977 3122 5033 in
3175 4979 3411 5049 speciem
3466 4984 3735 5053 propriam

2159 5077 2428 5139 erumpat,
2457 5066 2599 5137 quod
2650 5068 2701 5121 in
2736 5068 2912 5123 Verbo
2942 5067 3036 5123 Dei
3074 5068 3353 5140 unigenito
3392 5074 3737 5131 aeternaliter

2162 5177 2268 5218 non
2313 5160 2596 5217 constat“
2621 5160 2893 5226 substitui,
2938 5160 2994 5216 in
3040 5175 3146 5231 quo
3185 5162 3367 5217 omnia
3398 5179 3563 5220 unum
3594 5177 3735 5235 sunt,

2162 5254 2445 5325 ipsumque
2474 5251 2643 5305 Deum
2688 5250 3047 5322 pronuntians
3072 5251 3273 5307 nullam
3317 5258 3599 5309 materiam
3647 5272 3734 5312 seu

2163 5360 2384 5401 causam
2415 5343 2783 5401 universitatis
2821 5359 2853 5399 a
2893 5359 2956 5402 se
2982 5344 3234 5402 conditae
3270 5348 3325 5403 in
3347 5363 3445 5404 sua
3478 5348 3734 5422 sapienti:

1757 5512 2015 5571 VARIAE
2045 5504 2444 5569 LECTIONES.

570 5658 589 5691 ¹
625 5657 670 5714 Α
690 5654 982 5728 confectum
1005 5651 1096 5728 sit.
1133 5653 1191 5728 _'
1217 5650 1310 5728 Sic
1333 5650 1405 5718 C;
1432 5649 1479 5705 Α
1504 5649 1643 5728 nisi;
1704 5647 1725 5679 ³
1750 5663 1867 5702 vero
1895 5662 2005 5703 om.
2033 5646 2099 5699 Α.

1557 5724 1578 5755 ⁸
1606 5719 1712 5775 Pro
1754 5729 1943 5773 natura
1976 5734 2149 5773 rerum
2177 5716 2223 5770 A
2257 5724 2589 5768 naturarum.

476 5731 498 5765 "
529 5744 723 5785 causae
762 5720 874 5785 om.
913 5725 981 5781 Α.
1076 5724 1100 5758 ⁸
1124 5720 1167 5779 C
1198 5724 1461 5778 dixerant.

2547 5640 2569 5672 ⁸
2602 5656 2666 5695 ea
2689 5639 2898 5710 om.,A.
2974 5638 2997 5671 ‘
3026 5638 3072 5694 A
3092 5639 3521 5710 primordialibus
3546 5642 3732 5700 causis.

2703 5710 2746 5743 ¹⁰
2772 5709 2898 5766 Non
2924 5711 3061 5766 enim
3096 5711 3290 5765 rationi
3319 5741 3393 5752 —
3415 5710 3586 5770 factae
3623 5722 3737 5770 sunt

2194 5643 2219 5675 ‘
2246 5641 2287 5700 C
2316 5657 2445 5697 esse.

480 5781 716 5859 oniin
759 5781 880 5853 ‘V‘HA
906 5794 1387 5852 connumerabitur.
1464 5794 1508 5828 ι’
1536 5792 1642 5848 Pro
1669 5808 1778 5846 esse
1805 5788 1847 5844 C
1876 5806 2003 5845 rem.
2083 5789 2127 5822 "
2162 5787 2268 5844 Pro
2295 5786 2351 5839 in
2388 5782 2533 5838 nullo
2558 5781 2605 5836 A
2631 5798 2756 5838 non.
2835 5782 2879 5814 “
2904 5792 3018 5838 erat
3045 5797 3157 5839 om.
3186 5781 3248 5837 C.
3328 5782 3372 5816 ³⁸
3398 5781 3491 5841 Sic
3512 5782 3621 5838 AC.
