4064 6292
248 427 354 485 665

245 626 391 681 intra
425 637 484 680 se
519 637 623 677 non
656 622 672 652 ³
717 619 1070 677 coessentiale
1116 618 1219 674 sibi
1248 619 1513 690 reperisse
1543 629 1595 685 ι,
1628 618 1694 673 de
1721 632 1829 688 quo

243 715 447 772 faceret
474 714 529 769 in
556 710 823 783 sapientia
850 724 966 773 sua,
1000 724 1139 779 quae
1164 708 1282 764 ﬁeri
1311 709 1332 740 ³
1361 709 1545 764 voluit.

316 804 405 860 15.
438 802 671 859 Proinde
719 815 828 856 non
878 799 1035 854 datur
1083 799 1234 855 locus
1284 798 1475 863 nihilo,
1525 814 1626 853 nec
1654 808 1827 864 extra,

242 915 349 957 nec
392 898 538 955 intra
566 897 766 963 Deum;
805 904 859 952 et
889 904 1066 953 tamen
1096 894 1162 950 de
1192 894 1360 950 nihilo
1402 894 1585 950 omnia
1613 893 1826 959 fecisse,

243 1005 378 1051 non.
400 991 455 1046 in
503 1004 699 1045 vanum
746 987 1007 1044 creditur.
1035 986 1115 1042 Ac
1136 1001 1233 1057 per
1258 986 1362 1041 hoc
1396 985 1472 1039 nil
1499 984 1642 1040 aliud
1674 968 1851 1039 datur'

242 1082 494 1156 intelligi,
524 1083 653 1137 dum
680 1080 949 1146 audimus,
984 1078 1167 1135 omnia
1195 1079 1262 1134 de
1293 1077 1460 1133 nihilo
1491 1077 1689 1143 creari,
1722 1076 1829 1132 nisi

242 1179 372 1253 quia
422 1184 576 1243 erat,
607 1175 821 1245 quando
870 1189 979 1229 non
1020 1171 1453 1242 erant.~ldeoque
1492 1185 1599 1225 non
1638 1170 1831 1224 incon-

243 1288 377 1345 grue
403 1271 665 1336 dicimus,
708 1281 922 1337 semper
951 1274 1141 1330 erant,
1188 1278 1402 1334 semper
1430 1279 1538 1319 non
1565 1270 1741 1328 erant,
1777 1269 1832 1317 et

243 1377 355 1416 non
403 1367 522 1416 erat
548 1358 763 1430 quando
793 1371 900 1411 non
930 1364 1086 1409 erant
1110 1356 1153 1420 ⁸,
1184 1361 1241 1408 et
1272 1353 1487 1423 quando
1511 1368 1617 1409 non
1654 1361 1827 1417 erant,

210 1460 386 1534 .erat.
439 1448 715 1519 Siquidem
747 1461 961 1515 semper
985 1452 1142 1500 erant
1183 1443 1239 1498 in
1285 1441 1459 1498 Verbo
1498 1443 1593 1498 Dei
1642 1456 1832 1498 causa-

241 1541 402 1608 liter,
433 1540 487 1595 vi
515 1548 569 1595 et
602 1546 867 1611 potestate
895 1537 917 1567 '
953 1535 1093 1592 ultra
1122 1535 1303 1591 omnia
1338 1535 1452 1589 loca
1483 1544 1537 1590 et
1567 1543 1829 1605 tempora,

243 1633 387 1691 ultra
413 1648 628 1689 omnem
664 1630 1066 1702 generationem
1097 1627 1343 1684 localiter
1377 1637 1432 1683 et
1465 1626 1834 1697 temporaliter

241 1728 444 1784 factam
482 1727 527 1793 ⁸,
568 1725 705 1781 ultra
746 1738 960 1780 omnem
992 1722 1223 1778 formam
1258 1738 1322 1776 ac
1347 1722 1365 1753 ⁷
1400 1722 1635 1790 speciem
1668 1734 1829 1775 sensu

242 1832 299 1880 et
346 1820 617 1876 intellectu
648 1818 951 1890 cognitam,
980 1815 1123 1871 ultra
1171 1830 1385 1870 omnem
1416 1813 1731 1884 qualitatem
1774 1820 1830 1866 et

1108 412 1197 469 DE
1232 410 1571 470 DIVISIONE
1608 408 1959 467 NATURAE.
1994 438 2067 452 —
2098 407 2303 465 LIBER
2338 404 2656 463 TERTIUS.

242 533 581 592 extrinsecus
601 526 897 598 accepisse,
923 525 1050 598 quia
1081 534 1238 582 extra
1269 524 1417 581 illum
1448 524 1584 580 nihil
1610 534 1718 590 est,
1742 523 1829 579 vel
1856 531 1908 591 Α
1933 537 2085 589 esse,
2115 530 2172 578 et
2218 530 2376 589 sunt,
2405 529 2463 577 et
2486 534 2614 576 vere
2660 533 2727 575 ac
2770 534 2984 591 semper
3029 519 3208 577 futura
3255 532 3409 591 sunt,
3459 524 3525 593 in
3608 515 3612 520 ’

3407 409 3512 467 666

1933 624 2193 687 quantum
2220 614 2275 668 in
2315 614 2427 669 suis
2465 612 2642 668 causis
2663 611 2982 668 subsistunt.
3010 612 3067 668 ln
3098 623 3356 685 quantum
3384 631 3514 671 vero

1932 709 1987 762 in
2033 708 2436 774 accidentibus,
2483 720 2623 777 quae
2664 706 2745 761 eis
2788 706 3511 779 extrinsecuscontingunt,

1933 798 2189 854 dicuntur
2230 813 2369 863 esse,
2400 812 2501 853 nec
2549 805 2724 851 tamen
2772 811 2922 860 vere,
2968 811 3068 852 nec
3106 812 3318 868 semper
3362 804 3509 853 sunt.

1934 888 2222 951 solventur
2246 891 2287 921 ¹⁷
2312 890 2453 945 enim
2480 888 2535 943 in
2578 902 2671 953 ea,
2702 902 2770 943 ex
2811 886 3008 958 quibus
3038 897 3310 957 assumpta
3353 897 3513 958 sunt,

1932 981 1989 1036 in
2017 980 2211 1052 quibus
2240 994 2367 1035 vere
2391 988 2444 1034 et
2490 992 2702 1048 semper
2744 985 2899 1043 sunt,
2928 977 3144 1047 quando
3174 978 3350 1032 omnis
3387 980 3519 1034 sub.

1933 1074 2129 1131 stantia
2155 1073 2222 1128 ab
2249 1072 2501 1128 omnibus
2525 1069 2966 1142 corruptibilibus
2996 1068 3363 1125 accidentibus
3383 1085 3512 1140 pur-

1933 1167 2168 1239 gabitur,
2197 1173 2251 1219 ct
2293 1165 2361 1220 ab
2399 1164 2670 1229 omnibus,
2716 1177 2854 1232 quae
2894 1162 2962 1217 ad
3002 1170 3198 1219 statum
3231 1176 3359 1215 suae
3388 1174 3516 1231 pro-

1933 1257 2085 1327 priae
2120 1263 2343 1310 naturae
2378 1269 2486 1309 non
2530 1254 2779 1319 attinent,
2821 1252 3154 1317 absolvetur,
3199 1251 3327 1307 solis
3359 1262 3515 1306 natu-

1884 1348 1888 1352 Α
1936 1353 2142 1409 ralihus
2169 1352 2459 1407 virtutibus
2487 1350 2705 1423 decora,
2733 1347 3005 1404 insolubili
3054 1346 3397 1416 simplicitate
3418 1386 3435 1414 ,
3461 1355 3514 1401 et

1934 1446 1991 1501 in
2017 1444 2126 1510 his,
2155 1443 2248 1514 qui
2274 1443 2398 1499 boni
2425 1450 2569 1505 sunt,
2597 1439 2751 1496 donis
2775 1439 2981 1511 gratiae
3012 1446 3200 1494 ornata
3219 1480 3233 1503 ,
3261 1447 3517 1494 aeternae

1932 1534 2282 1592 beatitudinis
2325 1532 2867 1603 contemplationibus
2900 1529 3058 1603 ultra
3103 1544 3320 1585 omnem
3361 1537 3519 1583 natu-

1934 1642 2084 1692 ram,
2132 1633 2187 1680 et
2230 1640 2406 1691 suam,
2428 1624 2742 1695 gloriﬁcata,
2770 1623 2934 1691 inque
2971 1622 3146 1690 ipsum
3195 1621 3360 1675 Deum
3390 1635 3519 1676 con»

1933 1734 2111 1785 versa,
2164 1717 2412 1788 Deusque
2454 1732 2560 1770 non
2604 1726 2818 1779 natura,
2866 1712 2960 1768 sed
3001 1712 3171 1783 gratia
3217 1710 3377 1767 facta.
3422 1709 3519 1767 His

1935 1813 2123 1883 itaque
2170 1811 2471 1866 rationibus
2519 1807 2913 1871 consideratis,
2958 1806 3079 1875 quis
3126 1804 3227 1858 nisi
3288 1803 3514 1858 nimium

241 1913 605 1985 quantitatem
624 1951 640 1977 ,
683 1919 973 1979 ceteraque
1023 1906 1323 1963 accidentia
1343 1946 1358 1972 ,
1388 1920 1483 1975 per
1517 1920 1655 1975 quae
1701 1904 1828 1959 sub-
1858 1899 1904 1958 Β
1934 1905 2121 1960 tardus
2159 1912 2251 1958 aut
2296 1902 2519 1957 nimium
2553 1899 2921 1957 coutentiosus
2946 1913 3053 1952 non
3079 1894 3372 1961 concedat,
3400 1909 3517 1949 om-

242 2006 446 2063 stautia
490 2000 909 2072 uniuscujusque
958 2008 1241 2059 creaturae
1296 1998 1613 2068 intelligitur
1673 2012 1828 2063 esse,

242 2114 357 2155 non
381 2099 403 2130 ⁸
432 2106 633 2164 autem,
662 2096 791 2167 quid
816 2095 907 2149 sit.
936 2095 1004 2148 Et
1028 2107 1242 2161 semper
1286 2107 1391 2146 non
1426 2098 1609 2157 erant;
1651 2089 1830 2160 prius-

239 2206 407 2264 quam
435 2190 581 2247 enim
622 2202 719 2261 per
743 2187 1147 2260 generationem
1182 2184 1234 2238 iu
1270 2182 1474 2240 formas
1508 2193 1565 2238 et
1594 2183 1827 2254 species,

240 2284 365 2341 loca
424 2292 479 2340 et
529 2292 810 2353 tempora,
860 2280 1022 2351 inque
1070 2277 1253 2333 omnia
1301 2275 1642 2340 accidentia,
1693 2289 1830 2344 quae

240 2386 499 2432 aeternae
529 2389 716 2430 eorum
756 2370 1089 2428 substantiae
1115 2369 1169 2423 in
1196 2367 1373 2423 Verbo
1402 2366 1496 2421 Dei
1530 2364 1831 2421 incommu-

238 2466 552 2523 nicabiliter
599 2463 920 2521 substitutae
966 2459 1254 2525 accidunt,
1306 2457 1675 2529 proﬂuerent,
1722 2472 1828 2510 non

238 2569 403 2617 erant
429 2562 482 2614 in
509 2557 873 2631 generatione,
909 2571 1009 2611 nec
1033 2556 1055 2588 ’
1079 2562 1237 2610 erant
1270 2552 1535 2619 localiter,
1566 2566 1665 2607 nec
1695 2559 1831 2606 tem-

237 2649 520 2723 poraliter,
564 2662 664 2703 nec
698 2647 749 2701 in
794 2644 1026 2717 propriis
1061 2642 1251 2699 formis
1279 2643 1684 2713 speciebusque,
1713 2640 1832 2711 qui-

243 2742 350 2799 bus
378 2739 678 2796 accidentia
706 2737 1040 2808 contingunt.
1067 2734 1146 2789 Ac
1186 2750 1286 2805 per
1327 2734 1429 2789 hoc
1466 2749 1572 2787 non
1612 2732 1829 2787 irratio-

241 2833 503 2892 nabiliter
542 2834 608 2888 de
636 2833 713 2887 eis
755 2830 1121 2901 praedicatur,
1155 2843 1261 2882 non
1297 2833 1448 2892 erat,
1476 2823 1694 2895 quando
1721 2839 1829 2879 non

242 2933 438 2990 erant;
485 2922 856 2994 temporaliter
887 2921 1030 2976 enim
1064 2919 1453 2976 inchoaverunt
1478 2932 1575 2986 per
1602 2931 1830 2986 genera-

246 3018 453 3072 tionem
479 3031 599 3072 esse
624 3015 765 3086 quod
799 3029 905 3069 non
942 3020 1128 3076 erant,
1154 2997 1286 3080 quia
1329 3023 1543 3079 semper
1569 3007 1624 3060 in
1653 3006 1830 3062 Verbo

244 3108 346 3164 Dei
369 3108 689 3172 subsistunt,
724 3106 778 3160 in
809 3120 916 3176 quo
941 3118 1040 3159 nec
1072 3118 1193 3158 esse
1220 3100 1482 3172 incipiunt
1510 3098 1552 3129 ¹ο
1581 3114 1597 3165 ;
1624 3096 1829 3152 inﬁnita

246 3211 335 3256 est
380 3200 523 3253 enim
580 3197 885 3254 aeternitas.
929 3195 997 3250 Et
1038 3203 1157 3249 erat
1223 3192 1437 3264 quando
1477 3206 1585 3246 non
1636 3196 1827 3253 erant;

1934 1996 2041 2061 nia,
2076 2009 2216 2064 quae
2242 2009 2311 2049 ex
2356 1994 2467 2049 Deo
2507 2001 2652 2056 sunt,
2695 1998 2749 2045 et
2785 1988 2829 2022 ³⁸
2852 1997 3074 2043 aeterna
3114 1986 3277 2043 simul
3301 2000 3421 2042 esse
3462 1992 3521 2041 et

1931 2086 2111 2144 facta?
2247 2148 2250 2152 Α

2005 2181 2091 2235 16.
2135 2179 2284 2235 Disc.
2337 2178 2479 2233 llaec
2522 2176 2652 2231 mihi
2692 2174 2947 2245 perplane
2992 2186 3154 2228 suasa
3205 2179 3349 2227 sunt.
3399 2168 3519 2227 Non

1934 2285 2111 2331 tamen
2157 2272 2335 2330 omnis
2378 2270 2700 2340 ambiguitas
2741 2284 2809 2322 ex
2837 2280 2921 2321 me
2949 2264 3125 2319 adhuc
3162 2262 3372 2333 repulsa
3414 2272 3514 2318 est.

1931 2369 2086 2438 Quod
2107 2368 2255 2424 enim
2283 2366 2326 2397 ¹⁹
2351 2364 2554 2429 dixisti,
2580 2370 2866 2434 propterea
2906 2358 3116 2423 omnia,
3142 2372 3280 2427 quae
3301 2373 3365 2412 ex
3407 2356 3520 2410 Deo

1933 2470 2092 2528 sunt,
2124 2468 2180 2515 et
2225 2470 2443 2514 aeterna
2475 2464 2531 2511 et
2558 2455 2701 2511 facta
2738 2461 2895 2518 sunt,
2941 2450 3068 2523 quia
3117 2450 3169 2504 in
3196 2449 3372 2505 Verbo
3420 2446 3520 2502 Dei

1934 2561 2158 2607 aeterna
2205 2558 2363 2613 sunt,
2396 2556 2486 2612 et,
2531 2556 2592 2600 ut
2638 2544 2716 2599 ait
2763 2550 2979 2597 sanctus
3008 2539 3379 2611 .Auguslinus,
3414 2554 3518 2591 non

1933 2642 2077 2712 facta
2123 2636 2535 2694 substantialiter
2564 2634 2863 2697 existenlia,
2902 2629 3255 2701 temporaliter
3283 2644 3398 2683 vero
3427 2642 3521 2696 per

1932 2734 2317 2805 generationem
2364 2730 2418 2782 in
2463 2727 2636 2796 forma
2682 2736 2729 2780 et
2767 2723 3032 2795 speciebus
3074 2730 3120 2776 et
3165 2719 3518 2774 accidentibus

1935 2804 2097 2895 facta,
2123 2823 2333 2879 sublata
2371 2820 2517 2876 omni
2546 2818 2897 2886 ambiguitate
2938 2814 3226 2886 perspicio.
3256 2804 3519 2880 Quoniam

1933 2930 2064 2972 vero
2094 2915 2354 2985 scriptum
2381 2921 2466 2967 est
2498 2928 2511 2964 :
2545 2910 2613 2964 In
2639 2908 2893 2981 principio
2918 2906 3039 2977 fecit
3067 2905 3212 2959 Deus
3241 2903 3443 2959 caelum
3470 2910 3521 2957 et

1934 3020 2127 3064 terram
2156 3050 2172 3075 ,
2209 3018 2303 3065 et:
2338 3006 2529 3062 Omnia
2571 3002 2825 3074 sapientia
2867 3000 3063 3069 fecisti,
3116 3012 3277 3066 cogor
3325 2994 3518 3061 fateri,

1933 3102 2112 3157 omnia
2135 3100 2188 3154 in
2226 3097 2398 3154 Verbo
2425 3096 2517 3151 Dei
2532 3103 2590 3151 et
2614 3093 2659 3136 I'
2682 3102 2899 3147 aeterna
2912 3098 2967 3143 et
2990 3088 3132 3142 facta
3155 3101 3293 3142 esse.
3324 3082 3520 3141 Omnia

1936 3194 2054 3248 dico
2078 3190 2310 3247 visibilia
2354 3198 2408 3245 et
2461 3185 2783 3250 invisibilia,
2816 3178 3128 3250 temporalia
3161 3185 3226 3252 et
3270 3184 3515 3241 aeterna,

248 3292 621 3364 temporaliter
664 3290 808 3347 enim
848 3289 1240 3344 inchoaverunt
1283 3300 1382 3355 per
1428 3281 1832 3356 generationem
1861 3280 1908 3342 C
1937 3297 2127 3340 omnes
2160 3279 2540 3352 primordiales
2566 3290 2759 3333 causas
2798 3287 2921 3329 cum
2967 3269 3218 3326 omnibus
3242 3267 3519 3323 effectibus

245 3376 379 3444 esse
397 3387 541 3458 quod
568 3401 677 3441 non
705 3392 881 3451 erant,
902 3384 1006 3438 hoc
1034 3388 1134 3444 est,
1162 3380 1215 3434 in
1245 3376 1438 3433 formis
1471 3384 1526 3431 et
1551 3374 1833 3445 speciebus

248 3493 535 3549 apparere.
566 3475 799 3533 Proinde
841 3474 887 3529 si
916 3473 1038 3545 quis
1077 3480 1328 3527 naturam
1360 3483 1540 3525 rerum
1596 3466 1834 3521 intentus

245 3568 609 3642 perspexerit,
653 3566 799 3622 nulla
848 3574 1098 3621 creatura
1128 3563 1169 3593 ¹¹
1211 3559 1458 3616 sensibus
1500 3572 1596 3613 seu
1619 3555 1830 3611 intelle-

247 3662 429 3717 ctibus
454 3659 810 3715 succumbens
836 3655 1153 3726 reperietur,
1184 3654 1250 3709 de
1274 3667 1379 3722 qua
1420 3647 1691 3705 veraciter
1725 3646 1831 3702 dici

246 3766 358 3808 non
400 3750 587 3822 possit,
618 3764 832 3819 semper
856 3753 993 3812 erat,
1021 3752 1077 3800 et
1116 3752 1235 3811 est,
1277 3751 1333 3797 et
1359 3741 1485 3807 erit,
1525 3747 1581 3794 et
1620 3753 1832 3809 semper

251 3858 365 3899 non
395 3852 536 3908 erat,
563 3856 664 3897 nec
706 3849 808 3906 est,
846 3855 944 3896 nec
991 3837 1115 3893 erit.
1151 3833 1429 3905 Siquidem
1477 3831 1833 3887 incommuta-

245 3937 433 3995 biliter
456 3944 513 3993 et
546 3946 687 4001 erat,
713 3943 770 3989 et
801 3941 906 4000 est,
932 3944 987 3988 et
1024 3930 1128 3988 erit
1172 3929 1287 4000 ipsa
1310 3927 1485 3999 prima
1520 3923 1833 3980 constitutio

247 4030 308 4087 in
340 4030 603 4101 sapientia
629 4028 726 4082 Dei
767 4041 865 4098 per
906 4020 1280 4095 primordiales
1308 4032 1534 4082 causas;
1580 4017 1675 4070 sed
1705 4013 1833 4084 quia

249 4123 374 4196 ipsa
410 4120 723 4178 constitutio
754 4118 856 4175 soli
900 4117 1012 4173 Deo
1050 4113 1265 4187 cognita
1295 4119 1412 4177 est,
1439 4121 1761 4178 omnemque
1790 4107 1833 4147 ³1

247 4229 473 4273 sensum
516 4222 571 4269 et
612 4210 944 4273 intellectum
990 4209 1153 4264 totius
1195 4213 1477 4261 creaturae
1520 4206 1771 4271 superat,
1802 4214 1834 4253 a

248 4306 510 4378 nulloque
531 4307 707 4362 adhuc
732 4304 1006 4360 intellectu
1027 4308 1213 4358 creato
1236 4295 1484 4369 cognosci
1507 4301 1684 4366 potest
1706 4292 1837 4363 quid

249 4401 344 4467 sit,
374 4399 563 4471 incipit
592 4414 689 4469 per
727 4395 1132 4470 generationem
1176 4387 1544 4461 temporaliter
1589 4385 1835 4454 accipere

249 4490 586 4562 quantitates
608 4497 663 4542 et
687 4487 999 4558 qualitates,
1024 4485 1078 4539 in
1107 4484 1301 4553 quibus
1324 4478 1485 4537 veluti
1513 4474 1832 4549 quibusdam

250 4580 599 4638 vestimentis
619 4587 809 4650 operta
834 4578 880 4613 ³⁸
902 4583 1080 4648 potest
1106 4572 1476 4638 manifestare,
1518 4570 1643 4641 quia
1663 4578 1745 4624 est
1766 4568 1834 4634 η,

1936 3377 2068 3442 suis,
2100 3374 2294 3446 quibus
2315 3372 2450 3428 ordo
2477 3369 2781 3426 seculorum
2811 3362 3055 3420 localiter
3073 3369 3129 3417 et
3153 3358 3523 3438 temporaliter

1933 3470 2232 3542 peragitur,
2259 3476 2316 3524 et
2343 3467 2576 3523 mundus
2621 3465 2721 3520 iste
2762 3459 2993 3517 visibilis
3040 3457 3289 3528 impletur
3313 3456 3380 3510 “.
3413 3452 3520 3510 Sed

1934 3560 2204 3631 quomodo
2245 3565 2424 3629 potest
2468 3557 2573 3612 hoc
2622 3549 3191 3623 rationiconvenire,
3225 3546 3292 3602 ad
3321 3559 3516 3617 purum

1933 3668 2043 3710 non
2069 3652 2222 3707 valeo
2249 3648 2577 3722 perspicere.
2605 3646 2746 3701 ΜΑε.
2788 3642 3026 3699 Putasne
3076 3639 3273 3712 igitur,
3302 3650 3388 3691 me
3422 3636 3518 3691 do-

1876 3756 1882 3765 ‘
1932 3759 2059 3802 cere
2104 3744 2373 3809 voluisse,
2399 3740 2614 3804 omnia,
2648 3738 2701 3792 in
2728 3744 2997 3811 quantum.
3033 3741 3253 3788 aeterna
3280 3729 3515 3798 sunt,.ia

1933 3834 2115 3893 Verbo
2146 3834 2239 3890 Dei
2270 3831 2547 3902 unigenito
2573 3836 2795 3883 aeterna
2820 3839 2941 3881 esse
2968 3840 2983 3892 ;
3015 3823 3069 3878 in
3097 3832 3518 3893 qumitunrvero

1936 3928 2078 3984 facta
2126 3934 2287 3989 sunt,
2335 3931 2489 3977 extra
2538 3920 2776 3975 Verbum
2822 3916 2966 3971 facta
3020 3915 3175 3971 esse?
3212 3913 3330 3968 Non
3372 3912 3520 3968 enim

1937 4018 2229 4083 aestimas,
2272 4012 2571 4070 rationibus
2611 4009 2856 4064 veritatis
2902 4005 3224 4071 convenire,
3255 4000 3520 4060 universi-

1937 4119 2103 4166 tatem
2132 4106 2383 4164 conditae
2414 4112 2644 4158 naturae
2673 4102 2727 4155 in
2755 4098 2934 4155 Verbo
2958 4107 3013 4153 et
3046 4106 3320 4152 aeternam
3357 4092 3523 4151 simul

1935 4215 1991 4260 et
2019 4202 2239 4259 factam.
2266 4200 2413 4254 Ι)ιε(;.
2442 4196 2558 4252 Νοη
2590 4193 2840 4266 putabam
2859 4232 2874 4257 ,
2898 4200 2950 4245 te
2979 4190 3057 4246 sic
3100 4187 3363 4244 docuisse.
3398 4186 3516 4242 Non
3545 4186 3553 4194 ’

1935 4295 2079 4351 enim
2106 4292 2332 4347 aestimo
2353 4329 2370 4358 ,
2397 4287 2562 4344 ullum
2609 4293 2756 4343 recte
2783 4280 3269 4356 philosophantium
3298 4287 3516 4351 putare,

1937 4386 2102 4442 totius
2148 4382 2518 4440 universitatis
2564 4389 2771 4451 partem
2801 4373 3063 4431 in.Verbo
3094 4372 3190 4427 Dei
3236 4379 3513 4426 aeternam

1936 4478 2250 4540 subsistere,
2298 4482 2510 4545 partem
2554 4479 2712 4525 extra
2739 4465 2976 4521 Verbum
3025 4460 3391 4533 temporaliter
3438 4459 3519 4515 fa-

1938 4582 2103 4630 ctam.
2154 4569 2289 4624 Nam
2348 4579 2524 4637 neque
2569 4561 2698 4617 sinit
2743 4573 2842 4614 nos
2892 4556 3018 4611 talia
3072 4555 3310 4626 cogitare
3361 4569 3517 4609 sacra

252 4690 365 4731 non
394 4683 575 4728 autem
602 4647 730 4742 quid
757 4672 844 4726 sit.
878 4647 1099 4723 Inchoat
1122 4679 1250 4736 ergo
1275 4661 1670 4735 quodammodo
1693 4674 1832 4724 esse,
1862 4656 1914 4717 D
1941 4664 2242 4732 Scriptura,
2272 4674 2408 4729 quae
2435 4656 2565 4713 dicit
2590 4654 2642 4708 in
2668 4651 2881 4707 Psalmo
2912 4666 2926 4703 :
2962 4647 3154 4703 Omnia
3182 4663 3237 4701 in
3261 4647 3518 4716 sapientia

250 4784 363 4827 non
388 4769 444 4824 in
465 4775 727 4839 quantum
753 4767 806 4821 in
834 4764 1015 4821 causis
1038 4760 1476 4834 primordialihus
1503 4759 1546 4790 ⁸³
1572 4757 1836 4822 subsistit,

250 4857 353 4918 sed
397 4859 451 4913 in
491 4868 750 4929 quantum
791 4872 859 4913 ex
906 4854 1084 4912 causis
1134 4850 1517 4921 temporalibus
1564 4849 1607 4880 ¹⁶
1654 4848 1842 4918 incipit

253 4969 538 5027 apparere.
567 4953 769 5009 Causas
812 4959 992 5005 autem
1035 4945 1356 5016 temporales
1398 4943 1519 4998 dico
1548 4940 1833 5011 qualitates

253 5056 311 5104 et
345 5045 674 5117 quantitates
714 5051 770 5100 et
806 5051 1006 5105 cetera,
1047 5053 1187 5110 quae
1229 5035 1540 5092 substantiis
1582 5032 1834 5087 accidunt

254 5138 627 5212 temporaliter
646 5153 744 5210 per
763 5135 1183 5208 generationem.
1206 5130 1275 5186 Et
1298 5130 1418 5184 ideo
1439 5131 1506 5183 de
1531 5127 1595 5183 iis
1616 5127 1717 5183 dici
1726 5135 1829 5193 tur,

253 5240 379 5290 erat
398 5231 615 5303 quando
635 5245 742 5286 non
768 5236 954 5293 erant;
979 5241 1085 5282 non
1112 5223 1255 5279 enim
1281 5236 1493 5291 semper
1515 5220 1567 5274 in
1592 5218 1811 5274 acciden

251 5319 405 5381 tibus
439 5321 790 5393 apparebant.
830 5316 1036 5375 Eadem
1063 5314 1275 5373 ratione
1298 5320 1355 5368 et
1392 5324 1535 5368 nunc
1578 5308 1833 5364 dicuntur

1937 4754 2140 4825 fecisti;
2170 4751 2225 4805 in
2253 4748 2448 4806 Genesi
2481 4764 2494 4799 :
2521 4745 2588 4799 In
2625 4742 2881 4813 principio
2917 4739 3036 4808 fecit
3076 4738 3213 4792 Deus
3239 4737 3439 4791 caelum
3469 4747 3516 4790 et

1937 4818 2167 4909 terram;
2190 4840 2478 4911 Apostolus
2501 4854 2514 4890 :
2545 4835 2610 4890 In
2629 4850 2751 4906 quo,
2769 4832 2964 4901 inquit,
2988 4840 3162 4884 creata
3182 4818 3301 4883 sunt
3318 4830 3515 4894 omnia,

1935 4950 2068 5007 quae
2093 4941 2211 4986 sunt
2239 4931 2293 4984 in
2321 4927 2479 4982 caelis
2507 4934 2553 4979 et
2582 4940 2715 4995 quae
2740 4922 2793 4976 in
2822 4930 2984 4984 terra,
3012 4921 3116 4974 sive
3151 4917 3373 4974 visibilia
3416 4918 3517 4971 sive

1935 5005 2233 5086 invisibilia,
2273 5021 2378 5074 sive
2410 5015 2628 5080 Throni,
2653 5015 2760 5068 sive
2783 5006 3200 5071 Dominationes,
3223 5009 3326 5062 sive
3357 5005 3517 5059 Prin-

1937 5119 2163 5189 cipatus,
2190 5114 2294 5168 sive
2325 5110 2643 5173 Potestates,
2674 5104 2849 5159 omnia
2880 5118 2944 5156 ea:
2970 5101 3081 5173 ipso
3110 5112 3157 5154 et
3201 5116 3292 5169 per
3313 5099 3511 5168 ipsum,

1934 5220 1985 5266 et
2017 5211 2075 5264 in
2110 5208 2280 5279 ipsum
2324 5210 2499 5258 creata
2542 5207 2698 5264 sunt;
2738 5198 2793 5252 in
2836 5192 3170 5263 Evangelia:
3203 5190 3394 5245 Omnia
3423 5204 3517 5259 per

1936 5302 2107 5372 ipsum
2134 5297 2276 5369 facta
2299 5301 2440 5361 sunt,
2468 5300 2516 5349 et
2545 5290 2658 5346 sine
2682 5290 2794 5361 ipso
2817 5287 3016 5358 factum
3038 5293 3112 5339 est
3141 5280 3272 5338 nihil
3292 5298 3311 5337 :
3338 5292 3516 5352 neque

1538 5458 1795 5517 VARIAE
1829 5452 2233 5516 LECTlONES.

366 5617 392 5657 ι
417 5628 521 5667 non
545 5624 654 5667 om.
683 5608 750 5665 Δ.
824 5610 846 5641 ³
870 5605 976 5663 Pro
1013 5603 1259 5676 reperisse
1286 5598 1328 5658 C
1357 5615 1428 5676 re_
1446 5595 1736 5676 subaudi__a
1760 5592 2111 5676 superioribus
2140 5588 2269 5676 nihil
2313 5602 2524 5676 perisse.

965 5677 989 5710 '
1016 5665 1357 5745 C'potestate
1401 5671 1604 5745 [gratam
1631 5665 1771 5745 ultra
1794 5672 1920 5745 cet.

1069 5731 1230 5790 ίῦίωιι
1257 5760 1366 5790 nm.
1401 5731 1465 5790 'C.
1567 5737 1608 5768 “
1633 5736 1679 5790 A
1712 5743 1926 5789 natura.
2003 5733 2047 5765 ¹⁹
2074 5731 2120 5788 Α
2147 5747 2346 5785 omnem
2377 5743 2516 5782 vero.

253 5699 457 5739 -non
486 5690 634 5736 erant
662 5696 771 5736 om.
801 5677 862 5736 C.

259 5752 309 5789 ‘°
331 5753 696 5824 temporaliter
716 5752 854 5824 enim
880 5779 951 5824 -_—
975 5741 1230 5824 incipiant
1257 5760 1366 5800 om.

254 5838 369 5882 non
398 5813 500 5881 est.
596 5823 641 5857 "
672 5821 715 5876 Α
745 5822 796 5876 in
838 5813 1261 5890 primordialihus
1299 5813 1493 5890 causis.

1611 5806 1658 5846 “
1687 5805 1733 5861 Α
1762 5820 1828 5860 ex
1856 5802 2225 5875 temporalibus
2267 5798 2460 5855 causis.

2626 5583 2648 5615 ³
2672 5580 2720 5636 Α
2747 5578 2954 5644 omnia,
2984 5588 3145 5647 quae.

2605 5653 2628 5687 "
2648 5650 2691 5708 C
2710 5661 2778 5705 et.
2874 5649 2898 5681 ⁸
2937 5648 2985 5704 Α
3009 5647 3147 5702 novi.

2593 5722 2638 5755 ¹⁸
2665 5721 2707 5777 C
2732 5729 2930 5791 aperta.
3011 5715 3057 5749 ⁸⁸
3085 5716 3178 5791 Sic
3207 5715 3284 5784 C;
3312 5716 3359 5772 A
3380 5713 3512 5791 quia

2557 5794 2598 5828 "
2642 5791 2688 5848 A
2716 5783 3023 5848 solvuntur.
3127 5790 3171 5824 ιδ
3217 5783 3277 5842 et
3307 5783 3415 5842 om.
3444 5783 3509 5842 (Σ.

2012 5662 2033 5694 ⁸
2072 5662 2267 5732 factum
2308 5654 2416 5716 om.
2448 5654 2512 5712 C.

403 5872 600 5951 antem.
672 5872 722 5925 ἦ
745 5872 963 5947 123m.
994 5889 1060 5945 A.
1136 5888 1181 5922 “
1229 5884 1582 5958 peragitur—
1607 5872 1982 5949 impleturhom'.
2015 5872 2077 5929 C.
