4064 6292
621 380 727 441 657

2005 374 2288 434 somnus
2326 373 2523 432 SCOTl
3732 380 3806 440 εδδ

620 501 800 567 ratio;
858 506 1011 555 extra
1054 496 1291 553 Verbum
1344 493 1422 550 nil
1476 499 1501 536 ι
1556 493 1704 549 valet
1742 494 1922 566 perire
1962 495 2206 551 substan-
2234 503 2280 561 Α
2313 502 2404 547 aut
2445 490 2777 546 intellectum
2810 490 2864 546 in
2891 490 3009 557 bis,
3038 504 3175 561 quae
3199 505 3412 549 omnem
3441 496 3809 564 superantintalo

620 596 862 659 tiallter,
919 601 1013 648 aut
1063 590 1358 647 secundum
1409 589 1683 645 accidens.
1732 588 1944 644 Clamat
1989 591 2132 644 enim
2188 606 2200 645 :

620 686 833 751 Omnia,
878 699 1018 755 quae
1048 691 1172 739 sunt
1198 690 1254 739 et
1282 697 1423 753 quae
1449 697 1556 736 non
1586 690 1741 747 sunt,
1770 697 1878 736 non
1909 682 2204 737 secundum

618 778 974 851 privationem
1022 775 1184 840 dico,
1232 774 1327 829 sed
1379 774 1674 829 secundum
1725 773 2099 829 excellentiam
2152 773 2206 828 in

618 868 799 928 Verbo
827 867 1378 939 comprehenduntur,
1419 875 1473 921 et
1512 876 1637 922 sunt
1665 868 1718 922 in
1746 881 1813 923 eo
1840 875 1896 922 et
1924 882 2029 923 non
2058 876 2203 923 sunt.

578 942 585 949 O
620 963 759 1019 Sunt
787 962 1029 1034 quidem,
1069 976 1209 1031 quae
1237 960 1507 1016 intellectu
1538 976 1633 1016 seu
1664 975 1827 1017 sensu
1855 959 2201 1031 colliguntur,

619 1069 727 1114 non
751 1064 877 1112 sunt
901 1070 1051 1120 vero,
1086 1069 1225 1125 quae
1253 1068 1470 1109 omnem
1512 1068 1731 1109 sensum
1778 1061 1832 1108 et
1876 1052 2207 1108 intellectum

620 1154 897 1220 superant.
921 1146 1073 1213 Quod
1105 1155 1283 1200 autem
1310 1146 1488 1200 omnia
1518 1146 1567 1199 in
1592 1144 1772 1200 Verbo
1794 1145 1889 1201 Dei
1911 1155 1966 1200 et
1986 1152 2206 1199 acterna

620 1241 783 1299 simul
809 1249 863 1297 et
892 1240 1035 1295 facta
1062 1247 1217 1303 sunt,
1250 1237 1483 1293 Joannes
1514 1238 1794 1310 theologus
1812 1280 1825 1303 ,
1856 1238 2115 1292 hauriens
2140 1237 2209 1291 de

620 1344 841 1408 pectore
863 1333 1161 1404 sapientiae
1208 1339 1458 1387 aeternas
1484 1331 1875 1401 intelligentiae
1903 1345 2073 1400 aquas
2094 1336 2115 1367 ²
2143 1345 2207 1384 ac

619 1426 910 1493 veridicas,
948 1434 1174 1481 testatur
1202 1423 1387 1479 dicens
1416 1442 1429 1477 :
1473 1422 1628 1490 Quod
1660 1422 1859 1492 factum
1901 1431 1975 1476 est
2012 1422 2065 1475 in
2096 1422 2207 1489 ipso

619 1520 724 1575 vita
766 1527 896 1572 erat.
937 1516 1063 1573 Sive
1091 1516 1213 1587 quis
1244 1515 1538 1571 secundum
1577 1514 1935 1585 Augustinum
1974 1514 2054 1569 sic
2092 1511 2206 1567 dis-

620 1610 871 1683 tinguat:
922 1606 1075 1674 Quod
1122 1608 1323 1678 factum
1365 1616 1440 1661 est
1482 1606 1719 1661 localiter
1752 1615 1801 1660 et
1832 1606 2202 1676 temporaliter,

618 1701 676 1756 in
711 1702 822 1772 ipso
856 1701 960 1755 vita
991 1710 1123 1753 erat.
1157 1699 1271 1755 Non
1302 1699 1445 1753 enim
1477 1698 1803 1754 credendum
1833 1707 1935 1762 est,
1971 1708 2065 1752 aut
2097 1696 2206 1752 ullo

618 1793 781 1849 modo
812 1792 1212 1848 aestimandum
1252 1793 1317 1847 de
1366 1792 1721 1848 solertissimo
1754 1792 2002 1846 veritatis
2031 1790 2208 1860 inqui-

2311 588 2534 645 lectum.
2582 586 2719 643 Num
2754 591 2775 622 '
2812 589 3104 653 aestimas,
3135 588 3349 643 divinae
3378 591 3649 660 sapientiae
3672 609 3810 664 propo-

2310 680 2472 735 situm
2505 680 2864 736 intellectibus
2892 689 2988 735 aut
3014 682 3266 736 humanis
3287 721 3302 745 ,
3332 689 3423 736 aut
3447 684 3676 753 angelicis
3695 701 3809 755 posse

2311 772 2428 827 ﬁeri
2456 771 2831 839 manifestum,
2861 773 2989 828 dum
3019 772 3152 844 legis
3177 773 3246 837 ιο,
3275 773 3493 845 mystica
3516 774 3595 827 illa
3620 777 3808 833 animalia

2312 866 2415 922 alis
2443 866 2556 922 suis
2583 876 2637 922 et
2693 868 2875 923 vultus
2905 867 3085 922 velare
3118 876 3171 921 ct
3202 869 3396 938 pedes,
3440 868 3537 923 hoc
3572 879 3643 923 est
3677 870 3809 926 altitu-

2312 960 2491 1015 dinem
2521 960 2734 1015 divinae
2760 960 2976 1015 virtutis
3004 959 3201 1015 intueri
3228 974 3245 1028 ;
3280 960 3516 1015 timentia
3555 975 3692 1031 super
3724 977 3805 1016 om-

2317 1069 2441 1108 nem
2468 1053 2744 1109 conditam
2773 1062 3024 1109 naturam
3063 1062 3119 1109 et
3161 1052 3571 1124 profunditatem
3609 1054 3744 1125 ipsius
3773 1057 3808 1110 in

2312 1145 2427 1211 his,
2478 1159 2617 1216 quae
2640 1160 2737 1216 per
2764 1159 2883 1203 eam
2902 1183 2918 1211 ,
2947 1154 3004 1200 et
3028 1145 3084 1200 in
3115 1160 3179 1201 ea
3197 1185 3213 1210 ,
3244 1152 3301 1199 et
3324 1145 3367 1180 ⁸⁸
3389 1144 3455 1200 de
3479 1158 3537 1198 ea
3565 1144 3684 1199 facta
3706 1156 3807 1200 sunt.

2310 1239 2422 1296 Nec
2455 1246 2501 1281 ἰ
2531 1249 2710 1295 tamen
2741 1239 2994 1294 desinunt
3022 1237 3206 1294 volare
3237 1251 3449 1292 sursum
3479 1251 3663 1292 versus.
3685 1236 3807 1302 Quae-

2311 1339 2438 1386 runt
2466 1332 2609 1386 enim
2648 1344 2883 1401 semper,
2922 1337 3184 1399 quantum
3227 1337 3485 1398 possunt,
3527 1328 3707 1381 divinae
3727 1342 3808 1397 gra-

2312 1424 2419 1479 tiae
2448 1422 2720 1477 vehimine
2750 1435 2987 1491 suaeque
3030 1428 3257 1475 naturae
3278 1418 3565 1475 subtilitate
3599 1417 3807 1474 sublevat:

2311 1526 2386 1585 et,
2417 1531 2555 1588 quae
2585 1517 2630 1558 ³³
2656 1532 2817 1589 super
2862 1530 2921 1572 se
2965 1524 3121 1584 sunt,
3152 1516 3208 1571 in
3253 1515 3516 1570 inﬁnitum
3556 1512 3808 1585 appetentis.

2312 1609 2413 1666 Ubi
2445 1618 2622 1664 autem
2651 1608 2913 1665 delicium
2936 1649 2954 1676 ,
2985 1616 3303 1665 reverenter
3354 1608 3526 1665 vultus
3562 1622 3697 1673 suos,
3734 1606 3807 1663 hoc

2311 1711 2395 1758 est
2413 1744 2427 1769 ,
2462 1701 2933 1773 contemplationis
2961 1700 3347 1758 aciem‘divino
3374 1701 3521 1756 radio
3546 1712 3810 1771 repertam

2313 1796 2652 1851 abscondunt
2693 1794 2761 1861 ⁸⁵,
2806 1805 2862 1851 et
2908 1795 2977 1851 ab
3022 1794 3250 1851 introitu
3279 1789 3809 1865 incomprehensibiliua

619 1885 807 1951 sitore,
828 1892 1115 1956 propterea
1154 1884 1504 1956 Evangelium
1541 1884 1776 1939 voluisse
1812 1883 1834 1914 ³
1863 1884 1942 1939 sic
1972 1882 1996 1915 ⁸
2022 1883 2211 1938 distin—
2239 1870 2285 1931 Β
2316 1886 2694 1958 mysteriorum
2720 1884 2768 1920 ¹³
2792 1900 2920 1941 suos
2947 1885 3280 1957 theologicos
3308 1885 3469 1956 pedes
3488 1925 3502 1949 ,
3531 1884 3623 1939 hoc
3644 1891 3735 1947 est,
3757 1881 3810 1935 in-

619 1992 819 2052 guere,
862 1985 922 2031 ut
960 1977 1295 2041 insinuaret,
1340 1978 1483 2046 quod
1530 1975 1730 2031 factum
1770 1985 1855 2030 est
1882 1973 2132 2029 localiter
2155 1981 2212 2029 et

626 2066 1022 2143 temporaliter,
1056 2083 1161 2123 non
1194 2068 1243 2122 in
1270 2068 1468 2133 Verbo,
1492 2068 1584 2123 sed
1612 2067 1774 2121 veluti
1798 2075 1950 2139 extra
1974 2066 2207 2122 Verbum

618 2156 823 2215 factum
851 2158 1047 2225 fuisse,
1080 2174 1202 2214 cum
1240 2158 1381 2213 idem
1410 2159 1549 2228 ipse,
1579 2166 1801 2214 sanctus
1831 2155 2078 2212 videlicet
2101 2156 2209 2212 Αυ-

623 2250 894 2323 gustinus,
926 2247 1369 2304 manifestissime
1396 2248 1622 2314 doceat,
1642 2250 1705 2301 ‘et
1735 2247 1852 2302 loca
1884 2256 1935 2301 et
1967 2256 2209 2317 tempora

620 2355 744 2396 cum
775 2341 892 2407 his,
920 2355 1059 2412 quae
1084 2340 1139 2396 in
1167 2341 1246 2395 eis
1277 2338 1418 2394 facta
1447 2347 1603 2404 sunt,
1636 2339 1688 2392 in
1714 2337 1893 2393 Verbo
1920 2338 2011 2393 Dei
2041 2344 2213 2393 aeter-

619 2433 818 2490 naliter
857 2448 979 2492 esse
1018 2432 1195 2500 facta,
1238 2433 1545 2504 intelligens
1584 2434 1857 2489 veraciter
1891 2430 2206 2502 Apostolum

622 2524 894 2582 dicentem
924 2526 988 2582 de
1016 2524 1197 2582 Verbo
1225 2543 1238 2579 :
1270 2525 1335 2580 In
1364 2542 1467 2597 quo
1498 2534 1675 2579 creata
1704 2535 1824 2580 sunt
1850 2526 2049 2590 omnia,
2074 2539 2209 2595 quae

622 2627 746 2673 sunt
790 2619 843 2673 in
886 2618 1077 2684 caelis,
1109 2629 1156 2672 et
1199 2634 1331 2689 quae
1366 2617 1421 2670 in
1455 2627 1625 2683 terra,
1654 2617 1758 2671 sive
1802 2616 2060 2683 risibilia,
2102 2615 2209 2671 sive

619 2707 921 2775 invisibilia.
952 2708 1029 2764 Ac
1056 2723 1153 2779 per
1189 2708 1290 2763 hoc
1331 2708 1375 2764 si
1405 2708 1426 2739 ⁸
1454 2707 1570 2763 loca
1596 2715 1653 2763 et
1677 2717 1921 2778 tempora
1946 2723 2069 2763 cum
2098 2721 2208 2763 om-

621 2799 805 2867 nibus,
833 2815 971 2871 quae
998 2802 1052 2855 in
1077 2800 1157 2857 eis
1182 2802 1551 2868 continentur,
1576 2801 1629 2855 in
1658 2815 1884 2857 numero
1910 2800 2206 2856 visibilium

618 2900 782 2957 sunt,
828 2892 880 2947 id
924 2902 1037 2961 est,
1079 2892 1463 2958 sensibilium;
1504 2893 1687 2947 omnia
1728 2901 1906 2949 autem
1936 2892 2203 2957 visibilia,

620 2992 758 3040 teste
783 2986 1074 3056 Apostolo,
1103 2986 1157 3040 in
1187 2987 1366 3042 Verbo
1413 2995 1541 3042 sunt
1582 2995 1769 3042 creata
1798 3004 1811 3041 :
1858 2986 1974 3042 loca
2018 2986 2201 3058 igitur,

620 3083 675 3131 et
713 3083 988 3145 tempora,
1030 3084 1084 3131 et
1130 3076 1309 3131 omnia
1350 3091 1489 3146 quae
1532 3077 1584 3131 in
1627 3077 1707 3131 eis
1746 3084 1897 3141 sunt,
1944 3076 1999 3130 in
2028 3075 2207 3131 Verbo

619 3175 803 3223 creata
850 3174 993 3222 sunt.
1046 3165 1172 3221 Sive
1214 3166 1535 3237 simpliciter
1583 3167 1912 3237 praedictam
1959 3166 2205 3237 Evange-

2314 1977 2646 2032 tellectuales
2673 1977 2957 2049 ingressus
2987 1978 3306 2044 retrahunt,
3333 1991 3401 2034 ne
3427 1976 3549 2047 quid
3572 1970 3811 2031 incautevel

2312 2080 2517 2126 temere
2539 2071 2607 2126 de
2635 2070 3000 2127 inell‘abilihus
3027 2085 3355 2142 omnemque
3384 2070 3681 2127 intellectum
3704 2080 3811 2138 supe-

2312 2163 2558 2220 rantibus
2581 2172 2950 2233 praesumant.
2982 2163 3038 2219 Si
3079 2178 3212 2234 ergo
3252 2160 3809 2235 purissimi‘intellectus,

2311 2268 2539 2325 quorum
2594 2254 2837 2326 symbola
2891 2254 3185 2325 praedictis
3242 2254 3558 2311 animalibus
3610 2250 3809 2321 theologia

2309 2347 2623 2418 praemisit,
2654 2348 2796 2404 inter
2823 2363 2960 2418 quos
2997 2356 3053 2403 et
3081 2347 3323 2405 Verbum
3352 2347 3493 2405 nulla
3522 2347 3812 2402 medietasest

2309 2451 2530 2513 praeter
2554 2442 2797 2496 omnium
2827 2457 3010 2498 rerum
3041 2457 3241 2499 causas
3280 2441 3663 2515 primordiales,
3685 2435 3811 2495 excel-

2311 2532 2603 2588 situdinem
2649 2532 2866 2590 divinae
2893 2534 3160 2592 claritatis
3189 2551 3358 2608 super
3395 2536 3595 2601 omnia,
3619 2533 3809 2601 fuisseque

2315 2624 2367 2680 in
2402 2627 2582 2681 omnia
2610 2626 2826 2682 virtutis
2851 2636 2905 2683 et
2929 2628 3232 2697 sapientiae
3256 2643 3286 2683 a
3316 2642 3522 2684 summo
3543 2639 3689 2696 usque
3708 2622 3812 2676 deor-

2320 2730 2439 2771 sum
2472 2717 2798 2788 attingentes
2829 2718 2895 2785 ηδ
2922 2732 2953 2772 a
2982 2718 3089 2774 ﬁne
3114 2734 3291 2790 usque
3319 2720 3385 2774 ad
3415 2719 3594 2782 linem,
3621 2716 3704 2769 hoc
3730 2719 3810 2773 est.

2322 2808 2391 2862 ab
2421 2807 2576 2862 lnitio
2606 2806 2985 2863 intellectualis
3019 2817 3309 2866 creaturae
3337 2825 3501 2881 usque
3531 2808 3589 2862 ad
3616 2802 3809 2860 vermicu-

2315 2898 2428 2953 lum
2467 2899 2856 2969 pertimescant
2897 2900 3192 2972 inspicere,
3245 2911 3612 2974 cognoscentes
3644 2904 3811 2953 naturae

2323 3005 2452 3047 suae
2493 2992 2849 3063 capacitatem
2895 2993 2963 3048 ad
3003 2992 3140 3049 haee
3179 2993 3564 3049 consideranda
3602 3005 3688 3045 non
3716 2980 3810 3041 suﬂ‘r

2320 3098 2485 3141 cere:
2517 3084 2645 3155 quid
2675 3100 2773 3142 nos
2801 3086 2977 3142 adhuc
3006 3101 3169 3143 carne
3207 3087 3420 3160 gravati
3461 3086 3523 3141 de
3559 3084 3707 3139 divina
3730 3092 3812 3150 pm-

2316 3176 2558 3232 videntia
2607 3178 2651 3210 "
2683 3186 2739 3231 et
2782 3178 3094 3249 operatione
3142 3180 3414 3237 rationem
3461 3177 3658 3235 reddere
3696 3185 3811 3227 cona-

616 3257 776 3315 listae
805 3260 1127 3315 sententiam
1155 3260 1450 3315 secundum
1482 3259 1617 3315 alios
1657 3260 1779 3330 quis
1821 3261 2201 3330 pronuntiave-
2229 3250 2275 3314 C
2308 3269 2472 3323 mur?
2500 3267 2601 3325 Ubi
2634 3269 2749 3325 sola
2779 3270 2961 3326 divina
2990 3272 3244 3329 voluntas
3283 3272 3558 3344 cogitanda
3591 3276 3685 3333 est,
3712 3274 3809 3340 quae

620 3352 731 3420 rit,
759 3353 982 3408 dicens:
1017 3352 1171 3418 Quod
1202 3352 1397 3421 factum
1427 3359 1502 3407 est
1531 3354 1589 3407 in
1629 3354 1767 3424 ipso,
1820 3353 1969 3407 acsi
2012 3354 2201 3409 distin-

618 3443 767 3501 xerit
792 3445 952 3501 veluti
982 3445 1051 3501 ab
1078 3446 1183 3502 alio
1210 3454 1479 3502 commate
1507 3447 1791 3517 incipiens,
1823 3449 1925 3503 vita
1946 3458 2079 3503 erat.
2110 3448 2205 3506 Sic

618 3535 769 3591 enim
799 3535 998 3591 multos
1037 3535 1058 3567 ⁸
1087 3535 1419 3592 Graecorum
1468 3538 1684 3593 codices
1736 3538 2045 3594 invenimus
2094 3540 2203 3595 dis-

622 3628 863 3695 tinctos,
907 3638 966 3684 ut
1010 3629 1403 3702 intelligamus,
1450 3633 1594 3703 quod
1632 3631 1832 3688 factum
1875 3642 1959 3690 est
2000 3634 2053 3689 in
2085 3636 2203 3705 ipso

613 3720 992 3791 tetnporalitcr
1040 3731 1097 3777 et
1150 3723 1399 3778 localiter
1451 3739 1548 3794 per
1600 3726 2037 3796 generationem,
2093 3729 2202 3783 vita

620 3819 745 3869 erat
774 3813 1128 3869 aeternaliter
1153 3829 1249 3885 per
1279 3815 1578 3882 rationem,
1611 3817 1713 3872 hoc
1738 3828 1821 3873 est
1844 3860 1858 3883 ,
1887 3834 1986 3891 per
2008 3819 2063 3874 in
2092 3821 2205 3890 pri-

616 3902 975 3960 mordialibus
1002 3905 1183 3960 causis
1214 3906 1454 3961 omnium
1483 3908 1866 3965 conditionem.
1897 3909 2035 3969 MAG.
2086 3909 2203 3968 Non

615 4003 749 4063 ergo
780 3993 993 4049 dubitas
1018 4036 1033 4061 ,
1065 4008 1255 4051 omnes
1284 3997 1525 4052 omnium
1557 4012 1778 4067 causas,
1806 4007 2205 4073 'causarumque

618 4098 808 4141 omnes
834 4086 1055 4143 ellectus
1088 4088 1142 4143 in
1176 4087 1354 4146 Verbo
1384 4099 1604 4147 aeterna
1635 4106 1787 4161 esse,
1817 4103 1872 4151 et
1899 4095 2071 4163 facta,
2102 4113 2204 4153 nec

615 4188 707 4234 me
736 4176 894 4233 aliter
923 4179 1117 4236 docere
1160 4182 1436 4237 aestimas.

690 4269 837 4326 Dtsc.
854 4273 928 4327 De
944 4273 1266 4328 aeternitate
1278 4275 1519 4330 omnium
1536 4274 1709 4346 deque
1722 4290 1908 4332 eorum
1928 4279 2202 4336 creatione

614 4359 676 4420 in
702 4362 882 4419 Verbo
924 4380 1025 4419 nec
1066 4365 1286 4433 dubito;
1318 4383 1492 4437 neque
1537 4368 1695 4427 aliter
1720 4380 1773 4427 te
1805 4373 1998 4428 docere
2036 4383 2198 4445 puto,

619 4455 720 4514 θεά
765 4455 1102 4512 solummodo
1152 4473 1390 4529 quaero,
1437 4463 1704 4530 quomodo
1742 4464 1797 4518 in
1837 4464 2015 4520 Verbo
2054 4464 2200 4521 Patri

616 4554 910 4602 coaeterno
934 4546 1118 4601 omnia
1145 4555 1527 4605 aeterna‘sunt
1556 4552 1752 4620 simul,
1781 4562 1834 4607 et
1875 4553 2035 4609 facta.
2085 4555 2198 4611 Non

616 4636 763 4693 enim
784 4677 799 4704 ,
828 4647 888 4692 ut
919 4639 1173 4707 arbitror,
1209 4641 1405 4698 rationi
1437 4646 1724 4713 convenit,
1754 4654 1813 4701 ut
1842 4647 1986 4704 facta
2034 4650 2055 4681 ⁷
2093 4650 2200 4705 sint
2227 4626 2278 4686 Ῑ)

617 4739 836 4787 aeterna
855 4774 869 4801 ,
899 4742 953 4789 et
982 4744 1205 4791 aeterna
1230 4736 1391 4793 facta.
1423 4737 1573 4795 Nulla
1601 4741 1866 4812 siquidem
1894 4741 2196 4800 differentia

616 4822 890 4881 videbitur
906 4841 1025 4882 esse
1040 4829 1180 4884 inter
1202 4833 1577 4888 aeternitatem
1601 4834 1972 4892 universitatis
1992 4837 2044 4891 in
2062 4837 2198 4892 Ver-

616 4917 709 4987 bo,
734 4928 789 4978 et
806 4922 1157 4992 creationem,
1182 4924 1226 4980 si
1254 4927 1545 4982 aeternitas
1570 4936 1651 4983 est
1678 4939 1883 4995 creata,
1914 4937 1967 4985 et
1993 4930 2198 4985 creatio

618 5012 862 5069 aeterna.
906 5013 1048 5071 MAG.
1083 5014 1251 5070 Miror
1272 5032 1334 5071 ac
1355 5016 1510 5072 valde
1532 5032 1774 5084 moveor,
1798 5034 1963 5089 quare
1985 5021 2200 5089 quaeris

615 5104 887 5163 rationem
926 5106 983 5163 in
1025 5105 1145 5177 his,
1187 5107 1241 5161 in
1276 5107 1297 5140 ⁸
1333 5107 1529 5178 quibus
1569 5109 1746 5166 omnis
1792 5109 1934 5164 ratio
1979 5109 2195 5176 deﬁcit,

2303 3368 2559 3429 operatur
2584 3362 2763 3417 omnia
2793 3372 2957 3433 prout
2986 3363 3133 3431 vult,
3163 3366 3294 3435 quia
3334 3365 3650 3435 omnipotens
3674 3367 3737 3413 est
3757 3352 3803 3417 ⁸⁸.

2304 3460 2359 3505 et
2386 3451 2659 3507 naturales
2682 3452 2921 3509 rationes
2939 3454 3181 3510 occultas
3200 3464 3259 3510 et
3282 3452 3658 3525 investigabiles
3675 3443 3808 3501 inserit

2305 3543 2575 3612 omnibus,
2601 3544 2728 3615 quia
2749 3545 2991 3601 omnium
3013 3548 3446 3618 supernaturalis
3468 3546 3593 3602 ratio
3612 3550 3679 3598 ρει
3695 3581 3705 3604 ,
3724 3535 3811 3607 qui!

2304 3633 2438 3688 nihil
2466 3636 2750 3704 secretius,
2772 3636 2906 3692 nihil
2928 3640 3293 3707 praesentius,
3314 3639 3518 3696 dilﬁcile
3537 3638 3614 3692 ubi
3635 3636 3705 3693 sit,
3720 3625 3810 3683 ditii-

2305 3725 2459 3780 cilius
2497 3727 2589 3782 ubi
2624 3743 2733 3786 non
2785 3730 2878 3796 sit,
2912 3730 3004 3786 lux
3044 3730 3364 3799 ineﬂ'abilis,
3392 3733 3622 3790 omnibus
3655 3722 3806 3781 intelle-

2304 3819 2571 3877 ctualibus
2590 3823 2759 3879 oculis
2779 3838 2994 3895 semper
3014 3841 3298 3896 praesens,
3322 3838 3377 3885 et
3397 3844 3425 3883 a
3449 3826 3580 3882 nullo
3601 3819 3808 3879 intellectu

2309 3911 2673 3982 cognoscitur,
2691 3914 2821 3984 quid
2844 3914 2929 3979 sit,
2949 3930 3047 3986 per
3067 3918 3251 3973 omnia
3279 3919 3467 3975 dilfusa
3494 3918 3546 3973 in
3571 3913 3805 3970 inﬁnitum.

2304 4013 2358 4058 et
2395 4004 2454 4058 tit
2484 4005 2540 4059 in
2571 4007 2822 4062 omnibus
2849 4009 3031 4065 omnia
3072 4020 3127 4066 et
3168 4012 3224 4067 in
3270 4013 3417 4070 nullo
3459 4011 3659 4067 nullum.
3692 3998 3804 4071 Quod

2305 4104 2483 4151 autem
2508 4096 2643 4163 dixi,
2666 4098 2807 4154 inter
2832 4115 2968 4171 quos
2994 4111 3049 4156 et
3081 4101 3321 4160 Verbum
3352 4104 3490 4160 nulla
3520 4101 3737 4159 medietas
3755 4096 3813 4148 est

2303 4195 2519 4258 praeter
2544 4189 2786 4245 omnium
2816 4206 3001 4248 rerum
3054 4210 3282 4265 causas,
3332 4207 3601 4269 propterea
3641 4184 3809 4245 addidi.

2303 4292 2373 4332 ne
2424 4278 2547 4349 quis
2598 4280 2878 4349 aestimet,
2938 4284 3197 4342 caelestes
3244 4288 3505 4344 essentias
3547 4277 3812 4339 immeditltt5

2304 4383 2459 4437 esse,
2510 4371 2613 4428 hoc
2658 4383 2773 4440 est,
2815 4374 3014 4430 nullam
3044 4379 3392 4436 medietatem
3422 4381 3557 4434 inter
3581 4390 3632 4431 se
3653 4382 3695 4426 et
3717 4381 3810 4422 catt-

2304 4475 2418 4514 sam
2444 4463 2683 4517 omnium
2725 4463 2941 4520 habere.
2971 4467 3229 4533 Quamvis
3258 4470 3405 4524 enim
3435 4472 3476 4505 ¹⁹
3498 4468 3713 4523 dicantur
3744 4468 3811 4509 tt!-

2304 4552 2407 4622 gcli
2448 4554 2601 4624 quasi
2643 4556 2817 4628 eggigi
2848 4599 2862 4624 ,
2912 4559 3017 4615 hoc
3059 4569 3143 4616 est
3169 4602 3184 4627 ,
3227 4561 3382 4630 juxta
3431 4562 3592 4631 ipsum
3625 4541 3810 4608 Dauni"

2304 4650 2613 4717 constituti;
2648 4651 2797 4723 eggis
2822 4652 2866 4684 ’ί
2899 4664 2926 4694 α
2959 4654 3226 4724 siquidem
3270 4670 3461 4727 graece
3479 4652 3654 4709 dicitur
3664 4646 3810 4715 juxta;

2304 4754 2411 4794 non
2465 4749 2645 4795 tamen
2695 4742 2768 4796 ita
2823 4745 3077 4801 credendi
3130 4757 3257 4802 sunt
3310 4748 3477 4812 facti,
3524 4753 3580 4798 ut
3622 4752 3708 4794 non
3744 4744 3811 4785 εθ-

2305 4845 2424 4885 rum
2474 4847 2671 4888 causae
2721 4834 2775 4889 in
2806 4835 2985 4893 Verbo
3016 4838 3126 4893 sint
3150 4840 3194 4870 “
3220 4840 3487 4895 conditae.
3530 4832 3666 4890 Nulla
3702 4823 3811 4879 util!

2305 4932 2553 4977 creatura
2595 4932 2710 4991 est,
2764 4925 2918 4995 cujus
2960 4942 3124 4984 causa
3170 4929 3311 4985 facta
3353 4946 3457 4986 non
3498 4919 3741 4998 praecedat
3772 4913 3810 4964 il

2310 5013 2530 5082 Verbo,
2596 5017 2890 5073 secundum
2943 5035 3103 5090 quam
3158 5022 3517 5085 substituitur,
3569 5024 3622 5071 ut
3659 5010 3741 5071 sit.
3773 5006 3813 5054 ⁸⁸

2304 5110 2606 5177 ordinatur,
2640 5122 2699 5166 ut
2722 5111 2946 5181 pulchre
2970 5115 3069 5181 sit,
3101 5123 3159 5170 et
3187 5116 3503 5180 custoditur,
3529 5118 3584 5165 ut
3615 5107 3809 5161 aeterm‘

1898 5232 2161 5311 verum
2194 5250 2598 5312 LECTIONES.

756 5388 862 5462 Pro
892 5391 964 5446 nil
997 5390 1049 5462 C7
1088 5389 1359 5462 quidquid.
1453 5398 1477 5462 ξ
1504 5389 1550 5443 Α
1584 5406 1748 5462 aquas
1793 5388 2181 5462 intelligentiae.

2282 5389 2305 5421 ³
2333 5389 2424 5448 Sic
2449 5391 2489 5447 C
2513 5410 2527 5459 ;
2558 5394 2600 5449 A
2628 5394 2876 5450 noluisse.

618 5463 642 5497 ⁸
672 5461 859 5517 multos
884 5478 994 5518 om.
1027 5457 1109 5515 Α(
1169 5462 1190 5492 ⁷
1282 5470 1341 5515 ut
1367 5469 1413 5515 et
1443 5457 1638 5534 factaﬁ
1681 5461 1781 5514 "in
1812 5475 1919 5534 om.
2079 5458 2100 5494 ’
2124 5461 2167 5515 Ε
2189 5458 2347 5515 Nam.
2425 5460 2467 5494 ίο
2496 5457 2621 5534 legis
2642 5483 2751 5521 om.
2782 5468 2846 5518 A.
2925 5469 2965 5499 η
2997 5474 3043 5517 ει
3066 5481 3175 5519 om.
3205 5466 3271 5518 A.
3345 5462 3389 5534 ἒξ
3413 5461 3453 5534 _A
3490 5457 3620 5512 Non.

3468 5390 3488 5421 ⁸
3513 5388 3606 5442 Pro
3629 5381 3668 5435 si
3688 5377 3723 5430 Α
3750 5379 3807 5442 γάρ

3001 5394 3023 5424 ⁸
3046 5393 3123 5448 sic
3149 5408 3258 5448 om.
3288 5392 3353 5446 A.
3468 5392 3488 5421 ⁵
3513 5392 3606 5442 Pro
3629 5398 3666 5435 st
3688 5392 3723 5430 Α
3756 5392 3807 5450 ‘3‘

3001 5474 3043 5497 nl
3066 5481 3153 5497 nm
3212 5466 3238 5497 Δ
3347 5462 3389 5493 η
3422 5461 3449 5497 Δ
3496 5457 3620 5497 Nnn-
3686 5447 3720 5479 ¹³
3741 5441 3808 5497 Sic

746 5534 1121 5619 dipina‘gmtia
1140 5532 1412 5619 sublevate
1439 5533 1543 5619 sire
1568 5532 2100 5619 naturaeju‘btilitate
2126 5548 2406 5619 θεμίιυξιξε.Δ
2464 5523 2566 5618 ιη(
2588 5538 2873 5619 repercussi
2897 5535 3198 5619 defendunt;
3339 5525 3441 5589 "A
3459 5523 3807 5619 mysteiicgfmi

618 5606 663 5641 ³⁸
688 5604 841 5686 Conj.
873 5600 969 5671 ςᾹ
1002 5604 1325 5686 attingenda,
1366 5602 1405 5663 C
1427 5604 1709 5686 gitimam.
1767 5603 1829 5686 “7
1862 5602 1906 5657 A
1931 5600 2261 5673 prudentiaf
2308 5602 2351 5638 ¹⁸
2378 5605 2529 5678 Aqui
2560 5600 3066 5678 omnipraeseus'est.
3147 5604 3189 5639 “
3222 5600 3263 5658 Ἀ
3287 5614 3475 5661 autem.

619 5694 744 5732 num
782 5673 968 5731 ipsum.
1047 5677 1090 5708 ²¹
1121 5673 1162 5729 C
1186 5691 1350 5731 essm.
1427 5675 1472 5708 ⁸’
1502 5673 1605 5729 sint
1634 5688 1722 5731 om
1750 5673 1818 5731 A.

3544 5594 3588 5627 ὀ
3608 5593 3645 5647 Α
3668 5586 3810 5645 ι)οωὶ-

2137 5765 2388 5822 NOTAE.

753 5866 953 5938 Ἐγγύς,
983 5863 1175 5932 juxta;
1207 5867 1276 5916 et.
1310 5860 1535 5932 glossar.
1569 5862 1650 5919 Ab
1674 5861 1764 5917 illa
1792 5874 1923 5920 voce
1950 5858 2185 5921 JOannes
2208 5866 2391 5916 acutus
2412 5855 2683 5917 fumasse
2710 5856 2926 5916 videtur
2954 5860 3193 5937 ἕγγντοᾶ,
3216 5858 3306 5929 qui
3324 5854 3474 5927 juxta
3500 5854 3628 5908 attol-
