4064 6292
192 443 304 498 669

1054 432 1140 488 DE
1181 429 1520 489 DIVISIONE
1558 430 1910 488 NATURAE.
1955 461 2018 470 ——
2059 430 2260 485 LIBER
2301 431 2619 488 TERTIUS.

3373 435 3474 490 670

190 557 322 611 liter
374 551 477 617 sit,
517 557 571 606 et
611 545 991 602 manifestatur
1027 561 1121 603 seu
1162 547 1412 603 sensibus
1434 588 1448 612 ,
1488 563 1580 602 seu
1628 546 1789 603 iutel-
1819 551 1869 612 Α
1898 544 2014 617 lege
2049 545 2478 616 constringitur?
2504 544 2636 599 Nam
2668 555 2722 601 et
2753 561 2912 618 saepe
2941 558 3126 623 contra
3162 559 3483 605 consuetum

189 647 427 704 lcetibus
481 644 548 698 ad
597 643 879 697 materiam
927 642 1102 698 laudis
1155 643 1324 714 ipsius
1367 643 1528 698 unius
1564 658 1791 708 causae,

189 754 261 794 ex
301 751 406 806 qua
428 777 442 801 ,
496 742 550 788 et
591 734 646 787 in
673 749 778 804 qua
800 774 814 798 ,
845 741 900 788 et
937 749 1035 803 per
1058 748 1219 803 quam
1245 774 1260 799 ,
1289 743 1343 788 et
1368 735 1435 788 ad
1463 749 1623 803 quam
1665 749 1793 789 eou-

192 831 308 886 dita
335 837 438 884 est.
469 825 770 882 Credamus
808 825 990 895 itaque
1014 833 1088 890 et,
1119 833 1380 894 quantum
1422 825 1603 892 datur,
1649 842 1798 880 mcu-

195 924 270 978 tis
315 921 433 976 acie
473 919 784 974 intueamur
827 920 852 984 t
883 920 1060 971 omnia
1111 916 1343 971 visibilia
1382 924 1436 971 et
1471 915 1794 979 invisibilia,

194 1024 422 1070 aeterna
449 1021 503 1066 et
538 1008 937 1080 intemporalia,
970 1009 1211 1080 illudque
1243 1016 1544 1074 aeternum,
1574 1018 1628 1062 et
1658 1015 1794 1062 tem-

192 1123 336 1181 pus,
382 1115 438 1162 ct
489 1106 646 1171 loca,
694 1112 749 1158 et
793 1103 998 1174 spatia,
1041 1114 1093 1156 ct
1137 1103 1350 1168 omnia,
1379 1117 1517 1172 quae
1548 1102 1800 1156 dicuntur

196 1202 503 1259 secundum
545 1197 902 1255 substantiam
943 1205 998 1252 et
1035 1196 1290 1252 accidens
1314 1235 1329 1262 ,
1367 1193 1799 1266 generaliterque

195 1295 492 1351 dicendum
514 1333 528 1359 ,
565 1304 918 1362 quaecunque
957 1289 1283 1344 universitas
1322 1288 1488 1342 totius
1517 1295 1799 1342 creaturae

207 1387 490 1450 continet,
519 1384 575 1438 in
604 1381 786 1437 Verbo
821 1382 914 1436 Dei
948 1381 1224 1450 unigenito
1250 1388 1305 1435 et
1339 1389 1361 1421 ι
1387 1389 1607 1435 aeterna
1638 1378 1798 1434 simul

199 1488 258 1535 et
287 1478 434 1534 facta
466 1491 619 1541 esse,
650 1487 706 1531 et
735 1489 912 1545 neque
949 1474 1328 1530 aeternitatem
1368 1474 1420 1528 in
1461 1474 1542 1529 eis
1577 1487 1799 1543 praece-

199 1570 337 1626 dere
367 1569 666 1634 facturam,
701 1583 876 1638 ncque
905 1568 1168 1623 facturam
1201 1568 1527 1638 praecedere
1566 1566 1800 1622 aeterni-

202 1672 397 1718 tatem.
430 1662 711 1732 Siquidem
741 1676 929 1716 eorum
961 1660 1255 1716 aeternitas
1286 1659 1500 1716 condita
1539 1659 1561 1690 ³
1587 1667 1669 1714 est
1699 1698 1713 1725 ,
1747 1668 1802 1715 et

204 1755 450 1811 conditio
501 1762 722 1809 aeterna
775 1753 827 1807 iu
880 1752 1285 1822 dispensatione
1340 1750 1522 1807 Verbi.
1570 1749 1705 1806 Nam
1745 1760 1802 1806 et

209 1855 413 1902 cuncta
434 1884 449 1910 ,
475 1858 615 1914 quae
643 1842 896 1897 videntur
922 1842 975 1897 in
1005 1843 1196 1899 ordine
1232 1842 1540 1898 seculorum
1597 1852 1801 1912 tempo-

1901 648 2132 694 naturae
2164 655 2384 694 cursum
2417 639 2583 693 multa
2618 638 2792 694 solent
2826 641 2972 708 fieri,
3023 650 3080 694 ut
3110 642 3267 702 nobis
3298 652 3487 699 osten-

1900 715 2083 798 datur,
2113 731 2256 800 quod
2289 731 2472 785 divina
2505 731 2846 802 providentia
2877 715 2982 788 non
3016 751 3155 802 uno,
3190 735 3281 790 sed
3309 736 3491 791 multi-

1903 823 2027 893 plici
2058 823 2216 879 modo
2249 832 2413 895 atque
2441 825 2652 879 infinito
2678 833 2854 895 potest
2877 826 3060 898 omnia
3086 828 3487 888 administrare.

1903 911 1958 967 Si
1988 913 2170 982 itaque
2201 913 2327 968 nulli
2355 913 2649 970 intellectui
2680 914 2893 986 cognita
2922 924 3004 980 est
3027 917 3405 980 universitatis
3438 920 3488 973 in

1906 1006 2105 1064 divinis
2135 1006 2344 1078 legibus
2379 1007 2782 1063 administratio
2804 1050 2818 1074 ,
2853 1010 2937 1064 cui
2973 1010 3375 1067 rationabilium
3411 1013 3492 1068 vel

1906 1098 2355 1154 intellectualium
2387 1109 2568 1170 potest
2605 1100 2720 1154 ﬁeri
2763 1104 3046 1172 perspicua
3081 1103 3332 1172 ejusdem
3374 1106 3494 1159 uni-

1901 1190 2180 1245 versitatis
2214 1190 2265 1244 in
2299 1191 2474 1246 Verbo
2502 1190 2593 1244 Dei
2625 1202 2845 1246 aeterna
2873 1194 3132 1260 conditio,
3163 1195 3215 1249 in
3247 1210 3355 1264 quo
3384 1211 3498 1249 om-

1901 1282 1989 1336 nia
2014 1293 2068 1337 et
2090 1291 2309 1337 aeterna
2342 1281 2501 1338 simul
2524 1293 2577 1336 et
2599 1281 2739 1338 facta
2783 1299 2901 1339 esse
2932 1300 3089 1344 nemo
3117 1285 3365 1356 fidelium
3411 1287 3499 1340 de-

1900 1377 2027 1432 beat
2062 1377 2352 1448 ignorare;
2382 1379 2630 1448 quamvis
2662 1394 2768 1434 non
2801 1378 3103 1449 intelligat,
3130 1395 3246 1450 .qua
3285 1380 3500 1434 ratione

1907 1478 2134 1526 aeterna
2159 1478 2286 1525 sunt
2313 1470 2455 1526 facta
2480 1511 2494 1537 ,
2523 1479 2582 1527 et
2609 1471 2748 1527 facta
2780 1481 2904 1528 sunt
2934 1455 3193 1538 aeterna;
3223 1473 3327 1528 hoc
3355 1473 3499 1527 enim

1903 1555 2206 1630 soliVerbo,
2224 1566 2276 1619 in
2289 1581 2397 1634 quo
2411 1575 2462 1620 et
2478 1564 2620 1621 facta
2638 1574 2764 1622 sunt
2778 1575 2832 1620 et
2849 1567 3378 1636 aeterna,_,cognitum
3396 1574 3498 1621 est.

1974 1657 2121 1713 Disc.
2161 1658 2238 1714 De
2285 1658 2596 1714 conditione
2627 1657 3001 1714 universitatis
3027 1658 3088 1712 in
3119 1656 3318 1724 Verbo,
3352 1668 3405 1713 et
3435 1659 3503 1714 de

1904 1750 2228 1806 aeternitate
2272 1751 2538 1807 rationem
2568 1767 2675 1806 non
2707 1765 2930 1821 quaero.
2961 1749 3130 1810 Nemo
3151 1749 3297 1808 enim
3324 1758 3506 1821 potest

1907 1840 2112 1905 dicere,
2167 1843 2437 1911 quomodo
2485 1852 2742 1908 aeterna,
2787 1852 2842 1898 et
2891 1842 3032 1898 facta
3076 1853 3222 1912 sunt.
3279 1843 3494 1899 Modum

203 1941 361 1996 ribus
382 1947 436 1994 ct
463 1939 596 1994 locis
623 1952 718 2009 per
745 1937 1148 2009 generationem
1178 1938 1345 2002 oriri,
1372 1936 1530 1993 simul
1557 1948 1613 1993 et
1639 1937 1804 1992 semel
1838 1926 1880 1986 Β
1910 1946 2143 2002 namque
2172 1934 2502 1989 conditionis
2535 1950 2714 1990 rerum
2747 1935 2800 1989 in
2832 1933 3011 1991 Verbo
3061 1926 3205 1990 nulla
3253 1944 3504 1992 creatura

204 2033 561 2090 acternaliter
588 2032 640 2087 in
667 2030 842 2086 Verbo
865 2031 1073 2086 Domini
1109 2031 1247 2086 facta
1275 2041 1418 2087 sunt.
1453 2029 1635 2100 Neque
1662 2031 1806 2085 enim

207 2125 540 2182 credendum
593 2134 708 2189 est,
768 2133 894 2177 tunc
953 2122 1237 2177 inchoasse
1291 2121 1442 2186 fieri,
1492 2121 1710 2191 quando
1757 2123 1806 2175 in

214 2221 420 2276 mundo
472 2219 783 2275 sentiuntur
827 2216 980 2272 oriri.
1022 2215 1246 2287 Semper
1298 2217 1442 2271 enim
1493 2215 1706 2270 fuerunt
1757 2215 1810 2269 in

210 2311 398 2368 Verbo
451 2312 667 2367 Domini
717 2295 1171 2376 substantialiter,
1214 2320 1475 2380 ortusque
1521 2325 1708 2365 eorum
1758 2319 1812 2364 ct

215 2419 450 2461 occasus
487 2409 507 2436 ⁸
554 2406 606 2460 in
647 2405 837 2462 ordine
877 2415 1179 2476 temporum
1223 2415 1385 2476 atque
1435 2407 1672 2460 lucorum
1718 2419 1812 2476 per

213 2498 651 2570 generationem,
696 2499 796 2554 hoc
833 2508 916 2553 est
955 2513 1052 2567 per
1087 2498 1445 2553 accidentium
1482 2499 1809 2568 assumptio-

215 2604 340 2644 nem
373 2604 588 2660 semper
616 2589 668 2643 in
705 2588 876 2644 Verbo
912 2589 1000 2644 Dei
1035 2599 1185 2655 erat,
1221 2589 1270 2644 iu
1297 2605 1435 2660 quo,
1469 2604 1608 2659 quae
1635 2590 1812 2644 futura

216 2688 378 2742 sunt,
415 2679 524 2747 jam
577 2681 714 2735 facta
754 2690 880 2734 sunt
921 2680 962 2732 ⁸.
996 2679 1510 2759 iSi'qt‘tdiude‘tuwdivina
1551 2681 1812 2758 sapientia

217 2773 940 2872 cWiLtmpppra,
983 2784 1035 2829 ct
1071 2775 1296 2849 omnia,
1347 2788 1485 2845 quae
1535 2775 1583 2828 in
1625 2784 1816 2830 natura

218 2865 406 2920 rerum
444 2865 814 2936 temporaliter
845 2867 1115 2931 oriuntur,
1148 2867 1198 2920 in
1244 2868 1354 2937 ipsa
1393 2868 1724 2938 praecedunt
1764 2877 1819 2922 et

217 2943 523 3011 stili—sis‘iunt
552 2950 919 3014 actamnisi.
959 2960 1070 3028 Ipsa
1113 2970 1195 3014 est
1229 2960 1372 3014 enim
1415 2974 1668 3015 mensura
1698 2963 1822 3015 om?

217 3048 369 3103 nium
424 3051 542 3106 sine
585 3067 866 3116 mensura,
915 3063 970 3107 ct
1013 3068 1270 3107 numerus
1314 3053 1432 3108 sine
1475 3068 1731 3117 numero,
1764 3062 1819 3107 et

218 3141 470 3212 pondus,
505 3142 556 3198 Id
602 3153 683 3199 est
719 3145 884 3210 ordo,
937 3146 1052 3199 sine
1098 3145 1371 3215 pondere,
1412 3156 1462 3201 ct
1509 3145 1533 3177 ⁸
1576 3146 1688 3217 ipsa
1736 3155 1819 3201 est

219 3243 440 3305 tempus
471 3245 524 3290 ct
571 3236 846 3302 secutum,
900 3237 1010 3306 ipsa
1047 3247 1125 3292 est
1156 3237 1476 3306 praeterita,
1510 3248 1560 3292 ct
1601 3238 1619 3269 '
1652 3251 1814 3309 prac-

1912 2026 2248 2082 rationabilis
2283 2027 2324 2059 ¹⁰
2356 2042 2448 2084 seu
2496 2027 2878 2084 intellectualis
2919 2037 3098 2097 potest
3143 2044 3504 2100 cognoscere;

1911 2119 2010 2173 soli
2047 2119 2312 2190 siquidem
2345 2121 2623 2190 gnosticae
2653 2122 2836 2176 virtuti
2882 2130 3048 2191 patet.
3096 2122 3211 2190 Qua
3253 2138 3383 2178 vero
3421 2139 3506 2177 ra-

1917 2214 2061 2269 tione
2118 2214 2495 2284 compcllimur
2546 2213 2740 2282 fateri,
2797 2224 3017 2271 aeterna
3074 2231 3194 2271 esse
3251 2215 3394 2271 facta
3450 2215 3504 2269 in

1918 2305 2094 2361 Verbo
2127 2306 2217 2359 Dei
2244 2347 2258 2372 ,
2289 2322 2522 2377 quaero,
2553 2307 2598 2362 si
2628 2316 2805 2378 potest
2838 2307 3090 2363 inveniri.
3125 2307 3238 2361 Non
3267 2309 3410 2364 enim
3445 2309 3510 2363 de

1913 2401 2345 2471 primordialium
2374 2415 2661 2456 causarum
2706 2401 3094 2471 multiplicibus
3133 2400 3414 2457 effectibus
3455 2401 3510 2456 in

1919 2494 2082 2548 rebus
2111 2493 2414 2547 visibilibus
2441 2501 2496 2547 et
2527 2492 2886 2548 invisibilibus
2915 2508 3060 2547 nunc
3087 2493 3286 2563 agitur,
3316 2492 3366 2545 in
3393 2491 3511 2562 qui-

1914 2588 2016 2643 bus
2048 2588 2230 2643 omnia
2265 2588 2404 2643 facta
2438 2603 2558 2643 esse
2601 2603 2759 2643 nemo
2806 2588 3109 2659 sapientum
3155 2588 3384 2642 dubitat.
3434 2587 3510 2640 Eo

1917 2695 2150 2752 namque
2182 2682 2341 2737 modo
2371 2695 2628 2751 praesens
2655 2679 2903 2750 quaestio
2933 2678 3066 2733 solvi
3100 2692 3259 2747 posse
3295 2677 3508 2731 videre-

1920 2781 2028 2839 tur,
2060 2772 2103 2828 si
2125 2774 2248 2841 quis
2275 2782 2456 2843 posset
2485 2773 2526 2814 ιί
2551 2771 2699 2827 veris
2723 2771 3022 2826 rationibus
3053 2771 3266 2834 docere,
3293 2769 3508 2834 omnia,

1928 2864 1981 2918 in
2026 2875 2287 2934 quantum
2339 2866 2390 2918 in
2437 2865 2611 2919 Verbo
2654 2863 2747 2917 Dei
2789 2863 3090 2918 subsistunt
3135 2863 3187 2916 in
3232 2860 3512 2932 principiis

1928 2958 2072 3021 suis,
2112 2958 2163 3011 iu
2199 2966 2404 3012 tantum
2439 2965 2658 3012 aeterna
2687 2970 2806 3011 esse
2850 2953 3198 3026 intelligenda
3245 2961 3408 3019 sunt;
3457 2953 3512 3006 in

1919 3058 2182 3120 quantum
2215 3063 2344 3103 vero
2392 3049 2444 3104 in
2487 3047 2711 3104 effectus
2756 3062 2915 3112 suos,
2961 3046 3073 3102 sive
3115 3044 3511 3115 intelligibiles,

1919 3144 2034 3199 sive
2063 3142 2381 3207 sensibiles,
2413 3142 2464 3196 in
2497 3143 2689 3198 ordine
2719 3152 3020 3212 temporum
3067 3154 3163 3210 per
3207 3137 3514 3209 generatio~

1921 3249 2042 3290 ncm
2072 3235 2402 3306 procedunt,
2435 3235 2487 3289 in
2522 3242 2728 3288 tantum
2761 3234 2905 3288 facta
2939 3242 3101 3298 sunt;
3133 3233 3206 3286 ita
3235 3241 3294 3286 ut
3323 3246 3513 3287 eorum

220 3327 430 3389 sentia,
459 3336 512 3381 et
541 3327 738 3383 futura.
774 3329 1002 3400 Ideoque
1031 3346 1058 3384 a
1095 3329 1320 3386 Graecis
1349 3333 1571 3389 ἐπέκεινα
1597 3345 1623 3372 ει
1655 3347 1812 3388 voca-
1842 3306 1888 3371 C
1921 3327 2218 3383 aeternitas
2248 3327 2300 3381 in
2330 3325 2511 3382 Verbo
2539 3326 2634 3381 Dei
2667 3325 3019 3396 praecederet
3049 3326 3092 3357 “
3117 3340 3304 3378 eorum
3331 3323 3514 3378 condi-

225 3429 335 3477 tur,
375 3419 502 3487 quia
539 3421 717 3474 omnia
763 3430 1004 3493 tempora
1036 3422 1087 3476 in
1122 3437 1180 3478 se
1209 3432 1358 3479 creat
1385 3435 1440 3480 et
1468 3425 1814 3482 circumscri-

223 3510 338 3574 bit,
373 3513 498 3565 dum
533 3527 695 3582 super
730 3513 908 3569 omnia
954 3526 1193 3585 tempora
1239 3516 1307 3571 sit
1353 3518 1674 3574 aeternitate
1718 3532 1813 3573 sua

222 3603 408 3659 omnia
443 3605 724 3660 intervalla
757 3610 1119 3677 praecedens,
1155 3610 1431 3677 ambiens,
1466 3611 1811 3669 concludens.

223 3696 359 3750 Nam
393 3706 446 3751 et
477 3697 543 3753 dc
575 3697 693 3765 bis,
723 3715 859 3769 quae
888 3701 1121 3770 naturali
1154 3717 1313 3758 cursu
1341 3703 1394 3758 in
1441 3705 1630 3760 ordine
1680 3716 1814 3762 tem—

225 3801 421 3861 porum
454 3791 731 3845 annuatim
771 3792 790 3821 '
825 3793 939 3846 fieri
971 3794 1257 3858 sentimus,
1291 3795 1558 3850 rationem
1591 3798 1816 3852 reddere

223 3895 383 3934 nemo
411 3887 606 3952 potest.
637 3883 766 3950 Quis
794 3885 937 3939 enim
965 3885 1072 3939 vim
1098 3886 1360 3942 scminmu
1388 3889 1650 3960 cogitans,
1680 3904 1815 3958 quo-

222 3975 385 4029 modo
417 3989 512 4045 per
560 3987 815 4032 numeros
859 3978 1098 4034 locorum
1139 3988 1193 4035 et
1240 3991 1540 4051 temporum
1581 3991 1635 4035 ct
1671 3980 1693 4011 ’
1729 3997 1816 4035 va-

223 4067 336 4119 rias
373 4069 581 4137 species
613 4068 957 4137 animalium,
995 4071 1281 4138 fruticum,
1319 4072 1608 4127 herbarum
1636 4087 1816 4127 erum-

221 4167 352 4227 punt
378 4198 392 4222 ,
416 4173 518 4213 cur
546 4169 599 4213 et
633 4161 902 4229 qumnodo
929 4162 1108 4217 dicere
1133 4174 1475 4233 praesumat,
1508 4172 1600 4217 aut
1628 4177 1815 4218 eorum

221 4251 538 4306 occasiones
572 4252 636 4304 ad
681 4268 873 4323 purum
910 4255 1226 4324 dignoscere
1260 4256 1598 4326 praevaleat,
1627 4266 1681 4311 ct
1711 4273 1813 4312 non

220 4344 483 4399 continuo
509 4349 850 4416 pronuntiet,
881 4349 1012 4405 bace
1041 4350 1221 4404 tmtuia
1251 4350 1449 4405 divinis
1479 4349 1682 4422 legibus
1707 4367 1819 4405 om—
1850 4380 1852 4382 τ

223 4449 348 4489 trem
383 4451 601 4490 sensum
633 4449 686 4492 ct
714 4439 1043 4495 intellcuum
1068 4439 1447 4511 superantibus
1473 4439 1835 4497 attribuenda

223 4530 396 4583 sunt?
425 4529 699 4602 Nullisque
727 4533 1056 4604 coniecturis
1085 4535 1248 4588 animi
1281 4535 1693 4605 inquirendum,
1720 4552 1818 4591 cur

220 4624 302 4678 sic
332 4624 417 4678 vel
447 4625 524 4680 sic
545 4667 560 4690 ,
587 4636 639 4680 ct
668 4630 938 4697 quomodo
965 4628 1044 4684 sic
1075 4629 1153 4685 vel
1183 4630 1293 4695 sic,
1326 4641 1379 4686 el.
1409 4647 1512 4686 non
1541 4631 1698 4686 aliter
1727 4632 1819 4687 dc-

219 4716 351 4771 bent
385 4717 631 4772 ordinem
668 4731 968 4791 temporum
994 4720 1251 4792 implere,
1279 4731 1330 4776 et
1362 4737 1424 4777 ex
1456 4723 1817 4779 invisibililnls

224 4808 405 4862 causis
447 4807 497 4861 in
532 4809 581 4861 vi
615 4809 878 4865 s'cminum
930 4811 1086 4866 simul
1131 4815 1442 4868 constitutis
1474 4829 1577 4868 non
1620 4815 1813 4882 simul,

221 4901 318 4950 sed
349 4908 647 4969 temporqu
681 4902 976 4958 intervallis
1003 4913 1052 4957 ct
1085 4903 1358 4966 locorum,
1391 4904 1439 4956 in
1473 4903 1673 4959 formas
1698 4921 1816 4959 scn-

222 4987 410 5044 sibilcs
439 4993 764 5059 procedere,
796 4995 949 5064 quasi
1000 5012 1103 5050 non
1148 4996 1304 5051 aliter
1339 4995 1454 5051 licri
1486 5007 1738 5066 possent,
1774 4998 1816 5052 si

223 5079 442 5137 divinae
488 5083 749 5140 voluntati
800 5085 959 5142 aliter
1007 5087 1121 5145 fieri
1170 5087 1467 5155 videretur,
1498 5103 1638 5157 quae
1672 5088 1818 5141 nulla

1924 3421 2126 3477 tionem
2163 3421 2216 3474 in
2248 3419 2440 3475 ordine
2472 3417 2778 3474 seculorum
2804 3460 2817 3483 ,
2837 3418 2962 3473 .sivc
2994 3415 3319 3471 invisibilem
3351 3430 3515 3484 supra

1922 3529 2019 3569 nos
2039 3554 2051 3578 ,
2088 3513 2203 3569 sive
2233 3511 2505 3567 visibilem
2539 3513 2836 3566 secundum
2870 3525 2968 3565 nos
2998 3508 3259 3563 mundum
3288 3505 3518 3577 implen-

1923 3621 2023 3666 tes.
2068 3608 2186 3664 Jain
2237 3623 2396 3673 vero,
2439 3608 2695 3677 quoniam
2737 3605 2866 3660 talia
2910 3603 3066 3660 fateri
3112 3619 3237 3658 vera
3282 3618 3382 3656 nos
3411 3617 3516 3656 non

1922 3701 2052 3756 sinit
2083 3700 2259 3764 ratio;
2294 3699 2493 3753 clamat
2524 3699 2666 3753 enint
2689 3738 2703 3760 ,
2735 3705 2792 3752 et
2818 3697 3101 3752 verissime
3133 3696 3334 3751 clamat
3357 3735 3372 3760 ,
3408 3709 3514 3748 non

1924 3795 2098 3850 solum
2132 3792 2512 3864 primordiales
2541 3808 2735 3848 causas
2757 3835 2769 3858 ,
2800 3807 2987 3847 verum
3019 3793 3180 3845 etiam
3222 3805 3409 3845 carum
3439 3788 3519 3843 ef-

1929 3884 2132 3950 fectus,
2165 3895 2218 3939 ct
2250 3883 2363 3937 loca
2387 3925 2400 3948 ,
2429 3890 2484 3938 et
2513 3892 2756 3953 tempora
2783 3924 2795 3948 ,
2827 3892 2880 3936 et
2908 3882 2954 3914 ”
2983 3882 3248 3937 essentias
3267 3921 3282 3945 ,
3317 3889 3372 3933 et
3400 3880 3520 3932 sub-

1923 3977 2176 4040 stantias,
2208 3977 2309 4029 hoc
2335 3983 2448 4041 est,
2475 3989 2673 4045 genera
2701 3973 3130 4044 generalissima,
3160 3982 3208 4025 et
3239 3971 3519 4041 generales

1925 4067 2126 4125 formas
2147 4109 2160 4134 ,
2190 4076 2244 4121 et
2274 4068 2481 4137 species
2510 4066 2932 4136 specialissimas
2961 4080 3055 4134 per
3088 4063 3390 4118 individuos
3416 4079 3517 4116 nu-

1925 4176 2109 4216 meros
2142 4175 2263 4214 cum
2294 4159 2544 4214 omnibus
2586 4158 2956 4212 accidentibus
3001 4157 3113 4211 suis
3154 4155 3517 4219 naturalibus,

1924 4265 1978 4312 ct
2009 4265 2065 4310 ut
2090 4254 2133 4285 “
2158 4253 2477 4324 simpliciter
2515 4252 2727 4317 dicam,
2769 4264 2958 4314 omne,
3003 4249 3145 4319 quod
3185 4257 3267 4303 est
3311 4248 3364 4301 in
3407 4247 3521 4300 uni-

1923 4349 2187 4403 versitate
2222 4361 2401 4401 rerum
2437 4345 2815 4407 conditarum,
2849 4343 2963 4396 sive
2989 4357 3149 4396 sensu
3175 4379 3188 4406 ,
3223 4341 3338 4394 sive
3365 4337 3520 4392 intel-

1927 4441 2069 4496 lectu
2119 4442 2392 4505 humano,
2433 4437 2516 4493 vel
2560 4437 2803 4508 angelico
2847 4434 3357 4506 comprelicndautr,
3407 4431 3522 4486 sive

1923 4549 2142 4589 omnem
2176 4547 2393 4588 sensum
2415 4573 2427 4595 ,
2463 4544 2792 4600 omnemque
2823 4529 3018 4582 mentis
3048 4527 3220 4582 aciem
3261 4524 3517 4588 excedat,

1925 4639 1981 4683 et
2026 4639 2204 4682 tatucn
2252 4625 2527 4682 conditum
2575 4631 2688 4687 est,
2734 4621 2786 4675 in
2829 4621 3007 4676 Verbo
3052 4621 3143 4674 Dei
3177 4627 3230 4672 ct
3273 4616 3520 4672 semclet

1848 4689 1898 4746 Ι)
1927 4719 2087 4774 simul
2118 4728 2401 4773 aeternum
2425 4726 2476 4770 ct
2496 4715 2700 4770 factum
2729 4728 2848 4768 csse
2878 4731 2891 4776 ;
2923 4723 2975 4767 ct
3001 4727 3277 4782 nunquam
3302 4718 3454 4764 erant
3478 4707 3522 4742 “

1927 4819 2145 4864 acterna
2175 4818 2229 4863 et
2279 4823 2382 4862 non
2414 4807 2551 4860 facta
2574 4846 2586 4868 ,
2628 4819 2804 4872 neque
2834 4803 2973 4856 facta
3005 4812 3060 4856 et
3101 4817 3207 4855 non
3258 4809 3476 4854 acterna
3506 4815 3518 4851 :

1926 4907 2001 4959 nil
2040 4905 2182 4959 aliud
2215 4903 2540 4973 relinquitur
2568 4901 2638 4965 ¹⁶,
2669 4899 2772 4953 nisi
2808 4909 2866 4952 ut
2898 4905 3210 4968 quaeratur,
3243 4910 3347 4949 non
3389 4907 3522 4962 quo-

1929 4998 2090 5052 modo
2137 4997 2245 5051 sint
2279 4997 2318 5026 ⁸⁷
2352 5004 2571 5049 aeterna
2619 5001 2672 5047 et
2718 4991 2859 5045 facta
2882 5032 2895 5056 ,
2942 4990 3033 5044 sed
3067 5004 3171 5057 qua
3206 4987 3415 5039 ratione
3443 4983 3523 5035 di-

1935 5098 2128 5143 cantur
2153 5088 2196 5119 ¹⁸
2221 5097 2275 5144 ct
2328 5087 2471 5143 facta
2509 5096 2564 5142 et
2620 5093 2862 5141 aeterna.
2911 5081 3049 5137 MAG.
3079 5078 3242 5135 Facta
3269 5077 3524 5132 dicuntur

1512 5222 1771 5280 VARIAE
1813 5219 2218 5278 LECTIONES.

297 5338 314 5368 ι
347 5330 387 5383 Α
421 5332 705 5406 intuentur.
742 5405 748 5406 γ
807 5345 828 5374 ’
879 5347 924 5390 et
973 5351 1082 5391 om.
1115 5335 1177 5391 C.
1280 5337 1301 5368 ³
1330 5337 1371 5390 A
1424 5338 1586 5406 facta.

222 5399 248 5430 ⁸
271 5412 393 5454 sunt
420 5418 527 5458 om.
557 5403 617 5460 C.
733 5405 753 5436 '
780 5416 825 5460 et
855 5421 964 5461 om.
993 5410 1058 5462 A.
1137 5409 1154 5439 τ
1186 5419 1232 5462 et
1261 5424 1370 5463 om.
1404 5399 1467 5462 Ᾱ.

217 5473 564 5541 praecedert't.
642 5475 688 5510 "
713 5486 760 5532 et
787 5493 895 5533 om.
932 5479 996 5532 Α.
1077 5478 1123 5508 ”
1152 5491 1205 5532 ut
1231 5485 1340 5535 'om.
1372 5481 1437 5533 Α.
1537 5479 1582 5511 ’⁵
1607 5482 1648 5532 Α
1677 5488 1826 5532 erunt

1548 5408 1569 5438 ⁸
1600 5407 1663 5461 Λ.
1699 5408 2103 5459 mmurciatum.

1691 5337 1711 5364 ³
1739 5337 1783 5391 Α
1825 5352 1957 5405 quae
2008 5335 2264 5405 ridentmﬂ
2288 5333 2340 5405 in
2375 5331 2572 5405 ordine
2597 5329 2928 5405 saeculorum
2959 5356 3040 5405 -—_
3065 5340 3280 5405 occasus
3317 5318 3518 5405 onth‘.

2192 5406 2213 5437 ⁹
2244 5404 2287 5456 A
2320 5404 2395 5456 in.
2475 5402 2517 5434 ¹⁰
2550 5403 2592 5455 Α
2628 5399 2924 5454 rationalis.
3004 5399 3042 5435 ί¹
3075 5396 3114 5450 C
3141 5396 3324 5456 possit.
3404 5387 3446 5434 η
3479 5394 3521 5446 Α

1928 5476 1972 5507 ³⁸
2002 5477 2040 5530 Α
2074 5475 2420 5544 relinquatur.

2475 5402 2517 5434 ¹⁰
2550 5403 2592 5455 Α
2628 5399 2924 5454 rationalis.
3004 5399 3042 5435 ί¹
3075 5396 3114 5450 C
3141 5396 3324 5464 possit.

2503 5474 2541 5503 ¹⁷
2570 5471 2610 5526 C
2637 5481 2778 5526 sunt.
2858 5471 2902 5508 ιδ
2938 5468 2978 5524 C
3013 5467 3248 5520 docetur.

1743 5614 1994 5670 NOTAE.

303 5717 328 5748 α
364 5705 518 5776 Con].
541 5751 553 5772 ,
583 5710 623 5762 Α
651 5711 689 5763 (ἶ
740 5712 986 5769 ἐπέκεινα.
1038 5712 1149 5768 Vox
1181 5717 1403 5770 ὲπίκεινα
1457 5713 1492 5765 i.
1525 5711 1825 5776 exulterius

220 5768 646 5854 suprtaoccurrit
681 5781 834 5837 Dion.
876 5785 1142 5854 Areopag.
1184 5768 1249 5840 de
1290 5786 1397 5840 div.
1432 5768 1707 5854 NomilV,
1740 5783 1822 5836 16.

221 5846 282 5924 l_n
308 5847 426 5902 cod.
524 5853 588 5906 ad
621 5855 917 5924 t'nargincm
948 5846 1382 5924 liaecvadscripfa
1408 5865 1532 5908 sunt
1561 5873 1571 5906 :
1615 5853 1821 5907 (.‘lossa.

224 5918 371 5973 Deus
399 5939 428 5974 α
453 5918 664 5978 Graecis
687 5918 917 5983 επῖκαινα
944 5928 1042 5996 (sic
1061 5927 1098 5997 Ξ)
1130 5918 1361 5992 ηοιαιιὶν,
1395 5928 1516 5995 quia
1543 5926 1824 5994 praeterita

1929 5721 1975 5764 et
2017 5711 2194 5780 futura
2240 5708 2294 5760 in
2352 5706 2460 5780 ipso
2517 5703 2833 5764 subsistant,
2865 5708 2911 5780 et
2957 5705 3165 5780 ipse‘est
3196 5705 3241 5776 et
3269 5694 3524 5780 inuipsunt

1935 5765 2304 5836 terminantur.
2347 5765 2576 5846 [Ideoque
2614 5781 2822 5846 propter
2860 5767 3168 5846 facilitatem
3203 5765 3524 5834 intelligendi

1932 5869 2080 5920 saepe
2112 5871 2346 5906 επικαινα
2375 5841 2648 5920 suminitas
2683 5841 2912 5920 omnium
2943 5842 3316 5910 interpretatur
3341 5854 3524 5902 quam-

1934 5914 2243 5992 vis-proprie
2277 5918 2559 5988 praeterita
2597 5924 2642 5969 et
2682 5914 2884 5984 futura.
