4064 6292
573 435 673 491 671

1952 430 2236 488 JOANNIS
2274 428 2471 488 SCOTI

3736 434 3841 490 672

563 552 715 623 juxta
782 560 971 618 sacrae
1032 544 1347 615 Scripturae
1423 540 1804 597 auctoritatem
1831 580 1847 607 ,
1917 557 2150 611 pronun-
2176 563 2221 621 Λ
2252 556 2361 597 uno
2402 555 2571 613 grano
2602 548 2713 597 toto
2743 538 2915 609 major
2937 547 3041 607 est,
3069 554 3234 611 quam
3264 540 3321 595 in
3369 541 3636 612 particula
3668 542 3841 613 ipsius

568 643 797 710 uiantis,
846 651 908 697 ut
953 640 1149 697 iisdem
1195 636 1457 708 exemplis
1499 646 1755 691 utamur:
1788 635 1855 690 In
1890 639 2145 708 principio

568 738 685 807 fecit
720 736 862 791 Deus
897 732 1100 789 caelum
1134 741 1182 786 et
1218 740 1429 784 terram.
1468 727 1658 783 Omnia
1690 730 1744 782 in
1775 730 2031 799 sapientia
2069 729 2148 797 fe-

565 829 701 883 cisti.
761 826 955 882 Omnia
1002 840 1096 895 per
1136 823 1308 893 ipsum
1350 820 1493 890 facta
1534 828 1673 873 sunt.
1727 818 1793 872 In
1832 835 1933 888 quo
1971 828 2144 872 creata

564 932 685 977 sunt
726 920 934 984 omnia,
965 931 1100 989 quae
1127 924 1246 970 sunt
1278 913 1331 967 in
1374 911 1532 966 caelis
1568 920 1617 965 et
1658 927 1790 981 quae
1838 911 1852 940 ³
1888 909 1943 963 in
1968 918 2141 973 terra,

565 1013 669 1067 sive
698 1007 951 1074 visibilia,
996 1006 1102 1060 sive
1140 1000 1462 1066 invisibilia,
1505 1008 1562 1055 et
1604 998 1773 1053 multa
1815 996 2141 1066 hujusmodi.

564 1104 778 1160 Modum
820 1108 1003 1155 autem
1043 1105 1098 1154 et
1140 1096 1405 1151 rationem
1444 1091 1770 1147 conditionis
1798 1090 2038 1145 omnium
2088 1087 2142 1142 in

563 1193 741 1248 Verbo
780 1190 877 1246 Dei
928 1189 1075 1244 dicat
1110 1195 1155 1252 ι,
1207 1185 1297 1255 qui
1339 1189 1548 1253 potest;
1598 1196 1686 1236 me
1736 1180 1946 1236 nescire
1998 1178 2019 1209 ³
2062 1177 2144 1232 fa-

571 1296 705 1341 teor.
737 1283 849 1339 Nec
873 1281 896 1314 ⁸
922 1296 1009 1337 me
1037 1279 1200 1353 pudet
1234 1278 1256 1309 '
1290 1276 1534 1341 nescire,
1578 1275 1803 1330 audiens
1841 1272 2142 1344 apostolum

561 1377 827 1431 dicentem
859 1389 875 1427 :
902 1371 1007 1439 Qui
1029 1368 1171 1425 solus
1195 1368 1351 1422 habes
1377 1364 1849 1442 immortalitatem,
1888 1374 1937 1418 et
1973 1362 2142 1418 lucem

560 1466 766 1520 habitas
810 1459 1243 1524 inaccessibilem,
1268 1456 1592 1529 praesertim
1629 1456 1784 1525 quasi
1830 1453 1852 1485 ⁸
1894 1454 1961 1509 de
1987 1453 2143 1523 longe

560 1553 857 1626 praesentis
884 1551 1086 1623 negotii
1131 1550 1293 1606 linem
1321 1546 1686 1603 considerans.
1716 1546 1800 1602 Ad
1828 1546 1929 1602 hoc
1956 1545 1977 1577 "
1998 1546 2141 1600 enim

557 1665 814 1719 praesens
837 1645 1203 1711 ratiocinatio,
1234 1644 1401 1701 immo
1418 1660 1545 1699 vero
1572 1643 1686 1713 ipsa
1706 1641 1846 1695 ratio
1859 1641 2138 1711 perducet,

558 1752 617 1797 ut
647 1742 1032 1813 intelligamus,
1063 1753 1172 1793 non
1198 1736 1369 1792 solum
1397 1736 1450 1790 in
1475 1734 1567 1790 Dei
1604 1732 1776 1787 Verbo
1795 1732 1818 1763 ⁸
1844 1733 2023 1787 omnia
2045 1746 2140 1786 ae—

559 1845 708 1889 terna
751 1842 805 1889 et
838 1832 984 1910 facta
1016 1846 1156 1896 esse,
1203 1843 1390 1884 verum
1433 1826 1596 1881 etiam
1636 1823 1811 1895 ipsum
1840 1823 2020 1877 omnia
2060 1821 2141 1875 fa-

2251 633 2427 705 grani.
2456 632 2731 703 Multiplex
2756 632 2900 688 enim
2930 632 2983 686 in
3010 648 3118 686 uno
3143 642 3251 699 est,
3280 642 3336 687 et
3359 649 3465 688 una
3494 633 3549 689 in
3575 634 3845 706 multipli-

2246 722 2417 778 cibus.
2458 721 2515 777 Si
2553 738 2682 777 vero
2709 724 2831 792 quis
2857 722 3077 786 dixerit,
3125 722 3235 777 vim
3279 723 3547 778 seminum
3577 740 3688 780 non
3738 738 3844 796 per

2248 815 2504 885 Seipsam,
2534 816 2630 870 sed
2672 815 2725 869 in
2758 814 2936 885 aliqua
2970 816 3219 882 materia,
3256 815 3361 872 hoc
3388 828 3494 883 est,
3527 818 3581 872 in
3610 818 3842 877 linum

2246 906 2514 976 pateﬁeri,
2545 921 2609 962 ac
2649 920 2749 976 per
2781 912 2882 961 hoc
2924 906 3036 976 ipsa
3067 906 3149 971 fit,
3177 908 3321 976 quod
3357 918 3600 978 apparet,
3631 911 3731 964 sed
3780 909 3839 967 in

2244 1011 2353 1051 uno
2399 997 2540 1066 quod
2573 1009 2834 1067 apparere
2878 1005 2923 1038 ιι
2974 997 3109 1067 agit,
3137 1005 3195 1050 ut
3220 998 3302 1052 sic
3345 1008 3605 1069 appareat
3624 999 3702 1067 ¹¹,
3731 1014 3839 1057 non

2244 1088 2313 1143 de
2351 1090 2551 1159 seipsa,
2579 1089 2674 1143 sed
2709 1088 2777 1144 de
2815 1088 2995 1158 aliqua
3026 1089 3254 1145 materia
3304 1091 3649 1161 operationes
3705 1108 3836 1148 suas

2243 1192 2528 1249 peragens,
2568 1178 3023 1249 respondendum,
3055 1180 3101 1233 si
3136 1178 3190 1234 in
3218 1180 3399 1250 specie
3424 1191 3649 1252 apparet
3667 1192 3727 1237 et
3754 1181 3839 1251 ﬁt,

2242 1277 2397 1323 estne
2438 1269 2647 1339 species
2673 1270 2923 1337 materia,
2952 1270 3081 1326 dum
3109 1272 3399 1328 manifesta
3443 1275 3585 1330 ratio
3610 1274 3836 1343 clamat,

2242 1360 2496 1430 quicquid
2526 1369 2743 1415 maneat
2768 1361 2814 1394 ⁸³
2841 1362 2896 1416 in
2926 1363 3177 1429 materia,
3203 1377 3301 1433 per
3327 1366 3561 1435 speciem
3586 1382 3837 1432 manere,

2243 1452 2371 1507 dum
2409 1467 2507 1523 per
2548 1454 2778 1523 seipsam
2822 1461 2880 1510 et
2917 1453 2964 1487 ³⁸
2992 1455 3258 1512 instabilis
3305 1467 3361 1513 et
3387 1458 3636 1515 informis
3677 1460 3731 1497 ⁸⁵
3772 1475 3840 1518 ac

2244 1559 2378 1614 pene
2408 1544 2544 1600 nihil
2569 1545 2673 1600 sit?
2696 1544 2752 1600 Si
2775 1544 2830 1600 in
2855 1546 3153 1615 coloribus,
3175 1566 3301 1604 num
3338 1550 3489 1606 color
3527 1552 3575 1584 ⁸⁸
3605 1553 3838 1610 materia

2242 1647 2344 1703 est,
2360 1653 2482 1693 cum
2499 1647 2707 1694 constet
2722 1639 2789 1705 ³⁷,
2805 1654 2900 1695 eos
2925 1640 3069 1695 circa
3085 1641 3365 1697 materiem
3386 1642 3453 1709 ³⁸,
3479 1642 3648 1698 immo
3667 1645 3838 1701 etiam

2242 1730 2386 1785 circa
2433 1731 2667 1800 speciem
2696 1731 2956 1803 intelligi?
2985 1731 3044 1787 Si
3094 1733 3149 1787 in
3178 1734 3405 1789 odorum
3449 1736 3832 1799 suavitatibns,

2241 1838 2370 1877 num
2415 1821 2460 1862 ³⁸
2486 1825 2622 1879 odor
2670 1824 2898 1879 materia
2951 1834 3056 1893 est,
3087 1841 3210 1880 cum
3265 1826 3497 1897 qualitas
3541 1827 3833 1886 olfaciendi

553 1940 699 1990 cere,
727 1934 784 1981 et
808 1927 863 1981 in
887 1924 1139 1981 omnibus
1163 1921 1278 1977 fieri
1310 1919 1541 1990 simplici
1567 1916 1762 1972 mentis
1786 1916 1919 1971 acie.
1970 1915 2038 1970 Ut
2064 1914 2140 1969 ait
2168 1910 2215 1969 Β
2243 1928 2459 1968 sensum
2504 1912 2744 1970 alliciens
2786 1915 2854 1970 ab
2881 1915 2987 1982 bis,
3021 1920 3113 1985 qui
3144 1917 3271 1972 talia
3303 1926 3558 1983 tractant,
3600 1935 3730 1976 esse
3753 1920 3835 1976 di-

551 2027 773 2075 sanctus
800 2018 1102 2073 Maximus:
1132 2012 1240 2069 Per
1264 2015 1491 2067 rationes
1509 2015 1703 2077 ’,'quae
1730 2010 1786 2063 in
1803 2008 2137 2063 existentibus

546 2121 690 2178 sunt,
713 2110 784 2165 ad
819 2108 1030 2164 causale
1061 2107 1109 2139 ¹⁶
1136 2105 1345 2162 uerbum
1385 2102 1641 2166 videlicet,
1686 2102 1957 2171 eﬁ'erentes
1983 2100 2140 2153 intel-

551 2202 762 2267 lectum,
790 2210 837 2254 et
867 2200 967 2270 ipsi
997 2199 1098 2252 soli
1124 2206 1299 2268 utpote
1325 2195 1657 2266 congreganti
1688 2193 1883 2257 omnia,
1913 2209 2047 2263 quae
2071 2208 2137 2245 ea:

461 2348 471 2365 ,
549 2292 663 2362 ipso
691 2299 834 2356 sunt,
860 2299 907 2343 et
948 2287 1231 2342 attraltenti
1262 2285 1562 2355 alligantes,
1592 2282 1882 2337 rationibus
1912 2298 2003 2352 per
2026 2282 2135 2336 sin-

550 2382 675 2453 gula
718 2380 1045 2436 existentium
1090 2377 1325 2433 ordinate
1354 2375 1569 2440 utendo,
1616 2390 1717 2427 non
1740 2372 1859 2443 jam
1896 2372 2129 2441 confuse,

549 2473 637 2526 sed
684 2470 951 2542 praeclare
999 2470 1283 2533 credentes,
1332 2465 1502 2521 solum
1551 2464 1718 2519 Deunt
1769 2466 1975 2534 proprie
2022 2481 2133 2519 esse

550 2561 786 2617 relictum
812 2577 875 2615 ea:
901 2560 1155 2630 diligenti,
1197 2575 1330 2630 quae
1364 2568 1437 2612 est
1465 2559 1532 2611 ad
1572 2574 1650 2618 ea,
1697 2573 1830 2626 quae
1857 2566 1998 2621 sunt,
2049 2557 2131 2611 in-

546 2655 799 2719 tentione,
850 2664 898 2708 et
942 2654 1215 2707 essentiam
1245 2651 1577 2706 existentium
1613 2650 1677 2714 η,
1727 2658 1774 2703 et
1832 2660 2053 2715 motum,
2080 2658 2129 2704 et

548 2744 903 2816 diﬂ'erentium
924 2743 1310 2808 discretionem,
1331 2751 1378 2796 et
1403 2741 1774 2795 continentiam
1801 2739 2128 2793 insolubilem

544 2839 849 2902 mixtorum,
900 2845 949 2889 et
998 2835 1396 2904 fundamentum
1440 2832 1759 2887 immutabile
1816 2835 2126 2903 positorum,

542 2938 591 2983 et
617 2928 783 2982 omnis
827 2926 1133 2997 simpliciter
1159 2935 1416 2996 utcunque
1460 2925 1503 2956 "
1530 2924 1823 2979 intellectae
1851 2926 2123 2989 essentiae,

543 3028 590 3073 ct
644 3019 886 3073 motionis
914 3028 960 3071 et
1006 3017 1331 3086 differentiae
1365 3016 1725 3086 ntia'turaeque
1768 3025 1815 3069 et
1852 3016 2124 3084 positionis

541 3109 825 3164 causalem.
857 3110 937 3163 Ae
964 3124 1060 3179 per
1086 3107 1189 3162 hoc
1209 3108 1255 3163 si
1280 3106 1373 3162 Dei
1408 3107 1643 3162 Verbum
1672 3107 2008 3162 solummodo
2041 3121 2127 3161 re-

540 3202 801 3272 linquitur
820 3201 1053 3257 essentia
1084 3199 1427 3255 existentium
1471 3209 1527 3254 et
1569 3209 1747 3254 motus
1790 3209 1847 3254 et
1869 3199 2122 3264 dili‘eren-

2240 2013 2415 2071 catur,
2468 2007 2705 2075 qualitas
2752 2016 2932 2064 autem
2963 2007 3278 2079 incorporea
3310 2011 3425 2065 est?
3455 2009 3726 2067 Similiter
3766 2013 3833 2066 de

2237 2097 2434 2153 ceteris
2460 2097 2833 2168 qualitatibus,
2894 2099 2945 2153 in
2997 2098 3041 2129 ³ο
3088 2100 3285 2169 quibus
3334 2102 3505 2156 virtus
3555 2104 3830 2158 seminum

2235 2188 2371 2244 solet
2390 2204 2672 2260 apparere,
2702 2190 3009 2245 dicendum.
3038 2190 3097 2245 Si
3123 2200 3305 2246 autem
3334 2195 3612 2263 praedicta
3640 2197 3829 2250 omnia

2235 2280 2597 2350 incorporalia
2635 2288 2763 2336 sunt
2805 2281 3124 2351 corporibus
3161 2282 3534 2351 adhaerentia,
3565 2293 3622 2341 et
3662 2286 3719 2342 in
3744 2301 3832 2343 se-

2234 2372 2483 2441 metipsis
2505 2381 2660 2427 extra
2696 2388 2923 2443 corpora
2953 2373 3249 2439 intellecta,
3289 2375 3411 2445 quis
3432 2376 3536 2431 nisi
3565 2377 3831 2449 insipiens

2233 2462 2452 2526 dixerit,
2482 2462 2590 2516 vim
2633 2463 2899 2517 seminum
2946 2464 3341 2535 incorporalem
3379 2468 3683 2538 corporalis
3705 2485 3825 2524 ma-

2235 2552 2405 2607 teriae
2444 2554 2513 2607 ad
2558 2552 2952 2623 apparitionem
2990 2570 3144 2610 suam
3192 2556 3469 2627 indigere?
3507 2559 3707 2614 Ablata
3754 2561 3827 2615 si-

2231 2644 2447 2713 quidem
2496 2646 2697 2714 specie,
2744 2647 3003 2716 omnique
3054 2648 3333 2718 qualitate,
3387 2659 3443 2705 et
3485 2654 3819 2721 quantitate,

2232 2734 2410 2788 virtus
2438 2734 2717 2790 seminalis
2747 2735 2801 2789 in
2848 2739 2990 2791 nuda
3019 2739 3242 2812 materia
3272 2738 3418 2795 nullo
3459 2741 3620 2796 modo
3648 2752 3831 2812 potest

2230 2840 2323 2881 seu
2359 2827 2473 2879 ﬁeri
2500 2844 2595 2881 seu
2620 2828 2828 2881 sentiri.
2864 2828 3045 2895 Quid?
3074 2829 3131 2884 Si
3166 2831 3280 2901 ipsa
3308 2833 3585 2898 materies,
3630 2833 3690 2888 in
3716 2847 3832 2905 qua

2229 2929 2453 2988 putatur
2479 2936 2741 2991 apparere
2771 2931 2826 2977 et
2855 2939 3039 2993 agere,
3069 2941 3135 2980 ex
3169 2926 3520 2997 qualitatibus
3548 2929 3600 2983 in
3628 2944 3829 3000 eor-po.

2229 3010 2435 3066 ralibus
2460 3014 2723 3085 originem
2766 3014 2964 3071 ducere
2988 3018 3267 3087 probatur,
3302 3034 3478 3074 nonne
3507 3022 3825 3087 coniicitur,

2229 3117 2334 3156 non
2361 3103 2576 3159 aliunde
2621 3105 2727 3159 vim
2771 3108 3041 3162 seminum
3087 3110 3335 3179 accipere
3377 3111 3489 3177 illa,
3540 3112 3594 3167 in
3618 3112 3826 3183 quibus

2228 3204 2500 3263 operatur,
2521 3197 2615 3252 sed
2644 3212 2676 3252 a
2694 3212 2755 3252 se
2784 3198 2899 3268 ipsa
2920 3200 3042 3255 etin
3067 3215 3126 3256 se
3151 3201 3289 3272 ipsa,
3318 3203 3421 3257 hoc
3443 3212 3545 3268 est,
3572 3203 3629 3259 in
3659 3213 3826 3259 natu-

541 3296 674 3350 tium
716 3295 971 3351 discretio
1003 3302 1057 3348 et
1104 3292 1433 3348 continentia
1479 3291 1779 3347 insolubilis
1810 3292 2123 3357 mixtorum,
2152 3289 2197 3352 C
2230 3285 2435 3342 ralibus
2465 3288 2578 3343 suis
2600 3289 2924 3358 virtutibus,
2955 3292 3031 3346 ita
3061 3303 3121 3348 ut
3143 3295 3379 3350 mirabili
3428 3296 3587 3353 modo
3612 3298 3715 3357 ﬁat
3760 3308 3827 3354 et

544 3389 647 3443 boc
672 3396 755 3442 est
784 3386 1227 3456 compositorum,
1259 3393 1314 3439 et
1339 3382 1749 3438 fundamentum
1783 3382 2122 3437 immutabile

547 3478 864 3547 positorum,
906 3476 1009 3529 hoc
1042 3474 1213 3529 estad
1242 3472 1632 3527 immutabilem
1656 3473 1897 3527 habitum
1924 3488 2117 3542 perve-

536 3569 823 3634 nientium,
841 3577 895 3623 et
910 3576 1178 3637 utcunque
1197 3564 1498 3620 intellectae
1521 3565 1786 3620 essentiae
1801 3575 1856 3619 et
1877 3562 1925 3597 ¹⁸
1944 3575 2122 3621 motus

534 3670 591 3722 et
624 3659 670 3701 ⁸⁸
694 3660 1054 3727 discretionis,
1092 3669 1147 3715 et
1196 3658 1600 3728 compositionis
1628 3698 1643 3723 ,
1693 3667 1748 3713 et
1790 3659 2120 3715 babitudinis

538 3769 705 3809 causa
734 3753 801 3820 ⁸⁸,
831 3753 958 3822 quid
990 3750 1133 3806 aliud
1161 3757 1328 3805 restat
1351 3747 1594 3816 intelligi,
1619 3747 1720 3802 nisi
1747 3748 1920 3818 ipsum
1936 3748 2116 3803 omnia

538 3848 591 3903 in
613 3845 862 3903 omnibus
891 3845 1043 3900 lteri?
1068 3843 1348 3911 Quomodo
1370 3850 1571 3907 autem,
1610 3851 1664 3895 et
1692 3840 1737 3880 ι’
1768 3856 1874 3911 qua
1903 3842 2115 3896 ratione

535 3941 632 3997 Dei
662 3939 897 3996 Verbum
925 3939 979 3993 in
1004 3937 1276 4001 omnibus,
1298 3948 1435 4006 quae
1464 3934 1518 3988 in
1539 3948 1605 3988 eo
1625 3934 1666 3972 ιτ
1686 3933 1825 3989 facta
1856 3943 2000 3999 sunt,
2032 3934 2115 3997 lit,

533 4034 731 4090 mentis
752 4041 967 4087 nostrae
990 4030 1161 4085 aciem
1190 4028 1341 4099 fugit.
1377 4027 1485 4083 Nec
1497 4026 1717 4092 mirum,
1732 4041 1855 4081 cum
1877 4026 1930 4080 in
1953 4025 2115 4080 rebus

531 4124 872 4183 sensibilibus
915 4137 1073 4179 nemo
1119 4129 1295 4192 potest
1329 4121 1542 4187 dicere,
1594 4120 1862 4189 quomodo
1896 4119 1977 4173 vis
2021 4133 2109 4175 se-

529 4216 746 4272 minalis
777 4217 1095 4285 incorporea
1117 4211 1161 4253 ιδ
1197 4212 1253 4267 in
1282 4211 1491 4282 species
1517 4209 1753 4266 visibiles
1780 4209 2109 4279 formasque,

528 4312 584 4368 in
633 4311 813 4367 varios
862 4309 1093 4372 colores,
1136 4305 1193 4360 in
1244 4304 1486 4360 diversas
1539 4305 1764 4360 odorum
1817 4303 2111 4359 suavitates

526 4416 838 4472 erumpens,
870 4400 932 4453 fit
968 4395 1216 4452 sensrbus
1241 4393 1549 4460 manifesta,
1587 4404 1642 4449 et
1668 4395 1722 4449 in
1756 4393 1915 4448 rebus
1945 4393 2107 4460 facta,

528 4502 585 4547 et
609 4492 736 4546 dum
780 4490 841 4543 fit
881 4487 1189 4552 manifesta,
1236 4500 1343 4540 non
1387 4485 1594 4540 desinat
1624 4485 1667 4519 ¹⁹
1711 4500 1831 4539 esse
1871 4485 2105 4541 occulta.

525 4582 596 4637 Et
636 4582 750 4636 sive
789 4577 1071 4634 manifesta
1100 4579 1189 4643 sit,
1222 4575 1335 4630 sive
1362 4575 1595 4643 occulta,
1638 4574 1969 4630 naturalibus
1997 4575 2108 4630 suis

525 4674 814 4729 virtutibus
844 4687 1119 4741 nunquam
1166 4669 1433 4726 deseritur
1463 4676 1575 4723 tota
1622 4667 1675 4721 in
1724 4669 1869 4733 totis,
1910 4677 2021 4723 tota
2050 4670 2103 4723 in
2136 4645 2184 4705 θ
2210 4669 2263 4724 in
2312 4668 2450 4724 Filio
2481 4670 2647 4737 fiunt,
2698 4645 2903 4741 Spiritu
2949 4684 3138 4730 sancto
3182 4645 3576 4731 distribuuntur
3618 4693 3631 4729 :

526 4767 723 4836 seipsa,
769 4780 869 4821 nec
916 4764 1133 4829 crescit,
1175 4764 1301 4819 dum
1329 4763 1541 4817 videtur
1589 4759 1957 4830 multiplicari,
2002 4777 2105 4817 nec

522 4856 802 4921 minuitur,
832 4853 959 4909 dum
998 4862 1219 4924 putatur
1258 4854 1310 4907 in
1340 4851 1667 4923 paucitatem
1697 4852 1966 4917 contrahi,
2008 4852 2103 4907 sed

520 4949 575 5004 in
602 4948 791 5006 eodem
822 4957 966 5004 statu
1007 4963 1139 5003 suae
1175 4954 1401 5001 naturae
1451 4945 1861 5000 immutabiliter
1891 4961 2101 5015 perma-

519 5049 626 5095 net.
679 5038 793 5095 Non
832 5039 978 5096 enim
1024 5035 1272 5092 minor”
1300 5048 1384 5090 est
1436 5036 1492 5089 in
1529 5050 1638 5090 uno
1685 5052 1855 5107 grano
1906 5036 2094 5102 tritici,

516 5133 665 5190 verbi
711 5134 905 5205 gratia,
952 5147 1115 5202 quam
1145 5131 1200 5185 in
1242 5128 1425 5184 multis
1461 5128 1725 5184 messibus
1755 5130 1856 5184 sub
1904 5129 2093 5184 eodem

515 5238 711 5296 genere
740 5221 1131 5293 multiplicatis,
1172 5229 1227 5276 et
1254 5220 1397 5289 quod
1426 5227 1509 5275 est
1553 5218 1877 5285 mirabilius,
1908 5234 2008 5275 nec
2034 5220 2088 5275 in

2227 3376 2402 3431 faciat
2427 3387 2482 3431 ct
2519 3382 2748 3435 materia
2767 3397 2869 3440 sua
2893 3392 2949 3437 et
2975 3386 3220 3455 Operatio
3242 3396 3298 3442 et
3316 3389 3589 3459 operatrix
3612 3390 3641 3444 2

2296 3470 2382 3523 l7.
2419 3469 2738 3527 Inconcussa
2764 3474 2946 3544 itaque
2972 3477 3271 3533 auctoritas
3317 3479 3528 3535 divinae
3559 3481 3821 3553 Scriptu-

2225 3575 2319 3616 rae
2346 3577 2442 3617 nos
2473 3564 2745 3635 corripellit
2789 3567 3031 3634 credere,
3067 3570 3231 3625 totius
3259 3583 3540 3627 creaturae
3581 3574 3821 3632 univer-

2221 3655 2439 3711 sitatem
2490 3657 2544 3711 in
2589 3658 2764 3714 Verbo
2810 3659 2904 3715 Dei
2936 3663 3209 3718 conditam
3250 3679 3391 3731 esse,
3429 3666 3708 3737 ipsiusque
3767 3667 3819 3699 ³⁸

2221 3748 2547 3804 conditionis
2601 3751 2867 3808 rationem
2917 3748 3106 3810 omnes
3155 3757 3457 3815 intellectus
3505 3775 3816 3831 superare,

2219 3840 2425 3910 solique
2463 3842 2659 3910 Verbo,
2691 3843 2745 3899 in
2782 3861 2895 3916 quo
2920 3849 3137 3904 condita
3159 3858 3287 3905 sunt
3310 3851 3489 3907 omnia
3527 3852 3591 3919 ⁸⁸,
3620 3853 3821 3924 cogni-

2218 3940 2327 3987 tam
2356 3946 2498 3988 esse.
2544 3933 2602 3988 Si
2652 3950 2784 3991 vero
2820 3937 2902 3993 vis
2944 3939 3153 4005 audire,
3196 3941 3325 4009 quid
3352 3942 3419 3998 de
3437 3943 3823 4001 universitatis

2216 4027 2538 4082 aeternitate
2573 4028 2626 4081 in
2670 4027 2849 4085 Verbo
2877 4030 2971 4086 Dei
3012 4034 3206 4100 sentio,
3236 4035 3305 4089 ad
3344 4036 3499 4102 haec,
3548 4052 3689 4107 quae
3715 4053 3820 4093 se-

2216 4127 2475 4188 quuntur,
2534 4118 2776 4176 intentus
2820 4131 2959 4178 esto.
2996 4124 3142 4180 Dtsc.
3187 4125 3412 4183 Praesto
3459 4144 3594 4184 sum.
3654 4128 3816 4186 MAG.

2214 4211 2353 4267 Num
2381 4213 2688 4281 arbitraris,
2720 4216 2953 4272 Verbum
2981 4218 3101 4284 Dei,
3134 4219 3189 4274 in
3232 4236 3339 4290 quo
3360 4220 3502 4276 facta
3532 4230 3657 4277 sunt
3679 4238 3826 4278 om-

2213 4303 2322 4367 nia,
2369 4302 2566 4359 fecisse
2602 4304 2650 4336 ³³
2696 4306 2900 4374 omnia,
2929 4323 3068 4376 quae
3097 4309 3151 4363 in
3179 4324 3246 4365 eo
3281 4309 3422 4365 facta
3460 4312 3621 4366 sunt?
3649 4311 3815 4369 DISC.

2209 4395 2462 4450 Arbitror
2484 4411 2632 4451 sane.
2656 4395 2914 4465 Quamvis
2937 4400 3082 4455 enim
3117 4401 3296 4456 divina
3324 4403 3583 4473 operatio,
3608 4403 3660 4456 in
3684 4418 3817 4473 qua

2211 4487 2429 4542 condita
2460 4496 2588 4543 sunt
2627 4490 2829 4555 omnia,
2864 4491 3147 4563 tripliciter
3172 4508 3326 4549 sacra
3370 4492 3647 4565 Scriptura
3666 4509 3815 4564 per-

2213 4578 2431 4634 bibente
2468 4595 2500 4634 a
2526 4581 2786 4650 theologis
2812 4582 3215 4650 consideretur;
3260 4581 3424 4640 Pater
3468 4587 3610 4639 enim
3639 4584 3817 4654 facit,

3681 4690 3816 4732 una

2212 4768 2391 4813 tamen
2431 4769 2593 4830 atque
2615 4761 2803 4817 eadem
2830 4776 3074 4817 summae
3098 4763 3146 4795 “
3170 4774 3494 4836 sanctaeque
3513 4764 3819 4823 Trinitatis

2208 4859 2292 4904 est
2313 4850 2576 4921 operatio.
2603 4850 2757 4917 Quod
2772 4853 2915 4907 enim
2943 4851 3104 4908 Pater
3125 4854 3350 4920 facit,.et
3369 4855 3536 4911 Filius
3561 4856 3708 4916 facit,
3742 4868 3816 4913 et

2208 4943 2442 5014 Spiritus
2461 4953 2681 4999 sanctus
2693 4942 2845 5011 facit,
2859 4954 2913 4999 et
2931 4947 3139 5016 quodin
3162 4946 3299 5003 Filio
3320 4945 3521 5003 factum
3542 4956 3643 5013 est,
3661 4946 3723 5000 in
3758 4948 3814 4980 ³³

2203 5035 2364 5092 Patre
2388 5047 2441 5090 et
2465 5035 2670 5105 Spiritu
2694 5045 2883 5093 sancto
2905 5038 3106 5094 factum
3128 5050 3233 5096 est.
3256 5039 3533 5111 Siquidem
3553 5040 3600 5095 si
3625 5038 3667 5069 ³⁸
3696 5038 3813 5096 Fi-

2201 5126 2305 5182 lius
2330 5129 2382 5182 in
2415 5126 2575 5183 Patre
2609 5136 2711 5193 est,
2740 5143 2919 5195 omne,
2950 5131 3094 5199 quod
3129 5131 3183 5186 in
3212 5130 3350 5187 Filio
3370 5129 3571 5189 factum
3600 5139 3703 5195 est,
3741 5134 3810 5189 in

2198 5216 2362 5275 Patre
2402 5232 2525 5275 esse
2562 5233 2784 5276 necesse
2816 5227 2920 5276 est.
2951 5220 3086 5275 Nam
3118 5222 3314 5278 rationi
3357 5236 3469 5278 non
3512 5222 3808 5291 convenit,

1797 5347 2052 5404 VARIAE
2090 5350 2490 5409 LECTIONES.

608 5454 629 5490 ι
653 5464 786 5521 quae
844 5463 952 5505 om.
979 5445 1075 5521 AA.
1229 5442 1284 5521 _C
1333 5444 1479 5521 dicit.

512 5521 533 5555 '
580 5520 622 5578 C
665 5514 877 5603 'adhuc.
922 5517 999 5603 u’
1044 5514 1447 5603 A‘.verbo__l)ei__.

509 5603 566 5647 ut
618 5606 824 5647 cuwue.

1576 5513 1598 5544 '
1638 5513 1684 5567 Α
1732 5514 2070 5583 peractiones.

1594 5444 1616 5476 ³
1642 5442 1748 5518 Pro
1803 5459 1883 5497 me
1916 5445 2145 5518 ‘nescire
2192 5447 2235 5518 Α
2288 5464 2403 5518 ego.

2200 5517 2244 5548 ‘°
2281 5517 2329 5571 Α
2364 5534 2575 5572 causae.

920 5588 966 5622 ⁸³
996 5586 1239 5669 auctionis
1281 5595 1332 5669 et
1379 5584 1703 5669 diligentiae
1759 5585 2118 5669 mixturaeque
2139 5590 2628 5669 netnpositionisn—l:
2655 5597 2841 5669 et'om.
2872 5588 2938 5669 Αἶ

509 5679 619 5718 sae.
695 5654 740 5695 ιδ
765 5659 815 5715 Α
851 5667 961 5713 aut.
1037 5657 1079 5689 ιτ
1109 5657 1155 5710 Α
1189 5654 1428 5731 inille.“
1463 5654 1507 5731 ζ’
1529 5654 1831 5731 incorporea
1862 5669 1971 5709 om.
1995 5654 2061 5709 Α.
2088 5726 2116 5731 Δ
2138 5657 2182 5690 ³³
2216 5654 2306 5731 S_ic
2333 5659 2441 5731 AC.
2518 5659 2563 5731 ’ξ’
2587 5657 2627 5713 C
2649 5659 2846 5731 minus.
2923 5663 2964 5696 ἰ
2992 5658 3145 5728 Conj.
3170 5676 3185 5726 ;
3207 5729 3211 5731 Α
3231 5659 3272 5715 C
3300 5677 3511 5731 appare.

2534 5448 2558 5478 ⁸
2594 5446 2642 5502 Α
2684 5447 2813 5533 liaec
2896 5530 2909 5533 Δ
2935 5447 3178 5533 ’.οραᾱειμ
3206 5463 3316 5531 om.
3346 5450 3400 5533 ΔΔ
3439 5520 3471 5533 Δ,
3505 5449 3528 5483 ⁶
3552 5450 3600 5505 Α
3623 5465 3799 5533 quae.

2698 5525 2739 5556 ιι
2795 5525 3084 5573 essentiam
3130 5529 3179 5574 et
3223 5525 3588 5576 existentium.
3663 5526 3715 5559 ιι
3747 5526 3802 5577 Α

3046 5588 3091 5623 ¹⁸
3141 5598 3188 5643 et
3212 5604 3321 5645 om.
3347 5590 3413 5645 A.
3487 5589 3604 5644 “A
3646 5606 3801 5644 cau-

3612 5660 3658 5693 "
3685 5664 3802 5717 sed

510 5734 567 5786 in
604 5747 707 5786 uno
743 5759 813 5771 ——
841 5736 1088 5799 appareat
1112 5726 1309 5799 om._A.
1385 5725 1431 5756 “
1455 5723 1497 5799 _C
1525 5733 1762 5799 Μωρέ.-
1795 5723 1841 5754 ⁸⁸
1867 5735 1913 5779 et
1939 5726 2138 5799 nunc.
2209 5728 2318 5782 "A
2347 5728 2594 5784 informis
2613 5729 2699 5799 sit.
2777 5727 2825 5759 “
2850 5743 2948 5798 pro
2983 5723 3279 5784 num'color
3312 5723 3513 5787 Ᾱήοη.
3586 5730 3631 5763 ³⁷
3685 5730 3800 5788 Sic

509 5802 582 5867 (ῖς
606 5803 647 5856 Α
675 5817 805 5855 cura
824 5807 1041 5853 constat.

511 5863 667 5926 disse.
745 5868 792 5901 ”
820 5870 865 5923 A
891 5883 1243 5937 summaeque.
1320 5865 1366 5897 ³⁵
1392 5866 1446 5920 in
1473 5882 1581 5923 om.
1614 5863 1680 5920 A.
1748 5864 1792 5896 ³⁸
1813 5865 1860 5920 si
1890 5881 1999 5923 om.
2024 5866 2090 5922 A.

1137 5796 1184 5827 ”
1210 5795 1258 5850 Α
1281 5797 1576 5869 materiam.
1628 5793 1696 5869 f’
1723 5794 1906 5869 Quen.
1980 5794 2113 5869 “in
2140 5813 2248 5855 om.
2280 5799 2346 5854 A.
2417 5799 2464 5833 “
2489 5800 2536 5854 A
2584 5798 2755 5869 Ipsius
2780 5793 2920 5854 vero.
2996 5800 3043 5831 ³³
3064 5802 3239 5855 omnia
3266 5816 3373 5857 om.
3403 5803 3469 5857 Α.
3544 5799 3592 5833 ³⁸
3628 5799 3673 5855 Δ
3710 5812 3800 5857 ηε
