3966 5588
163 296 284 356 675

1813 221 1840 232 -ι

1028 298 1118 353 DE
1155 295 1490 355 DlVlSlONE
1527 295 1876 356 NATURAE.
1915 325 1984 341 --
2021 296 2223 354 LIBER
2257 293 2574 356 TERTIUS.

3315 302 3419 360 674

160 419 232 468 ut
253 409 617 482 intelligamus
633 407 826 466 Filium
850 409 1024 480 ipsum
1039 409 1210 466 solum
1233 411 1285 466 in
1307 411 1489 476 Patre,
1511 424 1574 466 ea
1593 425 1742 477 vero,
1770 415 1828 478 Α
1851 409 2076 482 simplex
2132 411 2311 467 divina
2363 404 2519 477 visio,
2570 424 2708 482 quae
2747 414 2924 469 omnia
2963 413 3108 470 videt
3147 429 3332 483 unum,
3364 429 3421 474 et
3458 446 3460 448 τ

160 520 314 577 quae
331 503 491 560 Pater
513 501 566 559 in
597 501 730 561 Filio
759 501 906 570 facit,
929 503 980 557 in
1008 503 1167 558 Patre
1197 517 1302 558 non
1323 517 1461 558 esse.
1492 500 1751 559 Similiter
1852 516 2018 560 unum
2054 503 2252 559 omnia.
2293 504 2361 560 Et
2405 505 2451 560 si
2489 506 2592 561 hoc
2633 505 2815 561 datum
2856 505 3053 572 fuerit,
3105 522 3315 576 vereor,
3349 527 3418 566 ne

161 596 316 665 quod
347 594 580 666 Spiritus
609 603 828 649 sanctus
854 595 1024 649 nutrit
1045 603 1099 648 et
1128 594 1418 659 distribuit,
1453 609 1484 647 a
1509 591 1669 649 Patre
1693 603 1749 650 et

159 686 312 742 Filio
352 686 589 741 nutritur
633 695 688 740 et
721 686 1078 742 distribuitur.
1113 685 1250 740 MAG.
1291 685 1348 741 Si
1374 685 1554 756 itaque
1580 685 1746 740 Filius

93 767 106 842 ξ
160 777 324 842 facit,
361 791 498 846 quae
531 778 584 832 in
609 792 674 832 eo
703 775 842 832 facta
883 785 1027 841 sunt,
1077 777 1315 846 nunquid
1358 776 1681 831 credendum
1725 781 1740 811 ³

160 876 252 922 est
301 866 527 934 fecisse,
563 882 702 938 quae
737 883 844 924 non
882 868 1053 924 vidit?
1096 867 1242 923 Dtsc.
1291 867 1504 923 Vidisse
1538 870 1560 900 ³
1599 883 1739 931 eum,

159 970 310 1024 quae
330 954 476 1022 fecit,
516 965 572 1012 et
599 957 653 1012 in
683 971 750 1012 eo
776 957 918 1012 facta
942 965 1087 1021 sunt,
1119 957 1373 1012 arbitror.
1411 957 1549 1011 ΜΑο.
1578 956 1746 1012 Recte

108 1045 120 1122 "
159 1046 475 1102 arbitraris.
512 1045 609 1104 Dic
652 1048 852 1118 itaque,
885 1048 1152 1117 quomodo
1182 1047 1336 1113 vidit,
1362 1056 1542 1102 utrum
1580 1062 1742 1103 sensu

93 1127 115 1210 τ’
159 1152 452 1208 corporeo,
512 1152 580 1194 an
635 1139 1116 1205 intellectu?Dtsc.
1162 1137 1272 1194 Nec
1297 1152 1457 1195 sensu
1487 1138 1742 1204 dixerim,

157 1246 265 1288 nec
321 1232 593 1289 intellectu
653 1233 824 1289 Deum
883 1233 1082 1290 vidisse
1141 1249 1280 1305 quae
1354 1233 1500 1288 fecit.
1567 1233 1741 1288 Sensu

145 1323 431 1393 siquidem
491 1338 751 1394 corporeo
815 1332 992 1390 caret,
1065 1325 1156 1397 qui
1226 1323 1576 1394 incorporeus
1631 1331 1736 1380 est.

155 1412 275 1470 Nec
297 1416 515 1484 proprie
544 1415 844 1472 intellectus
874 1417 1094 1484 dicitur,
1117 1417 1208 1488 qui
1235 1425 1494 1488 exuperat
1521 1432 1739 1473 omnem

153 1505 516 1562 intellectum.
539 1505 844 1565 Intellectus
876 1517 1055 1564 tamen
1084 1523 1181 1580 per
1205 1511 1572 1580 metaphoram
1600 1510 1737 1566 dici-

152 1606 280 1664 tur,
320 1599 463 1656 sicut
517 1609 571 1656 et
623 1602 871 1669 animus;
915 1618 947 1658 a
1001 1611 1251 1660 creatura
1300 1603 1550 1660 videlicet
1599 1603 1669 1657 ad
1713 1603 1736 1634 ³
1782 1659 1797 1676 ο

147 1690 490 1759 Creatorem,
514 1693 767 1764 quoniam
789 1695 951 1751 totius
973 1696 1274 1752 intellectus
1297 1704 1352 1752 et
1380 1695 1545 1751 animi
1568 1710 1732 1752 causa

1848 593 1990 650 forte
2018 609 2104 650 me
2132 595 2423 666 compellas
2458 611 2622 651 unum
2653 612 2683 652 e
2706 597 2910 652 duobus
2936 599 3114 665 fateri,
3155 608 3248 655 aut
3269 600 3418 654 vide—

1847 685 1976 742 licet
2019 687 2290 758 segregari
2334 686 2379 720 ³⁸
2409 686 2732 742 voluntatem
2760 688 2852 742 Dei
2891 703 2920 742 a
2951 688 3081 755 Deo,
3122 699 3178 744 et
3200 689 3418 761 adjungi

1847 786 2146 843 creaturae,
2177 779 2251 833 ita
2276 788 2335 833 ut
2355 778 2496 832 aliud
2521 779 2591 834 sit
2617 778 2757 834 Deus
2783 787 2836 834 et
2858 779 3002 834 aliud
3033 795 3128 834 sua
3146 780 3415 846 voluntas,

1847 867 1952 923 hoc
1986 878 2085 932 est,
2134 876 2192 924 ut
2211 869 2282 924 sit
2303 869 2444 925 Deus
2474 869 2518 901 "
2558 868 2751 934 factor,
2797 869 3044 924 voluntas
3070 877 3246 924 autem
3295 870 3415 940 ejus

1845 955 2020 1024 facta;
2051 966 2144 1012 aut
2167 959 2213 1014 si
2245 958 2347 1014 hoc
2374 974 2477 1014 non
2507 958 2635 1013 sinit
2675 973 2799 1013 vera
2827 958 2967 1012 ratio
2989 959 3188 1024 dicere,
3229 973 3415 1014 neces-

1845 1049 1990 1102 sario
2040 1049 2286 1114 fatebor,
2337 1061 2392 1105 et
2435 1049 2648 1117 Deum,
2703 1058 2758 1106 et
2810 1050 3112 1106 voluntates
3164 1065 3312 1117 suas,
3361 1059 3418 1106 et

1843 1140 2044 1205 omnia,
2071 1156 2209 1210 quae
2254 1141 2400 1206 fecit,
2447 1157 2611 1196 unum
2638 1151 2690 1198 et
2734 1142 2786 1196 id
2819 1143 2993 1212 ipsum
3022 1157 3162 1198 esse.
3192 1143 3270 1197 Ae
3299 1143 3416 1198 sine

1842 1244 1995 1285 mora
2037 1232 2463 1287 ratiocinationis
2505 1234 2704 1288 virtute
2749 1244 2974 1305 cogente
3004 1233 3352 1290 concludetur
3396 1252 3412 1290 ;

1840 1323 1982 1379 Deus
2009 1324 2172 1395 igitur
2198 1327 2431 1396 seipsum
2461 1324 2608 1391 fecit,
2635 1327 2681 1381 si
2710 1341 2814 1382 non
2846 1336 2997 1380 extra
3027 1326 3144 1398 ejus
3169 1335 3414 1381 naturam

1841 1427 1972 1468 suae
2014 1413 2314 1470 voluntates
2362 1423 2511 1482 sunt,
2550 1424 2607 1471 et
2634 1431 2738 1470 non
2786 1415 2947 1470 aliter
2984 1416 3131 1471 videt
3171 1431 3297 1472 suas
3323 1432 3415 1472 vo-

1839 1503 2091 1570 luntates,
2117 1513 2170 1560 et
2191 1505 2346 1562 aliter
2369 1521 2508 1578 quae
2549 1506 2694 1573 fecit,
2734 1508 2825 1562 sed
2853 1516 2912 1562 ut
2942 1523 3066 1565 suas
3106 1509 3414 1566 voluntates

1837 1595 2004 1662 videt,
2036 1612 2175 1666 quae
2205 1597 2352 1653 fecit.
2393 1597 2458 1652 Et
2502 1597 2546 1653 si
2585 1597 2657 1652 ita
2699 1606 2800 1664 est,
2825 1600 2945 1668 quis
2989 1600 3055 1655 de
3090 1602 3411 1657 aeternitate
3453 1611 3461 1619 '

1837 1689 2098 1754 omnium,
2130 1706 2268 1760 quae
2291 1689 2432 1746 facta
2455 1699 2600 1756 sunt,
2626 1691 2680 1745 in
2704 1692 2810 1747 Deo
2828 1691 3086 1747 dubitarit
3109 1694 3173 1759 ιτ,
3197 1696 3411 1764 quando

145 1795 236 1841 est
264 1795 319 1840 ει
345 1787 611 1844 conditor,
651 1788 768 1844 Non
798 1804 924 1861 ergo
950 1803 1048 1860 per
1083 1798 1386 1846 creaturam
1408 1790 1572 1857 videt,
1617 1791 1732 1846 sive
1761 1771 1811 1833 Β
1837 1796 1946 1835 non
1976 1782 2146 1836 solum
2190 1781 2340 1838 facta
2361 1791 2415 1839 et
2443 1791 2684 1848 aeterna,
2718 1798 2903 1840 verum
2932 1784 3093 1840 etiam
3119 1785 3262 1841 Deus
3291 1801 3410 1842 esse

145 1891 494 1948 corpoream,
534 1879 650 1936 sive
691 1880 1083 1951 incorpoream,
1111 1881 1201 1952 qui
1229 1880 1425 1937 nullius
1445 1891 1732 1938 creaturae

146 1968 496 2026 instrumenti
524 1971 725 2044 indiget
747 1973 814 2028 ad
844 1989 907 2030 ea
935 1975 1184 2042 videnda,
1212 1991 1350 2047 quae
1376 1976 1491 2031 vult
1524 1975 1726 2033 facere.

147 2058 280 2115 Non
311 2062 451 2116 enim
475 2079 606 2128 esse,
633 2071 694 2118 ut
731 2065 809 2120 ait
849 2064 1132 2132 Maximus,
1166 2067 1410 2137 possibile
1449 2078 1545 2134 est,
1591 2070 1728 2124 sicut

141 2153 374 2207 ostendit
406 2153 564 2220 ratio,
616 2171 752 2222 eum,
776 2157 867 2227 qui
890 2166 1138 2227 esttuper
1163 2174 1247 2225 ea,
1284 2175 1417 2229 quae
1457 2169 1602 2226 sunt,
1641 2177 1724 2226 ea,
1759 2183 1762 2185 λ

139 2254 436 2314 quaerunt,
455 2247 684 2317 accipere
696 2247 736 2303 δ.
767 2246 874 2305 Sed
889 2251 1026 2304 sicut
1041 2264 1168 2305 suas
1189 2249 1728 2321 voluntates‘cogno—

139 2349 303 2391 scere
321 2349 446 2390 eum
475 2336 704 2394 dicimus
728 2351 814 2404 ea,
839 2353 976 2409 quae
999 2346 1142 2405 sunt,
1175 2341 1430 2397 addentes
1451 2341 1616 2396 etiam
1657 2357 1726 2398 ex

140 2443 313 2484 causa
341 2429 827 2486 ratiocinationem.
872 2431 930 2486 Si
956 2433 1098 2487 enim
1127 2431 1400 2487 voluntate
1440 2433 1622 2488 omnia
1648 2432 1727 2489 fe-

137 2519 241 2585 cit,
292 2526 350 2574 et
390 2520 536 2576 nulla
584 2521 904 2578 contradicit
959 2523 1116 2589 ratio,
1169 2538 1494 2594 cognoscere
1541 2532 1724 2579 autem

139 2629 301 2668 suam
335 2614 668 2671 voluntatem
697 2615 864 2671 Deum
913 2631 1127 2687 semper
1153 2617 1301 2687 pium
1330 2616 1509 2672 dicere
1545 2625 1602 2672 et
1635 2615 1724 2686 ju-

133 2712 290 2758 stum
332 2714 445 2770 est;
491 2706 908 2776 unumquodque
949 2719 1077 2761 vero
1118 2721 1338 2772 eorum,
1395 2721 1532 2775 quae
1576 2705 1722 2762 facta

133 2804 290 2862 sunt,
317 2797 506 2854 volens
553 2797 680 2855 fecit
709 2813 724 2853 :
753 2799 916 2869 igitur
961 2808 1018 2854 ut
1059 2813 1186 2856 suas
1231 2798 1534 2855 voluntates
1579 2798 1722 2855 Deus

132 2891 420 2957 cognoscit
447 2905 536 2956 ea,
559 2905 698 2960 quae
730 2898 874 2957 sunt,
896 2890 1147 2962 quoniam
1175 2899 1230 2946 et
1254 2890 1436 2948 volens
1455 2905 1538 2958 ea,
1563 2905 1722 2962 .quae

132 2986 292 3043 sunt,
340 2978 486 3035 fecit.
530 2978 668 3035 MAG.
713 2979 1170 3048 Quemadmodum
1197 2981 1360 3052 igitur
1403 2980 1545 3036 Deus
1591 2995 1720 3036 suas

133 3071 446 3128 voluntates
474 3071 639 3139 videt,
665 3072 736 3127 ita
763 3082 818 3128 et
838 3087 924 3141 ea,
947 3088 1086 3143 quae
1111 3072 1243 3129 fecit
1276 3073 1318 3140 ⁸,
1350 3073 1528 3130 videt?
1565 3073 1712 3130 DlSC.

127 3163 212 3218 ιω
239 3162 484 3233 quidem,
516 3178 622 3219 non
647 3165 667 3196 ⁷
709 3163 885 3219 aliter.
943 3163 1060 3219 Non
1085 3173 1283 3232 autem,
1315 3173 1373 3219 ut
1399 3165 1716 3236 insipientes

127 3262 443 3317 autumant,
476 3267 574 3324 per
597 3268 814 3309 sensum
842 3254 1135 3319 sensibilia,
1166 3269 1338 3326 neque
1377 3270 1473 3325 per
1510 3255 1716 3312 intelle-

126 3352 286 3399 etum
333 3343 690 3415 intelligibilia
739 3344 904 3412 videt,
949 3347 1042 3402 sed
1097 3347 1546 3416 quemadmodum
1589 3363 1716 3403 suas

127 3435 465 3503 voluntates,
497 3435 572 3492 ita
594 3436 864 3492 sensibilia
900 3445 955 3493 et
980 3437 1331 3510 intelligibilia
1374 3439 1536 3495 videt.
1571 3439 1712 3496 MAG.

125 3527 302 3583 Plane
328 3527 352 3560 ⁸
381 3542 445 3583 ac
468 3542 601 3598 pure
648 3527 919 3598 intelligis.
959 3527 1064 3583 Sed
1104 3528 1274 3595 dicas,
1305 3528 1504 3601 ﬂagito,
1535 3539 1713 3586 utrum

126 3619 282 3673 aliud
309 3627 439 3674 sunt
485 3619 700 3674 divinae
739 3618 1065 3683 voluntates,
1092 3619 1248 3688 'quas
1275 3620 1416 3676 Deus
1444 3621 1606 3686 videt,
1657 3629 1714 3676 et

125 3710 280 3766 aliud
323 3709 489 3776 facta,
539 3726 677 3780 quae
725 3719 784 3766 ut
821 3725 947 3766 suas
996 3709 1296 3766 voluntates
1336 3711 1517 3768 videt?
1561 3711 1711 3768 DISCt

122 3802 248 3858 Non
277 3816 397 3857 sum
439 3799 683 3867 idoneus,
713 3800 806 3871 qui
835 3801 960 3856 huic
989 3801 1338 3872 pr0positioni
1371 3801 1502 3856 satis
1535 3810 1709 3856 recte-

119 3909 236 3965 que
288 3893 664 3963 respondeam.
714 3893 940 3948 Coartor
981 3893 1124 3949 enim
1180 3893 1432 3963 undique.
1482 3891 1616 3948 Nam
1661 3892 1710 3948 si

122 3985 322 4041 dixero
351 3984 517 4050 aliud,
549 3999 675 4038 mox
705 3984 944 4040 dicturus
976 3983 1113 4039 eris:
1142 3997 1248 4039 non
1285 3985 1305 4017 ⁹
1345 3999 1473 4055 ergo
1497 3994 1556 4038 ut
1584 3999 1712 4040 suas

121 4078 438 4134 voluntates
486 4076 626 4133 Deus
665 4077 830 4144 videt,
855 4090 992 4146 quae
1033 4075 1200 4142 fecit;
1230 4075 1282 4130 in
1307 4075 1534 4132 diversis
1563 4077 1710 4131 enim

121 4176 435 4237 naturaque
481 4165 853 4222 differentibus
886 4181 993 4221 una
1035 4182 1100 4222 ac
1147 4165 1373 4236 simplex
1415 4167 1551 4222 visio
1594 4166 1709 4224 ﬁeri

120 4273 234 4312 non
264 4263 462 4327 potest.
496 4256 564 4311 Et
589 4255 878 4312 concludes
915 4271 930 4310 :
962 4256 1143 4316 divina
1172 4263 1352 4311 autem
1397 4257 1536 4313 visio
1576 4259 1708 4314 sim-

117 4348 251 4417 plex
290 4356 462 4404 estet
509 4364 616 4403 una
649 4356 702 4404 et
739 4348 1053 4415 uniformis;
1104 4349 1289 4420 igitur,
1337 4349 1383 4406 si
1433 4350 1577 4406 aliud
1628 4361 1712 4407 cst

119 4439 218 4494 Dei
254 4439 297 4470 ⁸⁸
330 4439 602 4506 voluntas,
633 4447 688 4494 et
710 4439 854 4495 aliud
878 4440 1018 4509 quod
1046 4438 1193 4506 fecit,
1224 4455 1329 4496 non
1361 4451 1422 4496 ut
1460 4442 1705 4498 volunta-

118 4539 234 4585 tem
263 4545 415 4586 suam
444 4530 590 4586 videt
622 4531 663 4562 ³⁸
712 4531 853 4602 quod
878 4530 1004 4587 fecit
1039 4531 1102 4584 ⁸³.
1136 4529 1192 4588 Si
1225 4543 1403 4588 autem
1449 4534 1635 4590 dixero
1667 4535 1710 4566 ¹³

118 4636 232 4676 non
266 4621 436 4687 aliud,
468 4622 779 4678 necessario
823 4631 1078 4692 sequetur
1109 4640 1122 4676 :
1152 4623 1400 4680 voluntas
1427 4625 1589 4694 igitur
1613 4624 1708 4682 Dei

117 4713 332 4765 factum
359 4709 476 4781 ejus
504 4711 548 4743 “
589 4721 690 4775 est,
723 4721 778 4767 et
806 4711 1108 4769 voluntates
1134 4730 1260 4770 suas
1284 4714 1432 4781 fecit,
1463 4725 1535 4783 et,
1569 4731 1707 4785 quae

116 4801 279 4866 fecit,
313 4801 620 4859 voluntates
647 4817 776 4860 suae
803 4813 947 4860 sunt.
990 4804 1103 4861 Una
1130 4807 1271 4861 enim
1319 4809 1613 4879 eademque
1650 4818 1707 4864 et

115 4891 363 4960 simplex
405 4891 584 4947 divina
632 4892 769 4949 visio
799 4896 961 4965 cogit,
1011 4911 1176 4950 unum
1204 4903 1258 4951 et
1285 4895 1337 4950 id
1382 4897 1554 4969 ipsum
1581 4911 1704 4955 esse

65 5017 68 5028 λ
114 4995 312 5045 omne,
340 4981 479 5049 quod
511 4983 677 5039 videt.
707 4984 864 5039 Videt
910 4993 1090 5040 autem
1125 4993 1184 5040 ut
1223 4999 1350 5042 suas
1374 4990 1699 5057 voluntates,

112 5087 266 5144 quae
308 5071 454 5128 fecit.
498 5075 680 5132 Unum
722 5077 884 5147 igitur
920 5086 975 5133 et
1004 5079 1059 5134 id
1098 5081 1272 5150 ipsum
1319 5092 1446 5140 sunt
1487 5082 1700 5142 divinae

110 5163 453 5233 voluntates,
473 5175 527 5223 et
549 5180 694 5237 quae
720 5166 860 5225 Deus
883 5167 1026 5227 fecit.
1058 5171 1134 5228 Ea
1175 5169 1439 5240 siquidem
1474 5173 1700 5235 unilicat

1738 4491 1789 4552 D

1832 1870 2238 1944 intelliguntur?
2265 1872 2404 1929 MAG.
2435 1874 2755 1930 Cautissime
2797 1891 2861 1931 ac
2897 1876 3304 1945 vigilantissime
3328 1894 3410 1933 ra-

1833 1969 1993 2024 tionis
2031 1967 2136 2023 itcr
2163 1965 2480 2036 ingrederis.
2520 1967 2600 2021 Ae
2625 1981 2720 2036 per
2761 1967 2863 2023 hoc
2885 1967 2931 2023 si
2956 1983 3088 2038 pure
3128 1969 3403 2040 intelligis,

1831 2062 1947 2117 sine
1971 2058 2320 2132 ambiguitate
2346 2058 2450 2111 ulla
2495 2059 2567 2114 ita
2597 2067 2651 2114 et
2679 2073 2786 2114 non
2815 2059 2971 2115 aliter
2999 2074 3138 2127 esse,
3165 2075 3302 2130 quae
3323 2062 3406 2118 di-

1829 2152 1999 2217 xisti,
2047 2151 2099 2206 in
2155 2150 2426 2207 suadenda
2479 2151 2796 2206 aeternitate
2843 2151 3082 2206 omnium
3110 2161 3304 2222 ,'quae
3351 2151 3406 2208 in

1828 2241 2008 2296 Verbo
2032 2241 2125 2295 Dei
2147 2240 2290 2295 facta
2315 2247 2461 2306 sunt,
2500 2239 2729 2312 amplius
2769 2239 3017 2298 laborare
3041 2241 3405 2300 necessarium

1828 2347 1937 2387 non
1965 2346 2086 2387 esse
2119 2331 2294 2386 video.
2328 2331 2476 2387 Dtsc.
2503 2331 2727 2387 Derides
2758 2347 2864 2399 me,
2907 2342 2968 2388 ut
2995 2334 3248 2398 arbitror,
3278 2334 3406 2387 dum

1829 2437 2043 2479 mecum
2088 2422 2383 2478 liberaliter
2411 2423 2544 2494 agis,
2577 2423 2679 2479 hoc
2711 2433 2814 2490 est,
2846 2425 2971 2480 dum
2999 2424 3233 2479 libertati
3264 2425 3407 2479 arbi-

1829 2513 1920 2568 trii
1951 2513 2054 2568 mei
2081 2513 2332 2568 concedis
2351 2513 2564 2584 eligere,
2582 2514 2710 2584 quid
2732 2513 2776 2549 "-
2803 2515 2952 2580 velit,
2968 2523 3022 2570 et
3048 2523 3246 2581 tenere,
3262 2516 3406 2585 quod

1826 2605 1962 2672 vult,
1997 2611 2063 2661 'et
2089 2620 2196 2660 non
2221 2605 2362 2662 veris
2410 2606 2706 2662 rationibus
2747 2605 2920 2677 exigis
2953 2623 3039 2662 me
3061 2607 3404 2672 concludere,

1827 2699 1956 2770 quid
1983 2698 2026 2730 "
2044 2699 2110 2754 de
2134 2698 2326 2754 talibus
2348 2708 2551 2754 remota
2576 2699 2722 2754 omni
2751 2697 2986 2754 falsitate
3005 2699 3327 2755 credendum
3351 2709 3406 2754 et

1825 2787 2230 2859 intelligendum
2271 2795 2373 2844 est.
2401 2786 2458 2843 Si
2486 2788 2627 2844 enim
2652 2804 2748 2859 per
2773 2803 2862 2844 me
2897 2788 3066 2858 ipsum
3091 2804 3224 2859 pure
3249 2790 3404 2844 intel-

1826 2878 2050 2951 ligerem
2091 2893 2177 2945 ea,
2213 2893 2352 2949 quae
2376 2879 2510 2944 dixi,
2542 2894 2649 2934 non
2675 2878 2927 2936 fortassis
2965 2894 3204 2946 vererer,
3248 2895 3403 2950 aper-

1825 2977 1936 3024 tam
1971 2969 2292 3025 sententiam
2323 2969 2388 3024 de
2429 2968 2629 3024 divinis
2667 2968 3056 3034 voluntatibus,
3097 2978 3152 3024 et
3187 2968 3254 3024 de
3294 2969 3396 3034 his,

1825 3075 1964 3132 quae
1991 3059 2134 3116 facta
2159 3068 2305 3126 sunt,
2336 3059 2596 3131 proferre,
2627 3075 2753 3114 num
2779 3074 2944 3113 unum
2973 3059 3016 3090 ²⁰
3041 3067 3096 3114 et
3140 3059 3195 3114 id
3225 3060 3399 3131 ipsum

1823 3155 1934 3210 sint
1958 3154 2001 3186 ³⁸
2045 3168 2232 3209 necne.
2263 3151 2483 3208 Veritus
2523 3167 2642 3207 sum
2669 3161 2870 3217 autem,
2903 3151 3165 3220 meipsum
3195 3167 3398 3224 cogno-

1825 3261 1982 3303 scens
2005 3262 2114 3300 non
2141 3245 2276 3300 satis
2305 3242 2559 3299 idoneum
2611 3245 2676 3298 ad
2706 3244 2840 3299 haec
2877 3243 3212 3299 discutienda
3256 3243 3401 3300 incc-

1824 3342 1972 3396 dere.
2023 3339 2164 3395 MAG.
2205 3338 2483 3395 Gradatim
2529 3352 2657 3410 ergo
2697 3337 2997 3409 ingredere,
3036 3353 3105 3392 ne
3133 3337 3188 3392 in
3217 3337 3399 3408 aliquo

1819 3425 2048 3492 fallaris,
2069 3433 2126 3481 ct
2165 3425 2210 3458 ²¹
2237 3425 2593 3496 quodcunque
2622 3424 2976 3491 concesseris,
3005 3424 3178 3481 stabili
3204 3426 3398 3483 mentis

1822 3519 2006 3574 habitu
2033 3518 2296 3574 obtineas.
2327 3518 2470 3574 Dtsc.
2496 3517 3011 3588 Praecede,sequar.
3033 3519 3169 3574 MAG.
3193 3520 3395 3588 Quam-

1819 3610 1922 3676 vis,
1955 3619 2015 3664 ut
2055 3611 2266 3680 opinor,
2303 3611 2370 3665 de
2391 3609 2664 3666 voluntate
2705 3609 2799 3666 Dei
2829 3611 2875 3641 ³³
2925 3610 3160 3678 dubites,
3188 3627 3280 3667 seu
3329 3611 3397 3667 de

1815 3701 2202 3765 voluntatibus,
2237 3715 2330 3755 seu
2356 3701 2424 3756 de
2452 3699 2706 3756 ineﬂ'abili
2753 3702 2965 3756 divinae
2993 3703 3217 3757 unitatis
3255 3703 3395 3758 mul-

1817 3791 2183 3860 tiplicitate—
2211 3791 2353 3848 Deus
2378 3800 2463 3847 est
2488 3792 2536 3824 “
2570 3793 2713 3848 enim
2737 3808 2900 3848 unum
2925 3791 3200 3862 multiplex
3226 3795 3278 3849 in
3303 3809 3391 3849 se-

1816 3882 1932 3951 ipso
1964 3883 2092 3920 ’⁵-
2115 3891 2292 3936 utrum
2322 3883 2390 3937 ad
2418 3898 2661 3938 summae
2688 3885 2944 3940 bonitatis
2973 3886 3269 3954 simplicem
3295 3903 3393 3940 na-

1817 3984 1990 4029 turam
2013 3977 2337 4045 pertineant,
2372 3986 2432 4030 ut
2457 3991 2564 4030 non
2606 3975 2749 4030 aliud
2796 3984 3012 4046 praeter
3040 3978 3213 4047 ipsum
3260 3979 3389 4045 sint,

1816 4084 1882 4122 an
1919 4084 2024 4123 non
2063 4087 2075 4122 :
2110 4069 2277 4123 Deum
2301 4067 2348 4098 ²⁶
2372 4076 2549 4122 tamen
2595 4069 2706 4124 suis
2741 4069 3105 4126 voluntatibus
3152 4073 3390 4129 caruisse

1815 4175 1920 4215 non
1963 4158 2194 4214 dubitas.
2240 4159 2386 4215 Dtsc.
2419 4157 2557 4213 Hinc
2607 4159 2854 4215 dubitare
2884 4161 3386 4231 insipientissimum

1814 4261 1917 4308 est.
1945 4251 2117 4307 Omne
2169 4251 2455 4322 siquidem,
2487 4252 2628 4322 quod
2661 4253 2841 4319 habet,
2873 4268 3086 4324 semper
3109 4265 3164 4310 et
3193 4256 3387 4310 immu-

1815 4344 2050 4399 tabiliter
2072 4344 2252 4409 habet,
2294 4344 2546 4414 quoniam
2578 4344 2711 4400 nihil
2754 4345 2805 4400 ei
2833 4346 2877 4377 ³⁷
2909 4347 3122 4402 accidit.
3158 4347 3388 4418 [deoque

1815 4444 1908 4491 aut
1930 4450 2203 4507 nunquam
2231 4435 2419 4490 habuit
2444 4451 2569 4492 suas
2589 4437 2914 4504 voluntates,
2954 4448 3067 4507 aut,
3097 4441 3142 4495 si
3173 4441 3384 4508 habuit,

1818 4544 2029 4600 semper
2067 4544 2159 4584 eas
2188 4529 2438 4584 habuisse
2468 4529 2613 4584 nttllo
2640 4531 2799 4586 modo
2825 4531 3200 4589 dubitandum.
3241 4534 3382 4590 MAG.

1816 4617 1958 4676 Deus
1996 4621 2176 4689 itaque
2210 4635 2422 4690 semper
2452 4620 2756 4677 voluntates
2780 4637 2906 4678 suas
2949 4625 3158 4690 habuit,
3188 4640 3386 4695 easque

1814 4729 2031 4786 semper
2057 4714 2207 4768 vidit.
2232 4713 2346 4769 Non
2369 4715 2514 4770 enim
2543 4714 2710 4770 latere
2728 4731 2852 4771 eum
2886 4718 3080 4787 potuit,
3119 4719 3262 4788 quod
3291 4719 3388 4773 ha-

1809 4806 1945 4860 buit.
1976 4807 2122 4860 Dtsc.
2165 4805 2232 4859 Et
2258 4805 2447 4861 habuit
2469 4814 2524 4862 et
2551 4805 2706 4860 vidit.
2737 4807 2908 4861 Deum
2936 4824 3169 4879 namque
3198 4809 3386 4866 volun-

1810 4898 2011 4953 tatibus
2041 4895 2154 4951 suis
2177 4896 2440 4964 caruisse,
2472 4905 2566 4952 aut
2590 4911 2802 4967 semper
2828 4913 2923 4954 eas
2946 4915 3053 4956 non
3110 4899 3384 4963 habuisse.

1809 5000 1905 5045 aut
1925 5005 2032 5047 non
2059 4988 2280 5054 vidisse,
2308 4989 2640 5049 dementium
2670 4998 2754 5044 est
2777 4993 3084 5048 aestimare.
3128 4989 3268 5044 MAG.
3290 4987 3386 5043 Di-

1806 5081 1970 5141 vinae
1999 5094 2130 5149 ergo
2158 5079 2464 5142 voluntates
2496 5088 2749 5138 aeternae
2775 5090 2925 5149 sunt,
2957 5079 3208 5153 quoniam
3250 5078 3384 5145 ipse,

1808 5173 1962 5245 cujus
2003 5171 2309 5229 voluntates
2343 5185 2492 5245 sunt,
2545 5179 2794 5228 aeternus
2836 5183 2941 5229 est.
2983 5173 3128 5229 DISC.
3159 5166 3392 5226 Omnino

1388 5310 1644 5373 VARIAE
1680 5309 2093 5371 LECTIONES.

169 5451 194 5488 ³
223 5443 330 5502 Sic
357 5441 457 5536 A‘C.
518 5444 548 5528 f
568 5438 849 5536 AVidigse
864 5460 984 5536 erg?
1005 5462 1147 5503 eum.
1223 5443 1246 5476 ³
1264 5445 1310 5502 Α
1336 5463 1389 5507 ει
1413 5454 1512 5536 ad;
1549 5449 1600 5536 ξ
1631 5448 1786 5536 βίος
1807 5465 1835 5536 ;Δ
1853 5449 1902 5504 Α
1925 5451 2017 5523 qui
2052 5455 2146 5536 est.
2159 5463 2321 5518 super
2337 5464 2416 5536 aea
2459 5459 2600 5522 quae
2633 5448 2755 5497 sunt
2787 5457 2881 5488 tm
2905 5457 2965 5482 eo

3009 5450 3147 5480 ηιιορ
3169 5444 3289 5474 ιιι-ιθ
3329 5455 3392 5474 ιιι

94 5531 246 5588 quae
273 5523 398 5588 sunt
427 5513 718 5588 accipere._
756 5514 788 5588 A'
817 5514 862 5588 ᾼ
889 5513 1342 5588 voluntatestuas.
1420 5526 1442 5558 ⁸
1473 5522 1513 5578 C
1540 5519 1686 5586 facit.
1757 5521 1778 5552 "
1806 5519 1844 5570 Α
1874 5513 2055 5562 uti"...
2082 5513 2239 5554 unm:
