3966 5760
492 368 597 429 675
1116 347 1132 387 ’τ
1188 335 1194 375 λ
1855 361 2134 427 JOANNts
2174 355 2371 423 sco'rt
3188 350 3193 365 ⁵
3633 362 3734 422 ars

490 493 596 549 hoc
623 489 1001 549 concesserim.
1027 489 1166 546 Mtte.
1190 490 1326 558 Quid
1355 490 1548 562 igitur?
1571 489 1704 545 Num
1735 499 1789 545 et
1809 506 1892 554 ea,
1923 503 2059 559 quae
2089 493 2136 550 Α
2167 479 2329 540 veluti
2380 481 2588 542 duabus
2628 482 2871 556 partibus
2916 480 3196 549 conciudi,
3221 473 3327 539 hoc
3368 489 3476 549 est,
3523 481 3635 540 Deo
3681 491 3736 543 et

489 586 677 650 voluit,
710 599 920 652 semper
965 584 1174 648 habuit,
1216 593 1269 636 et
1305 599 1515 652 semper
1540 583 1709 635 vidit?
1743 583 1897 636 Clare
1940 581 2056 651 qui-

489 681 610 735 dem
628 678 961 749 intelligisatt
977 690 1120 740 reor,
1137 676 1244 730 Deo
1262 675 1392 728 nihil
1410 690 1526 729 esse
1543 674 1930 736 futurum,dum
1947 691 1979 726 ο
2005 699 2057 724 ..-

489 771 841 837 nia-tempora
870 768 1007 822 intra
1025 769 1259 837 seipsum
1285 767 1590 829 concludat,
1617 774 1668 820 et
1696 767 1896 830 omnia,
1921 779 2056 834 quae

488 861 542 915 in
585 861 663 914 eis
707 869 848 914 sunt.
889 857 1137 914 Omnium
1179 858 1373 928 quippe
1397 858 1714 928 principium
1740 867 1792 911 et
1823 857 2053 911 medium

488 964 542 1008 et
586 954 706 1007 linis
727 961 828 1016 est,
860 961 912 1005 et
938 952 1172 1005 ambitus
1201 961 1254 1004 et
1295 967 1483 1005 cursus
1514 962 1565 1005 et
1596 967 1865 1006 recursus.
1909 951 2052 1004 Dtsc.

486 1041 631 1097 Nihil
684 1042 793 1096 Deo
833 1039 1068 1096 futurum
1118 1056 1235 1096 esse
1281 1056 1384 1094 non
1428 1041 1657 1110 ambigo.
1696 1040 1833 1094 MAG.
1865 1038 2055 1095 Omnia

490 1136 691 1204 itaque,
721 1149 859 1204 quae
891 1133 1068 1189 facere
1098 1133 1286 1199 voluit,
1315 1135 1367 1188 in
1399 1134 1509 1188 suis
1529 1133 1891 1188 voluntatibus
1919 1148 2058 1185 sem-

486 1241 583 1295 per
615 1225 822 1290 habuit;
867 1241 968 1278 non
996 1225 1138 1278 enim
1179 1225 1230 1278 in
1263 1240 1325 1280 eo
1353 1224 1626 1294 praecedit
1653 1225 1786 1276 Velle
1818 1223 1887 1288 id,
1916 1221 2055 1292 quod

486 1316 601 1370 vult
649 1316 763 1370 fieri
813 1335 823 1369 :
869 1316 1036 1385 ipsius
1079 1317 1220 1370 enim
1248 1317 1506 1370 voluntati
1563 1325 1904 1372 coaeternnm
1951 1322 2051 1368 est.

489 1406 766 1476 Siquidem
805 1424 908 1462 non
935 1416 1212 1462 exmectat
1244 1406 1382 1473 fieri,
1412 1408 1553 1477 quod
1579 1406 1712 1471 vult,
1736 1406 1889 1476 quasi
1916 1405 2055 1458 futu-

488 1519 628 1566 rum,
682 1502 768 1556 cui
819 1502 994 1556 omnia
1051 1501 1356 1572 praesentia
1394 1508 1538 1560 sunt,
1584 1499 1736 1568 cujus
1762 1499 2005 1554 voluntas
2036 1502 2052 1532 ί

485 1610 650 1647 causa
675 1593 912 1648 omnium
943 1602 1044 1657 est,
1071 1608 1124 1647 e.
1148 1592 1278 1646 visio
1303 1601 1356 1646 et
1378 1593 1398 1622 '
1429 1591 1652 1646 effectus
1678 1601 1732 1645 et
1773 1587 2049 1657 perfectio.

487 1683 572 1736 Fit
600 1685 760 1745 cnim,
787 1683 928 1738 nulla
962 1698 1108 1736 mora
1144 1683 1477 1751 interposita,
1506 1682 1648 1751 quod
1691 1680 1834 1734 videt
1857 1679 2052 1733 fat-ien-

487 1778 708 1830 dum.At
725 1775 767 1828 si
788 1774 1033 1828 voluntas
1045 1773 1159 1844 ejus
1174 1772 1312 1826 visio
1322 1770 1435 1841 ejus
1450 1781 1552 1836 est,
1569 1782 1619 1827 et
1637 1772 1770 1826 visio
1785 1771 2051 1832 voluntas,

2158 587 2424 643 creatura,
2452 581 2711 634 hactenus
2741 578 3010 634 tenebam.
3045 577 3150 634 Sed
3181 594 3323 632 nunc
3355 577 3558 631 iterum
3603 569 3736 635 ﬁdas

2156 687 2276 725 mea
2332 671 2540 726 videtur
2601 680 2833 736 nutare,
2887 669 3176 739 praedictis
3229 667 3738 724 ratiocinationibus

2157 763 2446 818 infirmata.
2503 761 2638 819 MAG.
2671 762 2855 817 Fidem
2903 771 3048 816 tuam
3095 760 3390 815 stabilitam
3423 775 3569 825 esse,
3593 773 3736 814 vera-

2157 873 2261 926 que
2304 857 2347 888 ¹³
2395 857 2600 911 ratione
2658 855 2918 911 munitam
2951 854 2995 887 ιδ
3035 855 3226 918 video,
3259 855 3456 909 saltem
3513 854 3568 907 in
3617 853 3734 920 hoc,

2155 959 2309 1003 extra
2343 949 2506 1004 Deum
2553 947 2682 1001 nihil
2720 962 2837 1001 esse
2868 946 3114 1000 credens.
3141 944 3289 1000 Dtsc.
3317 943 3424 1007 Ita,
3453 953 3514 997 ut
3565 943 3731 1006 dicis;

2157 1039 2286 1095 illud
2315 1043 2456 1094 enim
2507 1040 2791 1110 purissime
2838 1038 3188 1107 contemplor.
3221 1036 3364 1092 Mm.
3421 1035 3738 1108 Diligentius

2158 1130 2340 1201 itaque
2366 1139 2421 1185 et
2468 1131 2829 1200 perspicacius
2876 1130 3070 1185 mentis
3098 1119 3270 1183 aciem
3295 1131 3442 1182 circa
3487 1144 3578 1189 ea,
3605 1144 3738 1196 quae

2159 1219 2297 1274 intra
2354 1220 2520 1274 Deum
2568 1236 2685 1275 esse
2735 1220 2931 1285 credis,
2959 1217 3267 1274 circumfer.
3305 1219 3456 1273 Dtsc.
3509 1219 3557 1250 ³⁸
3603 1219 3736 1272 latr:

2159 1311 2325 1366 Deum
2360 1312 2488 1365 nihil
2526 1312 2666 1365 aliud
2714 1327 2832 1366 esse
2859 1312 3033 1366 sentio
3062 1320 3281 1382 praeter
3323 1311 3568 1379 seipsum
3601 1310 3739 1364 etab

2157 1404 2275 1474 ipso
2301 1404 2343 1434 ‘°
2370 1404 2640 1459 conditam
2663 1412 2987 1458 creaturam.
3015 1403 3151 1457 MAG.
3180 1402 3234 1457 In
3268 1403 3378 1457 Deo
3405 1417 3541 1472 ergo
3570 1401 3739 1465 vides,

2158 1496 2299 1564 quod
2331 1495 2473 1550 Deus
2499 1511 2602 1550 non
2631 1504 2729 1550 est.
2765 1493 2908 1550 Dtsc.
2942 1492 3126 1555 Video,
3156 1509 3219 1547 ex
3247 1492 3356 1546 Deo
3380 1480 3568 1546 tamen
3593 1507 3742 1546 erea-

2158 1597 2294 1645 tum.
2329 1587 2464 1642 MAG.
2515 1589 2651 1654 Quid
2681 1589 2861 1656 itaque
2884 1588 2979 1642 tibi
3010 1585 3256 1639 videtur?
3280 1584 3418 1639 Num
3451 1584 3610 1639 Deus
3636 1599 3741 1637 om-

2161 1681 2272 1744 nia,
2301 1696 2438 1750 quae
2490 1679 2636 1745 fecit,
2672 1689 2960 1750 antequam
2991 1679 3198 1738 ﬁerent,
3234 1677 3408 1730 vidit?
3429 1677 3581 1730 Dtsc.
3614 1675 3738 1730 Eun

2158 1771 2355 1826 vidisse
2382 1772 2582 1835 omnia,
2609 1786 2746 1840 quae
2765 1771 2931 1826 voluit
2958 1770 3161 1830 facere,
3186 1768 3503 1838 priusquam
3529 1766 3742 1832 ﬁerent,

485 1883 667 1932 omne,
698 1869 838 1937 quod
862 1869 972 1920 vult
994 1867 1106 1920 lieri
1127 1866 1164 1929 ⁸,
1194 1868 1467 1921 subtracto
1495 1865 1640 1920 omni
1670 1864 1949 1919 intervallo
1978 1864 2055 1917 fit.
2090 1853 2134 1912 Β
2162 1861 2535 1914 existimarim.
2567 1859 2706 1916 MAG.
2739 1860 2813 1914 Ea
2844 1875 2973 1930 ergo
3002 1861 3151 1925 vidit,
3177 1874 3312 1929 quae
3338 1858 3524 1913 facere
3547 1858 3740 1921 voluit,

483 1959 552 2012 At
577 1960 595 1989 δ
626 1959 669 2013 si
696 1974 882 2022 omne,
925 1959 1064 2027 quod
1088 1957 1201 2011 vult
1229 1957 1361 2019 fieri,
1387 1966 1441 2012 et
1484 1955 1783 2011 faciendum
1807 1956 1970 2018 videt,
2005 1963 2057 2008 et

485 2064 592 2103 non
632 2057 782 2101 extra
834 2063 890 2102 se
937 2056 1050 2111 est,
1099 2048 1238 2116 quod
1279 2046 1391 2100 vult
1433 2055 1486 2101 et
1517 2047 1678 2110 videt,
1721 2045 1813 2099 sed
1865 2045 1915 2098 in
1974 2059 2051 2107 se,

482 2138 724 2208 nihilque
768 2138 820 2190 in
875 2137 988 2207 ipso
1036 2145 1137 2201 est,
1188 2136 1328 2206 quod
1376 2136 1489 2205 ipse
1519 2151 1622 2189 non
1671 2135 1757 2197 sit,
1790 2133 2052 2203 sequitur,

482 2238 541 2282 ut
588 2230 609 2258 "
638 2245 837 2292 .omne,
877 2229 1018 2295 quod
1061 2227 1204 2280 videt
1255 2236 1307 2277 et
1353 2225 1494 2289 vult,
1555 2234 1895 2279 coaeternum
1939 2222 1987 2277 ei
2035 2220 2056 2250 ⁸

483 2321 853 2389 intelligatur,
901 2320 942 2373 si
989 2319 1234 2374 voluntas
1263 2317 1410 2373 illius
1446 2325 1499 2372 et
1547 2317 1678 2371 visio
1720 2325 1773 2370 et
1821 2315 2054 2369 essentia

487 2428 649 2464 unum
676 2420 774 2465 cst.
823 2411 964 2464 Dtsc.
993 2408 1149 2480 Cogis
1179 2409 1291 2479 jam
1320 2426 1415 2464 nos
1465 2409 1644 2475 fateri,
1667 2409 1865 2474 omnia,
1894 2425 2053 2482 quae-

488 2518 698 2572 cunque
737 2512 954 2558 aeterna
985 2513 1040 2558 et
1087 2503 1226 2558 facta
1282 2504 1551 2570 dicuntur,
1589 2507 1753 2560 [)cutn
1807 2521 1943 2561 esse.
1996 2506 2048 2560 Si

485 2599 627 2650 enim
653 2598 830 2651 divina
860 2597 1106 2652 voluntas
1149 2597 1433 2667 divinaque
1463 2597 1595 2651 visio
1621 2598 1922 2652 essentialis
1973 2609 2054 2652 est

481 2702 536 2745 et
563 2691 1147 2756 acterna,etuonaliud
1171 2700 1253 2746 est
1274 2692 1320 2746 ei
1339 2691 1364 2724 "'
1394 2707 1531 2754 esse,
1558 2690 1700 2763 aliud
1730 2688 1880 2751 vclle,
1908 2688 2058 2743 aliud.

482 2783 682 2848 videre,
731 2785 822 2839 sed
865 2799 1029 2838 unum
1071 2792 1125 2838 et
1177 2784 1226 2838 id
1281 2783 1450 2852 ipsum
1487 2781 1972 2850 superessentiale,
2000 2787 2055 2834 et

483 2887 678 2935 omne,
719 2873 1071 2943 quodcunque
1120 2874 1260 2927 intra
1307 2872 1635 2926 voluntatem
1689 2881 1742 2925 et
1791 2871 2049 2926 visionem

479 2981 630 3019 suam
665 2965 685 2994 ⁸
708 2965 1130 3034 comprehendit,
1163 2980 1267 3018 non
1299 2962 1442 3017 aliud
1476 2970 1688 3033 praeter
1713 2962 1882 3032 ipsum
1917 2962 2052 3016 ratio

478 3053 605 3108 sinit
636 3055 889 3126 intelligi;
923 3055 1147 3125 simplex
1171 3055 1436 3125 siquidem
1466 3063 1657 3107 natura
1687 3054 1826 3107 intra
1859 3068 1915 3108 se
1944 3070 2048 3108 non

477 3147 686 3216 patitur.
707 3162 846 3211 esse,
875 3149 1014 3217 quod
1035 3149 1146 3217 ipsa
1172 3163 1277 3202 non
1305 3147 1375 3202 sit
1405 3165 1418 3200 :
1447 3156 1613 3202 restat
1642 3146 1758 3201 sine
1786 3146 1888 3201 ulla
1919 3163 2047 3203 con-

2158 1962 2339 2007 et‘non
2369 1953 2471 2006 alia
2501 1954 2651 2016 vidit,
2678 1953 2778 2008 nisi
2804 1969 2886 2019 ea,
2910 1968 3048 2023 quae
3074 1953 3288 2011 fecit.et
3317 1967 3403 2017 ea,
3422 1965 3571 2021 quae
3599 1951 3740 2014 fuit,

2159 2048 2469 2118 priusquam
2502 2047 2723 2112 faceret,
2755 2047 2904 2101 vidit.
2944 2046 3088 2101 Dtsc.
3117 2046 3194 2100 Ita
3229 2055 3406 2100 teneo.
3441 2043 3593 2099 llas.
3624 2044 3734 2104 Dic,

2159 2153 2380 2206 quaeso,
2411 2152 2549 2206 quae
2597 2144 2722 2191 sunt
2762 2137 2869 2202 illa,
2899 2151 3035 2206 quae
3062 2138 3221 2200 Deus,
3251 2147 3549 2205 antequam
3582 2135 3632 2166 "
3662 2135 3744 2188 ﬁe-

2160 2237 2298 2293 rent,
2330 2229 2495 2283 vidit‘?
2549 2229 2830 2296 Quomodo
2881 2229 3023 2283 enim
3060 2237 3364 2284 creaturam
3405 2227 3584 2290 vidit,
3613 2239 3746 2296 quae

2159 2321 2333 2374 adhuc
2363 2335 2466 2374 non
2497 2330 2612 2374 erat
2642 2319 2822 2374 facta?
2847 2319 2911 2374 Et
2935 2320 2978 2374 si
3003 2321 3048 2352 “'
3077 2335 3175 2374 nee
3190 2319 3330 2373 aliud
3350 2329 3578 2388 praeter
3597 2332 3749 2372 cm-

2160 2422 2336 2467 turam
2383 2411 2516 2465 vidit
2543 2453 2557 2477 ,
2607 2428 2766 2467 omne
2795 2403 2960 2476 enim,
2992 2413 3133 2481 quod
3159 2421 3279 2478 est,
3305 2419 3400 2464 aut
3450 2410 3604 2465 Deus
3655 2416 3745 2462 aut

2157 2513 2408 2583 creatura
2446 2513 2527 2559 est
2555 2522 2567 2558 :
2603 2505 2728 2573 quid
2756 2505 2882 2559 vidit
2923 2505 3006 2557 '9?
3043 2505 3274 2559 Proinde
3306 2514 3399 2557 aut
3425 2503 3476 2535 "
3507 2505 3742 2573 seipsum

2155 2598 2310 2660 vidit,
2335 2608 2620 2666 antequam
2652 2596 2854 2652 faceret
2894 2614 3075 2662 omne,
3101 2599 3243 2668 quod
3273 2597 3424 2660 fecit,
3464 2606 3563 2651 aut
3593 2611 3745 2651 aea-

2159 2698 2330 2744 turatn
2365 2689 2516 2755 vidit,
2549 2704 2687 2760 quae
2739 2689 2912 2743 adhuc
2935 2705 3039 2743 non
3069 2697 3148 2743 est
3201 2698 3402 2742 creata.
3459 2687 3745 2755 Quomodo

2156 2791 2335 2836 autem
2367 2781 2521 2846 vidit,
2545 2782 2686 2853 quod
2705 2781 2878 2837 adhuc
2901 2797 3005 2837 non
3022 2781 3174 2836 erat?
3201 2780 3258 2835 Si
3287 2795 3417 2834 vero
3441 2780 3492 2812 "
3525 2788 3673 2840 erat,
3695 2787 3744 2833 et

2156 2873 2276 2928 ideo
2305 2873 2478 2926 visum
2506 2884 2607 2937 est,
2640 2875 2762 2944 quia
2812 2885 2948 2936 erat,
2979 2875 3221 2944 profecto
3265 2860 3384 2928 erat
3415 2883 3551 2929 ante
3587 2889 3741 2930 crea-

2157 2975 2354 3029 turam,
2379 2967 2519 3034 quod
2547 2977 2789 3020 creatura
2821 2981 2924 3019 non
2952 2975 3089 3020 erat.
3125 2965 3180 3019 Si
3210 2977 3390 3020 autem
3415 2967 3572 3021 solus
3603 2967 3741 3020 Deus

2156 3066 2209 3112 et
2230 3057 2330 3112 sibi
2365 3058 2719 3113 coessentiale
2747 3059 2793 3088 "
2821 3067 2943 3111 ante
2963 3074 3177 3112 onmem
3206 3051 3521 3112 creaturam
3552 3059 3744 3114 sinitur

2154 3165 2294 3212 esse,
2329 3167 2433 3207 non
2461 3149 2508 3182 “
2540 3150 2681 3204 aliud
2707 3149 3000 3220 praecessit
3030 3160 3358 3213 creaturam,
3403 3148 3555 3220 quod
3606 3149 3745 3202 Dens

481 3239 765 3304 troversia,
797 3255 959 3292 unum
993 3238 1159 3292 Deum
1187 3239 1369 3294 omnia
1414 3239 1467 3293 in
1517 3241 1768 3294 omnibus
1803 3255 1921 3295 esse
1970 3237 2047 3294 fa-
2076 3215 2122 3277 Ο
2153 3244 2384 3309 videret,
2417 3251 2702 3313 antequam
2750 3240 2951 3296 faceret
2982 3251 3313 3305 creaturam,
3345 3241 3457 3294 nisi
3487 3249 3582 3293 aut
3611 3241 3743 3309 ipse,

482 3331 605 3383 teri.
637 3330 700 3382 Et
753 3330 797 3383 si
825 3329 895 3382 ita
928 3337 1028 3389 est,
1075 3329 1142 3384 de
1174 3331 1494 3384 aeternitate
1530 3331 1795 3396 omnium,
1827 3347 1964 3402 quae
1996 3333 2048 3386 in

481 3420 591 3476 Deo
613 3432 755 3487 sunt,
789 3423 894 3476 imo
918 3423 1078 3476 etiam
1104 3437 1242 3491 quae
1272 3423 1407 3478 Deus
1431 3433 1576 3490 sunt,
1595 3440 1751 3480 nemo
1772 3424 1856 3494 pie
1883 3425 2054 3495 philo-

480 3514 819 3582 sophantium
854 3513 1009 3567 debet
1048 3513 1314 3581 ignorare.
1363 3513 1554 3569 Adhuc
1583 3524 1758 3568 tamen
1787 3532 1891 3570 non
1923 3517 2054 3571 satis

481 3606 654 3669 video,
679 3606 946 3676 quomodo
976 3605 1154 3660 divina
1187 3615 1402 3672 natura,
1425 3617 1578 3663 extra
1605 3623 1763 3679 quam
1798 3609 2053 3676 nihilost,

480 3704 534 3747 et
585 3697 721 3750 intra
750 3713 911 3766 quain
942 3697 1238 3752 subsistunt
1266 3698 1468 3763 omnia,
1493 3699 1623 3753 nihil
1656 3701 1793 3754 intra
1823 3718 1880 3757 se
1916 3703 2052 3757 reci-

479 3790 560 3860 pit
585 3793 725 3856 es’se,
745 3792 886 3860 quod
916 3791 1019 3846 sibi
1049 3793 1401 3848 coessentiale
1435 3809 1540 3849 non
1567 3793 1655 3848 sit.
1689 3793 1828 3850 MAG.
1869 3795 1938 3848 De
1965 3812 2049 3858 eo,

479 3882 622 3952 quod
650 3882 793 3937 nulla
825 3893 1018 3940 natura
1043 3885 1300 3940 subsistat
1325 3894 1542 3956 praeter
1567 3887 1738 3942 Deum
1763 3896 1817 3940 et
1837 3898 2052 3940 creatu-

485 3991 621 4040 ram,
653 3991 758 4030 non
803 3977 1050 4032 dubitare
1100 3988 1150 4032 te
1179 3981 1523 4045 crediderim,
1553 3981 1658 4033 imo
1707 3981 1868 4034 etiam
1918 3980 2052 4034 satis

482 4069 662 4124 videre
693 4078 741 4125 te
763 4074 782 4104 ⁹
806 4069 980 4126 video.
1023 4068 1152 4124 Nam
1177 4071 1316 4140 quod
1338 4071 1518 4125 dixisti
1545 4070 1610 4123 de
1636 4070 1811 4124 divina
1843 4079 2050 4132 natura,

483 4171 631 4214 extra
657 4176 816 4230 qttam
847 4161 978 4216 nihil
998 4172 1099 4227 est,
1127 4163 1201 4217 ita
1234 4161 1506 4231 intelligis,
1535 4169 1592 4214 ut
1618 4159 1868 4222 arbitror,
1901 4176 2052 4212 crea-

482 4251 673 4307 tricetn
715 4253 930 4322 quidem
961 4264 1204 4306 naturam
1241 4252 1370 4307 nihil
1399 4260 1551 4305 extra
1597 4266 1654 4304 se
1699 4251 1897 4313 sinere,
1927 4249 2053 4318 quia

487 4353 636 4396 extra
671 4359 790 4396 eam
842 4343 884 4376 ³⁸
915 4343 1048 4397 nihil
1096 4351 1273 4416 potest
1320 4359 1478 4408 esse;
1509 4352 1680 4398 totum
1737 4356 1883 4406 vero,
1912 4339 2052 4410 quod

484 4436 704 4496 creavit,
729 4445 782 4489 et
803 4447 973 4499 creat,
997 4437 1139 4490 intra
1163 4436 1395 4505 seipsam
1420 4437 1722 4499 continere;
1750 4437 1822 4488 ita
1852 4445 2050 4498 tamen,

2153 3344 2248 3390 aut
2277 3341 2493 3390 aeterna
2545 3333 2597 3387 in
2626 3346 2685 3386 se
2711 3342 2765 3387 et
2810 3340 3093 3386 coacterna
3128 3331 3229 3384 sibi
3277 3338 3472 3383 natura
3508 3331 3580 3382 ’⁸.
3605 3329 3744 3385 Cea-

2156 3427 2356 3483 fectum
2384 3435 2466 3481 est
2494 3433 2670 3480 autem
2702 3423 2750 3456 ³⁸
2802 3424 2943 3478 inter
2971 3439 3088 3486 nos,
3125 3418 3290 3477 Deum
3340 3423 3569 3485 vidisse,
3603 3436 3746 3492 quae

2157 3520 2404 3575 facienda
2451 3527 2636 3582 erant;
2669 3532 2772 3571 non
2816 3517 2956 3570 enim
3009 3516 3269 3586 ignorans
3317 3514 3448 3570 fecit
3502 3523 3598 3568 aut
3637 3519 3740 3569 non

2154 3612 2514 3686 praevidens,
2547 3611 2688 3681 quod
2733 3607 2911 3663 facere
2951 3606 3136 3661 voluit.
3185 3606 3328 3663 Dtsc.
3379 3607 3614 3678 Septum
3661 3622 3744 3661 me

2155 3706 2393 3774 undique
2423 3703 2596 3765 video,
2628 3700 2934 3770 nullamque
2964 3698 3201 3768 fugiendi
3236 3700 3380 3752 viam
3429 3697 3740 3754 remanete.

2156 3798 2290 3853 Nam
2320 3799 2364 3853 si
2419 3796 2624 3858 dixero,
2650 3795 2815 3850 Deum
2866 3795 2920 3848 in
2971 3795 3148 3864 seipso
3201 3793 3420 3854 vidisse,
3467 3810 3618 3865 quae
3667 3797 3742 3849 ii-

2156 3890 2343 3944 cienda
2365 3895 2537 3951 erant,
2569 3903 2731 3957 cogor
2757 3885 2935 3952 fateri,
2961 3887 3199 3956 seipsum
3228 3885 3455 3950 vidisse,
3491 3888 3625 3958 quia
3649 3887 3741 3942 ad-

2157 3981 2262 4036 huc
2298 3996 2401 4035 non
2427 3989 2542 4034 erat
2582 3989 2853 4045 creatura,
2879 3995 3037 4050 quam
3063 3980 3286 4039 videret,
3317 3996 3419 4034 nec
3451 3981 3602 4034 aliud
3631 3989 3747 4035 erat

2157 4082 2284 4127 ante
2309 4087 2521 4126 omnem
2543 4081 2868 4136 creaturam,
2885 4072 3024 4140 quod
3045 4079 3264 4139 praeter
3293 4072 3539 4142 seipsum
3568 4073 3744 4126 viden

2157 4169 2337 4231 posset
2365 4161 2429 4214 ’⁸.
2459 4161 2534 4214 Ac
2561 4177 2656 4232 per
2683 4163 2785 4216 hoc
2810 4160 2853 4214 si
2881 4159 3087 4225 omnia,
3117 4175 3252 4229 quae
3283 4159 3538 4214 facienda
3567 4170 3742 4226 erant,

2160 4255 2213 4308 in
2247 4256 2422 4324 seipso
2450 4254 2598 4316 vidit,
2630 4255 2943 4323 priusquam
2992 4251 3206 4316 fierent,
3240 4254 3562 4308 necessario
3609 4253 3747 4324 seip-

2159 4361 2276 4400 sum
2323 4344 2519 4400 vidisse
2575 4361 2694 4398 vera
2723 4343 2933 4400 docebit
2965 4344 3126 4408 ratio,
3155 4350 3210 4397 et
3240 4344 3355 4413 ipse
3381 4345 3492 4398 erit
3543 4342 3744 4410 omnia,

2159 4454 2296 4508 quae
2327 4436 2470 4492 fecit.
2527 4429 2584 4491 Si
2615 4453 2701 4502 ea,
2737 4451 2874 4506 quae
2903 4435 3058 4500 vidit,
3089 4436 3142 4490 in
3169 4437 3349 4506 seipso
3377 4436 3534 4500 fecit,
3561 4449 3620 4492 et
3641 4437 3746 4493 erit

489 4536 546 4577 ut
575 4526 716 4578 aliud
755 4527 825 4580 sit
856 4526 989 4595 ipsa,
1035 4527 1156 4596 quia
1201 4524 1658 4596 superessentialis
1682 4534 1785 4590 est,
1809 4534 1862 4578 et
1885 4524 2050 4589 aliud,
2087 4565 2132 4623 υ
2158 4529 2330 4582 factor
2357 4536 2411 4582 et
2441 4526 2665 4580 factura.
2702 4525 2759 4580 Si
2799 4534 2980 4600 autem
3012 4527 3227 4592 dixero,
3256 4535 3580 4581 creaturam
3611 4528 3744 4581 vidit

486 4617 624 4685 quod
656 4618 707 4670 in
733 4632 791 4671 se
815 4628 964 4672 creat
983 4617 1046 4670 ¹¹.
1077 4615 1210 4671 Nam
1233 4617 1465 4688 seipsum
1487 4631 1673 4672 creare
1691 4633 1792 4671 non
1809 4616 1900 4670 tibi
1918 4615 2055 4670 veri-

485 4708 659 4763 simile
686 4709 915 4764 videtur.
964 4709 1105 4766 Dtsc.
1153 4708 1343 4766 Totam
1391 4709 1794 4779 conceptionem
1846 4709 2051 4779 cogita-

484 4799 646 4854 tionis
673 4814 822 4855 meae
847 4802 912 4855 de
935 4802 1044 4856 Deo
1069 4810 1122 4856 et
1153 4811 1399 4856 creatura
1428 4801 1769 4871 perspexisti.
1800 4801 2055 4854 Firmiter

483 4893 626 4948 enim
659 4901 818 4962 atque
859 4893 1176 4948 inconcusse
1204 4904 1381 4958 teneo,
1419 4894 1619 4948 nullam
1669 4902 1916 4947 naturam
1966 4891 2049 4945 vel

483 4994 722 5037 creatam
751 4983 832 5036 vel
860 5000 964 5039 non
1009 4995 1244 5039 creatam
1278 4986 1321 5016 “
1349 4994 1502 5038 extra
1534 4984 1698 5037 Deum
1731 4982 2046 5046 subsistere,

483 5083 536 5127 et
572 5075 718 5130 nullo
747 5077 906 5131 modo
928 5091 1087 5142 esse;
1121 5091 1280 5130 omne
1311 5091 1456 5140 vero,
1474 5077 1612 5143 quod
1644 5073 1910 5137 διιὺείδιὶι,
1940 5073 2053 5127 sive

484 5177 746 5233 creatum,
779 5170 895 5223 sive
939 5185 1042 5225 non
1078 5178 1355 5235 creatum,
1401 5169 1538 5222 intra
1564 5167 1738 5238 ipsum
1765 5165 2049 5221 contineri.

485 5253 564 5308 Ac
617 5272 713 5326 per
763 5259 865 5313 hoc
913 5261 1074 5316 totius
1114 5259 1479 5314 universitatis
1527 5253 1913 5326 plenitudinem
1969 5257 2052 5311 his

2156 4621 2477 4680 faciendam,
2496 4620 2801 4690 priusquam
2830 4617 3004 4682 fieret,
3031 4619 3274 4673 dicturus
3299 4618 3448 4673 eris:
3471 4627 3596 4675 erat
3618 4633 3746 4689 ergo

2157 4723 2425 4773 creatura,
2443 4721 2728 4781 antequam
2755 4708 2925 4766 fieret.
2947 4709 3005 4774 Si
3027 4713 3172 4765 enim
3195 4709 3342 4767 Deus
3365 4712 3505 4766 vidit
3532 4713 3653 4766 eam
3673 4711 3744 4775 ³,

2156 4813 2440 4874 antequam
2491 4801 2644 4856 fieret
2671 4801 2737 4864 ³⁸,
2769 4800 2896 4855 illud
2940 4816 3067 4856 vere
3116 4803 3562 4858 substantialiter
3604 4813 3740 4868 erat,

2156 4895 2297 4965 quod
2327 4894 2462 4948 Deus
2495 4892 2546 4948 in
2595 4908 2656 4946 ea
2684 4892 2835 4955 vidit,
2868 4891 3185 4962 priusquam
3239 4891 3416 4946 ﬁeret.
3449 4893 3569 4949 Non
3597 4893 3766 4949 enini

2159 4984 2302 5040 Deus
2322 4984 2454 5038 vidit
2482 4984 2526 5017 "
2563 4983 2717 5049 falsa,
2745 4982 2868 5036 dtuu
2907 4982 2976 5036 sit
3009 4981 3478 5036 incommutabilis
3518 4984 3744 5046 veritas,

2158 5086 2212 5132 et
2240 5091 2419 5141 omne,
2443 5075 2584 5146 quod
2635 5075 2686 5128 in
2718 5090 2778 5128 ea
2810 5081 2915 5137 est,
2943 5085 3130 5126 verum
3183 5081 3240 5127 et
3289 5068 3747 5127 incommutabile

2157 5181 2258 5228 est.
2287 5171 2349 5224 Et
2379 5171 2422 5225 si
2445 5171 2585 5224 Deus
2613 5169 2666 5223 in
2694 5169 2874 5239 seipso
2905 5167 3036 5221 vidit
3061 5175 3391 5232 creaturam,
3417 5161 3744 5240 priusqua-

2158 5262 2334 5328 fieret,
2369 5276 2582 5332 semper
2607 5261 2760 5326 vidit,
2785 5260 2924 5329 quod
2953 5257 3104 5314 vidit.
3138 5257 3254 5313 Neu
3286 5259 3438 5314 enim
3472 5251 3747 5318 εωωιει

1751 5370 2002 5425 VARIAE
2037 5372 2437 5432 LECTIONES.

1045 5495 1064 5518 ‘
1093 5500 1139 5541 et
1161 5502 1268 5541 om.
1307 5485 1368 5538 Α.
1443 5485 1464 5514 ⁸
1491 5485 1607 5552 ﬁeri
1643 5498 1671 5538 (ι

1045 5558 1073 5606 t
1101 5573 1238 5606 eum.
1319 5555 1360 5586 “
1389 5553 1429 5606 A
1462 5555 1671 5606 creavit.

557 5485 579 5517 ‘
609 5489 650 5540 (.2
674 5487 974 5542 voluntatis.

489 5551 516 5588 ⁸
541 5553 588 5608 Δ
615 5564 662 5608 te
692 5557 880 5610 videre.
961 5558 1004 5589 “
1030 5558 1073 5610 Α
1101 5573 1238 5610 eum.

1443 5483 1464 5514 ⁸
1491 5482 1857 5557 ﬁeri_om.__A:
1921 5488 1941 5516 ⁸
1971 5485 2015 5540 Α
2045 5486 2138 5541 Ac.
2209 5487 2230 5518 '
2251 5487 2292 5540 Α
2325 5487 2482 5557 quod.
2553 5484 2574 5515 °
2607 5484 2646 5557 C_
2673 5495 2747 5544 et.

1749 5554 1790 5585 “
1820 5553 1860 5608 C
1889 5566 2130 5610 naturam
2171 5573 2271 5608 non
2313 5553 2538 5610 creatam
2572 5554 2644 5608 uel
2674 5563 2925 5608 creatam.

491 5626 753 5678 munitam
777 5643 883 5672 esse
906 5627 1074 5682 video.
1143 5627 1339 5679 "intra
1359 5623 1606 5702 Deum—
1625 5624 1902 5674 circumfer
1918 5625 2035 5670 nt»
2089 5641 2172 5656 ιι-ν·
2219 5627 2258 5654 Ρ
2337 5626 2378 5654 η
2410 5629 2432 5654 Α
2461 5644 2513 5654 ηι-
2601 5626 2641 5654 ιτ
2665 5627 2694 5668 γλ
2715 5624 3034 5676 nriusauum.
3113 5622 3156 5651 ⁸⁸
3173 5619 3358 5678 sicut.
3385 5619 3458 5675 Α.

2844 5485 2863 5515 ⁷
2911 5484 2960 5538 ei
2993 5497 3100 5535 om.
3139 5481 3202 5536 C.
3302 5483 3743 5544 ἠοιιοιιι

3023 5552 3064 5582 ¹³
3093 5568 3322 5621 veraque
3343 5567 3461 5621 om.
3486 5547 3554 5608 C.
3629 5553 3750 5621 ’ΞΔ

3551 5617 3750 5696 "viil

3425 5693 3478 5729 ι·
3510 5697 3554 5746 Α
3579 5693 3744 5750 enim.

3911 4831 3918 4902 Ι
