4064 6292
302 309 410 369 677

1158 312 1249 370 on
1284 309 1642 397 mvrsroue.
1663 274 2015 366 nuntiat.
2055 338 2126 351 -
2159 268 2363 365 LiBER
2398 306 2717 364 manus.

3465 294 3573 361 678

299 424 505 481 videre.
526 402 671 477 utiod
702 408 870 488 videt,
901 402 1117 495 quando
1167 439 1272 478 non
1303 421 1446 479 aliud
1479 432 1563 478 est
1591 423 1637 477 ei
1673 440 1794 479 esse
1821 432 1877 479 et
1905 426 1954 488 Α
1979 422 2064 481 bis
2088 404 2155 491 ίδ,
2183 433 2241 479 ut
2269 424 2525 487 arbitror,
2558 420 2714 477 fateri
2764 421 2943 475 omnia
2983 410 3039 476 et
3079 412 3219 475 facta
3250 420 3306 475 et
3346 428 3573 477 aeterna

299 514 445 571 aliud
481 514 695 591 videre.
730 508 930 591 ipsius
966 512 982 543 ¹
1013 528 1243 583 namque
1287 512 1513 584 simplex
1544 522 1737 568 natura
1776 523 1877 569 est.

300 604 359 661 Si
387 594 570 675 autem
601 588 814 676 semper
834 602 988 668 vidit,
1007 604 1146 672 quod
1174 602 1325 669 vidit,
1343 620 1556 673 semper
1580 614 1716 669 erat,
1737 604 1880 676 quad

296 694 453 759 vidit.
486 712 550 751 ac
587 710 686 769 per
734 696 1148 771 hoeaeternum
1184 711 1306 751 esse
1352 712 1575 753 necesse
1604 707 1706 760 est,
1737 697 1881 768 quod

294 784 450 841 vidit.
481 772 547 840 Et
595 783 638 839 si
668 770 973 839 creaturam
1017 786 1171 851 vidit,
1202 801 1339 855 quae
1371 787 1547 841 adhuc
1586 804 1689 845 non
1740 798 1879 856 erat,

298 886 357 936 et
390 887 526 941 eral,
560 877 701 947 quod
742 876 913 943 vidit;
944 892 1105 941 omne
1138 877 1303 943 enim,
1331 878 1473 949 quod
1502 877 1643 934 Deus
1671 878 1876 945 videt‘,

294 984 483 1027 verum
512 957 568 1024 et
590 977 867 1023 aeternum
898 975 1019 1022 est:
1048 967 1121 1022 nil
1144 954 1288 1023 aliud
1322 968 1665 1039 relinquitur,
1694 970 1795 1024 nisi
1825 978 1885 1025 ut

296 1061 685 1141 intelligamus,
721 1070 1023 1116 creaturam
1071 1058 1237 1116 fuisse
1277 1063 1329 1116 in
1390 1061 1497 1117 Deo
1520 1103 1534 1125 ,
1568 1063 1880 1132 priusquam

297 1153 459 1230 ﬁeret
501 1154 555 1209 in
586 1169 645 1208 se
665 1153 814 1223 ipsa;
844 1148 1146 1223 duplexque
1176 1154 1241 1227 de
1267 1164 1518 1207 creatura
1550 1154 1767 1208 dabitur
1797 1155 1881 1209 in-

297 1245 545 1302 telleetus
568 1286 593 1321 ,η
629 1260 767 1302 unus
840 1245 1056 1314 quidem
1088 1243 1110 1277 ³
1152 1247 1458 1301 considerat
1506 1248 1881 1304 aeternitatem

293 1321 467 1408 ipsius
490 1337 542 1392 in
565 1336 743 1391 divina
761 1335 1092 1407 cognitione,
1120 1335 1172 1391 in
1197 1352 1300 1407 qua
1320 1337 1500 1393 omnia
1531 1353 1656 1392 vere
1683 1348 1735 1392 et
1757 1339 1885 1393 sub-

293 1426 621 1485 stantialitcr
641 1434 980 1499 permanent,
1024 1427 1160 1482 alter
1188 1426 1209 1458 ⁸
1245 1430 1597 1499 temporalem
1620 1429 1884 1503 conditio.-

291 1533 421 1575 nem
440 1518 629 1588 ipsius,
648 1518 810 1574 veluti
826 1519 1167 1589 postmodum
1194 1519 1248 1574 in
1264 1537 1320 1575 se
1337 1524 1470 1590 ipsa.
1492 1522 1560 1577 Et
1578 1523 1621 1578 si
1645 1523 1666 1553 ⁵
1691 1522 1762 1576 ita
1778 1514 1881 1587 est,

293 1610 527 1666 rationis
554 1596 942 1681 consequentia
980 1610 1277 1680 compellit,
1299 1628 1461 1667 unum
1494 1628 1524 1668 e
1552 1613 1762 1667 duobus
1787 1612 1882 1668 eli-
1914 1680 1915 1683 η

293 1717 448 1775 gere,
471 1712 525 1756 ut
546 1710 635 1756 aut
664 1702 891 1761 eandem
921 1714 1228 1785 creaturam
1262 1703 1535 1759 meliorem
1564 1706 1761 1774 seipsa,
1787 1712 1879 1759 aut

293 1792 608 1851 inferiorem
649 1794 933 1850 dicamus:
975 1796 1251 1857 meliorem
1284 1788 1801 1868 quidem,quantum
1831 1799 1881 1855 in
1916 1788 1962 1849 Β

292 1884 767 1943 Deoaeternaliter
780 1886 1018 1942 subsistit
1044 1888 1098 1951 ’ς
1127 1889 1434 1944 inferiorem
1459 1905 1605 1949 vero.
1621 1900 1885 1962 quantum

291 1974 351 2031 in
365 1977 548 2047 seipsa
563 1987 745 2033 creata
762 1990 843 2033 est
868 1996 882 2044 ;
905 1980 1175 2035 etcreatio
1198 1978 1338 2034 illius
1359 1996 1467 2035 non
1485 1982 1537 2036 in
1554 1980 1785 2048 Deo,sed
1801 1999 1888 2039 ve-

288 2065 389 2123 luti
412 2080 566 2125 extra
596 2069 763 2129 Deum
793 2070 847 2126 in
873 2068 1049 2142 seipSa
1076 2074 1453 2129 aestimabitur
1476 2115 1490 2140 ,
1523 2083 1579 2129 et
1605 2076 1711 2131 erit
1757 2092 1888 2132 con-

297 2163 528 2218 trarium
567 2161 904 2235 Scripturae,
928 2180 1064 2234 quae
1103 2166 1271 2220 dicit:
1315 2164 1509 2221 Omnia
1555 2167 1606 2219 in
1628 2156 1886 2236 sapientia

291 2236 464 2323 {iam
487 2267 506 2305 :
543 2263 636 2309 aut
677 2270 781 2308 non
823 2255 1053 2309 eandem
1083 2264 1333 2310 naturam
1364 2272 1508 2320 esse,
1538 2272 1679 2327 quae
1709 2267 1888 2313 aeter-

294 2344 493 2400 naliter
512 2345 568 2401 in
595 2345 902 2416 cOgnitione
927 2345 1020 2401 Dei
1048 2356 1187 2412 erat,
1212 2355 1267 2400 et
1292 2361 1432 2417 quae
1462 2346 1621 2401 veluti
1650 2356 1888 2417 postmo-

293 2434 425 2491 dum
464 2436 517 2491 iu
552 2437 730 2508 seipsa
761 2436 976 2492 condita
1007 2445 1107 2492 est.
1132 2436 1208 2492 Ac
1238 2453 1335 2508 per
1367 2439 1468 2493 hoc
1501 2452 1607 2493 non
1635 2453 1719 2504 ea,
1750 2452 1886 2506 quae

296 2526 444 2585 facta
490 2537 638 2594 sunt,
671 2540 962 2600 antequam
991 2529 1204 2596 tierent,
1236 2530 1412 2595 vidit,‘
1436 2532 1533 2587 sed
1578 2547 1641 2587 ea
1681 2532 1884 2588 solum-

289 2619 476 2683 modo,
509 2634 647 2691 qtrae
669 2630 889 2675 aeterna
931 2628 1076 2687 sunt,
1105 2621 1156 2673 in
1195 2620 1372 2688 seipso
1402 2620 1553 2674 vidit.
1591 2619 1655 2675 Et
1684 2622 1728 2675 si
1764 2602 1909 2692 quis

291 2708 401 2767 hoc
428 2709 659 2775 dederit,
683 2709 981 2766 catholicae
1006 2709 1244 2767 ﬁdelium
1269 2710 1591 2783 professioni
1619 2698 1888 2767 videbitur

290 2800 570 2858 resistere.
640 2801 839 2858 Sancta
872 2805 1137 2874 siquidem
1176 2804 1364 2872 sophia
1398 2820 1504 2860 non
1536 2804 1639 2859 alia
1663 2805 1683 2837 ⁷
1715 2806 1881 2875 proﬁ-

293 2899 442 2948 tetur
490 2894 659 2949 Deum
700 2894 753 2949 in
796 2895 993 2965 seipso,
1042 2896 1357 2966 priusquam
1402 2896 1614 2963 fierent,
1662 2898 1879 2966 vidisse,

295 2992 354 3039 et
401 2984 506 3038 alia
558 2989 897 3055 postmodum
948 2987 1001 3043 in
1048 2987 1240 3057 seipsis
1284 2987 1499 3053 fecisse,
1553 2991 1644 3045 sed
1691 2992 1881 3046 eadem

294 3077 643 3135 aeternaliter
670 3080 804 3145 visa,
833 3091 886 3134 et
915 3080 1258 3137 aeterualiter
1284 3080 1448 3147 facta,
1484 3091 1537 3138 et
1578 3086 1678 3139 hoc
1709 3094 1878 3142 totum

1984 515 2123 581 esse,
2146 526 2200 571 et
2219 532 2400 581 omne,
2418 516 2558 587 quod
2585 516 2636 569 in
2661 518 2741 569 eis
2761 528 2886 569 vere
2906 512 3566 584 intelligiturénbsistere,

1984 600 2059 663 nil
2099 608 2241 663 aliud
2279 598 2496 679 praeter
2533 604 2856 660 inell'aliilem
2901 603 3117 679 divinae.
3152 601 3413 675 bonitatis
3450 606 3602 658 esse‘

1983 685 2251 756 naturam.
2330 716 2425 772 psa
2468 705 2549 753 est
2595 698 2738 752 enim
2769 696 2810 728 “
2853 674 3208 751 antistantiale
3250 692 3467 760 bonum,
3515 702 3575 753 et

1983 792 2142 849 nemo
2183 793 2356 849 bonus
2409 790 2510 847 nisi
2556 789 2704 846 solus
2744 775 2906 844 Deus.
2969 786 3158 843 Restat
3207 786 3373 859 igitur
3411 787 3457 822 ¹¹
3504 785 3574 846 de

1984 894 2202 941 aeterna
2248 884 2560 940 conditione
2594 880 2836 937 omnium
2878 879 2931 934 in
2973 868 3084 934 Deo
3122 888 3381 947 tractare,
3407 874 3574 951 quan-

1986 988 2097 1036 tum
2136 978 2347 1034 divinae
2379 979 2621 1033 veritatis
2644 975 2888 1032 "radius
2917 975 3091 1030 aciem
3123 982 3342 1029 nostrae
3377 973 3576 1032 mentis

1984 1074 2036 1129 in
2062 1070 2238 1127 divina
2270 1073 2521 1147 mysteria
2543 1071 2853 1145 permiserit
2876 1069 3186 1125 ascendere.
3211 1069 3355 1124 DISC.
3382 1062 3577 1124 Restat

1985 1162 2222 1232 quidem,
2257 1173 2309 1219 et
2343 1162 2456 1235 jam
2498 1163 2543 1194 ’⁸
2585 1160 2718 1217 ordo
2761 1159 3142 1232 disputationis
3182 1159 3365 1233 exigit.
3416 1157 3575 1215 Prius

1986 1236 2166 1309 tamen
2211 1255 2370 1309 velim
2411 1264 2462 1308 te
2506 1255 2745 1309 breviter
2784 1251 3035 1323 colligere
3083 1246 3277 1317 totum,
3321 1251 3461 1321 quod
3508 1244 3574 1306 d6

1984 1346 2262 1419 praesenti
2302 1346 2617 1419 quaestione
2670 1347 2934 1402 hactenus
2987 1344 3128 1425 inter
3168 1359 3268 1400 nos
3307 1348 3392 1400 est
3440 1358 3575 1399 con-

1984 1437 2183 1517 fectum
2210 1439 2279 1513 f'.
2325 1436 2464 1495 MAG.
2510 1439 2591 1494 Ad
2638 1454 2854 1517 purum,
2889 1444 2948 1491 ut
2989 1424 3202 1515 opinor,
3232 1424 3599 1517 deduximus,~

1986 1518 2222 1588 divinam
2280 1534 2571 1588 bonitatem
2618 1512 2819 1586 vidisse
2874 1539 2928 1585 et
2979 1512 3195 1601 semper
3236 1526 3438 1583 vidisse
3485 1516 3573 1597 ea,

1985 1639 2125 1692 quae
2169 1623 2409 1678 facienda
2454 1632 2630 1678 erant.
2691 1622 2843 1695 DISC._
2883 1620 2995 1677 Hoc
3048 1627 3324 1689 peractum
3372 1617 3420 1653 “
3467 1618 3574 1676 ρει.

1985 1712 2228 1783 MAG.th
2257 1731 2362 1771 non
2407 1714 2509 1767 alia
2554 1712 2687 1766 vidit
2733 1720 2787 1766 et
2834 1710 2937 1764 alia
2988 1708 3148 1773 fecit,
3191 1709 3283 1764 sed
3323 1723 3405 1769 ea,
3436 1720 3578 1777 quae

1991 1790 2204 1876 semper
2239 1807 2371 1860 vidit
2411 1804 2676 1861 facienda.
2715 1802 2861 1858 fecit.
2904 1801 3055 1879 'DISC.
3100 1799 3364 1855 Similiter
3391 1794 3576 1853 datum

1991 1909 2093 1954 est.
2122 1896 2261 1952 MAG.
2288 1896 2354 1952 Et
2380 1897 2581 1961 omnia,
2606 1912 2745 1969 quae
2773 1898 2986 1964 semper
3014 1891 3165 1957 vidit,
3190 1905 3403 1962 semper
3424 1880 3575 1945 fecit.

1989 1987 2107 2044 Non
2155 1989 2297 2044 enim
2342 1989 2393 2043 in
2426 2005 2491 2044 eo
2523 1985 2800 2058 praecedit
2844 1984 2980 2039 visio
3020 1984 3415 2056 operationem,
3445 1988 3580 2052 'quo-

1988 2081 2132 2136 niam
2159 2090 2446 2135 coaeterna
2473 2092 2557 2134 est
2593 2076 2786 2132 visioni
2818 2076 3082 2147 operatio,
3111 2072 3426 2145 praesertim
3451 2071 3586 2128 dum'

1989 2186 2097 2225 non
2128 2169 2273 2225 aliud
2315 2170 2365 2224 ei
2406 2168 2479 2224 sit
2506 2168 2688 2223 videre
2728 2175 2783 2222 et
2813 2167 2956 2221 aliud
2986 2179 3244 2236 operare,
3275 2163 3369 2219 sed
3411 2152 3579 2233 ipsius

1987 2262 2125 2333 visio
2147 2261 2314 2331 ipsius
2346 2270 2429 2316 est
2461 2259 2727 2331 operatio.
2764 2256 2919 2313 Videt
2946 2256 2988 2290 "'
3014 2257 3159 2311 enim
3188 2252 3481 2326 Operando,
3520 2258 3581 2307 et

1988 2354 2218 2422 videndo
2268 2361 2543 2421 operatur.
2603 2350 2750 2406 Disc.
2808 2346 2922 2405 Hoc
2980 2363 3195 2418 quoque
3242 2351 3580 2414 assumptum

1990 2454 2093 2499 est.
2120 2443 2260 2499 MAG.
2280 2443 2357 2498 De
2386 2441 2730 2514 simplicitate
2758 2439 2973 2496 divinae
2999 2436 3225 2494 naturae
3251 2436 3577 2501 discussum,

1988 2537 2133 2607 quod
2175 2551 2278 2590 non
2309 2536 2362 2590 in
2392 2549 2455 2590 ea
2486 2548 2612 2590 vere
2638 2550 2701 2589 ac
2730 2531 2949 2605 proprie
2980 2530 3320 2601 intelligitur,
3340 2525 3486 2599 quod
3507 2524 3578 2580 ab

1989 2644 2053 2700 ea
2089 2628 2322 2683 alienum
2356 2627 2427 2682 sit
2474 2637 2529 2682 et
2564 2608 2670 2681 non
2711 2626 2761 2680 ei
2803 2623 3189 2687 coessentiale,
3232 2629 3288 2677 et
3323 2617 3579 2692 quoniam

1986 2720 2167 2776 omnia
2197 2732 2321 2773 vere
2358 2732 2421 2772 ac
2452 2715 2668 2788 proprie
2700 2714 2842 2769 intra
2873 2730 2994 2770 eam
3024 2712 3399 2782 intelliguntur
3433 2722 3573 2765 esse.

1985 2810 2071 2865 Nil
2102 2810 2144 2842 ⁸⁸
2184 2812 2328 2864 enim
2368 2817 2524 2863 extra
2564 2800 2685 2862 eam
2728 2804 3046 2862 subsistunt.
3097 2801 3421 2859 Conclusum
3468 2806 3577 2867 est,

1983 2902 2153 2973 ipsam
2182 2900 2351 2957 solam
2376 2915 2504 2954 vere
2530 2914 2594 2954 ac
2622 2897 2840 2975 preprie
2870 2897 2922 2949 in
2951 2894 3202 2950 omnibus
3239 2906 3360 2948 esse
3402 2889 3470 2956 ¹⁹,
3520 2895 3581 2947 et

1982 2995 2119 3053 nihil
2147 3010 2273 3050 vere
2298 3009 2365 3053 ac
2395 2991 2611 3063 proprie
2640 3005 2782 3057 esse,
2811 2988 2955 3059 quod
2985 2988 3099 3057 ipsa
3140 3002 3246 3041 non
3286 2985 3377 3041 sit.
3423 2982 3572 3040 Disc.

1982 3078 2327 3144 Conclusam.
2353 3082 2493 3138 Mite.
2520 3079 2751 3137 Proinde
2776 3095 2883 3135 non
2908 3079 3013 3135 duo
3040 3093 3069 3131 a
3094 3077 3287 3148 seipsis
3319 3073 3577 3131 distantia

295 3171 351 3228 in
393 3174 529 3240 Deo,
552 3184 607 3230 et
642 3175 774 3230 nihil
812 3189 966 3235 extra
1006 3177 1194 3232 Deum.
1269 3177 1325 3233 Si
1359 3189 1539 3242 autem
1573 3181 1716 3237 aliud
1747 3193 1831 3239 est
1857 3184 1878 3214 ⁸
1910 3155 1954 3218 C
1986 3182 2245 3237 debemus
2285 3170 2584 3247 intelligere
2627 3173 2797 3228 Deum
2833 3170 2888 3226 et
2926 3178 3254 3234 creaturam,
3283 3168 3376 3223 sed
3408 3180 3576 3222 unum

297 3266 511 3323 divinae
539 3267 799 3325 bonitatis
828 3280 1040 3333 natura,
1075 3279 1128 3326 et
1154 3271 1322 3337 aliud,
1350 3273 1491 3343 quod
1522 3274 1654 3329 vidit
1686 3275 1884 3332 facien—

293 3356 425 3414 dum
463 3368 518 3414 et
556 3359 711 3426 fecit,
759 3369 816 3419 et
862 3363 913 3417 in
961 3362 1136 3432 seipso
1179 3365 1311 3419 vidit
1363 3375 1417 3421 et
1468 3365 1629 3433 fecit,
1672 3369 1885 3426 divinae

292 3459 525 3507 naturae
567 3440 886 3523 simplicitas
924 3456 1370 3527 interrmnpetur,
1405 3462 1620 3531 quando
1657 3462 1799 3517 aliud
1830 3463 1883 3518 in

296 3539 416 3617 ipsa
458 3542 794 3623 intelligitur,
839 3549 980 3615 quod
1023 3549 1138 3617 ipsa
1180 3565 1287 3604 non
1333 3551 1429 3605 sit:
1475 3555 1619 3622 quod
1664 3555 1885 3611 omnino

296 3634 626 3706 impossibile
664 3647 768 3693 est.
814 3637 872 3694 Si
904 3655 1032 3697 vero
1064 3657 1170 3696 non
1200 3643 1344 3698 aliud
1390 3643 1411 3674 ⁹
1455 3656 1540 3700 est
1570 3646 1748 3700 divina
1791 3647 1888 3715 lio-5

294 3727 464 3793 nitas,
495 3737 551 3784 et
577 3729 745 3794 aliud,
774 3732 915 3801 quod
958 3732 1012 3789 in
1042 3732 1220 3803 seipsa
1252 3734 1381 3789 vidit
1421 3734 1749 3804 faciendum,
1791 3737 1885 3794 sed

296 3834 407 3885 una
445 3829 607 3891 atque
646 3824 835 3878 eadem
873 3835 952 3880 est
1000 3825 1399 3894 natura,cujus
1441 3827 1763 3883 inviolabilis
1804 3838 1887 3885 est

300 3912 621 3984 simplicitas
657 3927 711 3972 et
739 3917 1114 3988 inseparabilis
1148 3920 1349 3983 unitas,
1382 3919 1623 3991 profecto
1648 3923 1897 3989 dabitur,

293 4005 479 4061 omma
509 4007 705 4077 ubique
737 4009 904 4065 Deum
931 4026 1071 4073 esse.
1098 4023 1152 4068 et
1184 4022 1352 4068 totum
1382 4013 1433 4068 in
1466 4022 1600 4079 toto,
1632 4025 1686 4071 et
1716 4016 1886 4071 faeto-

295 4109 416 4177 rem
445 4105 502 4152 et
542 4096 767 4175 factum,
795 4108 852 4157 et
880 4101 1150 4157 videntem
1180 4112 1234 4158 et
1269 4103 1462 4168 visum,
1492 4115 1545 4159 et
1583 4113 1792 4177 tempus
1830 4117 1888 4165 et

260 4180 517 4251 iocum,
565 4196 622 4242 et
672 4191 962 4249 essenu'am
1010 4193 1251 4249 omnium
1294 4203 1348 4249 et
1395 4184 1782 4263 substantiam,
1831 4207 1887 4257 et

299 4275 579 4357 accidens,
611 4287 686 4345 et,
728 4288 789 4334 ut
815 4281 1131 4352 simpliciter
1155 4284 1353 4353 dicam,
1381 4266 1563 4350 omne,
1586 4266 1727 4357 quod
1759 4268 1886 4345 vere

294 4377 405 4434 est,
438 4381 492 4424 et
522 4386 627 4426 non
666 4382 767 4439 est,
800 4378 1270 4446 superessentialis
1303 4379 1356 4434 in
1391 4379 1667 4444 essentiis,
1697 4396 1886 4452 super-

293 4462 667 4522 substantialis
696 4466 753 4522 in
786 4469 1126 4535 substantiis,
1154 4486 1316 4541 super
1336 4489 1551 4531 omnem
1576 4484 1884 4531 creaturam

1987 3284 2042 3332 et
2073 3273 2124 3328 id
2153 3260 2348 3345 ipsum.
2383 3270 2519 3325 Nam
2548 3279 2603 3323 et
2630 3273 2881 3322 creatura
2910 3264 2965 3320 in
2995 3261 3110 3320 Deo
3142 3269 3226 3345 est
3254 3258 3579 3326 subsistens,

1986 3378 2038 3424 et
2082 3342 2221 3422 Deus
2249 3366 2304 3420 in
2334 3371 2588 3419 creatura
2614 3357 2850 3415 mirabili
2877 3365 2933 3413 et
2959 3343 3211 3411 ineffabili
3239 3352 3399 3409 modo
3425 3342 3587 3408 crea-i

1988 3472 2093 3528 tur,
2151 3462 2389 3530 seipsnm
2442 3454 2818 3518 manifestans,
2867 3436 3155 3507 invisibilis
3206 3445 3470 3503 visibilem
3519 3458 3579 3501 se

1986 3553 2211 3616 faciens,
2243 3558 2300 3606 et
2331 3541 2893 3617 incomprehensibilis
2929 3535 3494 3611 comprehensibilem,
3525 3541 3584 3590 et

1985 3645 2230 3701 occultus
2263 3651 2532 3713 apertum,
2559 3649 2615 3694 et
2650 3634 2956 3709 incognitus
2980 3632 3282 3711 cognitum,
3314 3637 3369 3684 et
3401 3625 3578 3683 forma

1986 3746 2043 3793 et
2071 3737 2249 3808 specie
2277 3748 2469 3791 carens
2504 3730 2799 3788 formosum
2837 3743 2902 3784 ac
2949 3724 2994 3757 "
3034 3724 3363 3795 speciosum,
3391 3728 3447 3777 et
3486 3733 3583 3775 su-

1988 3826 2391 3899 peressentialis
2413 3821 2781 3888 essentialem,
2810 3828 2865 3876 et
2894 3812 3328 3889 supernaturalis
3354 3820 3579 3868 natura-

1988 3920 2117 3985 lem,
2140 3927 2196 3973 et
2236 3915 2463 3987 simplex
2506 3911 2897 3985 compositum,
2943 3915 2999 3963 et
3033 3904 3404 3963 accidentibus
3440 3900 3583 3956 liber

1987 4009 2358 4065 accidentibus
2409 4000 2745 4073 subjectum,
2785 4010 2842 4056 et
2897 3997 3191 4064 accidens,
3236 4002 3293 4050 et
3337 3988 3582 4048 inlinitui

1987 4101 2222 4165 finitum,
2252 4108 2308 4154 et
2346 4095 2846 4165 incircumscriptus
2875 4089 3374 4159 circumscriptum,
3405 4093 3458 4141 et
3490 4099 3583 4140 su-

1986 4191 2398 4265 pei-tt-niporalis
2428 4187 2803 4257 temporalem,
2834 4193 2891 4240 et
2934 4179 3288 4252 superlocalis
3326 4175 3577 4261 localem,

1986 4295 2040 4341 et
2080 4284 2261 4340 omnia
2310 4298 2503 4338 creans
2556 4280 2609 4335 in
2659 4276 2908 4335 omnibus
2959 4266 3245 4339 creatum,
3304 4278 3359 4327 et
3404 4268 3582 4326 factor

1986 4378 2227 4432 omnium
2249 4377 2292 4407 ¹¹
2317 4375 2491 4431 tactus
2517 4373 2569 4428 in
2592 4370 2863 4435 omnibus,
2887 4376 2943 4426 et
2962 4360 3215 4422 aeternus
3232 4360 3413 4434 coepit
3435 4373 3577 4426 esse,

1989 4479 2045 4526 et
2085 4467 2377 4525 immobilis
2411 4476 2658 4523 movetur
2690 4463 2742 4518 in
2781 4460 2986 4525 omnia,
3034 4465 3092 4515 et
3135 4455 3194 4511 fit
3233 4454 3287 4510 in
3326 4450 3582 4509 omnibui

293 4564 532 4623 creator,
558 4564 613 4608 et
637 4555 777 4611 intra
803 4573 1017 4623 omnem
1051 4572 1356 4627 creaturam
1383 4575 1619 4628 creatus,
1647 4576 1702 4620 et
1744 4566 1884 4622 infra
1912 4523 1964 4584 Β
1988 4562 2190 4618 omnia.
2222 4560 2407 4631 Neque
2434 4560 2536 4615 hoc
2569 4557 2635 4612 de
2664 4553 3040 4611 incarnatione
3070 4546 3230 4606 Verbi
3256 4554 3312 4603 et
3337 4540 3583 4631 inhumas

291 4655 514 4710 omnem
540 4655 841 4702 creaturam
861 4648 1185 4717 subsistens,
1204 4669 1235 4707 ει
1253 4654 1430 4725 seipso
1450 4670 1571 4733 esse
1598 4656 1881 4728 incipiens.

292 4744 354 4789 et
391 4749 489 4804 per
516 4738 749 4809 seipsnm
782 4743 1016 4814 seipsnm
1046 4760 1291 4812 movens,
1321 4760 1377 4804 et
1408 4749 1474 4803 ad
1502 4751 1739 4823 seipsnm
1774 4769 1884 4806 mo-

292 4830 410 4893 tus.
442 4836 505 4887 et,
534 4827 586 4882 in
618 4830 794 4902 seipso
821 4835 1127 4904 quiescens,
1155 4852 1250 4905 per
1273 4854 1472 4908 genera
1497 4849 1551 4895 et
1589 4843 1798 4913 species
1828 4843 1881 4899 in

290 4916 479 4988 seipso
503 4920 557 4975 in
584 4922 853 4979 inﬁnitum
880 4927 1284 4999 multiplicatus,
1317 4931 1720 5003 simplicitatem
1748 4948 1882 4989 suae

290 5019 528 5099 naturae
568 5029 674 5097 non
711 5017 989 5099 deserens,
1021 5029 1076 5074 et
1115 5020 1576 5092 multiplicatitmis
1616 5040 1747 5080 suae
1794 5025 1879 5080 in-

292 5098 569 5161 ﬁnitatem
604 5106 656 5162 in
695 5096 933 5179 seipsnm
964 5096 1242 5168 revocans.
1275 5112 1332 5167 lu
1366 5113 1482 5183 ipso
1518 5118 1662 5170 enim
1699 5114 1880 5171 omnia

289 5207 468 5252 unum
506 5207 651 5277 sunt.
693 5199 832 5277 Mm.
862 5199 1016 5258 Nunc
1044 5204 1217 5269 video,
1251 5211 1303 5258 te
1328 5221 1559 5277 perpure
1594 5206 1883 5276 inspicere,

290 5285 373 5347 de
394 5280 587 5361 quibus
612 5274 890 5350 videbatis”
914 5294 1182 5377 dubitare,
1207 5305 1263 5351 et
1291 5274 1514 5375 ulterius
1541 5312 1648 5353 non
1676 5274 1880 5354 tituba-

1986 4658 2209 4713 natione
2250 4630 2392 4720 dico,
2421 4654 2513 4710 sed
2547 4655 2612 4708 de
2645 4666 2890 4706 summae
2919 4646 3197 4713 bonitatis,
3230 4658 3371 4717 quae
3401 4630 3583 4699 unitai

1984 4758 2066 4806 est
2105 4756 2160 4804 et
2200 4744 2434 4810 trinitas,
2465 4743 2719 4823 ineii‘abili
2761 4737 3289 4798 condescensionein
3319 4748 3411 4804 ea,
3436 4722 3579 4808 quad

1984 4849 2126 4904 sunt,
2177 4848 2237 4895 ut
2279 4840 2429 4904 sint,
2481 4837 2589 4893 imo
2632 4842 2691 4890 ut
2749 4836 2863 4905 ipsa
2908 4834 2961 4888 in
3002 4830 3253 4890 omnibus
3290 4846 3322 4886 a
3368 4832 3581 4886 summo

1985 4945 2156 5003 usque
2197 4929 2451 4985 deorsum
2495 4928 2587 4994 sit,
2620 4912 2833 4998 semper
2874 4934 3119 4991 aeterna,
3150 4940 3368 4996 semper
3411 4920 3576 4989 facta,

1985 5039 2016 5079 a
2046 5022 2247 5092 seipso,
2279 5023 2333 5077 in
2363 5021 2562 5092 seipsa,
2586 5028 2807 5074 aeterna
2838 5034 2866 5072 a
2898 5018 3097 5089 seipsa.
3123 5015 3175 5070 in
3206 5013 3380 5086 seipsa
3410 5010 3577 5080 facta,

1984 5124 2034 5170 et
2068 5114 2193 5168 dum
2224 5112 2292 5167 sit
2324 5100 2579 5176 aeterna,
2621 5125 2729 5164 non
2762 5108 2959 5164 desinit
2987 5122 3106 5163 esse
3134 5104 3276 5160 facta
3297 5145 3311 5170 ,
3339 5114 3393 5158 et
3434 5092 3577 5158 facti

1987 5219 2095 5258 non
2135 5202 2332 5257 desinit
2376 5216 2495 5257 esse
2539 5208 2761 5256 aeterna
2796 5200 2878 5264 ³³,
2917 5210 2974 5253 et
3014 5198 3081 5253 de
3118 5197 3296 5266 seipsa
3337 5194 3575 5265 seipsam

1989 5288 2137 5350 facit.
2181 5291 2296 5348 Non
2322 5293 2466 5347 enim
2492 5292 2696 5365 indiget
2724 5276 2949 5348 alterius
2977 5289 3260 5355 materiae,
3290 5302 3430 5359 quae
3457 5286 3577 5358 ipsa

1578 5433 1832 5491 VARIAE
1869 5430 2271 5490 LECTIONES.

375 5553 397 5590 ⁸
422 5553 624 5634 Chlpsi.
690 5558 713 5589 ¹
735 5557 776 5634 ς
796 5530 945 5634 uidit.
1016 5560 1038 5592 ³
1062 5560 1102 5634 A_
1132 5563 1242 5633 qui.
1315 5564 1338 5634 ξ
1366 5564 1413 5634 Α
1463 5561 1601 5618 alter
1625 5565 1718 5634 qui
1744 5573 1906 5633 temp.

290 5621 324 5662 ⁸
344 5625 392 5680 Δ
422 5621 655 5682 aliunde.
733 5629 776 5661 “
796 5630 902 5684 Cet
930 5646 1022 5684 nec
1042 5621 1262 5687 ulterius
1291 5632 1596 5688 tilubamus.

294 5694 355 5770 ξ’
383 5697 428 5750 Α
467 5699 759 5770 confectum
791 5710 888 5754 est.
967 5702 1011 5732 "
1032 5703 1072 5755 Α
1110 5714 1342 5770 pactum.

1421 5649 1596 5688 camus.
1677 5635 1719 5667 “
1749 5636 1795 5688 A
1821 5635 1959 5689 enim
1983 5644 2079 5688 est.
2181 5635 2227 5685 υ
2260 5635 2302 5687 Α
2333 5635 2562 5702 quidem.
2639 5635 2683 5666 ³³
2706 5635 2749 5686 C
2776 5635 3000 5685 virtutis.
3090 5635 3137 5665 “
3164 5639 3214 5684 et
3228 5635 3344 5700 jam
3363 5645 3473 5685 om.
3504 5635 3567 5697 Ci,

1421 5704 1463 5738 ι’
1510 5704 1551 5757 Α
1574 5705 1721 5758 vidit.
1796 5705 1840 5742 ιθ
1867 5703 1913 5757 Α
1940 5702 2086 5759 Non.
2163 5704 2205 5738 ¹⁹
2234 5702 2279 5758 Δ
2301 5704 2471 5773 ipsam
2497 5701 2668 5759 solam
2702 5716 2820 5773 esse
2848 5716 3053 5757 unam:
3080 5702 3287 5772 propria
3312 5701 3366 5756 in
3393 5698 3572 5758 omni-

1981 5562 2003 5595 ι
2029 5538 2073 5617 Α
2101 5562 2236 5618 sui.
2312 5561 2334 5594 ο
2363 5561 2406 5618 c
2428 5534 2709 5617 uiuam
2753 5561 2775 5594 ν
2817 5557 2858 5614 e
2890 5559 3064 5615 aliter.
3162 5560 3185 5593 ·
3214 5569 3294 5615 est
3324 5574 3442 5618 om.
3497 5556 3570 5617 Α.

2181 5633 2227 5685 υ
2260 5632 2302 5687 Α
2333 5633 2572 5702 quidem.
2639 5630 2683 5666 ³³
2706 5629 2749 5686 C
2776 5630 3000 5685 virtutis.
3090 5629 3137 5665 “
3164 5639 3214 5684 et
3228 5630 3344 5702 jam
3363 5645 3473 5685 om.

298 5767 429 5825 bus.
502 5769 548 5797 “
576 5768 620 5823 Α
654 5780 722 5823 et.
800 5771 842 5800 “
870 5770 912 5824 Α
950 5767 1179 5826 omnium
1211 5774 1403 5843 factor.
1482 5774 1524 5806 ¹²
1546 5784 1593 5828 et
1647 5775 1784 5828 facta
1816 5790 1922 5829 non
1952 5774 2140 5829 desinit
2170 5790 2281 5828 esse
2303 5767 2515 5828 detenta
2537 5786 2645 5826 om.
2686 5771 2750 5829 Δ.
