4064 6292
2031 170 2073 181 ..Α
2112 177 2118 182 υ

1535 191 1567 202 οι
1606 190 1612 198 ι
1625 187 1737 217 ⁶δ-νσ
1761 193 1813 211 ’,ιι
1857 201 1863 206 ,
1878 190 1894 203 δ
1976 195 1986 204 ρ

515 289 622 348 679

1893 281 2174 344 JOANNIS
2212 282 2408 342 SCOTI

3651 283 3757 344 680

516 415 624 457 non
663 398 756 466 sit,
799 397 856 456 in
894 411 1003 472 qua
1045 397 1278 470 seipsam
1327 396 1486 465 facit;
1533 395 1768 468 alioquin
1819 395 2087 468 impotens
2114 405 2168 466 Α
2191 398 2383 454 borum
2412 396 2640 454 intuere.
2670 395 2936 468 Numquid
2965 395 3007 432 “
3029 397 3183 470 quasi
3205 397 3260 455 in
3293 395 3474 469 aliquo
3499 395 3637 465 loco,
3662 413 3758 455 seu

516 491 811 557 videretur,
865 497 919 546 et
957 489 1012 544 in
1051 489 1227 560 seipse
1254 488 1631 560 imperfectus,
1667 490 1712 545 si
1743 488 1956 545 aliunde
1999 504 2088 544 ac-

515 582 722 653 ciperet
760 581 1112 653 apparitionis
1149 588 1204 634 et
1244 579 1591 650 perfectionis
1637 594 1767 634 suae
1807 578 2082 634 auxilium.

513 675 562 732 Α
588 675 768 745 seipse
798 674 960 745 igitur
999 673 1016 705 ί
1059 672 1202 728 Deus
1253 671 1446 740 accipit
1481 671 1924 741 theophaniarum
1959 685 2087 725 sua-

515 781 660 830 rum,
692 764 795 820 hoc
825 773 931 830 est,
975 764 1280 818 divinarum
1311 763 1709 833 apparitionnm
1751 762 2085 827 occasiones,

514 853 768 923 quoniam
813 869 877 906 ex
920 852 1035 922 ipso
1060 892 1074 917 ,
1117 862 1163 906 et
1197 869 1290 923 per
1316 854 1521 924 ipsum,
1562 862 1610 908 et
1657 853 1712 906 in
1753 854 1862 923 ipso
1887 893 1900 918 ,
1936 861 1984 906 et
2017 851 2088 905 ad

513 945 685 1013 ipsum
723 954 843 999 sunt
883 945 1077 998 omnia.
1129 944 1248 999 Ac’
1283 959 1381 1015 per
1416 944 1518 999 hoc
1556 951 1611 998 et
1662 943 1778 1014 ipsa
1812 945 2085 1008 materies,

515 1036 583 1090 de
608 1051 713 1105 qua
743 1036 939 1106 legitur
969 1037 1228 1092 mundum
1259 1032 1471 1103 iecisse,
1504 1034 1572 1091 ab
1609 1035 1746 1108 ipso,
1778 1045 1834 1092 et
1873 1039 1926 1092 in
1971 1037 2088 1108 ipso

515 1136 622 1195 est,
649 1136 704 1185 et
734 1129 849 1199 ipse
877 1130 928 1184 in
958 1145 1021 1185 ea
1047 1137 1160 1193 est,
1190 1137 1451 1200 quantum
1489 1128 1806 1200 intelligitur
1842 1146 1906 1185 ea
1945 1144 2084 1186 esse.

519 1215 630 1274 Nec
665 1220 768 1275 hoc
793 1221 988 1276 mirum
1007 1261 1022 1286 ,
1064 1236 1186 1276 cum
1218 1220 1321 1276 hoc
1341 1219 1363 1251 ³
1392 1220 1636 1292 exempla
1677 1220 1992 1292 Scripturae
2021 1221 2088 1277 de

516 1309 715 1366 talibus
733 1310 980 1370 doceant.
1017 1310 1073 1366 Si
1101 1310 1246 1367 enim
1268 1312 1481 1367 animae
1507 1311 1676 1384 Moysi
1693 1322 1748 1368 et
1765 1311 2030 1369 Samuelis
2045 1313 2085 1379 ⁸,

513 1402 640 1458 dum
679 1403 789 1459 sint
827 1413 1018 1458 natura
1063 1404 1086 1436 '
1127 1404 1422 1460 invisibiles
1451 1412 1507 1460 et
1545 1405 1931 1474 incorporales,
1961 1407 2092 1462 visi-

510 1489 649 1547 biles
688 1492 793 1547 ac“
815 1492 977 1547 veluti
1022 1495 1331 1564 corporales
1374 1509 1481 1549 non
1516 1495 1572 1549 in
1607 1494 1786 1565 aliqua
1825 1495 2093 1553 extrinse-

512 1598 609 1639 cus
649 1594 923 1654 assumpta
953 1586 1199 1651 materia,
1237 1587 1331 1642 sed
1363 1601 1460 1656 per
1506 1586 1732 1657 seipsas,
1785 1587 1928 1642 nulla
1977 1603 2091 1644 me-

511 1675 712 1732 dietate
749 1677 1083 1748 interposita,
1135 1678 1202 1732 ad
1264 1679 1622 1748 perpetranda
1666 1680 1923 1751 mysteria
1982 1696 2089 1736 non

2191 489 2382 558 spatio,
2415 489 2682 560 quoddam
2708 489 3008 546 aediﬁcium
3033 489 3164 546 fecit
3186 491 3327 546 Deus
3356 491 3412 547 in
3436 506 3532 547 sua
3554 490 3762 562 sapien-

2189 577 2286 643 tia,
2317 593 2423 632 non
2450 587 2509 632 ut
2540 579 2652 650 ipsa
2682 578 3101 636 substantialiter
3135 580 3288 636 ﬁeret
3309 580 3510 644 omnia,
3548 579 3642 636 sed
3669 593 3760 633 so-

2187 667 2460 724 lummodo
2486 667 2530 701 ¹⁹
2558 671 2856 727 contineret
2885 672 3084 738 omnia,
3114 681 3170 729 et
3193 673 3346 746 quasi
3384 673 3525 730 aliud
3553 672 3609 727 in
3633 670 3759 737 alio,

2189 757 2244 814 in
2285 759 2545 831 sapientia
2591 759 2780 816 ﬁerent
2815 762 3052 818 omnia?
3097 761 3213 818 Non
3263 763 3343 820 sic
3385 763 3540 819 docet
3585 760 3760 827 ratio,

2190 849 2282 906 sed
2305 850 2411 905 sic:
2429 850 2617 906 Omnia
2641 853 2693 905 in
2721 854 2975 924 sapientia
2996 854 3180 924 [ει-ἔδω,
3198 853 3299 909 hoc
3313 861 3418 919 est,
3439 852 3763 924 sapientiam

2189 949 2337 997 tuam
2364 942 2542 996 omnia
2572 941 2764 997 fecisti.
2810 940 2944 996 Nam
2983 951 3038 998 et
3077 943 3158 998 sol
3202 944 3304 999 iste
3337 942 3585 1008 visibilis,
3635 943 3765 997 dum

2187 1045 2285 1102 per
2310 1032 2542 1102 seipsum
2565 1031 2789 1102 simplex
2817 1032 2951 1103 ignis
2977 1033 3064 1096 sit,
3090 1033 3396 1104 nullamque
3422 1031 3771 1104 compositio-

2189 1135 2315 1177 nem
2340 1123 2406 1177 ab
2433 1123 2538 1190 his,
2567 1138 2706 1193 quae
2739 1123 2838 1179 sibi
2863 1124 3333 1180 consubstantialia
3365 1140 3470 1181 non
3507 1133 3652 1189 sunt,
3680 1138 3768 1179 re-

2189 1212 2371 1285 cipiat,
2422 1214 2660 1270 omnium
2705 1222 2882 1271 tamen
2931 1215 3260 1272 sensibilium
3305 1225 3551 1271 naturam
3605 1215 3660 1269 in
3708 1229 3770 1270 se

2189 1303 2431 1358 continet
2470 1312 2525 1359 et
2566 1304 2994 1374 comprehendit,
3031 1320 3137 1360 non
3171 1314 3231 1360 ut
3271 1304 3412 1360 aliud
3453 1313 3670 1375 praeter
3708 1317 3770 1360 se

2191 1394 2367 1465 ipsum
2397 1395 2450 1449 in
2489 1410 2546 1452 se
2590 1395 2882 1465 contineat,
2927 1397 3022 1454 sed
3057 1398 3171 1468 ipse
3218 1397 3646 1454 substantialiter
3687 1405 3770 1454 est

2191 1501 2374 1554 omne,
2395 1489 2537 1557 quod
2559 1488 2738 1543 omnia
2759 1488 2811 1544 in
2837 1504 2896 1545 se
2913 1490 3150 1546 continet
3163 1489 3241 1556 '°;
3266 1489 3508 1545 omnium
3533 1503 3773 1560 namque

2190 1579 2478 1635 visibilium
2510 1581 2807 1636 substantia
2836 1581 2890 1636 in
2937 1582 3053 1651 ipso
3095 1588 3177 1637 est
3221 1589 3422 1636 creata.
3471 1578 3590 1636 Non
3622 1579 3770 1634 enim

2192 1670 2373 1726 omnia
2398 1686 2646 1742 corpora,
2689 1672 2744 1727 in
2773 1673 2966 1742 quibus
2992 1671 3200 1744 ﬂagrat,
3230 1672 3394 1729 veluti
3423 1672 3479 1727 in
3513 1671 3770 1727 alimonia

509 1768 870 1838 phantastice,
913 1769 1006 1825 sed
1040 1769 1306 1825 veraciter
1358 1769 1583 1825 aliorum
1625 1771 1917 1836 mentibus,
1961 1788 2090 1843 apo.
2117 1773 2166 1834 Β
2192 1778 2288 1819 sua
2319 1772 2681 1831 consumeret,
2725 1763 2770 1818 si
2816 1778 2920 1819 non
2962 1764 3112 1834 prius
3166 1779 3352 1820 eorum
3389 1763 3774 1820 subsistentiae

509 1860 773 1916 stolorum
798 1861 918 1918 dico
943 1871 998 1917 et
1024 1862 1172 1929 Saul,
1202 1872 1585 1934 apparuerunt,
1615 1864 1742 1933 quid
1783 1879 1881 1920 nos
1906 1865 2091 1935 prohi-

508 1949 602 2008 bet
651 1951 741 2007 tali
767 1951 1026 2008 miraculo
1065 1953 1418 2010 manuductos
1460 1955 1480 1987 ⁷
1528 1955 1596 2009 ad
1643 1955 1832 2011 altiora
1877 1956 2091 2014 divinae

508 2040 725 2098 virtutis
751 2043 1062 2110 ascendere,
1094 2052 1154 2098 ut
1181 2043 1558 2115 intelligamus,
1598 2060 1717 2100 eam
1763 2055 1817 2101 et
1857 2062 2020 2117 super
2065 2049 2090 2082 ⁸

509 2132 691 2188 omnia
732 2149 870 2199 esse,
916 2144 971 2189 et
1016 2135 1068 2189 in
1113 2134 1362 2190 omnibus
1407 2134 1544 2200 ﬁeri,
1571 2151 1676 2190 non
1707 2135 1918 2191 aliunde
1943 2137 2087 2193 acci-

506 2223 744 2294 pientem
771 2228 815 2290 ⁹,
848 2234 910 2279 ut
930 2225 1182 2304 diximus,
1217 2225 1519 2292 materiem,
1554 2235 1645 2280 aut
1684 2227 1750 2282 de
1794 2227 1961 2283 nihilo
2002 2228 2088 2282 fa-

510 2315 744 2370 cientem
774 2315 840 2380 “,
871 2315 924 2370 in
941 2332 1046 2386 qua
1076 2317 1208 2372 ﬁtet
1237 2317 1573 2372 manifestam
1604 2333 1662 2374 se
1683 2317 1831 2373 facit.
1857 2318 2000 2375 Satis
2021 2319 2090 2376 de

509 2407 710 2462 virtute
750 2406 1016 2463 seminum
1065 2408 1390 2478 disputatum
1443 2417 1564 2476 est,
1616 2425 1756 2480 quae
1814 2411 1938 2466 dum
1992 2425 2091 2480 per

508 2497 740 2568 seipsam
773 2497 1054 2553 invisibilis
1091 2507 1147 2552 et
1175 2499 1726 2569 incomprehensibilis
1750 2499 1838 2566 sit,
1873 2501 1924 2554 in
1966 2501 2092 2555 inﬁ-

510 2587 655 2643 nitas
680 2587 880 2643 formas
908 2604 971 2644 ac
995 2597 1037 2630 ιι
1067 2590 1274 2661 species
1303 2590 1531 2662 seipsam
1575 2590 1911 2662 multiplicat,
1962 2607 2088 2648 sen-

510 2677 766 2748 sibusque
803 2681 1075 2751 corporeis
1118 2681 1448 2747 succumbit;
1479 2696 1616 2752 quae
1655 2697 1867 2736 omnem
1896 2682 2091 2736 mentis

509 2768 706 2834 aciem,
736 2770 860 2825 dum
898 2771 1196 2842 quaeritur,
1240 2769 1444 2841 effugit.
1482 2770 1715 2828 Proinde
1740 2772 1914 2827 nullus
1941 2773 2092 2829 locus

510 2861 824 2917 conceditur
846 2862 1012 2918 nihilo
1040 2864 1136 2931 illi,
1169 2865 1272 2920 hoc
1311 2873 1414 2931 est,
1440 2865 1725 2934 privationi
1757 2865 1919 2919 totius
1941 2863 2092 2919 hahi-

509 2952 712 3009 tudinis
740 2963 899 3026 atque
928 2957 1214 3024 essentiae,
1247 2958 1311 3012 de
1360 2973 1468 3028 quo
1500 2959 1681 3012 omnia
1727 2965 1985 3028 putantur
2023 2956 2091 3011 ab

510 3046 616 3111 his,
661 3047 750 3116 qui
781 3047 956 3103 minus
984 3049 1308 3118 intelligunt,
1353 3049 1492 3106 facta
1541 3049 1725 3116 fuisse,
1763 3050 2089 3118 nescientes,

510 3136 639 3208 quid
663 3151 727 3192 eo
750 3139 967 3194 nomine
994 3148 1179 3195 sancta
1203 3141 1470 3212 signiﬁcat
1501 3139 1812 3213 Thcologia.

583 3227 668 3284 l8.
691 3229 836 3285 DISC.
865 3229 1049 3298 Miror,
1079 3232 1366 3300 quomodo,
1395 3247 1534 3302 quae
1579 3248 1722 3287 nunc
1767 3247 1798 3286 a
1851 3240 1906 3288 te
1946 3231 2090 3288 dicta

510 3327 658 3385 sunt,
689 3321 936 3390 quamvis
973 3321 1155 3378 multis
1183 3321 1348 3388 invia,
1393 3330 1447 3376 et
1473 3323 1540 3377 ab
1583 3323 1686 3389 his,
1723 3323 1814 3394 qui
1851 3321 2088 3392 philoso-

511 3410 666 3483 phari
690 3411 953 3478 videntur,
987 3423 1216 3480 remota,
1239 3415 1520 3470 verissima
1569 3425 1747 3470 tamen
1794 3428 1914 3471 esse
1961 3431 2091 3471 vera

510 3507 810 3577 proclamat
839 3505 996 3560 ratio.
1027 3505 1094 3560 Et
1128 3507 1424 3562 auctoritas
1454 3522 1640 3562 sacrae
1675 3506 1986 3578 Scripturae
2012 3507 2093 3564 id-

512 3599 710 3668 ipsum,
742 3597 868 3652 dum
890 3597 1146 3654 intentius
1172 3597 1564 3665 consideratur,
1595 3599 1860 3655 suadet‘et
1879 3600 2092 3668 praedi-

513 3698 634 3756 cat;
672 3689 804 3746 dicit
846 3691 1028 3745 enim:
1058 3689 1126 3744 In
1163 3692 1417 3762 principio
1461 3691 1577 3761 fecit
1619 3691 1760 3747 Deus
1799 3692 2000 3747 caelum
2043 3704 2092 3749 et

513 3792 725 3848 terram,
750 3782 854 3838 hoc
883 3791 985 3849 est,
1012 3784 1154 3838 Deus
1177 3782 1336 3839 Pater
1367 3784 1422 3838 in
1461 3783 1572 3840 Deo
1607 3785 1742 3840 Filio
1780 3786 2095 3856 universita-

514 3885 625 3932 tem
650 3875 814 3931 totius
833 3883 1111 3931 creaturae
1136 3875 1362 3932 visibilis
1411 3884 1464 3931 et
1502 3877 1784 3934 invisibilis
1831 3880 2089 3935 condidit.

510 3962 581 4021 Et
616 3964 744 4034 quid
770 3964 815 3996 “
841 3965 894 4020 in
918 3965 1180 4036 principio
1199 3965 1267 4021 de
1302 3981 1359 4022 se
1387 3967 1565 4038 genito
1595 3967 1659 4035 ¹³,
1691 3970 1744 4024 in
1773 3970 1950 4026 Verbo
1973 3985 2091 4037 suo,

512 4055 569 4111 in
598 4053 733 4111 Filio
757 4071 856 4112 suo
885 4057 930 4088 ιδ
959 4058 1219 4128 sapientia
1251 4073 1347 4115 sua
1377 4058 1423 4091 "
1443 4059 1608 4116 Pater
1632 4062 1922 4128 conderet,
1953 4063 2095 4133 quod

513 4152 628 4224 ipse
648 4153 815 4209 Filius
835 4168 941 4210 non
963 4156 1141 4210 esset?
1157 4155 1407 4227 Alioquin
1430 4173 1535 4212 non
1559 4157 1612 4212 in
1634 4157 1751 4228 ipso
1772 4159 2091 4227 condiderit,

511 4246 607 4300 sed
634 4246 1008 4320 extraipsum,
1038 4249 1182 4319 quod
1203 4247 1417 4304 aliunde
1442 4251 1666 4320 accepit,
1705 4260 1798 4306 aut
1825 4253 1890 4307 de
1927 4252 2095 4318 nihilo

512 4336 662 4394 fecit.
705 4339 814 4393 Aut
851 4341 1116 4409 quomodo
1159 4348 1454 4409 pateretur,
1494 4341 1611 4397 ﬁeri
1641 4343 1697 4398 in
1727 4357 1788 4396 se
1833 4343 2090 4409 Verbum,

514 4431 658 4502 quod
700 4432 799 4486 sibi
835 4433 1288 4489 consubstantiale
1313 4448 1418 4488 non
1452 4435 1638 4488 esset?
1685 4433 1801 4489 Non
1831 4435 1974 4489 enim
1999 4435 2091 4490 lux

2190 1855 2506 1912 occasiones
2529 1864 2847 1925 praestaret.
2897 1855 3075 1911 Solem
3115 1872 3258 1912 nunc
3303 1855 3424 1912 dico
3470 1856 3642 1928 ipsam
3689 1856 3772 1912 in-

2189 1945 2728 2018 comprehensibilem
2784 1946 3040 2004 virtutem
3070 1987 3085 2016 ,
3145 1962 3283 2020 quae
3322 1945 3775 2020 diﬁ‘uuditur.per

2190 2045 2363 2094 totum
2381 2038 2525 2094 hunc
2553 2037 2815 2094 visibilem
2840 2040 3119 2107 mundum,
3142 2055 3280 2110 quae
3304 2048 3586 2111 propterea
3631 2040 3773 2108 ignis

2191 2131 2409 2198 dicitur,
2441 2131 2565 2202 quia
2604 2130 2747 2186 intus
2774 2131 2827 2185 in
2851 2131 3101 2188 omnibus
3140 2133 3268 2204 agit,
3301 2132 3453 2202 cujus
3495 2133 3616 2187 fons
3664 2147 3776 2187 ma-

2189 2222 2368 2278 ximus
2389 2230 2472 2276 est
2515 2237 2711 2293 corpus
2752 2222 2879 2278 illud
2907 2225 3238 2290 aethereum,
3267 2223 3397 2280 solis
3425 2225 3642 2280 nomine
3679 2237 3776 2293 ap-

2188 2311 2468 2383 pellatum,
2498 2310 2550 2365 in
2577 2326 2702 2381 quo,
2733 2320 2806 2366 et.
2828 2325 2925 2382 per
2960 2314 3101 2382 quod
3130 2313 3595 2369 manifestissimas
3637 2310 3778 2383 ope;

2191 2403 2418 2457 rationis
2464 2417 2592 2458 suae
2633 2402 2859 2458 virtutes
2905 2403 3233 2472 manifestat,
3292 2404 3466 2461 lucem
3517 2405 3658 2470 dico,
3719 2409 3776 2459 et

2191 2494 2446 2550 calorem.
2484 2492 2674 2548 Cetera
2721 2507 2845 2549 vero
2883 2495 3064 2549 omnia
3096 2510 3341 2566 corpora,
3371 2510 3508 2566 quae
3537 2510 3771 2550 nascun-

2193 2595 2284 2641 tur
2324 2588 2376 2642 in
2409 2589 2606 2655 mundo
2649 2597 2704 2644 et
2741 2588 3064 2653 nutriuntur,
3115 2590 3547 2646 occultatissimis
3579 2592 3623 2631 ἰ
3660 2591 3775 2646 suis

2192 2683 2592 2753 operationibus
2619 2683 2980 2750 administrat,
2998 2692 3050 2738 et
3072 2683 3131 2738 ﬁt
3152 2686 3197 2716 "
3228 2685 3424 2754 ubique
3451 2672 3592 2740 totus
3616 2684 3687 2748 ”,
3722 2691 3778 2740 et

2194 2776 2261 2830 de
2296 2790 2353 2830 se
2378 2775 2512 2844 ipso,
2541 2775 2595 2829 in
2625 2790 2682 2830 se
2715 2776 2851 2846 ipso,
2876 2777 2928 2830 in
2960 2776 3210 2833 onmibus
3247 2776 3440 2841 factus,
3483 2791 3779 2847 erumpens

2194 2864 2248 2920 in
2275 2866 2455 2920 omnia
2484 2865 2794 2932 visibiliter,
2825 2881 3147 2923 consumens
3184 2867 3363 2923 omnia
3390 2867 3444 2922 in
3492 2880 3550 2922 se
3595 2867 3770 2936 ipsum

2195 2957 2538 3012 invisibiliter
2582 2956 2650 3011 ".
2704 2957 2839 3013 Hinc
2865 2973 2969 3013 non
2995 2959 3262 3014 immerito
3290 2959 3418 3016 dicit
3445 2959 3772 3030 Scriptura:

2197 3047 2407 3121 Gyrans
2433 3050 2667 3122 gyrando
2692 3052 2831 3107 vadit
2858 3051 3103 3122 Spiritus,
3131 3063 3179 3108 et
3217 3054 3271 3108 in
3312 3053 3481 3108 locum
3501 3070 3653 3108 suum
3701 3071 3779 3108 re.

2117 3138 2165 3200 Ο
2195 3143 2424 3197 vertitur.
2464 3141 2697 3212 Spiritus
2739 3143 2884 3199 enim
2933 3143 3121 3216 igneus
3153 3145 3348 3200 eximia
3391 3161 3520 3201 suae
3546 3153 3775 3200 naturae

2197 3233 2492 3291 subtilitate
2527 3234 2718 3290 lustrat
2745 3235 2922 3290 omnia
2950 3277 2964 3301 ,
3002 3244 3056 3292 et
3094 3235 3152 3290 ﬁt
3187 3236 3240 3290 in
3271 3236 3518 3291 omnibus
3565 3235 3775 3304 omnia,

2195 3335 2250 3382 et
2271 3327 2323 3382 in
2347 3342 2403 3382 se
2429 3327 2602 3396 ipsum
2631 3326 2921 3382 revertitur
2940 3325 3009 3393 ³⁸,
3043 3328 3294 3398 quoniam
3319 3327 3555 3381 omnium
3587 3326 3779 3381 visibi-

2193 3423 2323 3478 lium
2353 3422 2473 3479 fons
2502 3422 2867 3479 substantialis
2887 3433 2942 3480 et
2963 3424 3114 3493 origo
3140 3433 3240 3481 est.
3287 3424 3515 3494 ideoque
3541 3441 3568 3478 a
3593 3422 3774 3479 Grae-

2195 3517 2274 3572 cis
2313 3523 2494 3590 φοιτῶν
2532 3516 2580 3548 ’⁸
2607 3515 2924 3587 appellatur,
2955 3517 3057 3573 hoc
3087 3525 3169 3573 est
3199 3527 3503 3582 revertens;
3533 3515 3776 3572 lustratis

2195 3607 2458 3677 siquidem
2505 3606 2754 3662 omnibus
2781 3615 2836 3662 et
2863 3607 3150 3664 visibiliter
3170 3616 3224 3663 et
3252 3607 3586 3662 invisibiliter
3607 3622 3775 3662 mun-

2196 3696 2350 3754 danis
2385 3695 2697 3766 corporibus
2733 3696 2786 3750 in
2817 3710 2878 3751 se
2907 3696 3079 3766 ipsum
3109 3697 3266 3760 redit,
3306 3705 3362 3753 et
3397 3697 3449 3752 in
3499 3711 3557 3752 se
3596 3697 3776 3766 ipsum

2195 3786 2375 3844 omnia
2403 3794 2639 3854 revocat,
2668 3801 2806 3857 quae
2837 3787 2903 3842 ab
2931 3787 3046 3858 ipso
3065 3787 3387 3858 principium
3410 3787 3778 3859 generationis

2196 3894 2325 3934 suae
2353 3879 2641 3950 accipiunt.
2681 3877 2818 3933 Hinc
2844 3878 2890 3910 "
2909 3878 3071 3934 etiam
3100 3878 3271 3934 sancti
3302 3879 3554 3949 Theologi
3583 3893 3778 3949 super-

2194 3971 2534 4029 essentialem
2574 3971 2810 4027 divinam
2849 3978 2904 4026 et
2948 3970 3234 4027 informem
3259 3972 3564 4035 essentiam,
3593 3979 3658 4026 ut
3698 3970 3777 4028 ait

2197 4064 2256 4120 S.
2296 4065 2604 4138 Dionysius,
2647 4063 2699 4118 in
2743 4064 2866 4135 igne
2889 4076 3049 4133 saepe
3075 4062 3384 4118 describunt
3417 4063 3484 4129 “,
3517 4072 3776 4132 tanquam

2194 4157 2428 4213 habente
2473 4155 2668 4210 multas
2711 4153 2943 4219 divinae,
2977 4155 3022 4208 si
3048 4153 3130 4208 fas
3155 4154 3355 4220 dicere,
3406 4152 3774 4226 proprietatis,

2193 4257 2454 4320 quantum
2483 4248 2536 4303 in
2561 4246 2885 4312 visibilibus,
2915 4245 3176 4317 imagines
3203 4246 3268 4300 ³⁸.

2266 4338 2352 4394 l9.
2408 4336 2544 4405 Quid
2576 4345 2754 4391 autem
2789 4349 2854 4391 eo
2882 4335 3115 4398 nomine,
3149 4335 3291 4405 quod
3318 4344 3401 4392 est
3436 4335 3482 4368 ³⁸
3522 4335 3772 4401 nihilum,

2197 4437 2384 4486 sancta
2412 4426 2678 4498 signiﬁcat
2704 4425 3016 4497 Theologia,
3039 4425 3318 4496 explanari
3345 4443 3374 4481 a
3391 4435 3444 4482 te
3461 4435 3596 4496 peto.
3627 4426 3768 4481 Illac.

517 4522 652 4579 sinit
672 4523 724 4577 in
747 4537 808 4578 se
831 4524 1080 4578 tenebras
1110 4522 1322 4578 aliunde
1364 4532 1611 4593 acceptas
1630 4522 1699 4589 “,
1750 4540 1850 4580 nec
1892 4526 2092 4581 veritas
2120 4505 2169 4566 Ῑ)
2194 4520 2518 4577 lncﬁ‘abilem
2558 4529 2613 4575 et
2639 4510 3232 4590 incomprehensibileln
3275 4518 3486 4573 divinae
3517 4517 3772 4572 bonitatis

513 4614 708 4684 recipit
731 4616 785 4670 in
814 4631 873 4670 se
898 4615 1207 4688 ﬁgmentum
1248 4613 1312 4670 ".
1367 4615 1484 4672 Non
1532 4623 1709 4671 autem
1755 4626 1931 4686 potest
1974 4633 2092 4674 esse
2196 4611 2726 4682 inaccessibilemque
2770 4610 3071 4667 claritatem
3120 4611 3370 4666 omnibus
3415 4609 3769 4666 intellectibus

513 4721 722 4772 verum,
751 4707 894 4777 quod
919 4722 1026 4762 non
1064 4717 1182 4762 erat
1221 4721 1433 4778 semper
1474 4717 1783 4775 aeternum;
1815 4717 2092 4764 aeternum
2192 4705 2307 4760 sive
2357 4702 2643 4769 humanis,
2693 4701 2807 4758 sive
2852 4702 3103 4773 angelicis
3150 4702 3768 4774 incognitam—super-

516 4805 698 4850 antem
721 4809 827 4851 non
849 4803 951 4862 est,
975 4796 1117 4867 quod
1143 4812 1211 4852 ex
1240 4798 1536 4868 privatione
1567 4797 1728 4853 totius
1757 4798 2094 4854 aeternitatis
2196 4798 2498 4855 essentialis
2518 4806 2602 4853 est
2619 4797 2764 4854 enim
2782 4805 2837 4854 et
2858 4796 3437 4868 supernaturalis—eo
3456 4793 3671 4850 nomine
3694 4795 3768 4848 si-

516 4897 677 4958 atque
710 4889 976 4944 essentiae
1002 4889 1201 4944 factum
1225 4899 1325 4946 est.
1377 4890 1484 4944 Aut
1523 4890 1654 4960 quid
1702 4891 1844 4945 aliud
1895 4891 2096 4947 faceret
2197 4891 2503 4963 gniﬁcatam
2532 4889 2872 4954 crediderim,
2901 4903 3040 4960 quae
3066 4887 3194 4943 dum
3223 4902 3319 4957 per
3342 4902 3401 4944 se
3422 4887 3590 4957 ipsam
3617 4886 3770 4956 cogi-

513 4979 675 5037 Pater
709 4981 760 5035 in
795 4997 892 5036 sua
929 4982 1212 5051 sapientia,
1247 4982 1350 5037 nisi
1389 4981 1558 5052 ipsam
1611 4982 1960 5052 sapientiam?
2007 4981 2098 5036 Ait
2203 4993 2364 5050 tatur,
2391 4998 2566 5054 neque
2593 4992 2697 5049 est,
2740 4999 2912 5054 neque
2949 4993 3091 5050 erat,
3137 4998 3308 5052 neque
3355 4981 3476 5037 erit.
3523 4981 3579 5037 In
3619 4981 3767 5036 nullo

514 5076 656 5132 enim
681 5075 947 5147 Propheta
975 5089 989 5130 :
1021 5074 1211 5132 Omnia
1238 5077 1289 5130 in
1314 5075 1569 5147 sapientia
1597 5075 1779 5131 fecisti.
1834 5076 1948 5131 Vim
1977 5091 2098 5132 ver-
2201 5076 2343 5131 enim
2387 5075 2700 5148 intelligitur
2747 5075 3111 5141 existentium,
3149 5076 3276 5146 quia
3307 5084 3525 5149 superat
3548 5077 3766 5142 omnia:

1813 5186 1900 5242 VA
1909 5186 2068 5242 RIAE
2103 5184 2501 5243 LECTIONES.

519 5333 524 5338 -
587 5308 604 5340 ⁸
640 5303 684 5356 Α
727 5303 888 5371 igitur
925 5303 1057 5372 ipso.
1133 5303 1153 5334 '
1177 5301 1222 5356 Α
1249 5303 1335 5357 At.
1407 5303 1429 5333 ³
1454 5305 1496 5358 Α
1522 5318 1674 5372 nos,
1711 5301 1734 5372 ξ
1780 5300 1824 5372 Α
1867 5298 2115 5372 Samuel,
2172 5301 2213 5358 C
2243 5298 2586 5372 Samuhelis._
2637 5299 2658 5331 '
2686 5298 2733 5372 ᾼ
2763 5306 2952 5372 natura
2978 5308 3118 5354 sunt.
3194 5301 3379 5372 'Aret.
3451 5298 3478 5337 ν
3512 5300 3768 5372 Quiana-

516 5374 678 5428 ducti.
749 5368 774 5406 ‘
799 5372 842 5425 Α
864 5368 1042 5441 supra.
1115 5373 1138 5407 ⁶
1159 5372 1199 5428 C
1221 5373 1494 5442 accipiens.
1571 5373 1614 5404 ¹⁰
1639 5371 1678 5426 C
1702 5371 1919 5442 faciens.
1995 5370 2036 5402 “
2086 5371 2127 5425 Α
2154 5382 2219 5428 et.
2297 5372 2341 5404 "
2368 5371 2414 5424 Α
2449 5370 2608 5439 quod.
2653 5440 2661 5442 Α
2684 5369 2730 5442 [³
2767 5368 2874 5442 Pro
2895 5370 2959 5424 de
2985 5387 3038 5424 se
3078 5371 3248 5442 genito
3275 5371 3320 5425 Α
3345 5389 3463 5428 suo.
3534 5371 3580 5405 ’δ
3600 5370 3643 5424 Α
3671 5385 3768 5442 suo

518 5443 802 5512 tmigenito.
879 5439 1204 5512 "sapientia
1230 5439 1340 5497 sua
1356 5457 1464 5497 om.
1515 5442 1578 5496 A.
1674 5441 1717 5472 ¹⁶
1747 5440 1960 5496 aliunde
2007 5452 2245 5512 acceptas
2287 5457 2396 5497 om.
2451 5441 2514 5494 A.
2614 5439 2788 5512 7"_Pro
2829 5439 3194 5509 ﬁgmentuinC
3233 5442 3335 5497 nisi
3370 5457 3564 5498 verum.
3608 5511 3613 5512 ί
3653 5439 3766 5512 ⁸³,Δ

517 5509 806 5582 namquid.
885 5511 928 5543 "
969 5509 1019 5583 A:
1049 5513 1236 5568 solum.
1263 5551 1268 5558 -
1311 5513 1356 5545 ²⁰
1386 5517 1474 5567 sed
1500 5515 1608 5583 ipse
1634 5512 1949 5583 —_rcontinet
1979 5512 2020 5564 C
2042 5511 2107 5565 ad
2130 5509 2304 5583 marg.
2329 5513 2502 5566 adscr.
2522 5511 2622 5583 _“‘
2661 5509 2791 5565 Gale
2812 5525 2954 5565 corr.
2989 5511 3442 5583 occultatissimus.
3515 5513 3562 5583 ’Ἴ
3588 5509 3764 5583 ῥοιῇ..

517 5583 649 5638 Gale
675 5580 820 5639 corr.
851 5583 951 5645 sit;
985 5582 1026 5636 (Ζ
1053 5585 1140 5637 sit.
1217 5583 1264 5615 ’³
1301 5583 1342 5637 C
1369 5580 1546 5637 totius.
1580 5600 1594 5616 ο
1621 5582 1668 5613 ’δ
1690 5581 1732 5636 C
1759 5582 2044 5652 risibiIiter.
2119 5583 2166 5614 "
2197 5580 2420 5652 Spiritus
2449 5580 2584 5634 enim
2631 5583 2894 5652 igneus:
2915 5583 3184 5652 revertitur
3219 5597 3328 5637 om.
3374 5581 3436 5638 C.
3513 5582 3560 5614 "
3590 5581 3759 5652 Conj..

519 5653 607 5706 AC
635 5675 821 5726 φρετην,
848 5655 940 5726 Af"
973 5651 1063 5726 Sic
1089 5653 1162 5720 C;
1196 5654 1237 5707 Α
1261 5670 1414 5726 nunc.
1488 5654 1532 5685 ’⁸
1561 5652 1605 5706 Α
1629 5650 1942 5726 describant.
2007 5653 2050 5688 ”
2072 5649 2248 5725 Conj.,
2276 5653 2317 5707 C
2337 5662 2587 5722 quantum
2628 5649 2968 5706 inuisibilibus
3010 5650 3338 5724 imaginibus,
3378 5652 3420 5708 A
3442 5666 3584 5710 corr.
3604 5649 3766 5726 quan-

518 5731 624 5780 tum
643 5721 991 5780 'inrisibilibus
1022 5725 1287 5790 imaqines.
1361 5725 1406 5756 ³⁸
1427 5733 1502 5779 est
1526 5739 1633 5778 om.
1656 5721 1716 5783 (ἰ.
