4064 6292
296 439 411 508 681

1150 445 1240 510 DE
1276 452 1616 514 DIVISIONE
1654 448 2003 516 NATURAE.
2051 448 2125 503 -ἓ
2157 458 2360 517 LIBER
2397 460 2714 521 TERTIUS.

3442 467 3549 533 682

296 560 426 618 dum
453 569 472 603 ι
498 574 629 620 vero
657 575 758 635 per
789 562 1295 623 condescensionem
1329 569 1597 638 quandam
1627 569 1871 629 ineliabi-
1895 577 1946 638 Α
1971 574 2115 629 omni
2140 582 2388 631 creatura
2413 584 2468 630 et
2495 575 2643 632 circa
2686 592 2900 634 omnem
2947 587 3249 639 creaturam
3294 598 3326 640 a
3373 585 3548 657 quali-

293 653 459 710 bilem
486 653 539 710 in
568 670 657 722 ea,
678 671 817 728 quae
841 666 984 723 sunt,
1015 660 1211 716 mentis
1261 661 1283 692 ⁸
1334 663 1611 719 obtutibus
1659 665 1872 737 inspici-

293 748 405 812 tur,
434 741 549 817 ipsa
569 744 682 800 sola
710 745 762 801 in
786 744 1034 803 omnibus
1064 748 1332 805 invenitur
1375 751 1397 783 ⁸
1434 767 1574 817 esse,
1601 762 1657 808 et
1681 762 1784 820 est,
1816 762 1873 812 et

291 844 435 903 erat,
462 845 510 892 et
540 836 664 892 erit.
704 837 841 893 Dum
864 854 992 909 ergo
1020 839 1579 912 incomprehensibilis
1617 847 1868 919 intelligi-

291 930 402 990 tur,
448 940 545 995 per
577 926 949 984 excellentiam
988 922 1212 985 nihilum
1240 947 1346 987 non
1377 932 1647 991 immerito
1666 935 1870 992 vocita-

290 1017 403 1069 tur.
450 1013 521 1069 At
558 1029 689 1071 vero
712 1016 766 1071 in
795 1016 909 1073 suis
937 1018 1273 1089 theophaniis
1302 1022 1561 1094 incipiens
1585 1042 1865 1097 apparere,

288 1100 453 1158 veluti
483 1118 549 1158 ex
577 1105 745 1161 nihilo
794 1106 850 1161 in
889 1105 911 1139 ’⁵
955 1107 1157 1179 aliquid
1203 1111 1401 1167 dicitur
1443 1116 1735 1183 procedere
1760 1158 1776 1184 ,
1811 1126 1869 1174 et

208 1208 211 1273 ᾖ
289 1206 431 1264 quae
476 1196 691 1266 proprie
720 1211 881 1268 supra
915 1214 1130 1255 omnem
1172 1204 1465 1260 essentiam
1504 1207 1865 1277 existimatur,

192 1286 221 1367 ξ
287 1286 503 1355 pr0prie
539 1303 754 1360 quoque
782 1289 840 1345 in
873 1291 1020 1347 omni
1056 1295 1290 1349 essentia
1320 1299 1680 1367 cognoscitur.
1714 1301 1864 1356 ideo-

288 1391 393 1446 que
418 1378 596 1450 omnis
621 1379 849 1437 visibilis
898 1389 954 1437 et
985 1383 1268 1441 invisibilis
1310 1396 1559 1444 creatura
1605 1390 1867 1464 theopha-

286 1467 400 1534 nia,
432 1467 486 1523 id
520 1479 623 1536 est,
659 1470 837 1527 divina
866 1475 1131 1545 apparitio
1159 1484 1336 1548 potest
1359 1478 1641 1550 appellari.
1675 1481 1865 1542 Omnis

286 1555 551 1627 siquidem
576 1561 711 1617 ordo
734 1571 1047 1620 naturarum
1078 1582 1109 1621 a
1139 1582 1351 1624 summo
1387 1585 1557 1641 usque
1586 1574 1862 1642 deorsum,

285 1649 391 1706 hoc
435 1658 540 1717 est,
582 1667 649 1708 ex
679 1654 1004 1714 caelestibus
1044 1660 1296 1718 essentiis
1331 1678 1500 1735 usque
1526 1664 1595 1720 ad
1620 1675 1864 1722 extrema

282 1742 471 1798 mundi
497 1743 656 1815 hujus
692 1745 920 1805 visibilis
952 1765 1178 1822 corpora
1210 1754 1252 1822 ⁸,
1290 1755 1344 1811 in
1372 1764 1632 1832 quantum
1679 1759 1862 1815 occul—

282 1832 391 1889 tius
420 1834 441 1866 ⁸
467 1834 808 1909 intelligitur,
855 1840 911 1897 in
943 1850 1148 1900 tantum
1175 1846 1389 1904 divinae
1413 1848 1642 1906 claritati
1670 1866 1864 1924 appro-

1973 682 2186 749 cunque
2212 668 2485 725 intellectu
2511 679 2688 740 potest
2716 671 2957 743 intelligi.
3001 674 3069 730 Et
3102 677 3348 749 quisquis
3376 679 3550 735 inten-

1974 765 2058 814 tus
2099 740 2270 814 sancti
2316 760 2553 831 Dionysii
2598 762 2763 818 verba
2819 740 3138 834 inspexerit,
3184 740 3318 825 haec
3362 770 3436 826 ita
3488 786 3549 827 se

1969 849 2170 906 habere
2221 851 2476 908 inveniet.
2535 851 2614 907 Ex
2661 854 2856 925 quibus
2902 871 3046 912 nunc
3088 873 3258 927 pauca
3306 862 3548 919 inserere

1968 957 2075 998 non
2103 942 2459 1015 incongruum
2497 944 2731 1014 videtur,
2777 955 2992 1018 etquae
3041 950 3094 1006 in
3141 952 3409 1022 prioribus
3449 970 3550 1011 no-

1967 1042 2113 1089 strae
2139 1035 2605 1091 sermocinationis
2640 1038 3074 1109 processionibus
3117 1056 3184 1096 ex
3230 1041 3347 1112 ipso
3387 1057 3547 1100 acoe-

1966 1126 2164 1195 pimus,
2203 1127 2399 1183 iterum
2434 1137 2678 1199 repetere
2715 1130 2760 1163 ¹³
2796 1133 3160 1189 necessarium
3193 1134 3499 1206 iudicamus
3525 1152 3546 1194 .

1966 1220 2095 1292 Age,
2124 1223 2316 1292 inquit,
2337 1225 2587 1295 optimum
2609 1233 2667 1280 ut
2691 1243 2827 1294 vere,
2861 1238 2910 1282 et
2939 1229 3273 1285 existentium
3313 1232 3549 1289 omnis.

1965 1310 2380 1380 substantiﬁcum
2391 1314 2663 1370 laudemus
2674 1310 2812 1383 ’ON,
2829 1317 2909 1373 sic
2920 1319 3064 1373 enim
3078 1319 3192 1390 ipse
3204 1320 3488 1393 Dionysius

1963 1409 2125 1456 vocat
2166 1399 2357 1467 Deum,
2399 1403 2555 1457 totius
2595 1420 2705 1459 esse
2752 1406 3036 1462 secundum
3088 1409 3327 1465 virtutem
3371 1428 3551 1483 super-

1964 1489 2289 1546 essentialem
2308 1501 2381 1547 est
2401 1495 2715 1551 substituens
2749 1512 2933 1562 causa,
2958 1506 3007 1552 et
3039 1496 3259 1554 Creator
3277 1500 3546 1559 emistentis

1964 1581 2347 1649 subsistentiae,
2386 1583 2729 1651 substantiae,
2756 1587 3027 1651 essentiae,
3069 1597 3315 1656 naturae,
3355 1592 3550 1661 princio

1962 1671 2105 1741 pium
2125 1680 2171 1725 et
2193 1687 2435 1728 mensura
2455 1673 2746 1729 seculorum
2766 1684 2814 1729 et
2834 1684 3141 1746 temporum,
3164 1677 3546 1745 essentialitas;

1964 1772 2012 1817 et
2044 1776 2063 1814 :
2093 1763 2371 1818 aeternitas
2391 1764 2740 1833 existentium,
2779 1774 2978 1836 tempus
3017 1766 3062 1800 ³⁸³
3097 1766 3354 1836 factorum
3386 1807 3404 1835 ,
3437 1785 3549 1826 esse

1968 1862 2225 1924 utcunque
2247 1854 2398 1924 [actis
2418 1871 2484 1909 ea:
2505 1872 2587 1923 eo,
2602 1856 2739 1926 quod
2762 1856 2807 1888 ⁸⁸
2826 1865 2902 1912 εει
2921 1866 3210 1924 aeternum,
3231 1867 3279 1913 et
3302 1861 3546 1927 essentia,

280 1923 546 1997 pinquare
589 1928 820 1986 Videlllr.
872 1932 1105 1992 Proinde
1148 1953 1179 1993 a
1235 1940 1499 2014 theologia
1544 1943 1859 1999 caelestium
1886 1941 1933 2002 Β
1960 1950 2007 1996 et
2028 1939 2101 2008 ὅν,
2132 1952 2178 1996 ει
2206 1954 2427 2014 tempus,
2455 1954 2501 2000 et
2524 1923 2809 2016 generatio,
2852 1955 2899 2001 et
2942 1946 3164 2016 factum,
3203 1948 3258 2003 in
3304 1951 3547 2007 existenti

279 2011 540 2071 virtutum
569 2016 960 2080 inaccessibilis
984 2024 1205 2084 claritas
1248 2045 1409 2102 saepe
1425 2011 1748 2089 nominatur
1779 2042 1858 2090 te-
1962 2011 2331 2101 essentialitas,
2367 2046 2416 2093 et
2456 2048 2714 2109 utcunque
2773 2039 3104 2094 subsistentia
3144 2050 3192 2095 et
3231 2042 3545 2100 substantia.

280 2105 606 2165 nebrositas.
635 2107 748 2167 Nec
780 2112 998 2182 mirum,
1031 2132 1153 2172 cum
1177 2128 1233 2173 ct
1259 2119 1375 2190 ipsa
1404 2138 1612 2177 summa
1648 2124 1861 2194 sapien-
1963 2124 2174 2182 Etenim
2218 2126 2358 2182 Deus
2384 2145 2486 2183 non
2506 2128 2631 2183 dum
2657 2139 2729 2183 est
2772 2126 2847 2196 ὅν,
2871 2130 2962 2185 secl
2983 2130 3284 2201 simpliciter
3321 2143 3369 2188 et
3392 2136 3552 2190 incir-

282 2195 380 2264 ῑίῧν
408 2199 494 2256 Cui
520 2202 979 2276 appropinquant,
1001 2210 1325 2281 saepissime
1374 2213 1716 2272 tenebrat-um
1767 2232 1863 2273 vo-
1962 2220 2226 2286 cumﬁnite
2269 2230 2431 2275 totum
2462 2222 2515 2275 in
2536 2238 2590 2275 se
2610 2220 2720 2291 ipso
2758 2222 3073 2289 coambiens,
3111 2224 3329 2292 proinde
3366 2242 3550 2282 cures:

279 2290 473 2349 cabulo
513 2294 863 2367 significetur.
914 2300 1053 2357 Audi
1100 2302 1442 2362 Psalmistam
1479 2326 1492 2363 :
1543 2308 1679 2377 Quia
1725 2312 1862 2368 sicut
1961 2313 2157 2367 dicitur
2187 2312 2482 2368 seculorum
2506 2312 2570 2379 ³⁸,
2602 2323 2849 2386 tanquam
2875 2316 2927 2370 in
2949 2315 3221 2384 semetipso
3245 2318 3310 2384 ’°,
3337 2328 3383 2372 et
3409 2321 3548 2375 circa

277 2384 518 2441 tenebrae
539 2386 671 2458 ejus,
697 2389 769 2445 ita
791 2402 839 2447 et
861 2391 1036 2450 lumen
1056 2396 1191 2467 ejus.
1231 2397 1309 2454 Ac
1332 2400 1378 2456 si
1402 2412 1589 2473 aperte
1613 2404 1816 2461 diceret
1841 2425 1854 2461 :

278 2471 484 2531 Tantus
517 2489 598 2533 est
626 2479 838 2538 divinae
864 2481 1121 2542 bonitatis
1146 2487 1418 2559 splendor,
1438 2471 1505 2548 ut
1532 2510 1638 2551 non
1672 2497 1858 2553 imme-

277 2567 384 2623 rito
410 2568 712 2629 volentibus
744 2589 866 2630 cum
895 2580 1268 2651 contemplari,
1313 2592 1368 2640 et
1408 2600 1513 2642 non
1556 2588 1858 2648 valentibus

275 2670 519 2717 vertatur
551 2663 606 2719 in
643 2666 909 2724 tenebras.
965 2668 1122 2728 Solus
1149 2674 1314 2743 enim,
1346 2685 1407 2732 ut
1432 2679 1508 2734 ait
1546 2680 1854 2753 Apostolus,

273 2749 681 2811 inaccessibilem
707 2759 933 2827 possidet
972 2760 1158 2819 lucem.
1210 2765 1268 2820 In
1304 2778 1562 2837 quantum
1593 2749 1717 2830 vero
1742 2749 1857 2832 Ion;
1886 2821 1893 2827 .

274 2841 395 2913 gius
420 2845 551 2902 ordo
587 2862 769 2904 rerum
797 2849 1048 2910 deorsum
1078 2855 1373 2927 descendit,
1404 2860 1459 2916 in
1491 2871 1697 2921 tantum
1722 2881 1854 2923 con-

273 2933 644 3007 templantium
670 2941 947 3000 obtutibus
989 2945 1324 3006 manifestius
1367 2966 1426 3008 se
1469 2956 1662 3025 aperit.
1706 2957 1856 3015 Ideo-

275 3028 427 3097 que"
468 3028 674 3088 formae
713 3049 778 3091 ac
814 3037 1020 3108 species
1040 3054 1221 3097 rerum
1249 3043 1582 3103 sensibilium
1630 3050 1855 3107 manife-

273 3120 634 3181 stissimarum
663 3127 1111 3199 theophaniarum
1146 3134 1169 3167 ⁸
1207 3151 1400 3194 nomen
1430 3141 1719 3214 accipiunt.
1766 3145 1857 3201 Di-

273 3213 400 3270 vina
430 3214 591 3289 igitur
613 3219 844 3291 bonitas,
873 3240 1013 3296 quae
1050 3237 1331 3300 propterea
1359 3234 1583 3292 nihilum
1633 3238 1850 3308 dicitur,

269 3312 529 3376 quoniam
557 3310 698 3368 ultra
724 3315 925 3384 omnia,
965 3333 1106 3389 quae
1133 3330 1261 3379 sunt
1286 3332 1341 3379 et
1367 3340 1505 3396 quae
1545 3345 1651 3385 non
1705 3342 1852 3401 sunt,

271 3398 330 3455 in
372 3402 513 3458 nulla
558 3408 788 3464 essentia
830 3409 1120 3481 invenitur,
1169 3432 1237 3474 ex
1281 3420 1565 3492 negatione
1611 3398 1853 3484 omnium

271 3492 626 3552 essentiarum
677 3497 731 3555 in
784 3497 1193 3562 aliirmationem
1261 3510 1424 3567 totius
1486 3513 1854 3575 universitatis

270 3585 540 3642 essentiae
566 3602 596 3643 a
625 3603 684 3646 se
712 3590 824 3663 ipsa
852 3593 907 3649 in
933 3610 992 3652 se
1017 3596 1185 3666 ipsam
1230 3600 1527 3671 descendit,
1570 3605 1734 3663 veluti
1782 3625 1851 3668 ex

268 3680 440 3738 nihilo
460 3683 753 3758 inaliquid,
773 3703 837 3745 ex
859 3689 1298 3753 inessentialitate
1317 3698 1371 3753 in
1391 3700 1850 3774 essentialitatem,

267 3790 337 3832 ex
369 3776 698 3837 informitate
736 3781 789 3838 in
836 3783 1039 3843 formas
1078 3787 1500 3849 innumerabiles
1546 3802 1602 3849 et
1621 3796 1847 3865 species.

266 3865 452 3925 Prima
492 3869 513 3902 ’
550 3871 814 3944 siquidem
845 3875 1011 3946 ipsius
1041 3882 1344 3950 progressio
1382 3883 1437 3939 in
1470 3884 1850 3956 primordialcs

267 3973 466 4018 causas
496 3962 561 4029 ¹⁰,
606 3964 660 4020 in
704 3967 903 4037 quibus
943 3970 1025 4038 fit,
1078 3972 1242 4029 veluti
1292 3974 1537 4034 informis
1583 3981 1849 4051 quaedam

263 4051 496 4144 materia
523 4068 553 4108 a
580 4053 855 4126 Scriptura
884 4058 1107 4130 dicitur;
1159 4066 1385 4122 materia
1430 4070 1666 4140 quidem,
1721 4074 1849 4144 quia

262 4135 481 4197 initium
510 4152 595 4200 est
620 4147 661 4180 ¹¹
692 4149 958 4205 cssentiae
999 4167 1202 4219 rerum,
1242 4135 1489 4214 informis
1522 4176 1673 4228 vero,
1719 4135 1847 4234 quia

262 4228 584 4290 informitati
620 4236 832 4296 divinae
871 4244 1167 4312 sapientiae
1203 4248 1447 4317 proxima
1492 4260 1596 4309 est.
1653 4228 1844 4313 Divina

261 4336 446 4381 autem
479 4328 742 4399 sapientia
770 4332 1205 4410 informisrecte
1251 4341 1295 4375 ¹²
1340 4342 1556 4411 dicitur,
1605 4346 1729 4416 quia
1776 4349 1845 4407 ad

262 4415 463 4473 rallam
490 4416 719 4478 formam
746 4424 1077 4496 superiorem
1106 4443 1167 4486 se
1192 4431 1261 4487 ad
1286 4415 1664 4493 formationem
1689 4454 1843 4494 suam

258 4512 627 4582 convertitur;
661 4525 745 4574 est
779 4519 922 4575 enim
946 4522 1184 4578 omnium
1228 4524 1525 4584 formarum
1572 4529 1842 4587 infinitum

259 4602 572 4673 exemplar;
625 4616 680 4662 et
715 4607 841 4664 dum
865 4609 1142 4668 descendit
1170 4614 1224 4670 in
1268 4616 1509 4676 diversas
1550 4621 1842 4678 visibilium

255 4698 318 4749 et
346 4691 690 4775 invisibilium
718 4696 944 4766 formas,
974 4700 1040 4757 ad
1066 4717 1124 4758 se
1151 4703 1322 4775 ipsam
1347 4707 1513 4764 veluti
1538 4710 1607 4765 ad
1636 4709 1837 4768 forma-

255 4781 462 4841 tionem
503 4773 652 4842 suam
682 4790 920 4859 respicit.
971 4773 1204 4849 Proinde
1227 4796 1406 4853 divina
1435 4799 1647 4857 bonitas
1673 4816 1836 4873 super

254 4875 443 4931 omnia
466 4878 803 4936 considerata
828 4880 1025 4937 dicitur
1049 4899 1154 4940 non
1180 4899 1320 4952 esse,
1359 4897 1414 4943 et
1453 4884 1674 4947 omnino
1695 4871 1832 4949 nihil

252 4980 402 5038 esse,
432 4969 485 5024 in
519 4972 767 5029 omnibus
794 4988 924 5031 vero
946 4984 1002 5033 et
1021 4984 1107 5033 est
1137 4976 1179 5010 "
1205 4986 1262 5035 et
1287 4979 1485 5036 dicitur
1522 4995 1660 5049 esse,
1690 4999 1827 5055 quo-

254 5064 406 5120 niam
439 5068 598 5125 totius
636 5069 999 5128 universitatis
1025 5074 1256 5129 essentia
1284 5084 1388 5141 est,
1418 5083 1473 5132 et
1509 5079 1827 5146 substantia,

250 5166 519 5231 etgenus,
556 5169 617 5239 et.
635 5162 862 5232 species,
899 5164 1243 5237 etquatitas,
1265 5173 1320 5222 et
1345 5168 1618 5238 quantitas
1664 5171 1730 5238 “,
1774 5180 1830 5227 et

1959 2406 2185 2476 seipsum
2211 2406 2370 2461 totius
2397 2423 2506 2461 esse
2533 2419 2579 2461 et
2619 2407 2663 2439 ⁸⁸
2688 2408 2953 2462 cxistentis
2975 2408 3297 2465 substitutor.
3356 2411 3423 2466 Et
3461 2430 3551 2471 ne-

1958 2513 2056 2567 que
2078 2506 2211 2562 erat,
2240 2513 2401 2567 neque
2427 2498 2545 2564 erit,
2570 2515 2730 2569 neque
2757 2499 2927 2569 [actus
2955 2509 3051 2566 est,
3082 2517 3244 2572 neque
3271 2502 3356 2572 ﬁt,
3384 2521 3549 2576 neque

1957 2586 2068 2658 ﬁet,
2110 2588 2273 2660 magis
2304 2601 2478 2645 autent
2506 2605 2667 2661 neque
2689 2601 2789 2654 εει,
2811 2592 2901 2646 sed
2927 2593 3034 2662 ipse
3057 2604 3129 2647 est
3174 2611 3284 2651 esse
3326 2597 3549 2653 existen-

1959 2682 2118 2747 tibus,
2154 2692 2204 2737 et
2246 2700 2350 2739 non
2389 2684 2660 2740 existentia
2704 2683 2893 2751 soluat,
2941 2687 3032 2740 sed
3075 2688 3301 2759 idipsum
3345 2692 3390 2722 "
3437 2708 3549 2748 csse

1957 2775 2286 2830 existentiunt
2311 2791 2377 2830 ea:
2401 2786 2520 2831 ante
2560 2778 2892 2836 aeternaliter
2928 2782 3199 2839 existente.
3248 2783 3371 2854 Ipse
3408 2786 3547 2839 enim

1956 2876 2031 2920 est
2069 2864 2303 2921 secutum
2341 2866 2657 2933 seculorum,
2701 2870 2982 2928 subsistens
3024 2882 3146 2929 aute
3185 2874 3382 2942 secula,
3421 2876 3547 2947 quia

1958 2954 2197 3012 omnibus
2217 2957 2555 3013 existentibus
2576 2968 2623 3014 et
2642 2960 2828 3017 seculis
2852 2978 2962 3018 esse
2980 2980 3045 3020 ea:
3064 2966 3361 3034 providente
3379 2977 3475 3033 est,
3495 2976 3546 3022 et

1958 3064 2108 3103 omne
2134 3050 2342 3121 quidem
2366 3051 2597 3106 secutum
2621 3062 2669 3107 et
2693 3064 2892 3127 tempus
2913 3073 2977 3111 ea:
3009 3056 3122 3128 ipso
3161 3059 3321 3114 totius
3359 3059 3542 3125 seculi,

1958 3150 2004 3195 et
2028 3142 2296 3211 temporis,
2323 3152 2372 3198 et
2405 3145 2572 3199 omnis
2598 3155 2857 3219 utcunque
2876 3148 3169 3217 existentis,
3191 3151 3282 3222 qui
3318 3161 3393 3206 est
3423 3161 3545 3209 ante

1958 3234 2129 3291 omnia
2156 3235 2204 3267 ’³
2224 3233 2297 3302 ὅν,
2322 3237 2634 3308 principium
2655 3249 2702 3294 et
2724 3256 2904 3306 causa,
2917 3251 2965 3296 et
2992 3242 3167 3298 omnia
3191 3244 3358 3316 ipsum
3378 3246 3545 3314 parti-

1880 3314 1926 3379 C
1957 3326 2154 3398 cipant,
2175 3338 2224 3382 et
2244 3344 2275 3382 a
2304 3327 2449 3384 nullo
2468 3330 2798 3386 existentium
2837 3333 3053 3399 recedit,
3093 3342 3140 3389 et
3186 3314 3295 3405 ipse
3321 3345 3395 3390 est
3420 3346 3543 3394 ante

1955 3420 2152 3483 omnia,
2197 3428 2244 3475 et
2289 3421 2464 3476 omnia
2504 3421 2560 3476 in
2596 3438 2650 3477 se
2688 3423 2995 3490 constituit;
3053 3435 3102 3480 et
3147 3424 3450 3496 simpliciter
3493 3429 3543 3487 εἰ

1951 3512 2076 3584 quid
2104 3512 2150 3543 “
2176 3521 2434 3585 utcunque
2453 3523 2526 3570 est
2552 3515 2607 3569 in
2644 3525 2764 3570 ante
2787 3517 3056 3582 existente,
3082 3526 3130 3572 et
3151 3526 3245 3582 est,
3272 3527 3321 3574 et
3347 3518 3543 3575 intellio

1950 3605 2113 3675 gitur,
2141 3613 2188 3660 et
2224 3605 2477 3663 salvetur.
2523 3607 2590 3662 Et
2613 3606 2773 3678 paulo
2802 3617 2924 3680 post
2949 3610 3376 3680 primordialium
3402 3628 3535 3668 cau-

1951 3710 2134 3751 sarum
2184 3696 2616 3769 explanationem
2662 3701 2845 3767 addit,
2903 3702 3133 3759 dicens:
3178 3703 3311 3758 Esse
3362 3714 3538 3760 autem

1950 3787 2121 3858 ipsum
2145 3789 2479 3844 existentibus
2503 3792 2740 3847 omnibus
2768 3810 3032 3866 nunquam
3056 3796 3330 3861 deseritur,
3357 3797 3531 3867 ipsum

1951 3893 2071 3934 vero
2093 3894 2202 3934 esse
2225 3896 2290 3935 ea:
2313 3889 2433 3936 ante
2452 3883 2719 3950 existente,
2743 3897 2787 3940 et
2815 3885 2880 3940 ab
2911 3887 3021 3957 ipso
3045 3897 3119 3942 est
3146 3903 3275 3953 esse,
3313 3898 3361 3942 et
3384 3890 3535 3957 prin-

1949 3968 2161 4043 cipium,
2191 3978 2239 4023 et
2263 3986 2509 4026 mensura
2544 3983 2664 4028 ante
2702 3977 2975 4031 essentiam
2996 3974 3134 4044 "ON,
3178 3990 3227 4033 et
3277 3995 3380 4033 non
3427 3980 3537 4049 ipse

1948 4075 2076 4126 esse,
2102 4070 2150 4116 et
2180 4077 2297 4117 cum
2318 4064 2470 4119 habet
2496 4082 2626 4133 esse,
2653 4078 2701 4122 et
2722 4065 2795 4133 ὅν,
2818 4080 2864 4124 ει
2885 4070 3172 4138 eminentis,
3203 4082 3251 4126 et
3272 4071 3453 4137 seculi,
3483 4082 3535 4128 et

1949 4153 2181 4207 omnium
2221 4154 2637 4226 substantiﬁcum
2679 4160 2993 4230 principium
3017 4202 3032 4227 ,
3078 4171 3126 4216 et
3167 4163 3440 4229 medietas,
3481 4176 3532 4252 ει

1947 4247 2345 4302 consummatio.
2386 4246 2456 4301 Et
2492 4260 2764 4319 propterea
2788 4250 2852 4305 ab
2883 4251 3099 4325 eloquiis
3124 4254 3231 4323 ipse
3262 4271 3374 4309 vere
3411 4246 3534 4310 anis

1946 4330 2000 4389 ὅν
2046 4333 2204 4405 juxta
2242 4352 2447 4392 omnem
2485 4339 2816 4395 assistentium
2855 4341 3251 4413 intelligentiam
3283 4344 3534 4416 multipli-

1947 4434 2116 4481 catur.
2158 4425 2226 4480 Et
2263 4428 2402 4498 quod
2429 4439 2539 4483 erat
2563 4431 2618 4485 in
2650 4432 2782 4502 ipso,
2813 4433 3023 4504 etquod
3044 4444 3140 4501 est,
3164 4444 3211 4489 et
3235 4435 3373 4506 quod
3407 4436 3527 4504 erit,

1944 4527 1993 4574 et
2027 4518 2167 4589 quod
2210 4518 2408 4597 factum
2443 4532 2538 4587 est,
2578 4532 2627 4577 et
2664 4523 2745 4592 ﬁt,
2786 4532 2833 4578 et
2865 4524 2975 4594 ﬁet,
3011 4528 3218 4597 proprie
3254 4527 3526 4582 laudatur.

1947 4606 2094 4663 Haec
2122 4596 2472 4664 enim‘omnia
2515 4611 2761 4667 divinitus
2797 4596 3200 4686 intelligentibus
3240 4615 3527 4671 secundum

1943 4722 2145 4763 omnem
2168 4707 2217 4740 ”
2243 4708 2669 4780 excogitationem
2690 4711 2858 4779 ipsum
2884 4712 3386 4782 superessentialiter
3415 4728 3526 4768 esse

1939 4799 2253 4871 signiﬁcant,
2289 4810 2338 4854 et
2367 4800 2556 4871 ubique
2595 4801 2926 4856 existentium
2973 4802 3260 4859 causalem.
3314 4803 3524 4858 Etenim

1938 4907 2101 4962 neque
2123 4891 2331 4960 quidem
2361 4899 2435 4944 est
2471 4890 2588 4955 hoc,
2636 4891 2733 4945 hoc
2772 4900 2946 4947 autem
2987 4909 3091 4947 non
3125 4903 3225 4960 est,
3257 4910 3418 4966 neque
3450 4893 3523 4949 ibi

1933 4982 2140 5054 quidem
2161 4991 2258 5047 est,
2280 4981 2352 5035 ibi
2380 4990 2670 5037 autemnon
2690 4991 2797 5047 est;
2825 4983 2916 5038 sed
2945 4984 3119 5039 omnia
3141 4995 3239 5049 est,
3258 4994 3304 5039 et
3334 5001 3521 5039 causa—

1931 5074 1998 5128 lis
2013 5072 2260 5139 omnium,
2277 5081 2325 5127 et
2339 5073 2392 5128 in
2404 5073 2515 5142 ipso
2534 5074 2707 5128 omnia
2724 5074 2981 5146 principia
2998 5117 3015 5143 ,
3032 5092 3207 5131 omnes
3234 5074 3521 5130 conclusio-

1932 5180 2043 5229 nes,
2065 5162 2238 5217 omnia
2257 5163 2528 5217 existentia
2550 5166 2866 5231 coambiens,
2888 5176 2935 5221 et
2947 5168 3216 5237 perhibens
3240 5167 3286 5198 “
3303 5206 3320 5233 ,
3349 5177 3396 5221 et
3425 5183 3517 5220 su-

247 5246 495 5305 omnium
532 5252 747 5322 copula,
793 5261 850 5309 et
886 5253 1044 5321 situs,
1089 5263 1145 5310 et
1173 5256 1409 5324 habitus,
1458 5267 1512 5314 et
1557 5258 1729 5327 locus,
1772 5269 1829 5317 et
1929 5270 2024 5325 per
2043 5252 2322 5320 omniaest,
2340 5261 2395 5307 ut
2410 5253 2717 5309 anteomnia
2743 5245 3239 5326 superessentialiter
3260 5272 3415 5327 super
3437 5252 3513 5313 ὄν.

247 5342 486 5409 tempus,
511 5349 567 5396 et
589 5342 752 5410 actio,
778 5349 831 5398 et
857 5342 1053 5413 passio,
1087 5352 1142 5401 et
1164 5359 1343 5415 omne,
1386 5347 1741 5419 quodcunque
1770 5349 1825 5406 in

2003 5344 2094 5400 20.
2126 5344 2384 5415 Quisquis
2406 5344 2598 5403 borum
2626 5346 3188 5419 verborumgvirtutem
3218 5361 3510 5419 perspexe-

1515 5463 1771 5521 VARIAE
1832 5464 2231 5523 LECTIONES.

324 5567 355 5605 ⁸⁵
370 5568 413 5623 A
436 5585 574 5624 cum.

618 5579 629 5648 '_
656 5571 679 5603 ¹
702 5568 808 5648 Pro
829 5572 1013 5648 mentis
1040 5573 1085 5648 Α
1105 5573 1303 5631 multis.
1380 5574 1403 5609 ⁸
1425 5574 1470 5648 Α
1492 5575 1751 5632 invenitur
1788 5578 1846 5632 in
1894 5577 2154 5648 omnibus.
2232 5576 2256 5611 ⁸
2282 5578 2337 5634 in
2357 5593 2464 5635 om.
2491 5577 2557 5633 A.
2575 5645 2603 5648 _
2632 5576 2656 5611 ⁸
2677 5593 2895 5648 corpora
2933 5592 3045 5648 om.
3072 5577 3165 5648 A._
3209 5575 3231 5607 '
3259 5576 3304 5631 Α
3332 5574 3510 5631 occul-

247 5646 367 5731 tas.‘
435 5638 458 5671 ν
493 5638 536 5693 Α
562 5638 712 5731 Ideq.
785 5644 809 5676 ⁸
841 5642 1384 5731 Απιιξηὶίεειῤεὶμηιιηι
1432 5646 1813 5731 theophaniam.
1846 5718 1863 5731 .
1888 5646 1911 5679 '
1936 5649 2542 5731 in.e's‘sentialita‘tem—
2564 5638 2888 5731 Prima-om.
2922 5647 2987 5702 Α.
3137 5646 3242 5731 Pro
3281 5649 3508 5731 printer-

246 5709 420 5801 diales
450 5725 635 5765 causas
663 5712 710 5767 Α
734 5728 815 5766 ea.
893 5715 934 5747 “
963 5715 1007 5767 A
1036 5709 1109 5769 est
1136 5717 1363 5770 initium.
1442 5716 1485 5749 ¹²
1516 5709 1651 5771 recte
1693 5732 1802 5773 om.
1834 5718 1898 5773 A.
1976 5717 2020 5749 ⁸³
2050 5715 2153 5773 Pro
2196 5729 2245 5773 et
2281 5727 2354 5773 est
2402 5719 2445 5773 A
2470 5735 2596 5801 esse.
2663 5716 2720 5801 f‘
2746 5716 2787 5771 Α
2809 5727 2857 5772 et
2873 5709 3506 5801 ⁵(μιιηιιὶιαε-ειιᾴιιιιξὸιαε.

247 5779 296 5801 ..
397 5779 619 5801 “nam;
722 5782 769 5801 ,ι
807 5782 819 5801 .
898 5800 903 5801 ,
956 5785 1014 5801 ,μ
1152 5787 1163 5799 .
1410 5787 1425 5801 .
1548 5787 1590 5801 ..
1627 5787 1642 5801 .
1693 5796 1706 5801 Α
2075 5788 2117 5801 ..
2148 5787 2183 5801 η
2288 5790 2299 5801 .
2398 5789 2441 5801 .-

245 5779 296 5856 ff
324 5779 371 5835 A
396 5779 638 5856 recipere.
687 5782 775 5856 μί’.
800 5782 907 5853 ipse
947 5785 1228 5856 Dionysius
1257 5801 1364 5840 om.
1397 5787 1460 5840 A.

1548 5787 1590 5819 "
1613 5787 1656 5842 A
1687 5796 1992 5858 temporum.

2074 5788 2119 5820 ⁸³
2134 5787 2183 5858 β
2210 5790 2319 5858 qui.
2398 5789 2441 5824 “
2469 5789 2513 5844 Α
2536 5786 2825 5858 seculorum
2850 5786 3063 5843 dicitur.
3150 5789 3195 5819 “
3224 5787 3266 5842 Α
3293 5803 3348 5842 se
3368 5786 3506 5856 ipso.

247 5843 294 5885 ⁸⁸
325 5858 376 5905 et
412 5843 522 5906 om}
550 5849 611 5907 C.
680 5855 726 5886 “
749 5853 792 5909 Α
814 5843 1003 5926 ipsum.
1080 5843 1125 5890 δ’
1148 5858 1320 5912 omnia
1344 5872 1452 5912 om.
1484 5857 1548 5913 Λ.
1618 5857 1663 5889 ’⁸
1692 5858 1736 5912 Α
1766 5843 1965 5930 siquis.
2040 5860 2086 5892 "
2115 5843 2432 5913 Caninium.
2471 5843 2479 5844 ί
2512 5859 2558 5892 ²⁶
2584 5857 2625 5914 C
2648 5858 2987 5914 oracltabens.
