4064 6292
638 384 744 444 διδό

642 502 729 559 ι·ἱι,
780 496 853 553 nil
896 496 1037 553 aliud
1084 497 1316 568 reperiet
1350 488 1598 561 suadere,
1640 494 1804 550 immo
1827 495 1990 549 etiam
2032 492 2053 525 ι
2082 508 2211 564 pro-

634 589 917 655 'nunciare,
937 588 1041 643 nisi
1067 589 1240 657 ipsum
1269 587 1433 643 Deum
1480 587 1717 642 omnium
1766 586 2020 642 factorem
2071 603 2208 651 esse,

638 689 691 733 et
721 682 771 734 in
803 679 1052 737 omnibus
1089 682 1316 745 factum;
1352 688 1406 735 et
1431 681 1556 735 dum
1586 671 1748 751 super
1773 682 1950 736 omnia
1999 683 2213 752 quaeri-

639 783 745 840 tur,
769 775 820 829 in
850 768 992 829 nulla
1015 774 1245 830 essentia
1273 773 1545 828 invenitur
1574 774 1625 841 ¹;
1658 772 1893 829 nondum
1942 774 2085 828 enim
2128 781 2212 830 est

636 877 785 927 esse;
819 863 942 919 dum
982 877 1111 920 vero
1138 866 1191 918 iu
1215 863 1462 920 omnibus
1516 863 1846 936 intelligitur,
1896 863 1970 918 nil
2029 864 2083 919 in
2131 865 2211 921 eis

627 955 740 1010 nisi
765 954 911 1012 solus
937 956 1050 1025 ipse
1078 956 1341 1012 subsistit.
1390 955 1459 1011 Et
1508 972 1681 1027 neque
1729 966 1812 1013 est
1858 958 1979 1022 hoc,
2026 967 2086 1013 ut
2136 957 2214 1012 ait

632 1042 745 1112 ille,
779 1047 879 1102 hoc
903 1058 1081 1102 autem
1110 1064 1216 1103 non
1255 1054 1357 1112 est,
1393 1048 1484 1103 sed
1518 1046 1698 1102 omnia
1726 1058 1825 1103 est.
1884 1048 2115 1103 Proinde
2141 1065 2211 1104 ex

632 1137 1185 1205 superessentialitate
1244 1152 1374 1193 suae
1431 1149 1696 1203 naturae,
1754 1140 1805 1193 in
1860 1155 1963 1210 qua
2015 1124 2213 1195 dicitur

631 1241 740 1281 non
789 1242 942 1291 esse,
989 1229 1219 1299 primum
1263 1226 1629 1295 descendens,
1678 1229 1730 1283 in
1776 1217 2212 1299 primordialihns

634 1318 812 1372 causis
839 1318 859 1350 ³
887 1333 917 1372 a
944 1333 1002 1374 se
1034 1318 1150 1389 ipso
1175 1328 1407 1383 creatur,
1470 1329 1525 1373 et
1565 1317 1625 1373 fit
1666 1318 1991 1388 principium
2035 1317 2212 1374 omnis

626 1406 920 1471 essentiae,
960 1408 1135 1462 omnis
1163 1407 1323 1471 vitae,
1351 1408 1527 1463 omnis
1562 1407 1965 1478 intelligentiae,
1998 1416 2053 1463 et
2096 1412 2211 1463 om-

631 1499 802 1562 nium,
827 1512 963 1567 quae
1006 1497 1060 1553 in
1100 1494 1536 1569 primordialibus
1583 1500 1760 1554 causis
1800 1500 2038 1568 gnostica
2085 1498 2212 1554 con;-

632 1586 882 1643 siderat“
907 1588 1130 1643 theoria.
1196 1588 1398 1645 Deinde
1426 1606 1489 1645 ex
1528 1589 1968 1661 primordialibus
2008 1590 2209 1656 causis,

631 1697 769 1751 quae
797 1683 1139 1738 medietatem
1166 1684 1434 1753 quandam
1462 1686 1606 1740 inter
1633 1684 1795 1739 Deum
1825 1693 1881 1741 et
1908 1688 2211 1740 creaturam

627 1775 893 1842 obtinent,
923 1777 1026 1832 hoc
1050 1786 1153 1843 est,
1181 1778 1321 1833 inter
1343 1778 1487 1833 illam
1517 1778 1839 1835 ineffabilem
1867 1793 2212 1850 superessen-

628 1863 908 1920 tialitatem
940 1881 1103 1938 super
1130 1883 1343 1924 omnem
1385 1869 1750 1936 intellectum,
1783 1881 1835 1925 et
1870 1871 2208 1926 manifestam

628 1957 1051 2015 substantialiter
1078 1971 1323 2016 naturam
1349 1962 1499 2032 puris
1527 1965 1721 2019 animis
1746 1966 2088 2035 conspicuam
2120 1965 2214 2020 de-

628 2053 891 2108 scendens
935 2053 988 2108 in
1019 2051 1298 2110 eﬂ‘ectibus
1338 2056 1577 2126 ipsarum
1617 2058 1710 2123 fit,
1740 2066 1795 2112 et
1837 2058 2118 2113 manifeste
2156 2058 2210 2115 in

631 2145 970 2215 theophaniis
1016 2148 1128 2203 suis
1174 2149 1432 2219 aperitur.
1481 2149 1679 2205 Deinde
1723 2165 1822 2220 per
1890 2150 2213 2221 multiplices

628 2236 914 2293 eﬂ‘ectuum
944 2237 1160 2303 formas,
1185 2255 1357 2315 usque
1379 2241 1444 2294 ad
1473 2249 1772 2295 extremum
1799 2242 1960 2295 totius
1989 2242 2214 2309 naturae

628 2328 903 2393 ordinem,
929 2343 1036 2398 quo
1064 2345 1292 2401 corpora
1336 2332 1702 2395 continentur,
1732 2320 1990 2401 procedit.
2020 2332 2095 2385 Ac
2133 2333 2213 2387 sic

630 2408 874 2476 ordinate
903 2421 955 2476 in
985 2422 1162 2477 omnia
1201 2424 1524 2495 proveniens
1552 2424 1680 2479 facit
1719 2424 1930 2490 omnia,
1963 2433 2019 2479 et
2061 2423 2120 2478 fit
2157 2424 2210 2479 in

630 2511 881 2567 omnibus
903 2513 1107 2579 omnia,
1131 2523 1186 2569 et
1215 2514 1267 2569 in
1295 2530 1353 2571 se
1382 2514 1555 2586 ipsum
1587 2515 1745 2579 redit,
1776 2530 2036 2571 revocans
2065 2517 2117 2571 in
2152 2530 2212 2572 se

630 2602 831 2669 omnia,
859 2613 915 2659 et
940 2605 1064 2659 dum
1094 2604 1146 2660 in
1174 2607 1421 2661 omnibus
1453 2606 1532 2674 fit,
1560 2622 1720 2677 super
1745 2608 1922 2662 omnia
1956 2622 2077 2662 esse
2107 2623 2211 2663 non

631 2691 847 2749 desinit.
894 2694 972 2749 Ac
998 2696 1077 2751 sic
1096 2694 1123 2728 ⁸
1149 2695 1215 2751 de
1244 2696 1414 2751 nihilo
1441 2695 1569 2752 facit
1596 2698 1802 2761 omnia,
1834 2698 1900 2751 de
1938 2714 2031 2753 sua
2058 2697 2210 2753 vide-

629 2786 757 2841 licet
795 2785 819 2819 ⁸
856 2789 1404 2858 superessentialitate
1438 2790 1689 2860 producit
1714 2791 2007 2855 essentias,
2033 2791 2098 2843 de
2123 2804 2214 2844 su-

632 2877 991 2946 pervitalitate
1026 2879 1196 2944 vitas,
1233 2879 1299 2934 de
1343 2879 1966 2950 superintelleclualitate
2006 2878 2212 2934 intelle—

631 2978 780 3035 ctus,
811 2971 875 3025 de
905 2971 1184 3043 negatione
1220 2971 1489 3039 omnium,
1517 2988 1656 3044 quae
1687 2983 1814 3028 sunt
1847 2983 1902 3026 et
1937 2988 2073 3041 quae
2105 2987 2210 3026 non

629 3071 783 3127 sunt,
818 3060 1202 3121 aﬂlrmationes
1226 3064 1488 3131 omnium,
1521 3079 1658 3135 quae
1685 3075 1807 3119 sunt
1836 3074 1887 3121 et
1921 3079 2060 3135 quae
2104 3080 2210 3118 non

631 3163 773 3208 sunt.
818 3152 885 3208 Et
928 3153 1031 3209 hoc
1063 3153 1499 3211 manifestissime
1537 3157 1693 3211 docet
1722 3157 1961 3210 omnium
2008 3154 2211 3211 reditus

631 3245 682 3298 in
711 3258 927 3298 causam
948 3284 964 3310 ,
992 3258 1058 3299 ex
1095 3260 1198 3314 qua
1227 3255 1633 3315 processerunt,
1662 3245 1878 3318 quando
1916 3247 2094 3302 omnia
2126 3262 2214 3303 re-

630 3334 908 3390 vertentur
944 3336 965 3369 "
1008 3337 1062 3391 in
1094 3337 1295 3403 Deum,
1336 3338 1476 3393 sicut
1519 3352 1614 3392 aer
1653 3340 1707 3394 in
1753 3339 1959 3404 lucem,
1998 3338 2213 3407 quando

629 3427 732 3480 erit
765 3426 904 3481 Deus
940 3427 1113 3482 omnia
1144 3428 1199 3482 in
1242 3430 1514 3494 omnibus;
1546 3445 1650 3485 non
1693 3431 1833 3499 quod
1875 3429 2036 3484 etiam
2071 3446 2215 3487 nunc

629 3530 736 3570 non
774 3516 844 3571 sit
873 3516 1013 3572 Deus
1043 3519 1219 3573 omnia
1245 3520 1301 3574 in
1329 3520 1591 3587 omnibus,
1619 3521 1713 3577 sed
1743 3521 1882 3592 quod
1914 3531 2034 3592 post
2058 3528 2210 3591 prae-

633 3607 1015 3663 varicationem
1049 3609 1320 3668 humanae
1358 3620 1618 3677 naturae,
1652 3621 1707 3667 et
1743 3613 2106 3681 expulsionem
2148 3614 2214 3671 de

631 3701 757 3757 sede
781 3702 1046 3773 paradisi,
1075 3702 1177 3760 hoc
1205 3713 1307 3771 est,
1331 3706 1397 3762 de
1420 3705 1702 3760 altitudine
1731 3706 2025 3776 spiritualis
2048 3707 2210 3775 vitae,

631 3803 685 3850 et
728 3809 796 3851 ex
837 3795 1143 3868 cognitione
1171 3798 1510 3856 clarissimae
1539 3801 1866 3871 sapientiae,
1900 3802 1952 3857 in
1995 3801 2216 3873 profun-

630 3886 881 3944 dissimas
928 3889 1263 3960 ignorantiae
1299 3892 1551 3949 tenebras
1594 3892 1880 3961 detrusae,
1922 3908 2082 3949 nemo
2109 3893 2215 3949 nisi

628 3978 809 4036 divina
839 3982 1010 4055 gratia
1035 3982 1368 4040 illuminatur
1401 3984 1459 4053 ⁸,
1499 3995 1555 4042 et
1585 3986 1638 4041 in
1678 3987 1979 4042 divinorum
2016 3994 2217 4057 myste-

628 4074 833 4131 riorum
866 4075 1199 4134 altitudinem
1233 4076 1258 4110 ⁹
1288 4092 1409 4133 cum
1476 4076 1644 4134 Paulo
1691 4088 1904 4147 raptus,
1942 4076 2213 4148 quomodo

630 4160 774 4222 Deus
795 4168 972 4223 omnia
1004 4168 1057 4223 in
1083 4170 1335 4225 omnibus
1358 4178 1456 4232 est,
1482 4184 1641 4225 verae
1670 4168 2053 4241 intelligentiae
2082 4184 2215 4224 con-

633 4260 766 4316 tuitu
790 4269 967 4332 potest
989 4262 1315 4334 perspicere,
1332 4264 1471 4318 nube
1491 4262 1787 4318 carnalium
1806 4263 2215 4334 cogitationum,

633 4365 999 4422 vanarumque
1043 4352 1090 4384 ¹⁶
1136 4353 1542 4424 phantasiarum
1598 4351 1823 4424 caligine
1876 4352 2215 4430 interposita,

636 4443 938 4512 mentisque
969 4443 1085 4497 acie
1114 4444 1515 4499 irrationalibus
1544 4445 1887 4516 passionibus
1923 4446 2215 4511 infirmata,

634 4543 687 4589 et
715 4549 781 4589 ex
807 4533 1179 4604 splendoribus
1200 4535 1515 4605 perspicuae
1537 4533 1581 4568 “
1607 4535 1852 4592 veritatis
1882 4551 2211 4605 repercussa,

634 4627 1014 4696 consuetisque
1074 4625 1442 4695 corporalibus
1498 4627 1706 4682 umbris
1764 4636 2035 4683 contenta.
2097 4626 2212 4682 Non

635 4717 779 4770 enim
809 4716 1133 4772 credendum
1170 4726 1254 4773 est
1286 4716 1353 4772 de
1390 4717 1714 4773 caelestibus
1749 4718 2029 4784 essentiis,
2076 4731 2214 4788 quae

636 4823 908 4879 nunquam
957 4819 1210 4868 aeternae
1256 4811 1602 4869 beatitudinis
1651 4822 1849 4869 statum
1902 4816 2212 4882 deseruere,

637 4898 781 4955 aliud
824 4899 1028 4971 aliquid
1065 4902 1118 4957 in
1148 4903 1398 4959 universa
1439 4913 1687 4961 creatura
1718 4913 1934 4974 praeter
1964 4906 2009 4939 “
2041 4906 2216 4975 ipsum

637 4991 805 5050 Deum
829 5010 1174 5068 cognoscere,
1204 4997 1466 5068 siquidem
1495 4998 1548 5053 in
1575 4997 1704 5062 Deo,
1729 5007 1783 5055 et
1814 4998 1867 5054 in
1897 4998 2217 5069 primordia-

637 5083 779 5143 libus
800 5088 981 5146 causis
1003 5106 1165 5162 super
1184 5105 1399 5147 omnem
1423 5105 1636 5147 sensum
1659 5099 1713 5146 et
1738 5089 2065 5145 intellectum
2094 5103 2213 5144 om-

640 5178 728 5232 nia
751 5180 1101 5252 perspiciunt,
1126 5180 1376 5237 omnibus
1400 5189 1625 5236 naturae
1652 5180 1905 5249 operibus
1925 5179 1992 5234 ad
2017 5192 2216 5264 cogno-

640 5268 896 5326 scendam
922 5270 1207 5327 veritatem
1237 5287 1345 5327 non
1373 5268 1694 5343 indigentes,
1726 5268 1840 5327 sola
1870 5278 2048 5325 autem
2079 5267 2216 5323 inef-

2012 376 2294 438 JOANNIS
2331 377 2525 445 SCOTI

3728 382 3810 461 αθ

2238 488 2462 554 Afahili
2516 492 2687 564 gratia
2741 490 2948 547 aeterni
3003 491 3218 547 luminis
3272 491 3521 571 fruentes.
3570 495 3642 573 Ad
3690 514 3809 571 quam

2310 582 2573 655 visionem
2622 584 2912 637 humanam
2954 592 3197 638 naturam
3226 585 3478 640 reducere
3517 585 3602 641 Dei
3629 580 3811 647 Verbum

2314 675 2651 729 incarnatum
2679 675 2983 741 descendit,
3013 675 3181 746 ipsam
3208 676 3358 747 prius
3384 674 3592 745 lapsam,
3613 693 3744 748 quam
3761 680 3811 739 ad

2308 768 2595 837 pristinum
2645 777 2842 823 statum
2887 779 3198 833 revocaret,
3230 770 3523 840 accipiens,
3559 770 3810 829 delictorum

2312 860 2529 916 vulnera
2593 876 2831 926 sanans,
2890 860 3146 916 falsarum
3203 861 3594 931 phantasiarum
3646 863 3811 922 umbras

2312 954 2650 1024 extinguens,
2680 955 2866 1008 oculos
2897 952 3091 1008 mentis
3125 955 3395 1024 aperiens,
3423 952 3704 1023 seipsum‘in
3726 971 3810 1010 om-

2310 1043 2470 1099 nibus
2506 1046 2613 1108 his,
2644 1045 2733 1117 qui
2781 1045 2926 1117 digni
2962 1054 3089 1101 sunt
3128 1045 3217 1100 tali
3248 1046 3477 1112 visione,
3506 1042 3809 1103 manifestans.

2312 1134 2455 1189 DISC.
2490 1134 2634 1191 llaec
2663 1137 2829 1191 ardua
2861 1137 3014 1191 valde
3042 1147 3187 1200 sunt,
3215 1146 3272 1193 et
3299 1154 3328 1191 a
3361 1137 3593 1192 sensibus
3618 1153 3812 1208 corpora-

2311 1225 2381 1280 lia
2420 1236 2472 1280 et
2515 1226 2748 1281 visibilis
2796 1227 3147 1298 cogitantium
3190 1235 3425 1293 remota;
3474 1226 3551 1281 his
3587 1242 3721 1290 vero,
3747 1227 3810 1297 qui

2311 1333 2472 1389 super
2491 1300 2719 1373 visibilia
2736 1360 2750 1383 ,
2775 1329 2830 1373 et
2860 1319 3169 1390 temporalia
3196 1318 3241 1351 "
3263 1318 3598 1390 Spiritualiter
3615 1320 3660 1373 in
3678 1320 3811 1388 cogni-

2311 1413 2511 1468 tionem
2535 1410 2782 1470 veritatis
2819 1415 3152 1481 ascendunt,
3187 1415 3465 1469 verissime
3494 1422 3546 1469 et
3573 1412 3811 1469 dulcissime

2310 1498 2634 1560 clarescunt.
2670 1505 2801 1574 Quis
2827 1507 2970 1561 enim
2998 1506 3291 1561 carnaliter
3326 1500 3811 1570 viventium,claran-

2311 1600 2414 1667 ‘que
2455 1596 2501 1630 “
2552 1592 2848 1666 sapientiae
2900 1595 3072 1652 lucem
3122 1592 3346 1653 cernere
3395 1596 3687 1661 nolentium,
3724 1595 3809 1650 talia

2312 1688 2557 1754 audiens,
2607 1705 2710 1743 non
2758 1688 3012 1744 continuo
3047 1678 3329 1763 erumpat,
3373 1697 3427 1743 et
3474 1685 3811 1743 elamet":ln—

2312 1772 2547 1843 Saniunt,
2583 1780 2673 1850 qui
2705 1780 2839 1834 haec
2868 1781 3071 1835 dicunt.
3115 1778 3396 1848 Quomodo
3420 1768 3555 1835 enim
3581 1793 3713 1849 supra
3731 1792 3812 1832 om-

2241 1850 2286 1909 Β
2315 1868 2401 1922 nia
2456 1869 2595 1923 Dens
2639 1869 2957 1934 invisibilis,
3010 1868 3401 1937 incorporalis,
3447 1867 3808 1938 incorruptibilis,

2311 1968 2494 2030 potest
2521 1976 2549 2014 a
2591 1961 2769 2031 seipso
2798 1960 3151 2028 descendere,
3182 1974 3240 2015 et
3266 1977 3324 2016 se
3351 1959 3517 2034 ipsum
3548 1961 3595 2015 in
3626 1959 3811 2014 omnibus

2313 2047 2532 2117 creare,
2558 2059 2616 2106 ut
2654 2052 2725 2106 sit
2757 2053 2939 2107 omnia
2970 2053 3019 2107 in
3051 2054 3325 2117 omnibus,
3356 2064 3409 2109 et
3433 2068 3586 2123 usque
3610 2052 3665 2105 ad
3684 2061 3811 2106 extre-

2314 2158 2430 2197 mas
2459 2142 2616 2210 hujus
2645 2143 2827 2198 mundi
2855 2143 3094 2199 visibiles
3133 2143 3485 2215 turpitudines
3510 2154 3558 2199 et
3583 2141 3812 2212 corruptio-

2312 2232 2877 2308 'nes_,‘vilissimasque
2916 2235 3116 2305 formas
3147 2246 3204 2291 et
3246 2238 3449 2307 species
3480 2237 3747 2308 procedere,
3771 2239 3813 2287 ut

2313 2298 2427 2395 ipse
2454 2325 2618 2380 etiam
2651 2326 2702 2381 in
2734 2326 2813 2382 eis
2840 2327 2929 2389 sit,
2961 2328 3003 2382 si
3031 2329 3210 2383 omnia
3240 2329 3294 2383 in
3322 2328 3559 2384 omnibus
3581 2329 3678 2382 est!
3702 2326 3811 2395 Igno-

2314 2429 2462 2480 rans,
2495 2417 2585 2487 qui
2626 2418 2759 2473 haec
2785 2417 2831 2450 “
2861 2419 3022 2485 dicit,
3055 2420 3256 2475 nullam
3286 2412 3638 2492 turpitudinem
3663 2419 3703 2475 in
3728 2415 3813 2472 uui-

2315 2509 2571 2565 versitate
2601 2510 2766 2566 totius
2808 2521 3089 2567 creaturae
3128 2528 3291 2583 posse
3330 2530 3478 2580 esse,
3509 2513 3680 2568 nullam
3705 2507 3812 2565 mali-

2313 2600 2444 2653 tiam
2474 2601 2521 2654 ei
2548 2616 2777 2667 nocere,
2814 2602 2963 2657 nullo
3010 2618 3199 2660 errore
3240 2604 3347 2659 falli
3373 2605 3453 2660 vel
3496 2604 3668 2661 seduci.
3702 2598 3810 2670 Quod

2315 2692 2458 2746 enim
2490 2693 2685 2762 partim
2709 2691 2754 2725 ¹⁷
2777 2693 3057 2764 contingit.
3082 2696 3134 2749 in
3165 2706 3279 2751 toto
3307 2696 3419 2751 fleri
3445 2696 3575 2752 Deus
3592 2711 3679 2750 non
3704 2692 3809 2759 sinit,

2315 2782 2469 2852 cujus
2504 2785 2871 2840 universitatis
2912 2801 3013 2841 nec
3041 2786 3086 2818 ¹⁸
3120 2789 3398 2860 turpitudo
3434 2788 3589 2859 turpis
3619 2794 3711 2849 est,
3743 2795 3812 2838 nec

2316 2878 2520 2932 malitia
2552 2887 2737 2943 nocet,
2771 2894 2873 2934 nec
2913 2895 3069 2937 error
3092 2890 3260 2936 errat.
3305 2880 3548 2954 Turpiter
3580 2878 3750 2948 quidem
3776 2879 3812 2929 ei

2315 2969 2551 3038 maligne
2583 2970 2625 3006 "
2646 2960 2969 3037 viventibus,
2995 2980 3049 3027 et
3074 2972 3348 3028 averitate
3375 2970 3653 3028 errantibus
3686 2962 3810 3035 turpia

2315 3061 2565 3127 honesta,
2601 3061 2737 3116 mala
2769 3062 2926 3128 bona,
2956 3062 3194 3117 errantia
3228 3072 3400 3127 recta,
3430 3077 3578 3133 prava
3602 3057 3720 3129 just:
3741 3067 3812 3123 pu-

2318 3162 2501 3210 tantur
2526 3171 2658 3211 esse.
2691 3152 2930 3223 Quorum
2971 3156 3334 3227 turpitudine,
3364 3165 3418 3210 et
3449 3141 3657 3215 malitia,
3682 3156 3724 3201 et
3752 3158 3811 3199 et-

2318 3263 2439 3303 rore
2461 3247 2702 3308 sublatis.
2720 3247 2900 3302 omnia
2923 3247 3010 3317 pie
3031 3247 3447 3318 intelligentihus
3467 3260 3602 3316 pura.
3619 3238 3809 3313 perlecta.

2317 3339 2629 3408 impolluta,
2661 3337 2814 3393 valde
2845 3339 2980 3393 bona
3008 3379 3022 3401 ,
3058 3337 3205 3392 omni
3247 3352 3430 3393 errore
3459 3332 3667 3389 carentia
3689 3337 3814 3381 rema-

2315 3434 2462 3486 nent.
2496 3429 2563 3484 Et
2597 3444 2703 3484 non
2735 3430 2997 3500 cogitans,
3022 3430 3164 3501 quod
3207 3444 3365 3484 sacra
3404 3424 3686 3500 pronunciat
3712 3413 3815 3472 Scri-

2314 3534 2473 3593 ptura
2505 3540 2517 3575 :
2548 3520 2715 3576 Omne
2743 3521 2924 3574 datum
2952 3521 3221 3591 optimam,
3260 3530 3309 3576 et
3337 3535 3479 3574 omne
3504 3517 3671 3571 donum
3691 3503 3813 3579 perfl-

2316 3623 2455 3667 ctum
2493 3613 2557 3667 de
2591 3627 2800 3666 sursum
2849 3620 2957 3676 est,
2993 3609 3312 3665 descendens
3349 3626 3381 3663 a
3422 3605 3572 3661 Patre
3604 3601 3813 3658 Iamiam,

2318 3707 2424 3761 dati
2452 3706 2668 3776 quidem
2700 3702 2965 3760 vocabulo
3005 3702 3249 3757 omnium
3299 3715 3474 3767 rerum
3512 3684 3814 3753 substantiales

2316 3797 2755 3860 constitutiones,
2803 3794 2927 3850 doni
2969 3809 3102 3850 vero
3142 3793 3406 3859 virtutes,
3446 3789 3621 3860 quibus
3651 3784 3815 3838 ornatur

2316 3890 2566 3944 universa
2606 3895 2826 3954 natura,
2850 3887 3130 3942 declarans
3198 3884 3271 3940 Et
3309 3885 3411 3940 hoc
3455 3891 3605 3937 totum
3635 3875 3691 3940 ”.
3729 3865 3816 3925 ωδ·

2318 3989 2516 4045 stantia
2561 3986 2811 4042 videlicet
2838 3994 2894 4040 et
2934 3986 3129 4047 virtus,
3176 3982 3244 4037 de
3295 3993 3503 4036 sursum
3548 3965 3817 4031 dessem!“a

2318 4078 2481 4137 Patre
2503 4078 2790 4143 luminum,
2820 4078 2924 4132 hoc
2949 4067 3141 4141 est,'ex
3169 4072 3317 4128 fonte
3346 4069 3573 4127 omnium
3598 4065 3814 4118 bonorum.

2319 4172 2450 4237 Deo,
2475 4172 2564 4245 qui
2597 4171 2650 4224 in
2678 4168 2881 4229 omnia,
2906 4180 3044 4239 quae
3071 4175 3195 4221 sunt
3222 4173 3280 4220 et
3307 4178 3444 4236 quae
3468 4173 3567 4215 non
3592 4154 3816 4245 sunt,

2319 4230 2514 4331 fluens,
2530 4265 2583 4318 in
2605 4261 2857 4317 omnibus
2881 4258 2957 4321 ill,
2982 4258 3099 4313 sine
3119 4271 3227 4327 quo
3250 4253 3382 4311 nihil
3411 4265 3523 4309 esse
3546 4230 3815 4335 potesl.‘5§lo

2318 4366 2376 4411 ut
2406 4329 2618 4426 opinor,
2639 4353 2771 4408 satis
2799 4352 2864 4406 de
2891 4349 3081 4412 nihilo,
3099 4350 3164 4402 de
3185 4362 3293 4417 quo
3320 4344 3492 4401 omnia
3511 4332 3693 4397 Deus"
3711 4329 3816 4426 [αξῖίι

2320 4412 2499 4501 δοίη-ιη
2532 4412 2635 4499 est.
2661 4441 2801 4496 MAG.
2820 4439 2917 4495 Sat
2948 4412 3222 4510 profecto;
3249 4437 3345 4492 sed
3363 4433 3552 4490 cursim
3575 4412 3816 4514 repetendo:

2319 4536 2503 4608 Neque
2536 4537 2671 4591 haec
2699 4535 2927 4589 dicimus
2963 4531 3175 4587 illorum
3206 4544 3422 4586 sensum
3452 4516 3817 4608 refutantcsrflul

2320 4633 2386 4688 de
2419 4600 2619 4694 nihilo,
2658 4643 2764 4699 quo
2802 4626 2966 4682 totius
3004 4622 3336 4680 haliitudinis
3364 4616 3585 4691 privatio
3616 4600 3818 4699 signiﬁcat

2318 4734 2438 4790 tur,
2473 4725 2639 4777 Deum
2678 4696 2863 4776 omnia
2894 4716 2939 4749 "
2972 4717 3162 4772 fecisse
3191 4715 3537 4772 arbitrantur,
3566 4717 3656 4758 non

2317 4814 2385 4870 de
2424 4780 2612 4873 nihilo,
2650 4825 2757 4881 quo
2779 4804 3307 4878 superessentialitas
3337 4809 3391 4857 et
3418 4780 3819 4881 supernaturaliuﬂj

2320 4904 2533 4960 divinae
2555 4875 2813 4957 bonitatis
2839 4875 3176 4967 a'l‘heologis
3197 4893 3457 4950 innuitur.
3479 4889 3532 4943 In
3552 4875 3819 4967 Theoloxiﬂl

2320 4996 2584 5067 siquidem
2628 4991 2826 5063 regulis
2865 4990 2932 5044 ad
2977 4965 3401 5057 investigandam
3432 4978 3625 5067 divinae
3650 4965 3820 5067 ιιθωιξξε

2322 5061 2712 5141 sublimitatem
2747 5090 2804 5136 et
2840 5075 3529 5161 incomprehensibilitatem
3572 5064 3673 5137 plus

2324 5176 2505 5243 tionis,
2529 5190 2689 5244 quam
2718 5146 3088 5227 aﬂrmationis
3115 5169 3288 5223 virtus
3319 5165 3472 5221 valet.
3501 5159 3652 5227 Quam
3678 5146 3819 5244 siva

2324 5228 2563 5322 intentus
2613 5262 2937 5334 inspexerit,
2987 5276 3095 5317 non
3145 5256 3460 5321 mirabitur,
3505 5264 3564 5306 eo
3601 5228 3819 5311 νοαδυκῐ

2239 3208 2286 3271 C

2246 4565 2293 4624 D

1939 5424 2192 5482 VABIAE
2227 5421 2628 5481 LECTIONES.

731 5540 934 5598 “tiam
957 5554 1069 5596 om.
1094 5540 1160 5597 A.
1223 5543 1245 5573 ²
1264 5541 1309 5596 Α
1332 5539 1593 5595 inuenitur
1613 5540 1855 5595 essentia.
1930 5538 1952 5570 ³
1977 5554 2148 5592 causis
2172 5552 2279 5594 om.
2307 5538 2369 5591 A.
2430 5536 2453 5568 ⁸
2477 5537 2517 5591 Α
2546 5535 2842 5591 considerat
2862 5533 3113 5605 gnostica.
3192 5530 3213 5605 ξ
3252 5528 3327 5583 sic
3368 5538 3473 5591 οωι
3508 5518 3605 5605 Ᾱοη

1477 5610 1499 5641 ⁸
1544 5611 1636 5666 Sic
1674 5608 1793 5674 AC;
1820 5609 1856 5661 f.
1899 5607 2267 5663 illuntinatns?

646 5609 785 5668 licet.
858 5612 880 5648 ⁵
919 5609 963 5670 C
989 5621 1371 5666 convertentur.

644 5683 944 5752 perspicue.
1008 5684 1052 5717 ⁸⁸
1089 5681 1130 5736 C
1165 5692 1392 5751 propter.

644 5755 838 5821 partim
863 5794 879 5817 ,
917 5751 961 5807 C
996 5753 1166 5821 parti;
1204 5753 1242 5805 f.
1298 5752 1482 5821 parti?

647 5818 791 5879 Deus
836 5818 1011 5880 otznia
1104 5822 1152 5856 ⁸³
1187 5821 1235 5883 Δ
1271 5818 1524 5884 Mm
1599 5895 1605 5902 1

2085 5676 2207 5732 {GC

1504 5681 1551 5713 ’³
1590 5681 1634 5734 Α
1671 5680 1984 5749 corporalia.

1583 5750 1627 5783 ¹⁸
1655 5752 1703 5807 Δ
1746 5747 1839 5805 nec
1884 5747 2253 5807 universitatis.

3741 5498 3799 5558 κέ
3814 5522 3818 5529 ,

3642 5582 3753 5636 Eat.
3779 5566 3817 5636 Α

3608 5634 3664 5769 ςι-
3723 5634 3821 5769 :I:

2371 5607 2390 5637 ’
2435 5590 2801 5660 Aiaititudine.
2862 5590 2889 5605 ⁷
2918 5604 2960 5636 ¹⁰
2997 5604 3036 5659 C
3092 5590 3470 5665 variarumque.
3569 5591 3606 5625 “

2652 5677 2696 5713 "
2754 5676 2794 5729 Α
2849 5674 3179 5745 ρι-οειαηιει.Δ
3242 5667 3286 5701 ³⁸
3318 5668 3441 5720 haec
3476 5676 3574 5715 om.

2246 5677 2545 5749 datamque.
2652 5677 2696 5713 "
2754 5677 2794 5729 A
2849 5677 3152 5745 proclamet.
3242 5677 3286 5701 “
3318 5677 3441 5720 haec
3476 5677 3574 5715 om.
3608 5677 3637 5711 ιι

2246 5785 2253 5794 .
2377 5747 2419 5788 ι’
2460 5758 2507 5794 et
2561 5748 2785 5794 maligne
2825 5762 2929 5794 mu.
2966 5744 3035 5794 Δ.
3135 5739 3185 5778 ⁸.
3221 5747 3384 5794 totum
3430 5746 3536 5788 om.
3580 5724 3637 5779 Α·

2377 5744 2507 5803 t"et
2561 5748 2785 5819 maligne
2825 5744 2929 5801 om.
2966 5744 3035 5800 Α.
