3966 5570
1051 331 1140 388 ne
1178 331 1514 390 DIVISIONE
1552 319 1894 391 suetus.
1934 365 2002 376 -
2039 323 2235 390 LIBER
2276 323 2592 392 “manus.

3332 329 3436 396 686

187 451 335 521 quod
357 457 443 507 est
475 441 700 504 nihiium
726 487 741 513 ,
774 461 931 517 saepe
980 447 1034 502 in
1064 446 1357 515 Scripturis
1386 448 1556 517 ipsum
1597 447 1762 502 Deum
1791 455 1839 512 Α
1870 465 1983 502 rum
2005 465 2239 510 auarum.
2266 449 2353 503 alii
2378 451 2444 505 de
2469 451 2836 504 incarnatione
2864 450 3043 516 Verbi,
3078 453 3164 506 alii
3195 455 3258 508 de
3298 457 3437 511 nati-

186 543 389 598 meari.
419 542 565 596 Dies.
589 538 700 594 Nec
728 553 828 610 ego
855 547 872 578 ι
905 539 1092 603 miror,
1121 553 1447 608 cognoscens
1467 579 1480 601 ,
1519 534 1637 607 plus
1674 553 1765 594 ne-

189 635 446 704 gationes,
465 647 630 703 quam
653 630 1032 687 aﬂirmationes
1054 631 1266 686 divinae
1290 632 1602 702 cognitioni,
1628 641 1766 686 teste

189 737 374 781 sancto
413 725 686 796 Dionysio,
712 724 952 794 cooptari
970 737 1142 792 posse.
1177 722 1310 778 MAG.
1344 722 1458 777 Non
1486 724 1703 795 negabis
1719 725 1762 790 ',

186 829 249 872 ut
273 818 484 888 Opinor,
511 825 724 881 cuncta,
748 831 886 884 quae
909 816 973 869 de
997 815 1164 869 nihilo
1184 814 1322 869 facta
1350 829 1467 869 esse
1484 814 1764 884 Scriptura

189 920 440 973 testatur,
466 923 627 963 unam
655 909 922 978 quandam
950 915 1196 960 naturam
1225 920 1562 960 communem
1594 905 1765 958 omni-

186 1002 306 1064 bus,
323 996 478 1066 cujus
497 998 907 1068 participatione
927 996 1245 1058 subsistunt,
1262 995 1557 1050 secundmn
1583 996 1766 1050 unius-

185 1091 450 1161 cujusque
485 1090 879 1160 proportionem
927 1088 1218 1157 possidere.
1251 1088 1395 1142 Dtse.
1426 1086 1540 1140 Hoc
1569 1100 1764 1156 negare

186 1187 298 1240 risu
325 1193 411 1239 est
445 1185 684 1254 dignum.
744 1182 1024 1236 Credimus
1053 1195 1284 1250 namque
1309 1189 1362 1234 et
1395 1180 1762 1249 intelligimus,

187 1276 355 1331 Deum
404 1275 566 1330 simul
611 1285 666 1328 et
708 1273 873 1328 semel
921 1287 1260 1327 communem
1299 1272 1536 1326 omnium
1586 1285 1762 1324 rerum

189 1378 441 1424 naturam
468 1381 705 1430 creasse,
724 1381 790 1419 ex
814 1365 966 1435 cujus
986 1364 1396 1435 participatione
1421 1362 1558 1416 ﬁunt
1589 1361 1610 1392 ³
1647 1377 1764 1416 om-

186 1461 298 1516 nia.
330 1459 470 1514 MAG.
509 1458 742 1514 Putasne
763 1456 907 1510 illam
951 1465 1198 1509 naturam
1235 1455 1300 1507 de
1339 1453 1506 1506 nihilo
1532 1466 1649 1506 esse
1679 1451 1763 1504 fa-

183 1550 372 1606 ctam?
399 1549 546 1608 Dtsc.
588 1547 704 1602 Non
731 1547 904 1602 solum
943 1556 1097 1614 puto,
1120 1559 1306 1598 verum
1349 1543 1510 1597 etiam
1538 1542 1765 1597 ﬁrmiter

185 1652 366 1704 teneo,
405 1655 514 1694 non
553 1620 770 1692 aliunde
796 1637 895 1691 nisi
924 1636 992 1690 de
1039 1635 1212 1688 nihilo
1252 1634 1588 1703 productam.
1621 1632 1760 1687 MAG.

185 1732 357 1788 Deﬁni
401 1731 546 1786 illam
579 1739 844 1791 naturam,
885 1727 1012 1797 quid
1053 1729 1140 1781 sit.
1189 1725 1330 1779 DISC.
1376 1724 1488 1778 Non
1521 1739 1760 1794 possum.

1868 541 2034 594 vitate
2060 541 2177 609 ejus
2203 556 2265 595 ex
2303 542 2458 596 Patre
2487 542 2776 612 accipiunt,
2799 558 3024 611 quorum
3050 559 3237 602 sensus
3262 551 3436 604 credi-

1867 630 2029 685 bilior
2056 631 2185 685 mihi
2216 631 2446 686 videtur.

1935 722 2026 777 22.
2068 722 2144 778 De
2170 724 2254 778 bis
2288 732 2488 789 autem,
2519 739 2609 794 qm
2645 740 2710 780 ae
2751 741 2814 780 eo
2865 727 3049 789 nihilo,
3085 730 3223 797 quod
3275 732 3438 787 tutius

1867 815 2134 870 essentiae
2158 815 2490 884 negationem
2533 817 2797 887 signiﬁcat
2823 818 2906 871 vel
2950 817 3278 876 babitudinis
3323 822 3437 890 ejus

1865 905 2240 976 privationem,
2299 908 2553 960 mundmn
2614 906 2809 962 factum
2866 909 3029 963 fuisse
3085 914 3434 978 arbitrantur,

1866 997 1994 1066 quid
2024 997 2217 1050 dicam.
2249 996 2452 1066 ignoro.
2485 995 2596 1050 Non
2621 997 2762 1051 enim
2786 998 2962 1063 video,
2991 1015 3154 1068 quare
3185 1017 3287 1054 non
3312 1018 3440 1056 con-

1867 1088 2108 1142 siderant
2135 1089 2501 1157 oppositorum
2553 1097 2820 1141 naturam.
2879 1087 3154 1159 Siquidem
3207 1092 3438 1159 privatio

1867 1196 1971 1234 non
2003 1189 2178 1250 potest
2202 1195 2343 1245 esse,
2392 1181 2480 1234 ubi
2517 1196 2622 1235 non
2666 1190 2744 1235 est
2795 1181 3008 1236 habitus
3054 1183 3322 1238 essentiae
3372 1181 3436 1237 “’.

1865 1271 2099 1327 Privatio
2144 1288 2374 1342 namque
2416 1273 2744 1328 habitudinis
2781 1282 2866 1328 est
2913 1274 3175 1343 privatio;
3230 1291 3293 1330 ac
3345 1289 3442 1345 per

1867 1363 1988 1426 hoc,
2029 1364 2116 1418 ubi
2154 1379 2258 1417 non
2285 1364 2559 1433 praecedit
2587 1364 2818 1428 habitus,
2851 1379 2954 1419 non
2982 1365 3224 1434 sequitur
3257 1367 3439 1434 priva-

1865 1453 1958 1507 tio.
1978 1452 2254 1518 Quomodo
2268 1469 2405 1524 ergo
2419 1453 2463 1486 ¹³
2477 1455 2680 1520 dicunt,
2703 1453 2768 1508 de
2793 1454 3092 1524 privatione
3113 1457 3368 1511 mundum
3395 1457 3442 1488 “

1867 1547 2065 1604 factum
2089 1564 2207 1603 esse
2237 1549 2321 1602 "?
2351 1547 2406 1602 Si
2430 1549 2572 1603 enim
2605 1549 2706 1604 hoc
2727 1562 2910 1604 verum
2953 1558 3114 1613 esset,
3145 1557 3440 1615 constaret,

1865 1640 2039 1710 ipsum
2099 1641 2356 1694 mundum
2417 1638 2782 1694 habitudinem
2842 1642 3109 1709 quandam
3165 1640 3438 1702 habuisse,

1865 1734 2176 1804 priusquam
2223 1735 2393 1788 Iierct.
2443 1733 2512 1787 At
2567 1733 2612 1786 si
2666 1732 2764 1797 sic,
2807 1732 3074 1802 quomodo
3115 1732 3440 1787 habitudinis

186 1825 304 1880 Res
333 1824 476 1879 enim
502 1824 680 1878 adhuc
709 1822 916 1882 inﬁnita
944 1819 1290 1887 omniumque
1319 1815 1641 1879 conununis,
1665 1829 1764 1869 nec
1796 1838 1836 1897 Β
1867 1841 1995 1881 suae
2028 1825 2384 1895 privationem
2413 1833 2706 1896 pateretur,
2741 1825 2864 1878 dum
2883 1824 2994 1893 jam
3029 1840 3132 1879 non
3159 1833 3295 1889 erat,
3323 1835 3438 1890 aut,

182 1915 354 1971 est-tis
369 1913 560 1971 formis
578 1913 756 1970 adhuc
776 1913 1028 1968 distincta
1058 1908 1140 1966 vel
1166 1907 1465 1980 speciebus,
1491 1907 1762 1977 quomodo

182 2007 398 2064 deﬁniri
419 2008 611 2077 possit,
641 2021 745 2061 non
769 2005 923 2060 video

255 2099 347 2154 21.
383 2098 524 2155 ihs.
553 2098 727 2166 Quid?
776 2096 833 2152 Si
863 2097 986 2167 quis
1027 2111 1271 2152 summae
1297 2101 1623 2162 sanctaeque
1666 2106 1766 2145 au-

179 2192 455 2249 ctoritatis
484 2191 579 2245 tibi
607 2191 880 2254 suaderet,
912 2189 1056 2242 illam
1084 2198 1331 2243 naturam
1355 2204 1458 2243 non
1476 2187 1619 2242 aliud
1643 2201 1764 2242 esse

182 2295 403 2354 praeter
425 2283 516 2338 Dei
535 2281 790 2346 Verbum,
807 2279 1106 2336 dixissesne
1135 2295 1255 2334 eam
1279 2280 1344 2334 de
1371 2279 1536 2334 nihilo
1564 2278 1763 2332 factam

181 2373 386 2430 esse‘?
417 2371 491 2430 De
538 2371 628 2426 illo
654 2371 826 2426 nihilo
849 2371 988 2436 dico,
1036 2371 1177 2440 quod
1218 2371 1568 2440 privationem
1601 2371 1764 2424 totius

182 2466 460 2523 essentiae
521 2475 576 2521 et
640 2465 975 2520 substantiae
1024 2474 1079 2519 et
1130 2464 1404 2533 qualitatis
1477 2463 1760 2533 signiﬁcat.

182 2559 335 2614 Disc.
366 2557 729 2629 Nequaquam.
755 2557 888 2625 Quis
906 2559 1048 2612 enim
1075 2557 1290 2621 dixerit,
1324 2555 1417 2612 Dei
1441 2556 1674 2611 Verbum
1697 2555 1764 2610 de

182 2649 358 2708 nihilo
385 2664 505 2705 esse
530 2650 748 2713 factum,
790 2648 916 2704 dum
961 2649 1034 2703 sit
1067 2651 1306 2704 omnium
1333 2649 1354 2681 ³
1390 2649 1455 2703 de
1485 2648 1650 2703 nihilo
1679 2647 1764 2702 fa-

180 2743 376 2799 ciens?
445 2741 550 2798 Sed
577 2743 598 2774 ⁸
637 2743 757 2813 quis
787 2742 894 2806 ille,
941 2744 1033 2812 qui
1079 2743 1311 2797 Verbum
1364 2743 1456 2798 Dei
1516 2752 1762 2798 naturam

179 2837 430 2892 omnium
463 2851 582 2893 esse
611 2851 713 2891 non
739 2837 914 2892 timuit
937 2837 1150 2892 dicere?
1176 2836 1314 2892 MAG.
1347 2836 1485 2891 Audi
1515 2847 1762 2892 sanetum

181 2927 444 2984 Basilium
470 2927 524 2981 in
543 2938 730 2988 octava
762 2927 989 2982 Homilia
1012 2929 1063 2982 in
1088 2928 1318 2984 Genesin
1348 2946 1360 2982 :
1399 2927 1579 2999 Neque
1603 2930 1761 2994 enim,

182 3018 384 3088 inquit,
412 3017 621 3088 quando
653 3018 848 3072 audiuit
877 3028 1018 3072 terra
1042 3032 1060 3070 :
1096 3020 1346 3089 germinet
1367 3019 1578 3073 herbam
1602 3019 1760 3091 foeni,

179 3119 232 3164 et
267 3110 469 3178 lignum
495 3109 848 3179 fructiferum,
880 3109 1139 3164 occultum
1169 3111 1360 3164 habens
1411 3111 1619 3180 faenum
1648 3129 1766 3183 pro-

1863 1919 1905 1973 si
1934 1925 2072 1983 crat,
2107 1933 2210 1972 non
2239 1916 2304 1969 de
2357 1916 2655 1986 privatione
2707 1916 2788 1970 sui
2831 1915 2997 1970 erat?
3045 1913 3098 1970 Si
3139 1930 3266 1970 vero
3295 1914 3444 1969 nullo

1863 2012 2022 2064 modo
2047 2019 2182 2072 erat,
2216 2009 2527 2079 priusquam
2587 2009 2760 2071 ﬁeret,
2807 2007 2951 2061 omni
2999 2006 3313 2061 habitudine
3344 2023 3436 2060 ca-

1865 2103 2036 2157 ruisse
2066 2116 2222 2156 nemo
2255 2102 2298 2134 ¹⁸
2335 2101 2634 2170 sapientum
2663 2100 2888 2154 dubitat.
2916 2099 2987 2154 At
3015 2100 3056 2154 si
3086 2101 3228 2154 omni
3281 2099 3416 2153 habi-

1866 2195 2047 2250 tudine
2101 2193 2291 2259 caruit,
2336 2192 2604 2261 quomodo
2651 2189 2718 2246 de
2762 2190 3062 2260 privatione
3109 2191 3436 2246 habitndiuis

1863 2301 1991 2341 suae
2021 2285 2132 2339 ﬁeri
2162 2284 2338 2355 potuit
2371 2284 2437 2348 ⁸⁸,
2481 2297 2638 2353 quam
2666 2298 2939 2352 nunquam
2969 2283 3195 2337 habuit?
3238 2284 3440 2336 Eadem

1863 2388 1947 2434 cst
1976 2377 2114 2432 ratio
2155 2377 2220 2432 de
2249 2377 2517 2431 essentiae
2549 2375 2850 2447 negatione.
2897 2373 2992 2429 Est
3039 2375 3181 2428 enim
3225 2375 3439 2444 negatio

1866 2462 1944 2525 rei
1995 2469 2276 2524 existentis
2322 2467 2405 2521 vel
2454 2465 2569 2521 ﬁeri
2609 2465 2839 2520 valentis
2894 2466 3127 2536 perfecta
3173 2467 3437 2521 absentia.

1863 2564 2119 2619 Ahsentia
2163 2577 2393 2632 namque
2443 2570 2526 2615 est
2576 2560 2654 2614 rei
2701 2559 2975 2628 cujusdam
3008 2560 3322 2629 praesentis,
3357 2557 3441 2613 vel

1863 2670 2119 2728 praesens
2145 2655 2255 2710 fieri
2289 2655 2530 2717 valentis,
2560 2671 2589 2709 a
2636 2655 2880 2710 sensibus
2903 2654 3100 2708 ablatio
3125 2653 3190 2706 ".
3223 2653 3277 2708 Si
3309 2668 3435 2723 ergo

1866 2751 2096 2804 mundus
2123 2749 2189 2803 de
2219 2747 2460 2802 absentia
2493 2746 2664 2801 factus
2690 2754 2790 2810 est,
2816 2746 3106 2817 praecessit
3133 2744 3305 2814 aliqua
3336 2760 3438 2798 na-

1866 2849 2008 2905 tura,
2038 2836 2189 2906 cujus
2217 2837 2546 2892 habitudinis
2594 2836 2822 2906 privatio
2861 2837 2941 2890 vel
2984 2836 3249 2890 essentiae
3278 2835 3321 2866 ¹¹
3347 2836 3442 2890 ah-

1865 2930 2036 2984 Sentia
2067 2926 2331 2983 condendi
2373 2926 2556 2980 mundi
2608 2925 2820 2980 occasio
2869 2923 3008 2978 facta
3058 2934 3159 2980 est.
3207 2924 3270 2978 Et
3327 2925 3440 2994 ipsa

1867 3032 2055 3077 natura
2089 3028 2181 3075 aut
2224 3021 2380 3083 Deus,
2435 3027 2526 3073 aut
2576 3027 2824 3073 creatura
2874 3027 3010 3072 erat.
3068 3017 3133 3071 Et
3170 3021 3214 3071 si
3274 3017 3437 3081 Deus,

1867 3124 2128 3186 cogentur
2153 3113 2328 3178 fateri,
2360 3129 2426 3168 ex
2450 3112 2672 3167 Divinae
2695 3121 2922 3166 naturae
2950 3112 3248 3180 privatione
3289 3111 3441 3165 habi-

179 3202 359 3266 duxit,
385 3218 546 3272 neque
586 3202 836 3274 palmam,
882 3214 972 3257 aut
1016 3219 1283 3274 quercum,
1331 3213 1421 3258 aut
1466 3221 1762 3274 cypressum
1790 3190 1836 3252 Ο
1869 3207 2069 3262 tudinis
2098 3206 2177 3262 vel
2202 3207 2468 3261 essentiae
2492 3205 2730 3260 absentia
2747 3206 3000 3258 mundum
3027 3203 3224 3259 factum
3251 3203 3434 3259 fuisse.

179 3305 309 3350 ante
327 3304 658 3364 conspectum
681 3295 960 3349 uisceribus
986 3296 1094 3349 suis
1121 3295 1325 3350 occulta
1363 3297 1540 3350 eduxit
1591 3298 1643 3350 in
1679 3315 1767 3351 su-

177 3385 475 3454 perﬁciem,
502 3387 593 3440 sed
614 3385 858 3441 Divinum
880 3387 1088 3442 verbum
1113 3397 1302 3442 natura
1324 3399 1396 3443 est
1419 3407 1618 3455 eorum,
1633 3407 1767 3461 quae

179 3473 335 3543 facta
380 3485 523 3530 sunt.
559 3473 863 3533 Producut:
889 3493 1013 3542 non,
1057 3480 1196 3550 quod
1245 3480 1419 3545 habet,
1470 3482 1765 3549 depromat,

179 3567 281 3622 sed
341 3568 480 3636 quod
541 3585 646 3624 non
685 3571 856 3636 habet,
891 3580 1028 3626 creet
1071 3573 1113 3637 ",
1173 3571 1284 3626 Deo
1333 3573 1560 3627 donante
1588 3590 1770 3642 apera-

178 3658 352 3714 u'onis
381 3661 641 3716 uirtutem.
683 3661 924 3728 Intende,
958 3678 1118 3733 quam
1166 3663 1482 3720 ﬁducialiter
1531 3680 1768 3733 pronun-

176 3750 376 3818 ciavit,
406 3759 654 3807 naturam
681 3753 942 3819 omnium,
969 3769 1110 3824 quae
1137 3753 1276 3809 facta
1323 3763 1470 3815 sunt.
1505 3754 1597 3808 Dei
1630 3753 1765 3808 Ver-

179 3845 320 3900 bum
345 3860 486 3902 esse.
512 3846 592 3902 At:
635 3847 657 3880 ⁸
709 3847 852 3901 nulla
883 3847 976 3902 tibi
1010 3847 1244 3917 suspicio
1290 3849 1544 3918 subrepat
1581 3847 1765 3902 existi-

179 3936 398 4003 mandi,
430 3937 573 4008 quod
593 3937 734 3992 aliud
762 3938 834 3994 sit
879 3937 972 3994 Dei
1004 3939 1253 4003 Verbum,
1292 3939 1435 3998 aliud
1464 3938 1579 4008 ejus
1614 3954 1767 4009 prae-

174 4037 427 4096 ceptum.
455 4026 515 4082 ld
536 4028 708 4098 ipsum
746 4044 976 4099 namque
1017 4030 1071 4084 in
1123 4045 1190 4085 eo
1239 4037 1297 4085 et
1331 4044 1449 4085 esse
1498 4039 1581 4084 est
1629 4029 1672 4096 ’,
1712 4037 1768 4084 et

175 4120 374 4178 omnia
399 4119 750 4188 essejubere;
782 4123 1007 4178 essendo
1026 4123 1170 4178 enim
1208 4123 1378 4194 ipsum
1405 4124 1538 4177 lium
1557 4123 1762 4189 omnia,

177 4210 448 4282 quoniam
475 4213 648 4282 ipsum
676 4213 858 4268 omnia
895 4222 999 4270 est.
1048 4215 1116 4269 Et
1143 4225 1202 4270 ut
1239 4215 1440 4270 certius
1472 4229 1766 4283 cognoscas

186 4303 292 4356 Dei
322 4301 552 4356 Verbum
574 4311 890 4360 etnaturaut
911 4304 1152 4360 omnium
1176 4319 1316 4371 esse,
1333 4314 1390 4360 et
1415 4306 1768 4361 consubstan-

182 4391 377 4446 tialem
399 4391 546 4447 Patri
575 4403 699 4450 ante
725 4394 904 4449 omnia
929 4404 985 4450 et
1008 4396 1050 4428 “
1076 4395 1127 4449 in
1159 4396 1423 4460 omnibus,
1455 4411 1594 4466 quae
1617 4397 1669 4450 in
1700 4411 1767 4450 eo

179 4483 337 4537 facta
363 4492 511 4552 sunt,
539 4493 799 4553 creatum,
845 4487 970 4542 audi
1007 4488 1366 4544 Ecclesiasten
1395 4507 1410 4543 :
1441 4488 1766 4560 Sapientiam

1870 3299 1927 3354 Si
1953 3314 2081 3353 vero
2113 3308 2383 3362 creatura,
2419 3297 2726 3352 necessario
2755 3295 3001 3359 visibilis,
3036 3305 3129 3349 aut
3158 3294 3439 3350 invisibilis

1867 3391 1990 3446 erit.
2021 3390 2076 3444 Si
2105 3389 2348 3454 visibilis,
2390 3388 2551 3443 alium
2600 3388 2854 3442 nmndum
2892 3387 3154 3444 visibilem
3194 3403 3444 3459 praeces-

1868 3481 2003 3537 sisse
2052 3480 2306 3536 debemus
2334 3479 2585 3544 credere;
2629 3479 2671 3533 si
2721 3477 3022 3544 invisibilis,
3071 3495 3177 3549 qua
3233 3479 3442 3532 ratione

1868 3575 2113 3644 cogimur
2142 3575 2459 3638 concedere,
2504 3573 2569 3628 de
2602 3573 2890 3629 invisibilis
2918 3581 3143 3628 naturae
3196 3571 3440 3627 absentia

1868 3664 2126 3718 mundum
2159 3663 2318 3716 istum
2351 3661 2546 3717 factum
2587 3660 2752 3718 fuisse
2783 3663 2850 3728 ",
2884 3669 2978 3716 aut
3005 3676 3122 3717 eam
3156 3661 3201 3692 ³³
3227 3661 3442 3732 penitus

1868 3758 2122 3810 mundum
2170 3754 2564 3825 praecessisse?
2599 3754 2655 3809 Si
2687 3770 2814 3810 vero
2837 3754 3243 3810 universitatem
3275 3754 3441 3809 totius

1868 3847 2095 3902 visibilis
2122 3854 2176 3900 et
2206 3845 2488 3900 invisibilis
2516 3853 2739 3901 naturae
2767 3847 2833 3900 de
2876 3846 3044 3902 nihilo
3091 3845 3288 3902 factam
3322 3860 3442 3902 esse

1865 3953 1993 3992 vera
2019 3937 2170 3992 docet
2201 3936 2361 4001 ratio,
2391 3936 2696 4006 nullamque
2742 3947 2990 3992 naturam
3021 3946 3236 4008 praeter
3265 3938 3438 4005 ipsum

1868 4027 2033 4083 Deum
2062 4027 2419 4100 praecessisse
2457 4026 2523 4091 ",
2552 4027 2819 4096 quomodo
2853 4028 2919 4081 de
2956 4026 3195 4082 absentia
3220 4027 3304 4080 vel
3333 4026 3443 4096 pri-

1866 4119 2080 4174 vatione
2111 4135 2313 4182 tumin,
2343 4133 2481 4187 quae
2511 4133 2782 4188 nunquam
2805 4125 2984 4184 erant,
3007 4119 3238 4172 mundus
3268 4117 3442 4173 factus

1867 4219 1970 4275 est,
2001 4226 2106 4264 non
2141 4209 2394 4280 intelligo.
2426 4207 2484 4264 Si
2515 4225 2641 4265 vero
2668 4209 2789 4279 quis
2819 4209 3037 4274 dixerit,
3066 4224 3239 4279 neque
3264 4210 3440 4280 priva-

1868 4305 2067 4362 tionem
2099 4304 2445 4368 habitudinis,
2478 4317 2653 4374 neque
2680 4302 2976 4358 absentiam
3005 4300 3229 4370 alicujus
3258 4316 3441 4356 essen-

1868 4397 1972 4451 tiae
2001 4396 2047 4429 "
2082 4394 2212 4450 nihil
2238 4394 2284 4430 "
2315 4393 2528 4448 nomine
2574 4393 2884 4465 signiﬁcari,
2941 4395 3032 4450 sed
3082 4393 3438 4449 universalem

1872 4489 2037 4542 totius
2068 4485 2416 4549 habitudinis,
2447 4494 2497 4539 et
2529 4484 2819 4548 essentiae,
2851 4484 2936 4539 vel
2976 4483 3324 4548 substantiae,
3357 4481 3440 4537 vel

178 4571 318 4638 Dei,
349 4573 543 4645 inquit,
567 4579 956 4644 praecedentem
985 4580 1024 4620 ⁸⁸
1066 4579 1238 4633 omnia
1259 4579 1375 4650 quis
1401 4579 1717 4650 investigavit
1742 4579 1768 4633 ?
1795 4550 1846 4610 Β
1875 4580 2191 4644 accidentis,
2214 4588 2266 4632 et
2289 4577 2603 4648 simpliciter
2627 4577 2885 4640 omnium,
2918 4591 3054 4647 quae
3099 4575 3200 4630 dici
3251 4585 3305 4630 et
3357 4575 3440 4628 in-

178 4665 339 4726 Ecce
367 4667 410 4700 “
430 4670 871 4724 coaeternitatem
900 4669 1044 4726 Patri
1071 4683 1127 4726 et
1149 4673 1655 4728 eoessentialitatcm
1699 4673 1759 4724 ⁸³.
1870 4675 2034 4744 telligi
2083 4681 2346 4743 possunt,
2384 4670 2726 4743 negationem
2753 4710 2767 4734 ,
2809 4669 3161 4724 concludetur
3206 4669 3328 4722 sic:
3380 4681 3444 4720 eo

183 4759 266 4814 Et
295 4760 548 4818 continuo
576 4761 822 4830 sequitur
849 4779 864 4815 :
895 4759 1076 4818 Primo
1105 4765 1335 4818 omnium
1355 4778 1530 4819 creata
1574 4777 1648 4819 est
1677 4782 1766 4819 ω-
1873 4768 2034 4836 igitur
2061 4764 2103 4794 ¹⁷
2127 4762 2387 4818 vocabulo
2413 4761 2580 4815 Deum
2608 4761 2782 4813 vocari
2809 4774 3028 4815 necesse
3054 4766 3156 4819 est,
3189 4756 3279 4824 qui
3304 4755 3448 4809 solus

178 4852 410 4924 nitentia.
436 4853 581 4911 Ecce
606 4853 660 4908 in
682 4852 947 4908 creaturis
973 4853 1193 4910 factum.
1217 4856 1352 4909 Audi
1380 4855 1759 4924 Evangelium:
1872 4854 2154 4924 negatione
2203 4850 2467 4918 omnium,
2521 4863 2658 4920 quae
2707 4859 2863 4914 sunt,
2912 4849 3133 4921 proprie
3186 4846 3446 4906 innuitur,

180 4942 351 5011 Quod
369 4945 568 5014 factum
591 4952 670 5000 est
693 4945 751 4998 in
794 4945 924 5013 ipso,
966 4948 1070 5002 vita
1095 4955 1224 5002 erat.
1279 4945 1412 5000 Nam
1450 4949 1591 5016 quod
1637 4946 1761 5001 alibi
1874 4947 1996 5018 quia
2028 4957 2190 5012 super
2218 4955 2404 5006 omne,
2437 4939 2578 5012 quod
2609 4937 2805 4992 dicitur
2839 4947 2894 4994 et
2936 4934 3278 5003 intelligitur,
3305 4931 3452 4984 exal-

177 5035 246 5090 in
273 5035 562 5097 Salomone
579 5035 1283 5105 ιοείιιιιδεοοπιίκωσνεαυὶι
1302 5052 1384 5091 me
1410 5037 1467 5091 in
1492 5038 1638 5092 initio
1660 5039 1764 5091 via-
1875 5050 2041 5103 tatur,
2089 5035 2178 5104 qui
2211 5032 2422 5090 nullum
2468 5045 2676 5094 eorum,
2713 5044 2857 5098 quae
2904 5040 3030 5088 sunt
3070 5034 3128 5082 et
3170 5036 3308 5092 quae
3353 5035 3454 5074 non

1431 5212 1680 5272 "ARIAE
1719 5211 2122 5273 LECTIONES.

987 5391 997 5403 ‘
1049 5387 1088 5441 C
1137 5377 1341 5450 negaris
1416 5375 1440 5407 ³
1474 5377 1518 5430 Α
1546 5385 1688 5450 sunt.
1763 5371 1784 5403 "
1806 5374 2255 5450 Aresseqfnftam.‘
2358 5443 2370 5450 _
2396 5374 2492 5430 Sic
2516 5366 2622 5425 AC.
2693 5363 2714 5396 ‘
2747 5370 2805 5450 Δ,
2831 5375 2918 5450 At.
3018 5358 3468 5450 ξίξηεςςαείηηδ

1517 5427 1645 5496 “iet
1688 5427 2049 5501 omf—Ain—“t
2075 5443 2114 5498 C
2145 5427 2538 5510 sapientia“;—
2591 5436 2946 5510 praecedente.
2999 5435 3067 5510 ζ’
3096 5427 3140 5483 C
3185 5435 3254 5478 et.
3334 5428 3378 5461 ¹³
3417 5430 3469 5510 ΔΑ.

1448 5516 1495 5550 ⁸³
1538 5515 1716 5570 icitur.
1827 5499 1880 5552 η
1909 5499 1957 5570 VA
2005 5499 2494 5570 dicunt'mumlum
2554 5499 2864 5570 privatione.
2996 5505 3040 5538 θ’
3077 5513 3190 5570 esse
3251 5511 3362 5552 om.
3406 5499 3470 5549 Λ.

244 5403 262 5436 ι
307 5393 348 5449 c
389 5388 542 5444 Haec
563 5392 696 5448 ergo
729 5375 904 5430 miror.

163 5478 248 5521 tu.
329 5466 348 5498 ν
378 5459 566 5516 Corn,
604 5449 652 5502 A
680 5455 750 5521 est
776 5455 836 5498 et.
855 5459 997 5521 esse,
1021 5453 1068 5509 C
1096 5449 1289 5521 esseet
1321 5452 1417 5499 est.

166 5516 599 5570 21;..-«rinlrm.
708 5516 748 5546 ¹⁸
788 5516 1054 5570 ("Mutina
1105 5537 1210 5570 nm.
1269 5516 1327 5568 Α.
