4064 6292
540 339 647 398 687
709 320 714 325 ⁷

1917 326 2200 386 JOANNIS
2235 327 2435 386 SCOTI

548 463 694 519 sunt,
725 463 828 517 est,
851 449 943 523 qui
968 449 1161 506 melius
1190 443 1484 506 nesciendo
1510 442 1699 503 scitur.
1752 443 1833 500 Ac
1884 459 1981 515 per
2014 445 2116 501 hoc
2142 453 2195 526 Δ
2219 444 2458 500 creditur
2496 440 2690 500 iecisse
2737 441 3018 511 mundum,
3046 438 3401 517 signiﬁcatur.
3427 444 3689 518 Quintilis
3732 451 3800 510 de

539 550 685 606 inter
711 561 810 602 nos
834 553 889 600 et
909 544 1075 610 illum,
1107 542 1198 613 qui
1226 542 1541 598 videbamur
1566 553 1586 582 ι
1649 538 1956 602 dissentire,
1986 554 2113 593 con-

476 634 487 701 ί
536 639 739 696 veniet.
773 636 830 691 Si
877 643 1058 689 autem
1073 631 1422 703 'responderit
1449 648 1463 685 :
1495 645 1669 699 neque
1695 629 1839 684 illam
1878 627 2116 699 negatio-

537 743 665 786 nem
687 727 808 784 dico
838 723 1008 780 nihilo
1035 721 1352 794 significari,
1390 736 1498 791 qua
1548 715 1774 791 negatdr
1813 718 1955 774 Deus
1994 731 2117 773 esse

538 820 668 892 quid
700 834 909 886 eorum,
934 832 1075 888 quae
1098 825 1243 882 sunt,
1271 814 1365 871 sed
1398 814 1564 878 illam,
1593 828 1732 884 quae
1756 821 1917 884 negat
1948 813 2118 868 Deum

476 908 480 913 ’
538 919 595 967 et
620 919 960 975 creaturam;
988 906 1295 962 necessario
1317 904 1595 970 fatebitur,
1624 904 1767 975 quod
1812 903 1996 973 negari
2026 917 2120 957 co-

536 1000 792 1065 nabatur,
824 1001 928 1055 hoc
947 1006 1049 1064 est,
1077 999 1142 1054 de
1170 997 1452 1068 negatione
1466 994 1552 1050 vel
1585 995 1607 1026 ⁸
1637 994 1936 1065 privatione
1978 993 2074 1049 Dei
2095 992 2118 1025 ³

538 1098 597 1148 et
628 1099 913 1147 creaturae
941 1088 1197 1145 mundum
1225 1087 1428 1142 lactant
1471 1085 1656 1141 fuisse.
1689 1084 1918 1140 Mundus
1952 1084 2121 1155 siqui-

539 1186 664 1242 dem
691 1185 758 1241 de
779 1184 1004 1241 materia
1034 1182 1249 1239 informi
1275 1181 1449 1238 factus
1480 1189 1596 1247 est;
1629 1180 1855 1236 materia
1876 1179 2122 1237 informis

539 1277 609 1334 de
634 1276 857 1333 omnino
880 1275 1081 1342 nihilo;
1114 1289 1178 1330 ac
1204 1287 1301 1345 per
1340 1273 1444 1329 hoc
1471 1280 1525 1329 et
1551 1272 1784 1327 mundus
1811 1271 1878 1327 de
1901 1271 2122 1329 omnino

536 1369 851 1429 nihilo.Non
863 1368 1027 1434 enim,
1042 1366 1325 1437 utopinor,
1343 1364 1561 1421 audebit
1589 1364 1791 1430 dicere,
1807 1378 1967 1419 omne
1981 1362 2124 1433 quod

540 1468 648 1526 est,
678 1467 773 1515 aut
797 1459 938 1515 Deus
967 1457 1011 1525 δ,
1059 1464 1153 1512 aut
1188 1464 1439 1512 creatura
1481 1462 1591 1523 est,
1642 1462 1735 1510 aut
1764 1455 1785 1486 ⁵
1828 1469 1931 1510 nec
1954 1454 2122 1521 Deus,

537 1566 643 1608 nec
662 1559 913 1606 creatura
940 1565 956 1616 ;
997 1563 1124 1604 nam
1169 1547 1216 1603 si
1251 1546 1476 1613 dixerit,
1505 1546 1650 1602 inter
1673 1560 1790 1611 eos,
1820 1545 1914 1617 qui
1940 1545 2126 1601 dicunt

540 1644 825 1700 materiam
845 1643 954 1698 Deo
972 1648 1315 1698 coaeternam
1338 1652 1479 1704 esse,
1503 1638 1920 1709 computabitur,
1938 1638 2005 1693 de
2017 1651 2124 1708 qua

536 1733 682 1790 Deus
707 1731 964 1789 mundum
993 1729 1188 1787 fecisse
1228 1729 1297 1785 ab
1326 1728 1392 1783 iis
1421 1728 1731 1799 putabatur.
1766 1728 1839 1783 At
1868 1727 1912 1783 si
1940 1741 2120 1793 omne,

2219 534 2601 592 constitutione
2630 535 2813 591 mundi
2832 535 3095 591 rationem
3117 536 3345 593 reddere
3363 538 3660 607 desiderat,
3686 542 3802 600 suis

2218 628 2544 698 sequacibus
2567 628 2751 700 eligat,
2787 629 2914 698 quid
2935 630 3193 697 suadeat;
3223 646 3324 689 nos
3356 641 3538 690 autem
3577 643 3802 694 nostrae

2219 721 2644 778 ratiocinationis
2676 720 2779 776 iter
2809 729 3106 788 teneamus,
3129 731 3186 778 et
3211 724 3468 794 quoniam
3508 740 3801 798 propemo-

2218 812 2348 867 dum
2368 810 2530 883 ‘ginter
2569 826 2669 867 nos
2698 820 2782 868 est
2807 812 3111 868 confectum
3155 814 3222 880 “,
3266 815 3448 871 omnia
3474 830 3544 872 ex
3578 817 3720 884 Deo,
3746 829 3803 875 et

2220 902 2386 958 Deum
2414 902 2469 957 in
2495 903 2747 959 omnibus
2780 918 2920 970 esse,
2950 913 3006 959 et
3032 920 3138 960 non
3170 905 3387 963 aliunde
3415 908 3518 964 nisi
3567 923 3639 965 ex
3683 910 3800 980 ipso

2219 993 2364 1050 facta
2389 1010 2531 1061 esse,
2562 997 2818 1067 quoniam
2845 1012 2913 1053 ex
2939 997 3056 1068 ipso
3083 1006 3141 1055 et
3159 1014 3259 1069 per
3287 999 3463 1070 ipsum
3489 1009 3550 1057 et
3590 1001 3646 1056 in
3685 1002 3801 1073 ipso

2220 1085 2360 1143 facta
2389 1097 2517 1144 sunt
2542 1089 2742 1155 omnia,
2771 1090 3041 1159 quomodo
3066 1092 3458 1165 quadripertita
3496 1096 3668 1152 totius
3705 1111 3803 1152 ns-

2223 1186 2377 1235 lurae
2424 1178 2681 1236 discretio
2731 1180 2843 1238 Deo
2885 1182 3202 1251 conveniat,
3246 1182 3403 1254 plane
3452 1200 3517 1241 ac
3559 1187 3801 1244 breviter

2221 1268 2559 1339 recapitules,
2582 1267 2784 1341 ﬂagito.

2290 1360 2379 1416 25.
2412 1360 2470 1415 In
2494 1361 2953 1432 disputationibus
2988 1379 3239 1436 namque,
3266 1374 3323 1423 et
3345 1367 3584 1425 maxime
3609 1368 3682 1426 de
3706 1368 3805 1426 ob-

2223 1452 2398 1508 scuris
2422 1453 2584 1509 rebus
2607 1454 2653 1486 ¹⁰
2680 1454 2908 1511 multum
2926 1455 3069 1513 valet
3095 1459 3542 1532 «imagini-iace,
3574 1464 3680 1518 hoc
3699 1474 3801 1531 est,

2225 1543 2626 1616 recapitulatio;
2679 1547 2919 1605 breviter
2983 1551 3129 1607 enim
3185 1564 3480 1631 aperteque
3522 1559 3803 1629 praedicta

2223 1638 2407 1695 omnia
2436 1639 2491 1694 in
2537 1641 2853 1698 memoriam
2898 1652 3138 1711 revocat,
3175 1646 3479 1717 mentisque
3523 1649 3805 1707 obtutibus

2224 1737 2442 1793 cuncta,
2471 1744 2609 1799 quae
2636 1739 2755 1785 acta
2776 1740 2923 1798 sunt,
2956 1731 3117 1788 simul
3152 1733 3435 1792 manifesta
3463 1746 3614 1793 sunt.
3659 1739 3799 1796 Hac.

537 1826 682 1897 quod
716 1832 821 1891 est,
850 1830 946 1880 aut
987 1821 1152 1888 Deus,
1180 1827 1273 1876 aut
1323 1827 1572 1877 creatura
1600 1827 1707 1887 est,
1736 1827 1792 1875 et
1843 1834 2001 1875 nemo
2031 1833 2121 1874 sa-
2147 1828 2196 1890 Β
2222 1817 2300 1873 De
2321 1819 2450 1886 Deo,
2469 1829 2529 1874 ut
2554 1821 2769 1891 opinor,
2798 1822 2937 1878 inter
2968 1838 3068 1880 nos
3094 1835 3442 1892 convenerat,
3467 1830 3615 1900 quod
3641 1831 3805 1887 totius

536 1931 670 1973 num
698 1916 721 1949 ⁸
750 1914 965 1986 sapiens
996 1910 1313 1968 aestimarit
1337 1911 1358 1942 ⁷
1406 1910 1665 1966 mundum
1728 1909 1793 1965 de
1838 1908 2124 1981 negatione

539 2008 637 2065 Dei
663 2016 720 2066 et
743 2016 1029 2064 creaturae
1072 2004 1300 2069 factum,
1321 2001 1647 2074 relinquitur
1675 2000 1785 2058 sola
1817 2002 1908 2056 illa
1957 2016 2124 2072 nega-

539 2101 619 2158 tio
645 2101 714 2158 ad
743 2114 965 2159 causam
996 2096 1182 2153 mundi
1212 2094 1464 2160 faciendi,
1497 2109 1636 2164 quae
1661 2092 1931 2150 ablatione
1958 2091 2124 2148 totius

540 2202 847 2258 creaturae,
878 2203 1040 2262 super
1065 2203 1249 2255 omne,
1284 2187 1430 2258 quod
1465 2186 1661 2243 dicitur
1703 2195 1759 2239 et
1786 2183 2121 2255 intelligitur,

539 2286 714 2344 Deum
740 2282 1006 2351 esaltans,
1037 2281 1174 2338 nihil
1200 2295 1411 2347 eorum,
1442 2293 1582 2349 quae
1608 2284 1734 2334 sunt
1761 2284 1815 2333 et
1841 2291 1981 2346 quae
2009 2290 2123 2332 non

541 2384 693 2443 sunt,
719 2390 841 2432 eum
877 2389 1000 2431 esse
1046 2373 1382 2445 pronuntiat.
1428 2371 1525 2427 Est
1550 2371 1693 2426 enim
1727 2368 2022 2425 maximum
2054 2369 2122 2425 de

542 2467 647 2523 hac
673 2466 884 2522 ratione
903 2471 1300 2537 argumentum.
1332 2462 1394 2519 Si
1420 2463 1525 2518 duo
1554 2460 1817 2533 quaedam
1844 2460 2124 2534 suntpeus

541 2566 598 2615 et
651 2566 920 2624 creatura,
974 2563 1067 2612 aut
1120 2555 1189 2610 ab
1229 2567 1335 2609 uno
1403 2552 1669 2624 principio
1728 2560 1873 2619 sunt,
1921 2567 1986 2608 ac
2027 2566 2126 2623 per

542 2649 647 2705 hoc
667 2648 908 2720 ejusdem
926 2656 1152 2704 naturae
1165 2676 1234 2687 —
1250 2662 1358 2703 non
1372 2646 1517 2702 enim
1533 2660 1597 2701 ex
1614 2646 1879 2716 principio
1902 2660 2008 2702 uno
2023 2661 2124 2701 na-

519 2744 771 2796 ‘scuntur
794 2737 1069 2795 contraria
1101 2736 1395 2793 secundum
1419 2744 1702 2802 naturam;
1757 2733 1842 2791 sui
1889 2747 2125 2804 namque

540 2827 789 2899 principii
804 2835 1054 2882 naturam
1070 2825 1426 2881 attrahunt—
1439 2832 1533 2880 aut
1543 2839 1642 2896 per
1662 2839 1720 2881 se
1738 2823 1844 2879 duo
1861 2822 2123 2895 principia

541 2930 668 2977 sunt
692 2922 909 2977 sibimet
931 2920 954 2953 ⁸
984 2919 1229 2976 adversa.
1256 2917 1390 2974 Nam
1419 2918 1560 2974 sicut
1606 2915 1979 2974 substantialia
2014 2929 2123 2971 non

541 3022 669 3069 sunt
689 3011 816 3079 duo,
847 3011 942 3068 sed
969 3026 1158 3066 unum.
1191 3009 1250 3066 Si
1269 3017 1449 3065 autem
1486 3008 1631 3065 Deus
1656 3016 1712 3064 et
1737 3017 1985 3065 creatura
2014 3021 2122 3063 non

542 3118 669 3163 sunt
687 3107 813 3174 duo,
844 3105 941 3163 sed
967 3120 1129 3160 unum
1161 3111 1217 3159 et
1245 3118 1445 3170 unum;
1478 3111 1572 3159 aut
1602 3102 1849 3172 aequalia
1880 3108 2025 3167 sunt,
2067 3108 2125 3155 et

2222 1909 2590 1967 universitatis
2610 1912 2877 1968 conditae.
2901 1913 3222 1984 principium
3254 1917 3343 1984 sit,
3375 1927 3432 1973 et
3459 1918 3726 1987 medium,
3752 1929 3805 1977 et

2222 2000 2495 2069 finis,uon
2524 2005 2666 2075 quod
2708 2006 2853 2063 aliud
2896 2007 2947 2063 ei
2993 2007 3064 2063 sit
3097 2024 3219 2066 esse
3265 2011 3609 2084 principium,
3658 2015 3804 2071 aliud

2222 2092 2482 2160 medium,
2514 2093 2659 2151 aliud
2694 2094 2848 2162 finis;
2896 2096 3030 2154 haec
3065 2099 3214 2154 enim
3240 2100 3344 2156 tria
3390 2102 3445 2157 in
3491 2105 3613 2176 ipso
3639 2121 3804 2162 unum

2223 2198 2380 2257 sunt;
2409 2190 2503 2246 sed
2541 2191 2685 2261 quod
2714 2189 3067 2263 Theologicae
3093 2196 3566 2267 contemplationis
3606 2200 3803 2271 triplex

2222 2286 2404 2335 motus
2425 2278 2514 2335 sit.
2552 2279 2722 2335 Aliter
2757 2280 2902 2335 enim
2930 2292 3179 2339 movetur
3218 2284 3522 2343 intellectus
3563 2289 3684 2345 sive
3708 2291 3805 2346 hn-

2223 2382 2435 2434 manus,
2465 2369 2580 2425 sive
2607 2367 2903 2440 angelicus,
2935 2372 3285 2430 considerans
3324 2376 3655 2448 principium
3684 2395 3805 2437 om-

2222 2459 2371 2516 nium
2394 2461 2562 2516 Deum
2585 2475 2734 2531 esse;
2764 2462 2920 2550 aliter
2944 2474 3276 2537 cegnoseens
3295 2469 3475 2525 omnia
3501 2470 3559 2525 iu
3584 2472 3732 2543 ipso,
3751 2484 3805 2532 et

2223 2568 2323 2625 per
2347 2554 2523 2626 ipsum
2550 2570 2692 2622 esse,
2737 2555 2898 2614 veluti
2929 2558 2984 2614 in
3012 2559 3245 2630 quadam
3279 2562 3605 2628 medietate;
3651 2566 3807 2623 aliter

2224 2645 2621 2717 contemplatur
2644 2646 2806 2704 tinem
2842 2649 3084 2705 omnium
3131 2650 3187 2706 in
3223 2650 3334 2708 Deo
3362 2668 3502 2722 esse,
3530 2665 3590 2712 et
3614 2657 3801 2724 Deum,

2224 2753 2384 2809 quem
2411 2742 2591 2796 omnia
2607 2751 2884 2812 appetunt,
2897 2753 2953 2800 et
2978 2745 3032 2800 in
3052 2760 3161 2817 quo
3180 2747 3482 2817 quiescunt,
3511 2759 3571 2806 et
3593 2752 3800 2809 vivunt.

2224 2828 2321 2887 Cui
2348 2831 2528 2887 sensui
2554 2830 2701 2888 favet
2728 2841 2950 2891 sanctus
2966 2834 3296 2908 Augustinus
3320 2838 3585 2898 inlibro"
3612 2855 3803 2902 octavo

2226 2921 2292 2978 de
2308 2922 2538 2980 Civitate
2566 2923 2683 2991 Dei,
2705 2925 2864 3005 tertio
2887 2928 3142 2999 capitulo,
3167 2931 3234 2987 de
3246 2931 3468 2991 Socrate
3481 2936 3801 3013 philosopho

2224 3015 2545 3107 disputans:
2586 3016 2832 3088 Nolebat,
2860 3021 3056 3092 inquit,
3090 3024 3386 3083 immundos
3417 3035 3640 3089 terrenis
3660 3036 3800 3107 capi-

2225 3105 2475 3162 ditatibus
2501 3108 2703 3163 animos
2723 3125 2833 3165 sese
2865 3112 3138 3168 extendere
3159 3114 3214 3169 in
3233 3115 3410 3172 dicina
3424 3105 3803 3193 contiguam.

540 3199 745 3256 nullum
774 3214 842 3255 ex
869 3197 1059 3254 altero.
1091 3195 1150 3252 Si
1177 3196 1321 3252 enim
1340 3194 1553 3288 duo,ex
1580 3210 1688 3251 uno
1715 3192 1865 3251 nasci
1894 3207 2113 3288 necesse
2139 3196 2184 3260 C
2214 3199 2487 3271 doquidem
2529 3200 2593 3255 ab
2624 3202 2688 3256 iis
2729 3219 2916 3258 causas
2967 3221 3141 3260 rerum
3180 3208 3380 3264 ridebat
3414 3192 3653 3283 inquiri,
3674 3232 3801 3288 quas

432 3295 439 3301 “
539 3300 645 3348 est.
679 3289 737 3346 Si
762 3298 945 3346 autem
972 3288 1117 3344 Deus
1153 3301 1221 3342 ex
1264 3286 1432 3354 nullo,
1466 3295 1717 3344 creatura
1742 3300 1871 3342 vero
1894 3299 1962 3341 ex
1993 3284 2124 3354 Deo,

540 3388 654 3445 erit
678 3402 848 3442 unum
876 3401 945 3442 ex
972 3384 1142 3440 altero
1183 3391 1239 3438 et
1290 3397 1396 3439 non
1448 3390 1574 3438 sunt
1598 3384 1619 3416 ’
1648 3380 1922 3452 aequalia;
1960 3395 2127 3437 unum

543 3493 780 3550 namque
802 3478 870 3534 ab
900 3475 1110 3548 aequali
1135 3474 1238 3533 sibi
1260 3489 1368 3530 uno
1393 3488 1500 3529 non
1529 3473 1783 3545 gignitur.
1807 3473 1879 3527 At
1906 3471 1952 3528 si
1975 3486 2129 3550 crea-

541 3582 667 3627 tura
689 3549 758 3628 ex
778 3572 889 3628 Deo
912 3570 1035 3636 erit,
1064 3569 1171 3627 erit
1215 3564 1357 3625 Deits
1386 3583 1572 3634 causa,
1603 3574 1851 3623 creatura
1879 3549 2057 3621 autem
2082 3565 2126 3598 ¹⁰

541 3663 784 3722 effectus.
833 3662 893 3718 Si
924 3669 1102 3718 autem
1148 3660 1224 3715 nil
1266 3659 1410 3716 aliud
1443 3660 1487 3691 “
1517 3666 1601 3715 est
1652 3657 1897 3724 effectus,
1949 3656 2052 3713 nisi
2082 3658 2126 3691 ¹⁸

541 3770 706 3814 causa
726 3755 892 3822 facta,
926 3753 1187 3825 sequitur,
1216 3752 1385 3808 Deum
1414 3765 1634 3808 causam
1674 3749 1721 3783 ⁸³
1749 3750 1806 3806 in
1846 3748 2127 3807 effectibus

454 3858 457 3862 '
542 3850 656 3906 suis
679 3847 832 3915 fieri;
862 3861 969 3903 non
993 3845 1136 3901 enim
1156 3859 1223 3900 ex
1256 3859 1421 3901 causa
1452 3843 1507 3898 in
1529 3841 1751 3900 effectus
1779 3857 1905 3898 suos
1928 3856 2124 3913 proce-

541 3939 638 4006 dit,
673 3938 819 4012 quod
845 3953 878 3993 a
909 3937 989 3993 sui
1030 3945 1222 3991 natura
1252 3934 1485 3991 alienum
1513 3933 1607 4002 sit,
1636 3933 1903 4005 siquidem
1946 3933 1999 3988 iu
2028 3947 2123 3988 ca-

539 4029 729 4096 lorem,
752 4037 807 4086 et
845 4028 903 4085 in
932 4026 1176 4083 “lucem
1219 4025 1296 4082 nil
1324 4025 1468 4081 aliud
1512 4024 1618 4080 nisi
1669 4024 1785 4096 ipsa
1832 4023 1913 4080 vis
1967 4022 2125 4093 ignea

540 4120 796 4192 erumpit.
835 4118 895 4176 Si
939 4128 1118 4176 autem
1151 4117 1272 4189 quis
1302 4116 1519 4183 dixerit,
1550 4131 1717 4172 unum
1740 4113 1975 4187 aequale
2018 4115 2123 4172 sibi

538 4228 705 4267 unum
731 4210 943 4284 gignit;
989 4224 1113 4265 nam
1143 4216 1198 4263 et
1237 4208 1380 4264 Deus
1425 4207 1601 4271 Pater,
1632 4206 1759 4262 dum
1811 4206 1882 4262 sit
1932 4220 2121 4274 unum,

539 4302 763 4375 aequale
788 4303 891 4359 sibi
913 4316 1104 4369 unum,
1132 4299 1305 4355 Deum
1319 4299 1363 4330 ¹⁸
1376 4298 1594 4377 Filium,
1607 4298 1806 4371 gignit:
1834 4304 2123 4368 cognoscat

538 4407 600 4449 se
626 4392 850 4448 nimium
875 4405 1079 4447 errare.
1114 4388 1335 4447 Summa
1377 4389 1641 4459 siquidem
1673 4398 1965 4459 sanctaque
1996 4386 2120 4442 Tri-

540 4484 685 4540 nitas
712 4498 821 4540 non
847 4490 931 4539 est
966 4496 1133 4537 unum
1176 4489 1231 4536 et
1254 4496 1419 4536 unum
1446 4490 1503 4536 et
1537 4497 1725 4547 unum,
1768 4482 1862 4537 sed
1892 4480 2117 4552 simplex

2227 3290 2424 3359 primas
2470 3299 2622 3362 atque
2646 3307 2878 3348 summas
2917 3310 3022 3350 non
3068 3296 3170 3351 nisi
3198 3297 3254 3352 in
3281 3300 3438 3355 unius
3455 3312 3503 3355 et
3542 3302 3589 3335 ⁸³
3612 3308 3800 3362 ταινικὶ

2228 3379 2326 3436 Dei
2346 3380 2610 3438 voluntate
2634 3400 2745 3440 esse
2767 3384 3029 3442 credebat.
3058 3385 3211 3444 Unde
3238 3398 3287 3444 et
3312 3389 3359 3423 "
3392 3408 3495 3448 non
3535 3411 3630 3450 eas
3649 3408 3799 3467 puta-

2227 3473 2338 3541 bat,
2361 3475 2462 3531 nisi
2490 3477 2740 3533 mundata
2762 3489 2933 3536 mente
2970 3497 3120 3552 posse
3151 3487 3536 3556 comprehendi.
3575 3488 3648 3545 Et
3685 3494 3799 3547 ideo

2224 3568 2527 3640 purgandae
2560 3570 2707 3626 bonis
2749 3572 2980 3627 moribus
3018 3576 3152 3629 vitae
3194 3580 3429 3634 censebat
3472 3582 3795 3653 instandum,

2226 3666 2281 3711 ut
2293 3657 2693 3729 deprimentibus
2708 3660 3007 3720 libidinibus
3021 3677 3332 3725 exoneratus
3343 3671 3553 3729 animus
3568 3678 3798 3734 naturali

2225 3748 2395 3820 vigore
2414 3751 2470 3805 in
2493 3760 2705 3808 aeterna
2730 3770 2786 3808 se
2819 3753 3100 3824 attolleret,
3122 3768 3469 3831 naturamque
3506 3767 3799 3839 incorporei

2222 3849 2269 3896 et
2302 3842 2738 3901 incommutabilis
2768 3845 3005 3916 luminis,
3033 3849 3124 3903 ubi
3150 3867 3342 3909 causae
3363 3857 3596 3912 omnium
3630 3860 3798 3930 facta-

2224 3949 2340 3989 rum
2366 3944 2678 3991 naturarum
2705 3936 2962 3994 stabiliter
3007 3940 3203 4008 vivunt,
3242 3943 3619 4015 intelligentiae
3658 3954 3796 4021 part1

2223 4036 2325 4081 tate
2375 4029 2712 4099 conspiceret.
2753 4031 2900 4087 Disc.
2932 4031 3196 4104 Perplane
3216 4037 3263 4078 I‘
3295 4052 3649 4109 convenerat,
3675 4046 3794 4116 quia

2223 4119 2361 4175 ratio
2389 4122 2670 4193 approbat.
2720 4122 2860 4182 MAG.
2906 4125 3045 4182 Dum
3083 4144 3212 4200 ergo
3259 4130 3324 4187 de
3369 4132 3553 4190 divina
3604 4149 3797 4195 natura

2221 4228 2354 4284 pure
2405 4216 2730 4286 percipimus
2755 4256 2771 4283 ,
2826 4218 2969 4290 quod
3026 4221 3269 4277 omnium
3338 4225 3662 4297 principium
3730 4232 3797 4287 sit

2220 4317 2276 4363 et
2320 4322 2528 4376 causa;
2599 4318 2682 4366 est
2743 4311 2888 4368 enim
2936 4310 3205 4388 ἄναρχος,
3258 4324 3314 4372 et
3358 4320 3583 4384 ἀναίτιος
3610 4362 3627 4388 ,
3697 4325 3797 4382 hoc

2218 4405 2323 4464 est,
2363 4397 2482 4455 sine
2523 4398 2807 4470 principio,
2853 4410 2909 4457 et
2950 4402 3069 4459 sine
3114 4419 3299 4473 causa,
3339 4408 3605 4479 siquidem
3666 4414 3796 4470 nihil

2220 4492 2517 4562 praecedit,
2547 4493 2692 4563 quod
2739 4491 2789 4549 ei
2830 4495 3098 4567 principii,
3138 4497 3224 4556 vel
3253 4514 3449 4558 causae
3491 4509 3793 4576 proportio-
3873 4562 3885 4571 ,

538 4583 595 4633 et
624 4575 958 4632 individuum
998 4590 1164 4630 unum
1192 4574 1249 4630 in
1302 4573 1477 4630 tribus
1516 4574 1965 4646 inseparabilibus
1990 4574 2118 4630 sub-
2145 4564 2196 4624 D
2221 4597 2345 4637 nem
2369 4582 2629 4650 οιιιίηραι,
2657 4583 2772 4655 ipsa
2800 4564 2931 4641 νει-ο
2971 4564 3231 4655 omnium,
3278 4564 3510 4662 quom“;
3535 4564 3703 4654 ca'usa
3746 4607 3797 4655 α

540 4667 779 4739 stantiis,
826 4674 880 4724 et
910 4665 1041 4724 illud
1091 4681 1254 4721 unum
1308 4665 1585 4736 multiplex
1624 4666 1825 4722 virtute
1863 4674 1965 4733 est,
2008 4682 2117 4723 non

538 4775 787 4827 numero,
816 4768 870 4816 et
896 4775 1003 4817 non
1022 4759 1241 4833 aliquod
1258 4760 1302 4791 ¹⁶
1325 4775 1489 4818 unum
1510 4767 1613 4825 est,
1631 4760 1726 4815 sed
1747 4759 2120 4815 univcrsaliter

538 4862 592 4910 ct
620 4852 828 4909 infinite
852 4868 1038 4921 unum,
1063 4860 1120 4908 et
1143 4868 1305 4923 super
1330 4866 1490 4908 omne
1512 4867 1696 4918 unum,
1723 4851 1866 4923 quod
1904 4851 2011 4907 dici
2035 4850 2118 4907 vel
2152 4854 2159 4865 '

537 4944 762 5017 intelligi
788 4953 986 5016 potest,
1027 4959 1165 5000 unus
1188 4942 1231 4977 "
1271 4957 1399 5013 ergo
1440 4942 1508 4998 ab
1531 4958 1659 5010 uno,
1690 4957 1797 4997 non
1848 4957 2011 4997 unum
2050 4940 2119 4996 ab

537 5057 665 5107 uno,
692 5039 857 5096 Filius
873 5055 903 5095 a
920 5040 1096 5095 Patre.
1125 5037 1230 5093 Sed
1251 5045 1439 5093 contra
1451 5035 1622 5102 eos”,
1645 5035 1737 5105 qui
1759 5034 1884 5089 talia
1898 5036 2118 5105 dogma-

538 5137 725 5203 tizaut,
756 5152 899 5193 nunc
920 5135 1076 5191 nobis
1103 5148 1282 5191 sermo
1311 5148 1419 5189 non
1450 5142 1564 5199 est;
1598 5132 1702 5187 hoc
1744 5139 1951 5186 tantum
1993 5145 2119 5200 pro-

537 5231 837 5299 posuimus,
877 5240 1140 5301 quantum
1186 5227 1333 5283 vires
1373 5225 1730 5296 suppetebant
1768 5223 2114 5293 investigare,

536 5320 665 5390 quid
693 5335 759 5376 eo
807 5320 1045 5389 nomine,
1081 5317 1226 5390 quod
1274 5325 1361 5373 est
1407 5315 1656 5382 nihilum,
1707 5314 1773 5371 de
1817 5324 1925 5385 quo
1976 5312 2118 5369 Deus

2222 4674 2546 4747 principium
2585 4684 2687 4742 est,
2714 4686 2959 4734 naturam
3004 4690 3196 4738 creat:
3242 4698 3350 4739 non
3379 4685 3653 4745 immerito
3679 4705 3799 4746 eam

2224 4765 2452 4821 dicimus
2482 4766 2798 4822 creatrieem
2821 4776 3093 4838 naturam,
3120 4782 3177 4828 et
3198 4789 3307 4830 non
3336 4786 3617 4847 creatam;
3652 4792 3803 4838 creat

2224 4870 2475 4927 namque,
2518 4864 2576 4911 et
2615 4872 2646 4911 a
2692 4856 2840 4915 nullo
2865 4862 3042 4916 creari
3090 4863 3315 4935 patitur.
3370 4866 3612 4924 Eandem
3646 4885 3801 4939 vero,

2223 4945 2459 5002 divinam
2485 4947 2696 5003 scilicet
2720 4958 2996 5019 naturam,
3019 4952 3182 5009 finem
3215 4956 3455 5012 omnium
3480 4972 3629 5026 esse,
3658 4962 3801 5019 ultra

2224 5050 2383 5115 quem
2414 5037 2572 5103 nihil,
2597 5045 2654 5092 et
2680 5037 2734 5092 in
2760 5055 2867 5110 quo
2894 5042 3075 5097 omnia
3100 5045 3451 5102 aeternaliter
3471 5047 3798 5119 subsistunt,

2223 5132 2664 5188 etuniversaliter
2682 5133 2825 5191 Deus
2844 5143 2991 5203 sunt,
3015 5149 3420 5209 cognoscentes,
3440 5158 3618 5215 neque
3646 5161 3801 5203 crea-

2223 5227 2357 5289 tam,
2381 5237 2556 5294 neque
2590 5224 2912 5281 creatrieem
2936 5227 3040 5284 rite
3066 5242 3355 5300 vocamus;
3411 5248 3518 5289 non
3552 5244 3797 5293 creatam

2221 5315 2460 5384 quidem,
2476 5315 2600 5387 quia
2628 5330 2661 5370 a
2685 5315 2829 5373 nullo
2846 5327 3080 5389 creatur,
3105 5336 3280 5395 neque
3303 5325 3654 5396 creatrieem,
3676 5328 3798 5400 quia

534 5510 540 5517 .
1796 5424 2056 5482 VARIAE
2115 5426 2517 5487 LECTIONES.

528 5546 538 5576 τ
629 5524 694 5581 ⁸0
725 5523 1045 5581 uidebantur.
1115 5522 1140 5556 ³
1185 5521 1262 5578 vel
1282 5537 1391 5579 om.
1411 5520 1478 5576 A.
1551 5519 1573 5553 ³
1602 5517 2025 5592 Pro_privatione
2056 5518 2154 5572 Dei
2178 5519 2223 5573 Δ
2248 5521 2520 5592 privativa.
2598 5523 2844 5582 ‘ADeus
2867 5537 2964 5583 est.
3041 5530 3064 5563 ³
3088 5540 3180 5585 aut
3221 5532 3410 5589 οπλα
3487 5533 3512 5568 s
3537 5534 3581 5589 Α
3609 5550 3794 5592 ,m

534 5595 561 5632 '
588 5595 635 5652 Α
657 5596 966 5651 aestimavit.
1062 5596 1085 5628 ⁸
1107 5593 1153 5647 Δ
1182 5594 1400 5649 sibimet
1417 5599 1558 5644 sunt.

534 5677 675 5721 tura.
752 5667 795 5701 ¹¹
830 5664 875 5719 Α
924 5682 1049 5720 non.
1126 5663 1169 5696 ¹³
1197 5679 1410 5717 causam
1450 5676 1560 5715 om.
1587 5660 1656 5714 A.

518 5734 661 5790 'uno.
738 5735 784 5770 ί·
809 5736 854 5788 Α
896 5734 1034 5791 illos.
1113 5732 1156 5765 "
1183 5732 1228 5787 Α
1257 5731 1551 5803 confectum
1593 5738 1692 5787 est.

519 5805 584 5860 .“
609 5803 656 5859 A
684 5803 872 5860 Plane.

519 5821 584 5864 ."
609 5821 656 5859 Α
684 5821 872 5860 ιἰαηε.

1896 5894 1977 5902 ...ιιι

1651 5592 1672 5622 ο
1702 5587 1807 5641 Pro
1849 5595 1908 5667 ct
1949 5605 2052 5643 non
2087 5600 2206 5643 sunt
2234 5589 2278 5642 A
2310 5606 2412 5644 non
2460 5610 2598 5648 vero.
2675 5596 2718 5628 ⁸⁸
2753 5597 2796 5651 Α
2843 5615 2983 5654 vero.
3058 5603 3101 5636 “
3136 5587 3243 5657 Pro
3277 5587 3797 5662 nil—aliudidcrea;

1651 5698 1656 5712 .
1757 5656 1805 5697 ι*
1844 5674 1898 5710 m
1938 5673 2047 5713 om.
2095 5658 2158 5714 C.
2255 5660 2299 5693 ιδ
2332 5677 2489 5714 unum
2543 5664 2707 5714 Deum
2741 5682 2853 5714 οιιι-
2883 5668 2945 5714 C-
3017 5669 3063 5711 ιο
3092 5671 3125 5714 Α
3160 5672 3360 5714 ηιὸιηήά
3453 5676 3497 5712 ιτ
3544 5673 3678 5714 nm:
3750 5673 3793 5714 ιε

1790 5726 1836 5759 ³⁸
1862 5725 1910 5783 Α
1941 5729 2090 5787 rebus
2118 5728 2371 5788 obscuris.

2255 5660 2503 5745 “alnum.
2543 5664 2707 5745 Deum
2741 5682 2853 5722 om.
3017 5669 3381 5745 ‘fAAJtlt'llttid.
3453 5676 3497 5712 ⁸⁷
3544 5660 3793 5745 ϐοαὶ.λῖ

2464 5733 2507 5765 ²¹
2539 5734 2673 5792 libro
2725 5753 2836 5794 om.
2879 5739 2942 5797 C.
3047 5741 3091 5774 ²²
3119 5740 3161 5799 C
3209 5733 3295 5799 ac.
3392 5745 3441 5789 ⁸³
3470 5753 3520 5801 et
3568 5733 3677 5802 om:
3714 5733 3785 5803 Ἀ.

2280 5878 2387 5891 δ-ο-σε-
