4064 6292
285 346 394 420 689

1148 348 1240 412 DE
1278 347 1623 411 DIVISIONE
1660 346 2015 409 NATURAE.
2054 379 2125 390 —-
2159 346 2362 405 LIBER
2399 344 2719 406 TERTIUS.

3461 347 3571 412 690

277 478 393 552 jam
417 472 616 536 desinit
642 486 845 537 creare,
870 468 1121 527 omnibus
1161 469 1217 525 in
1253 484 1381 526 suas
1424 476 1675 524 aeternas
1709 468 1876 523 ratio-
1901 475 1949 532 Α
1980 465 2108 539 quia
2150 464 2205 521 in
2252 464 2445 537 spiritu
2495 463 2723 535 apostoli
2771 461 3305 519 transformationem
3352 461 3569 523 Domini

282 583 402 633 nes,
434 568 490 622 in
519 563 716 637 quibus
739 562 1036 619 aeterniter
1064 562 1381 628 manebunt,
1407 568 1463 616 et
1489 567 1730 625 manent,
1747 575 1875 615 con-

280 658 482 721 versis,
516 653 882 728 appellatione
906 666 1122 723 quoque
1150 659 1430 707 creaturae
1457 649 1748 722 signiﬁcari
1780 650 1876 706 de-

281 748 623 808 sistentibus.
658 746 800 803 Deus
848 746 993 803 enim
1044 746 1221 800 omnia
1267 744 1324 798 in
1368 742 1607 798 omnibus
1649 742 1771 809 erit,
1820 748 1878 798 et

281 840 464 899 omnis
510 846 758 896 creatura
808 836 1241 903 obumbrabitur,
1297 834 1351 889 in
1404 835 1570 891 Deum
1626 834 1876 890 videlicet

280 946 571 997 conversa,
625 930 766 987 sicut
816 938 965 986 astra
1015 926 1130 984 sole
1180 927 1408 984 oriente.
1444 924 1674 983 Videsne
1720 942 1871 999 ergo,

278 1042 390 1099 qua
430 1025 646 1083 ratione
690 1039 855 1079 unam
912 1022 1249 1094 eandemque
1301 1029 1581 1087 naturam,
1637 1020 1874 1077 divinam

278 1118 599 1185 videlicet‘,
630 1116 782 1188 juxta
808 1115 1294 1174 considerationem
1312 1114 1563 1187 principii
1584 1130 1690 1171 non
1720 1129 1876 1169 creac

279 1220 391 1268 tam
420 1251 438 1278 ,
489 1211 585 1267 sed
633 1210 989 1276 creatricem,
1020 1210 1175 1281 juxta
1216 1224 1347 1265 vero
1397 1208 1519 1264 ﬁnis
1545 1207 1872 1280 speculatio-

275 1319 404 1362 nem
432 1318 536 1361 nec
590 1312 865 1370 creatam,
921 1318 1023 1359 nec
1072 1302 1393 1359 creatricem
1434 1316 1721 1372 possumus
1778 1317 1873 1374 ap-

275 1392 517 1465 pellare?
567 1393 715 1450 Dlsc.
764 1392 911 1450 Satis
957 1391 1145 1461 video,
1202 1393 1331 1464 quid
1392 1393 1495 1448 vis.
1549 1391 1677 1460 Dic,
1727 1393 1871 1464 quod

276 1496 471 1545 restat.
493 1487 632 1544 Msa.
653 1486 940 1544 Rationem
963 1486 1271 1543 medietatis
1297 1494 1504 1542 restare
1534 1484 1872 1541 solummodo

272 1578 534 1645 arbitror,
564 1595 706 1651 quae
745 1578 946 1650 duplici
996 1578 1159 1635 modo
1186 1575 1706 1649 contemplatoribus
1755 1575 1872 1633 suis

270 1669 497 1727 arridet.
528 1670 711 1727 Primo
754 1669 995 1742 quidem,
1028 1671 1246 1744 quando
1273 1679 1328 1727 et
1355 1671 1566 1737 creari,
1603 1679 1658 1727 et
1680 1684 1871 1727 creare

270 1763 606 1834 conspicitur
632 1764 811 1819 divina
841 1773 1057 1820 natura.
1086 1763 1317 1821 Creatur
1337 1765 1483 1821 enim
1511 1780 1540 1820 a
1566 1766 1741 1837 seipsa
1771 1765 1826 1819 in
1848 1765 1869 1796 ³

1976 559 2246 615 viderunt.
2298 557 2616 615 Vestimenta
2647 555 2791 612 enim
2824 555 2935 626 ejus
2984 557 3233 624 candida,
3278 557 3412 613 sicut
3455 558 3569 628 nix,

1982 648 2250 705 visibilem
2298 660 2647 715 creaturam,
2704 647 2759 703 in
2806 663 2945 719 qua,
2993 657 3048 704 et
3096 664 3191 720 per
3252 667 3415 721 quam
3468 650 3606 729 Dei.

1979 739 2263 809 Verbum,
2296 741 2438 813 quod
2493 741 2548 797 in
2595 739 2847 796 omnibus
2892 741 3173 805 subsistit,
3224 741 3563 814 intelligitur,

1974 833 2374 906 signiﬁcabant.
2421 833 2561 889 Audi
2632 831 2948 904 Apostolum
3000 831 3317 890 dicentem:
3367 833 3563 891 Invisi-

1975 922 2100 978 bilia
2139 924 2254 996 ejus
2280 941 2312 979 a
2335 924 2594 979 creatione
2641 922 2821 978 mundi
2849 940 2942 995 per
2964 940 3025 979 ea
3046 965 3061 991 ,
3087 940 3219 995 quae
3246 924 3388 996 facta
3414 933 3563 995 sunt,

1973 1013 2232 1071 intellecta
2254 1016 2665 1087 conspiciuntur,
2688 1018 3007 1087 sempiterna
3028 1034 3233 1089 quoque
3260 1018 3373 1089 ejus
3402 1019 3566 1076 virtus

1976 1119 2027 1162 et
2058 1108 2102 1141 "
2142 1111 2440 1165 aeternitas.
2484 1109 2631 1165 DISC.
2683 1108 3145 1182 Quadripertitam
3183 1120 3410 1168 naturae
3449 1111 3570 1169 uni-

1973 1201 2200 1259 versalis
2220 1202 2541 1259 divisionem
2566 1219 2709 1259 nunc
2732 1202 3035 1259 clarissime
3066 1204 3242 1269 video,
3270 1214 3326 1261 et
3346 1206 3412 1262 de
3433 1204 3565 1274 Deo,

1972 1307 2027 1355 et
2054 1300 2107 1354 in
2139 1301 2250 1357 Deo
2271 1316 2393 1357 esse
2435 1300 2809 1358 indubitanter
2843 1301 3247 1374 intelligendum
3275 1319 3567 1377 cognosco.

1972 1389 2204 1447 Proinde
2233 1391 2384 1447 ﬁnita
2414 1392 2517 1448 hac
2538 1392 2857 1463 quaestione
2879 1394 2945 1449 de
2966 1393 3160 1461 nihilo,
3178 1405 3234 1451 et
3260 1396 3328 1450 ad
3352 1411 3568 1467 purum,

1972 1490 2033 1538 ut
2054 1483 2267 1554 opinor,
2292 1483 2547 1552 deducta,
2574 1485 2640 1540 ad
2662 1484 3151 1541 considerationem
3179 1487 3370 1543 tertiae
3399 1487 3572 1558 partis

1971 1575 2259 1634 universae
2290 1587 2537 1645 naturae,
2564 1579 2631 1635 de
2660 1594 2766 1650 qua
2798 1578 3146 1650 praedicatur
3167 1581 3339 1637 creari
3367 1582 3569 1639 solum-

1973 1670 2154 1737 modo,
2186 1682 2242 1726 et
2282 1686 2387 1726 non
2415 1686 2638 1738 creare,
2689 1670 3021 1727 redeundum
3048 1687 3168 1728 esse
3216 1690 3426 1732 censeo.
3473 1658 3567 1733 'lta

1973 1762 2115 1818 enim
2141 1772 2385 1819 nostrum
2407 1765 2678 1835 promittit
2698 1764 3052 1836 propositum.
3077 1763 3334 1832 Quamvis
3353 1768 3498 1822 enim
3519 1765 3568 1802 “

248 1855 708 1928 'primordialibus
733 1857 935 1924 causis,
970 1873 1034 1913 ac
1055 1872 1151 1927 per
1173 1854 1539 1929 boc'seipsam
1566 1866 1739 1923 creat,
1763 1857 1868 1912 hoc
1898 1865 1945 1926 Β
1973 1853 2187 1924 quidem
2210 1854 2349 1910 aliae
2378 1856 2730 1926 quaestiones
2757 1854 3311 1919 introductae"sunt,
3341 1857 3451 1928 ipsa
3484 1866 3567 1913 ta-

268 1956 378 2014 est,
404 1948 458 2003 in
486 1948 601 2004 suis
631 1948 971 2019 theophaniis
1001 1949 1488 2022 incipitapparere,
1517 1965 1585 2005 ex
1605 1948 1858 2005 occultis-

267 2038 424 2096 simis
454 2048 680 2096 naturae
708 2056 839 2096 suae
877 2040 1076 2097 ﬁnibus
1104 2042 1293 2098 volens
1321 2057 1623 2113 emergere,
1661 2041 1714 2096 in
1739 2040 1858 2113 qui-

269 2130 372 2190 bus
401 2140 457 2187 et
485 2130 586 2187 sibi
611 2133 710 2204 ipsi
742 2135 1034 2205 incognita,
1065 2135 1167 2191 hoc
1183 2143 1290 2202 est,
1319 2134 1373 2190 in
1399 2135 1545 2191 nullo
1574 2150 1635 2191 se
1661 2150 1861 2207 cogno—

268 2223 397 2290 scit,
422 2224 547 2295 quia
580 2224 789 2280 inﬁnita
828 2236 929 2290 est,
984 2236 1040 2282 et
1090 2227 1539 2299 superuaturalis,
1581 2238 1636 2284 et
1673 2243 1860 2298 super-

267 2315 576 2371 essentialis
599 2316 643 2382 ³,
668 2324 723 2371 et
768 2331 931 2387 super
959 2333 1143 2384 omne,
1172 2319 1315 2389 quod
1346 2326 1525 2389 potest
1554 2317 1778 2389 intelligi
1806 2324 1862 2374 et

267 2421 377 2462 non
405 2416 603 2479 potest,
639 2410 974 2466 descendens
1002 2425 1132 2466 vero
1166 2411 1218 2465 in
1247 2411 1528 2482 principiis
1558 2398 1762 2477 rerum,
1796 2426 1861 2468 ac

267 2496 435 2554 veluti
477 2499 709 2570 seipsam
737 2514 932 2555 creans
982 2501 1035 2555 in
1060 2499 1082 2530 ’⁵
1128 2500 1310 2570 aliquo
1346 2501 1564 2557 inchoat
1593 2516 1732 2556 esse.
1764 2500 1862 2557 Se—

262 2592 447 2648 cundo
480 2607 629 2658 vero,
667 2593 794 2648 dum
843 2594 899 2649 in
928 2594 1187 2649 extremis
1214 2591 1497 2651 effectibus
1540 2595 1862 2665 primordia-

260 2677 400 2741 lium
427 2699 714 2739 causarum
743 2686 1091 2757 perspicitur,
1122 2688 1175 2741 in
1207 2688 1405 2757 quibus
1430 2690 1603 2745 creari
1628 2698 1862 2745 tantum-

259 2775 447 2841 modo,
489 2790 594 2831 non
627 2785 807 2833 autem
838 2792 1029 2836 creare
1055 2787 1206 2835 recte
1233 2781 1599 2850 praedicatur.
1634 2781 1863 2838 Creatur

260 2866 412 2922 enim
434 2866 767 2924 descendens
802 2869 856 2924 in
886 2877 1161 2927 extremos
1185 2869 1429 2940 eﬂ‘ectus,
1460 2872 1599 2928 ultra
1630 2889 1765 2943 quos
1787 2872 1861 2929 nil

261 2969 438 3027 creat,
485 2960 712 3033 ideoque
741 2963 940 3019 dicitur
979 2966 1155 3022 creari
1201 2966 1559 3031 solummodo,
1588 2976 1645 3023 et
1686 2966 1708 2998 ⁸
1753 2982 1861 3021 non

259 3069 474 3111 creare.
509 3054 622 3112 Non
651 3058 796 3113 enim
825 3057 967 3114 ultra
1000 3067 1278 3116 extremos
1310 3057 1533 3117 elTectus
1561 3060 1858 3128 descendit,

259 3161 375 3218 quo
410 3158 466 3204 et
492 3149 687 3215 creari,
710 3157 765 3205 et
804 3166 991 3207 creare
1031 3152 1324 3209 videretur.
1372 3152 1602 3209 Creatur
1651 3167 1781 3225 ergo
1806 3159 1863 3208 et

1962 1958 2087 1999 men
2135 1944 2488 2016 principalem
2539 1945 2823 2000 materiam
2860 1946 3040 2001 'tcrtio
3076 1946 3213 2001 libro
3258 1947 3559 2017 praestitit;

1960 2033 2078 2106 ejus
2106 2049 2339 2109 namque
2358 2036 2529 2107 gratia
2545 2034 2852 2107 diligentius
2890 2036 3294 2109 investigandae
3318 2036 3563 2095 incidens

1962 2127 2189 2184 aliarum
2218 2130 2644 2201 propositionum
2671 2133 2876 2188 theoria
2907 2133 3107 2189 inserta
3139 2142 3242 2190 est.

2031 2220 2121 2275 24.
2151 2219 2289 2275 MAG.
2338 2221 2503 2276 Recte
2531 2237 2752 2289 censes,
2787 2232 3109 2296 tempusque
3135 2227 3388 2296 postulat.
3438 2227 3548 2286 Sed

1959 2317 2109 2389 prius
2139 2316 2205 2371 de
2230 2316 2442 2371 senaria
2472 2317 2777 2388 quantitate
2803 2318 3011 2373 dierum
3035 2319 3472 2393 iutelligibilium,
3502 2322 3559 2380 in

1961 2421 2066 2476 qua
2098 2407 2239 2462 Deus
2279 2423 2444 2479 Opera
2475 2423 2571 2463 sua
2619 2406 2812 2463 fecisse
2858 2407 3072 2481 legitur,
3101 2410 3145 2466 si
3189 2412 3319 2482 quid
3363 2411 3565 2484 promi-

1962 2499 2153 2565 simus,
2187 2499 2411 2570 implere
2448 2499 2725 2556 debemus.
2755 2499 3002 2557 Breviter
3023 2503 3332 2571 dicendum,
3357 2506 3558 2577 partim

1961 2596 2178 2665 quidem
2236 2604 2548 2649 sanctorum
2606 2579 3188 2663 Patrumdntellcclus
3235 2606 3554 2668 sequentes,

1962 2687 2161 2757 partim
2190 2686 2335 2756 quod
2366 2686 2419 2740 in
2448 2685 2629 2740 animo
2658 2686 2807 2741 venit
2832 2689 2899 2740 ab
2928 2703 3014 2753 eo,
3040 2688 3131 2758 qui
3162 2687 3431 2745 illuminat
3460 2703 3559 2746 no-

1963 2786 2104 2834 stras
2128 2778 2380 2834 tenebras
2406 2778 2468 2842 '3,
2502 2786 2554 2833 et
2575 2779 2789 2848 quaerit
2817 2779 2869 2834 in
2896 2779 3193 2852 Scripturis
3216 2781 3330 2837 suis
3364 2784 3557 2855 quaeri

1962 2881 2016 2926 et
2046 2870 2297 2937 inveniri,
2323 2888 2429 2926 non
2459 2871 2718 2927 celantes.
2750 2871 2993 2929 Inﬁnitus
3018 2874 3284 2946 siquidem
3309 2877 3560 2935 conditor

1963 2975 2154 3015 sacrae
2206 2960 2523 3031 Scripturac
2568 2961 2621 3015 in
2671 2963 2943 3018 mentibus
2972 2966 3387 3036 prophetarum,
3439 2966 3562 3038 Spi-

1962 3051 2098 3107 ritus
2122 3060 2359 3119 sanctus,
2407 3052 2651 3109 inﬁnitos
2693 3054 2744 3109 in
2795 3070 2859 3109 ea
2907 3055 3190 3113 constituit
3232 3057 3558 3128 intellectus,

1964 3145 2195 3216 ideoque
2222 3146 2421 3202 nullius
2460 3148 2787 3218 expositoris
2829 3164 3021 3205 sensus
3066 3166 3282 3207 sensum
3337 3151 3559 3210 alterius

259 3249 418 3297 creat
457 3240 511 3295 in
540 3241 979 3312 primordialibus
1004 3245 1215 3312 causis;
1248 3244 1303 3299 in
1344 3260 1529 3301 carum
1566 3259 1696 3301 vero
1730 3242 1861 3302 eﬁ‘e-
1886 3253 1931 3317 ρ
1963 3238 2172 3306 aufert.
2206 3238 2498 3297 dummodo
2526 3249 2585 3295 ut
2634 3255 2800 3296 sanae
2841 3241 2967 3297 ﬁdei
2999 3243 3405 3319 catholicaeque
3435 3261 3562 3320 pro-

256 3328 442 3387 ctibus
453 3339 693 3399 creatur,
710 3342 765 3388 et
786 3332 807 3364 '
844 3349 950 3389 non
964 3345 1133 3391 creat.
1154 3333 1263 3391 Nec
1277 3334 1574 3402 immerito,
1598 3334 1858 3404 quoniam

258 3420 320 3479 in
346 3422 479 3494 ipsis
505 3422 667 3479 ﬁnem
689 3425 1058 3483 descensionis
1078 3443 1229 3496 suae,
1251 3429 1356 3485 hoc
1376 3436 1481 3495 est,
1506 3427 1858 3500 apparitionis

257 3529 395 3571 suae
429 3517 730 3573 constituit.
767 3518 945 3590 Atque
975 3520 1095 3577 ideo
1121 3520 1300 3578 omnis
1329 3532 1580 3578 creatura
1603 3536 1859 3592 corpora-

257 3604 350 3673 lis,
375 3615 538 3679 atque
561 3608 581 3641 '
628 3609 876 3677 visibilis,
905 3612 1262 3683 sensibusque
1289 3612 1649 3670 succumbens
1678 3622 1858 3670 extre-

256 3715 411 3758 mum
444 3701 659 3758 divinae
686 3711 914 3760 naturae
938 3703 1223 3777 vestigium
1263 3722 1370 3763 non
1400 3706 1697 3779 incongrue
1721 3706 1860 3762 solet

256 3791 642 3863 inScripturis
686 3795 966 3867 appellari,
999 3797 1143 3868 quod
1185 3798 1363 3855 omnis
1406 3798 1857 3869 contemplativus

256 3884 499 3951 animus,
526 3886 693 3943 veluti
720 3887 935 3958 quidam
967 3887 1517 3961 Moyses,ascendens
1544 3891 1598 3947 in
1626 3892 1855 3947 summi-

258 3987 428 4035 tatem
487 3980 762 4047 thcoriae,
809 3981 1144 4052 permittitur
1190 3983 1214 4016 ⁸
1262 3984 1561 4054 inspicere,
1605 3992 1661 4039 et
1712 3984 1855 4055 quod

257 4071 439 4128 adhuc
470 4074 554 4128 vix
593 4089 624 4128 a
651 4074 987 4145 sapientibus
1012 4075 1209 4133 animis
1246 4083 1428 4147 potest
1453 4077 1520 4132 ad
1549 4092 1746 4147 purum
1773 4076 1856 4132 di-

257 4166 472 4236 gnosci,
500 4164 945 4237 fumigationibus
992 4176 1327 4225 terrenarum
1385 4170 1793 4240 phantasiarum
1831 4171 1854 4206 '

255 4257 681 4330 strepitibusque
720 4259 764 4294 ι’
808 4259 1176 4327 mutabilium,
1222 4276 1324 4318 nec
1365 4279 1474 4319 non
1527 4263 1855 4320 coruscatio-

253 4347 423 4404 nibus
477 4349 657 4406 subito
695 4351 1068 4418 nascentium,
1122 4353 1411 4426 subitoque
1455 4356 1853 4412 transeuntium

251 4435 694 4511 hopedientibus.
743 4442 1199 4500 Paucissimorum
1240 4461 1505 4517 namque,
1546 4446 1778 4503 terrenis
1807 4446 1851 4479 “

253 4531 676 4603 cogitationibus
702 4535 919 4605 penitus
943 4545 1299 4605 remotorum,
1325 4539 1524 4595 virtute
1547 4549 1602 4595 et
1623 4539 1851 4596 scientia

1962 3329 2186 3387 fcssioni
2214 3332 2521 3397 conveniat,
2553 3322 2695 3404 quod
2727 3334 2958 3405 quisque
2998 3335 3174 3403 dicat,
3201 3337 3316 3393 sive
3339 3337 3562 3399 aliunde

1963 3422 2259 3494 accipiens,
2285 3423 2400 3478 sive
2430 3438 2461 3477 a
2494 3424 2693 3494 seipsa,
2719 3437 2750 3477 a
2780 3424 2891 3480 Deo
2922 3435 3100 3481 tamen
3130 3425 3465 3485 illuminatus
3485 3427 3555 3498 ⁸⁸,

1962 3514 2263 3571 inveniens.
2282 3514 2426 3570 Drsc.
2445 3514 2715 3571 Praecede
2734 3514 2780 3546 ¹⁰
2800 3531 2908 3586 quo
2926 3517 3007 3573 vis
3025 3517 3234 3583 ordine,
3261 3534 3454 3588 meque
3473 3527 3559 3576 at-

1961 3607 2139 3663 trahe.
2189 3605 2266 3662 Tc
2292 3606 2436 3662 enim
2477 3620 2692 3678 sequar,
2741 3616 2801 3663 ut
2842 3608 2888 3640 “
2920 3623 3141 3665 sensum
3165 3609 3412 3675 aliorum,
3458 3625 3558 3667 seu

1962 3707 2112 3755 tuum
2142 3699 2196 3754 in
2229 3699 2424 3755 talibus
2447 3716 2791 3771 cognoscam,
2812 3709 2869 3757 et
2894 3702 3037 3772 quod
3065 3717 3194 3758 vera
3223 3703 3382 3770 ratio,
3411 3717 3555 3775 quae

1959 3790 2015 3847 in
2042 3791 2295 3849 omnibus
2324 3801 2379 3847 et
2402 3792 2448 3825 “
2490 3792 2705 3862 quaerit
2742 3793 3027 3849 veritatem
3065 3803 3123 3849 et
3162 3793 3389 3862 invenit,
3420 3794 3556 3850 edo-

1959 3891 2102 3950 ceat,
2126 3883 2344 3955 eligam;
2368 3900 2475 3940 non
2497 3884 2621 3955 quia
2640 3882 2756 3954 jam
2778 3899 3003 3942 veraces
3025 3885 3331 3943 intellectus
3354 3886 3556 3943 discer-

1959 3993 2088 4033 nere
2113 3993 2143 4032 a
2170 3977 2447 4034 fallacibus
2484 3978 2708 4034 idoneus
2737 3978 2839 4033 sim
2870 3977 2936 4045 “,
2964 3978 3058 4034 sed
3099 3979 3244 4050 quod
3288 3978 3551 4035 similiora

1956 4070 2071 4127 veri
2088 4070 2137 4104 ”
2161 4069 2598 4127 dissimilioribus
2619 4086 2955 4142 praeponere
2978 4070 3028 4104 ³⁸
3050 4070 3295 4128 consulta
3321 4073 3554 4129 veritate

1957 4180 2063 4221 non
2090 4174 2291 4222 temere
2305 4164 2499 4220 ausim.
2525 4163 2667 4220 MAG.
2692 4163 2919 4221 Temere
2939 4179 3154 4236 quoque
3176 4173 3233 4220 et
3252 4165 3555 4223 inconside-

1957 4267 2074 4314 rate
2128 4257 2203 4311 nil
2257 4257 2419 4313 velim
2478 4256 2800 4329 approbare.
2864 4255 3301 4314 Primordialium
3366 4257 3552 4328 itaque

1956 4362 2245 4405 causarum
2287 4345 2578 4402 visibilium
2623 4356 2680 4405 et
2722 4346 3073 4404 invisibilium
3105 4346 3266 4404 simul
3298 4354 3352 4403 et
3379 4346 3550 4404 semel

1938 4431 2316 4519 conditionem
2345 4438 2559 4495 divinus
2585 4439 2844 4512 propheta
2891 4438 3104 4513 Moyses
3143 4439 3383 4495 breviter
3411 4439 3549 4497 scri-

1954 4531 2108 4597 bens,
2149 4529 2379 4587 dicendo
2411 4549 2423 4585 :
2450 4528 2517 4585 In
2538 4531 2796 4603 principio
2819 4530 2941 4603 fecit
2972 4530 3115 4587 Deus
3141 4530 3344 4587 caelum
3372 4541 3421 4587 et
3444 4541 3547 4589 ter-

248 4634 610 4699 purgatorum
622 4629 773 4695 est",
801 4630 970 4684 Deum
988 4630 1040 4685 in
1060 4631 1147 4687 his
1162 4630 1458 4688 visibilibus
1475 4633 1741 4690 creaturis
1756 4650 1849 4689 co-
1877 4693 1879 4700 ,

1962 4640 2096 4689 ram,
2129 4638 2426 4693 eorumque
2454 4623 2722 4680 occultam
2752 4623 2806 4677 in
2836 4622 3019 4678 divino
3054 4623 3302 4690 consilio,
3349 4623 3550 4681 incom-

248 4729 534 4789 gnoscere,
555 4717 696 4773 sicut
718 4718 991 4775 Abraham
1019 4721 1326 4792 patriarcha
1352 4723 1396 4755 ⁸³
1417 4738 1483 4778 ex
1499 4725 1854 4781 conversione

252 4807 495 4863 siderum
550 4812 831 4880 cognovit,
886 4810 1004 4883 lege
1056 4814 1290 4868 naturali
1336 4813 1502 4881 duce,
1576 4816 1850 4887 celerique

252 4901 430 4956 sancti
454 4899 642 4957 Patres
662 4912 788 4958 ante
815 4903 990 4974 legem
1019 4905 1297 4975 scriptam,
1320 4914 1376 4961 et
1406 4908 1459 4960 in
1489 4906 1625 4977 lege,
1659 4924 1849 4977 quem-

250 4990 546 5064 admodum
595 4992 773 5050 Moses
824 4995 879 5050 in
925 4996 1061 5051 rubo
1092 5004 1149 5050 et
1192 4996 1247 5050 in
1289 4997 1490 5053 montis
1541 4999 1844 5055 cacumine.

246 5080 497 5152 Apostoli
524 5084 648 5141 dein
679 5094 800 5156 post
845 5086 1019 5158 legem
1049 5085 1150 5143 sub
1180 5087 1353 5159 gratia
1383 5103 1506 5143 cum
1542 5085 1758 5144 Christo
1788 5089 1844 5144 in

247 5183 439 5232 monte
473 5191 571 5247 per
606 5177 894 5233 invisibilia
940 5179 1097 5249 quasi
1138 5178 1373 5234 visibilia
1422 5177 1469 5210 “
1496 5179 1737 5251 symbola
1787 5180 1844 5236 in

247 5267 437 5324 divina
486 5270 744 5343 mysteria
784 5271 1078 5328 introducti
1116 5280 1264 5329 sunt.
1312 5270 1424 5329 Hoc
1467 5281 1650 5329 autem
1696 5273 1839 5342 dico,
1888 5312 1893 5316 -

1954 4715 2485 4787 prehensibilemque
2531 4713 3018 4786 magniﬁcentiam,
3077 4716 3228 4784 prius
3279 4732 3441 4787 quam
3492 4718 3549 4774 in

1951 4808 2157 4864 formas
2187 4809 2507 4880 speciesque
2537 4805 2886 4877 proﬂuerent,
2912 4807 3088 4862 inanis
3118 4816 3292 4863 terrae
3316 4819 3371 4865 et
3393 4809 3441 4841 "
3460 4827 3549 4866 va-

1951 4920 2101 4971 cuae,
2137 4911 2231 4958 aut
2252 4900 2523 4957 invisibilis
2546 4910 2594 4956 et
2625 4901 3031 4972 incompositae,
3059 4902 3388 4958 tenebrarum
3411 4918 3543 4973 quoa

1949 5010 2055 5066 que
2085 5011 2241 5066 super
2269 4994 2515 5065 abyssum
2545 4992 2826 5049 vocabulis
2864 4993 3203 5066 significans,
3242 4996 3545 5053 inchoatio-

1948 5109 2071 5149 nem
2096 5109 2311 5165 quoque
2336 5093 2733 5165 procreationis
2751 5094 3223 5165 praeeonditarum
3252 5106 3542 5151 causarum

1946 5187 2002 5243 in
2053 5185 2276 5243 cil‘ectus
2321 5203 2449 5244 suos
2494 5187 2856 5260 appellatione
2915 5188 3149 5260 Spiritus
3199 5188 3290 5259 qui
3336 5187 3542 5260 fovebat

1947 5296 2139 5352 aquas,
2161 5280 2245 5336 vel
2270 5279 2537 5352 ferebatur
2563 5297 2722 5351 super
2740 5297 2929 5353 aquas,
2949 5279 3250 5347 insinuans,
3274 5278 3339 5334 ad
3358 5275 3541 5351 mysti-

1563 5410 1823 5469 VARIAE
1859 5411 2265 5474 LECTIONES.

244 5550 328 5621 1A
344 5547 542 5604 scilicet
570 5549 820 5621 divinant.
880 5549 1027 5607 “Cin
1044 5549 1219 5620 seipsa
1245 5565 1278 5604 a
1300 5546 1564 5620 primord.
1638 5550 1719 5621 ΡΑ
1745 5551 2206 5621 superaeterualis.
2282 5551 2303 5584 ⁸
2329 5551 2369 5608 C
2388 5551 2614 5620 seipsam
2634 5546 3061 5621 creansseipsmn
3084 5544 3159 5621 in.
3238 5545 3320 5601 ἐι
3340 5558 3450 5621 om.
3467 5542 3533 5601 A.

243 5619 339 5693 iet
361 5634 472 5674 om.
506 5621 593 5693 Αε,
649 5620 669 5653 ⁷
697 5622 741 5675 Α
769 5631 838 5676 et.
915 5622 938 5654 ⁸
965 5621 1009 5693 Α
1029 5619 1397 5693 ρει-ὶτιὶιιαηιικΔ
1450 5621 1485 5693 A’
1517 5620 1561 5676 A
1590 5619 1994 5693 phantasiarum
2041 5632 2390 5676 terrenarum.

242 5692 290 5724 ”
317 5704 528 5764 est_om.
549 5691 619 5764 C.
680 5693 723 5723 ¹⁸
748 5689 1054 5763 patriarcha
1083 5709 1193 5747 om.
1218 5694 1283 5747 A.
1363 5690 1408 5723 ³⁸
1433 5689 1600 5764 Aper
1623 5692 1847 5747 risithia
1868 5693 2111 5764 symbola
2143 5693 2447 5764 (invisibilia
2472 5692 2624 5763 quasi
2658 5689 2794 5759 om.)

2470 5615 2514 5653 λθ
2554 5623 2597 5675 Α
2623 5615 2946 5690 strepitibus.
3026 5618 3065 5649 “
3103 5615 3148 5672 A
3190 5618 3534 5687 terrenisque.

2472 5692 2624 5743 (ηιαδὶ
2658 5689 2794 5743 om.)
2873 5690 2917 5719 ”
2950 5699 2996 5743 et
3026 5704 3135 5742 otn.
3177 5687 3237 5742 C.
3315 5687 3360 5720 ¹⁸
3396 5686 3535 5741 enim

236 5778 358 5819 om.
385 5762 452 5834 C.
529 5763 571 5796 ¹⁷
594 5762 641 5817 Α
666 5755 998 5818 introductae
1021 5765 1368 5834 quaestiones.
1446 5755 1558 5817 "'A
1595 5765 1832 5817 tenebras
1866 5755 2097 5818 nostras.
2151 5755 2217 5801 ἰθ
2243 5762 2287 5834 ri
2318 5755 2647 5834 illuminatus
2672 5755 2848 5817 tamen
2890 5776 2921 5815 a
2956 5758 3083 5815 Deo.
3144 5760 3206 5833 ,⁸⁸
3227 5758 3273 5816 Δ
3298 5755 3537 5814 Procede

228 5834 354 5901 ,"A
376 5832 472 5890 rel.
548 5835 596 5868 “
618 5844 668 5891 et
688 5847 799 5891 om.
826 5833 893 5890 Δ.
968 5832 1090 5890 ⁸³Ἀ
1120 5850 1255 5891 sum.
1328 5833 1377 5868 “
1419 5834 1468 5890 A
1500 5850 1636 5891 uere.
1714 5833 1760 5866 "
1780 5834 1822 5889 Α
1858 5848 2166 5904 oraponere.
2216 5832 2355 5897 ν¹⁶Α
2382 5832 2496 5889 aut.
