4064 6292
561 270 658 330 691
1952 267 2071 328 10A
2080 266 2139 329 Nl

2272 269 2472 328 SCOTI
3746 274 3866 335 £93

561 404 678 444 eam
702 385 897 445 senarii
925 385 1133 442 numeri
1160 383 1413 441 virtutem
1440 381 1815 456 evplicandam
1845 383 2142 450 descendit,
2164 390 2221 457 ¹Α
2249 384 2469 454 ponitur
2504 366 2822 439 obscuritati
2869 390 3157 445 creaturae
3180 400 3282 457 per
3305 399 3365 442 se
3394 382 3569 460 ipsam
3594 390 3866 459 conside

563 482 811 551 inquiens
843 498 855 534 :
887 477 950 532 Et
976 479 1108 533 dixit
1139 475 1457 532 Deus:Fiat
1482 476 1594 541 lux,
1618 486 1664 530 et
1690 468 1832 547 facta
1858 476 2064 549 extllux.
2093 476 2148 531 In
2258 485 2426 532 ratae.
2454 475 2686 548 Ideoque
2707 477 2996 549 appellavit
3037 478 3179 534 Deus
3202 476 3372 534 lucem
3406 481 3567 547 diem,
3590 480 3865 553 splendo-

562 575 647 629 bis
672 582 855 628 autem
880 571 1062 627 verbis
1090 571 1367 640 multiplex
1400 579 1711 625 sanctorum
1742 568 1959 624 Patrum
1990 552 2150 627 intel-

559 669 731 724 lectus
760 666 1047 739 reperitur.
1105 666 1345 733 Quorum
1388 662 1479 717 alii
1517 662 1733 735 quidem
1768 662 2061 734 angelicae.
2093 670 2149 715 et

562 760 937 818 intellectualis
971 759 1219 815 Caelestis
1259 758 1529 814 essentiae
1569 758 1899 812 creationem
1950 755 2001 810 in
2046 754 2149 810 hoc

557 851 677 909 loco
723 867 908 907 sacrae
970 849 1285 920 Scripturae
1345 848 1701 918 signiﬁcatam
1760 862 1879 903 esse
1942 846 2146 903 discer-

557 936 721 1011 nunt;
750 944 841 998 alii
884 958 1013 998 vero
1058 941 1285 997 visibilis
1338 934 1496 1010 hujus
1543 940 1675 995 lucis
1722 951 1991 1001 naturam,
2043 938 2147 993 hoc

556 1047 670 1101 est,
722 1037 897 1106 ignem
954 1033 1553 1105 inconiprebensibilem
1600 1031 1806 1097 adhuc,
1862 1040 1917 1086 et
1955 1029 2145 1087 invisi-

556 1128 719 1184 bilem
792 1138 1031 1182 creatqu
1065 1125 1113 1194 ¹,
1181 1143 1321 1197 quae
1377 1126 1399 1181 ἓ
1457 1124 1793 1199 postmodum
1864 1123 2027 1180 veluti
2090 1123 2143 1179 in

560 1218 675 1273 suis
726 1218 747 1249 ³
790 1217 1024 1273 fontibus
1086 1232 1403 1289 emergens,
1476 1216 1528 1271 in
1589 1216 1909 1285 corporibus
1968 1215 2145 1269 aethe-

560 1309 669 1363 reis
710 1306 939 1374 refulsit,
981 1325 1044 1363 ac
1094 1308 1256 1364 veluti
1312 1308 1484 1378 spatia
1534 1308 1556 1337 ⁵
1601 1309 1760 1362 trium
1802 1307 2010 1361 dierum
2060 1320 2145 1361 oc-

557 1402 703 1459 eulto
736 1414 914 1460 meatu
951 1404 1207 1474 abyssum
1244 1402 1547 1475 superliciei
1574 1413 1754 1457 terrae
1784 1400 2043 1472 undique,
2083 1408 2144 1454 ut

557 1499 729 1561 aiunt,
762 1495 1095 1568 superfusam
1121 1495 1399 1550 lustrando
1418 1494 1641 1565 peregit.
1668 1494 1822 1560 Quod
1852 1501 2032 1548 autem
2063 1492 2145 1545 lu-

554 1587 635 1643 cis
690 1588 948 1644 vocabulo
996 1588 1149 1659 ignea
1198 1595 1412 1650 natura,
1450 1587 1624 1641 adhuc
1653 1583 1938 1640 invisibilis
1965 1592 2018 1640 et
2045 1599 2140 1639 oc-

553 1680 719 1746 culta,
742 1679 1006 1751 appellata
1034 1679 1122 1742 sit,
1152 1679 1281 1733 nulli
1307 1680 1502 1732 mirum
1532 1677 1901 1743 debetvideri,
1937 1691 2138 1748 cogno-

2254 580 2367 621 rem
2415 558 2665 621 videlicet
2708 565 2754 598 ³⁸
2790 567 3093 624 divinarum
3126 570 3417 635 rationum,
3452 573 3702 625 tenebras
3733 588 3859 627 vero

2253 668 2477 724 noctem,
2506 658 2608 714 hoc.
2640 668 2743 726 est,
2777 661 3151 716 obscuriorem
3183 661 3236 716 in
3272 666 3334 717 ‘se
3359 662 3474 737 ipsa
3500 672 3729 717 creatae
3750 678 3859 717 na-

2254 755 2406 804 turae
2454 749 2709 819 speciem.
2759 750 2912 819 Quod
2954 761 3135 807 autem
3166 754 3436 824 sequitur,
3464 752 3781 824 factumque
3810 754 3858 786 "

2249 851 2325 895 est
2359 858 2559 914 vespere
2582 852 2629 896 et
2664 859 2818 895 mane
2837 844 2949 898 dies
2977 860 3131 907 unus,
3164 843 3326 899 linem
3363 853 3617 915 peractae
3648 861 3856 915 opera-

2254 934 2436 1000 tionis,
2480 943 2534 988 et
2566 935 2963 991 inchoationem
2997 934 3272 1006 sequentis
3297 937 3606 1005 significare
3634 938 3852 993 volunt.

2252 1023 2405 1080 Mane
2425 1026 2590 1093 enim,
2622 1026 2675 1081 id
2698 1027 3101 1092 est,incboatio
3126 1029 3402 1100 sequentis
3425 1031 3772 1102 Operationis
3794 1029 3857 1084 I-

2255 1120 2337 1174 nis
2353 1131 2439 1175 est
2461 1122 2858 1190 praecedentis,
2886 1133 2937 1176 et
2952 1123 3331 1194 praecedentis
3347 1124 3614 1178 terminus
3631 1124 3854 1179 initium

2251 1219 2334 1267 est
2371 1213 2666 1282 sequentis.
2699 1212 2935 1283 Ideoque
2964 1213 3081 1268 dies
3109 1230 3247 1270 unus
3272 1214 3357 1268 vel
3401 1216 3613 1284 primus
3664 1215 3854 1269 finitur

2251 1320 2498 1376 vestiere,
2534 1306 2689 1376 cujus
2732 1320 2912 1371 mane,
2939 1305 3041 1360 boc
3069 1313 3174 1371 est,
3209 1306 3425 1360 initium
3458 1307 3510 1360 in
3547 1305 3689 1361 lucis
3718 1320 3852 1360 cou-

2252 1395 2457 1452 ditione
2512 1407 2900 1468 praeceSserat.
2935 1397 3081 1452 Haec
3110 1398 3346 1452 breviter
3375 1397 3518 1452 dicta
3555 1396 3600 1428 “
3634 1397 3706 1452 ab
3729 1395 3854 1452 alii

2250 1488 2580 1558 accepimus.

2317 1580 2408 1634 25.
2436 1579 2545 1636 Nos
2584 1589 2763 1636 autem
2791 1581 3221 1651 primordialium
3254 1595 3540 1637 causarum
3578 1574 3852 1636 conditio-

2248 1687 2393 1738 nem,
2440 1673 2556 1729 sive
2602 1674 2922 1738 visibilium,
2974 1674 3088 1730 sive
3119 1675 3490 1742 invisibilium,
3539 1673 3592 1729 in
3637 1673 3848 1729 factura

552 1773 745 1836 scenti,
796 1787 1005 1827 Sacram
1057 1770 1392 1842 Scripturam
1441 1786 1730 1825 causarum
1767 1770 1987 1825 nomine
2007 1769 2136 1824 eﬂ'e-
2241 1765 2375 1821 caeli
2422 1776 2477 1821 et
2521 1774 2701 1822 terrae
2752 1768 2805 1822 in
2857 1767 3146 1839 p’rincipio,
3169 1781 3466 1837 earumque
3518 1766 3574 1821 in
3620 1765 3849 1822 eﬂ‘ectns

552 1874 695 1931 ctus,
732 1873 787 1921 et
838 1863 1124 1921 elfectnum
1156 1880 1349 1919 causas
1371 1863 1641 1935 appellare
1671 1862 1867 1918 solere.
1904 1860 2140 1917 Effectus

551 1965 734 2013 autem
782 1957 973 2028 igneae
1022 1967 1250 2012 naturae
1281 1957 1367 2011 lux
1411 1966 1514 2013 est.
1544 1956 1703 2028 Ignea
1733 1956 1897 2028 igitur
1922 1965 2136 2023 natura,

550 2050 604 2109 in
652 2051 948 2123 primordio
1002 2067 1179 2106 rerum
1230 2050 1468 2115 condita,
1496 2049 1872 2105 uouninelucis
1900 2058 2141 2121 postmo—

550 2143 677 2198 dum
701 2144 769 2199 ab
798 2158 861 2198 ea
886 2158 1262 2213 processurae.
1296 2152 1351 2198 et
1374 2143 1550 2197 adhuc
1582 2142 1631 2195 in
1656 2156 1721 2195 ea
1759 2140 2003 2205 latentis,
2031 2154 2141 2194 non

551 2234 848 2306 incongrue
891 2236 1153 2305 appellata
1187 2245 1292 2298 est,
1329 2236 1578 2304 quamvis
1607 2233 1826 2303 quidam
1855 2232 1876 2264 ⁸
1915 2232 2141 2304 primiti-

550 2341 674 2381 vam
717 2326 891 2381 lucem
956 2324 1172 2380 fulsisse
1223 2324 1478 2380 continuo
1527 2325 1891 2389 arbitrentur;
1949 2333 2136 2378 contra

559 2433 695 2488 quos
745 2418 880 2473 satis
927 2434 956 2471 a
1010 2425 1197 2472 sancto
1249 2416 1550 2487 Augustino
1589 2425 1669 2471 est
1705 2425 1885 2471 aetum
1917 2415 1956 2469 ⁸.
1984 2414 2137 2483 Quod

552 2518 734 2563 autem
759 2509 1004 2579 sequitur
1029 2527 1040 2562 :
1062 2506 1497 2571 Etmidit,'»Deus
1526 2506 1713 2572 lucem,
1737 2507 1876 2579 quod
1890 2517 2018 2561 esset
2043 2508 2137 2561 bo-

552 2619 645 2668 na,
676 2614 724 2656 et
762 2600 935 2657 divisit
972 2601 1139 2657 lucem
1172 2620 1205 2656 a
1238 2602 1495 2668 tenebris,
1546 2599 1925 2673 appellavitque
1966 2600 2135 2656 lucem

550 2696 685 2750 diem
709 2705 755 2751 et
778 2695 1015 2750 tenebras
1039 2705 1274 2762 noctem,
1300 2705 1347 2750 et
1372 2693 1544 2765 factus
1566 2704 1641 2749 est
1663 2711 1866 2768 vespere
1903 2705 1950 2749 et
1985 2711 2137 2750 mane

548 2790 659 2867 dies
684 2807 840 2854 unus,
888 2790 954 2846 de
982 2790 1212 2861 simplici
1246 2790 1402 2845 laude
1431 2804 1727 2861 carporeae
1775 2789 1933 2855 lucis,
1960 2790 2134 2860 deque

549 2879 934 2952 temporalibus
982 2880 1301 2948 intervallis,
1359 2880 1555 2952 quibus
1596 2882 1741 2951 circa
1772 2881 2016 2937 tellurem
2042 2882 2133 2937 lux

534 2968 601 3025 'et
634 2972 821 3028 umbra
861 2971 1264 3028 vicissitudines
1293 2988 1421 3029 suas
1461 2982 1748 3043 peragunt,
1786 2974 1988 3029 dictum
2012 2987 2135 3029 esse

547 3065 879 3131 existimant,
929 3065 1021 3136 qui
1075 3074 1325 3120 naturam
1365 3064 1503 3120 lucis
1533 3056 1827 3136 corporeae
1857 3064 2129 3121 conditam

2244 1874 2371 1914 suos
2414 1859 2791 1929 processiones
2838 1859 2892 1914 in
2927 1860 3011 1915 bis
3043 1859 3224 1915 verbis
3256 1875 3445 1915 sacrae
3481 1859 3843 1931 Scripturae:

2244 1949 2371 2007 Fiat
2420 1952 2513 2008 luas
2565 1961 2620 2009 et
2655 1954 2879 2024 reliqua,
2931 1955 3175 2011 volentes
3205 1954 3537 2028 intelligere,
3585 1956 3839 2021 dicimus,

2241 2046 2518 2103 creatione
2564 2046 2698 2103 lucis
2736 2048 3138 2118 processionem
3174 2048 3609 2120 primordialium
3642 2064 3838 2104 causa-

2244 2155 2360 2193 rum
2418 2139 2470 2194 in
2517 2155 2643 2196 suos
2696 2137 2919 2196 eﬂ‘ectus
2967 2140 3283 2211 significari.
3321 2139 3454 2195 Nam
3485 2141 3531 2195 si
3562 2141 3711 2210 ipsas
3732 2139 3844 2214 prio

2244 2229 2535 2288 mordiales
2581 2246 2773 2287 causas
2799 2273 2814 2298 ,
2858 2241 3080 2303 propter
3130 2231 3844 2302 incompreliensitilitatem

2242 2328 2475 2376 naturae
2519 2335 2667 2388 suae,
2723 2320 3169 2394 incognitamque
3202 2322 3349 2376 omni
3381 2321 3685 2377 intellectui
3718 2321 3841 2378 alti-

2242 2414 2507 2479 tudinem,
2561 2414 2905 2470 tenebrarum
2958 2412 3214 2486 caligine,
3248 2415 3350 2470 hoc
3388 2422 3493 2481 est,
3540 2413 3844 2485 profundae

2242 2507 2578 2579 ignorantiae
2605 2507 2871 2563 densitate
2899 2505 3211 2578 superfusas
3246 2505 3526 2579 Scriptura
3566 2506 3840 2577 perbibet,

2240 2614 2363 2655 cum
2394 2601 2629 2655 dicitur:
2662 2599 2729 2654 Et
2757 2600 2997 2654 tenebrae
3032 2608 3182 2653 erant
3214 2616 3372 2669 super
3399 2599 3646 2671 abyssum
3670 2640 3686 2665 ,
3713 2596 3841 2669 quid

2241 2692 2458 2756 mirum,
2507 2694 2553 2748 si
2582 2693 2877 2750 declaratio
2915 2708 3105 2750 earum
3131 2694 3176 2732 ⁸⁷
3206 2693 3258 2748 in
3289 2691 3570 2750 effectibus
3602 2693 3719 2748 suis
3744 2707 3843 2765 per

2239 2783 2443 2841 formas
2464 2795 2518 2840 et
2537 2788 2746 2857 species
2766 2787 2901 2843 lucis
2926 2776 3146 2842 nomine
3159 2787 3567 2858 praedicaretur
3590 2802 3690 2857 per
3701 2786 3839 2840 hoc:

2243 2880 2308 2936 Et
2329 2881 2464 2938 dixit
2485 2882 2625 2938 Deus
2643 2900 2661 2938 :
2679 2879 2806 2937 Fiat
2827 2881 2943 2949 lux,
2962 2892 3009 2937 et
3031 2881 3173 2952 facta
3190 2890 3266 2936 est
3290 2881 3400 2935 lux.
3423 2878 3595 2934 Veluti
3616 2879 3742 2949 quis
3763 2878 3844 2933 di-

2238 2984 2408 3040 ceret,
2453 2958 2830 3047 primordiales
2878 2991 3095 3037 causas,
3136 2973 3189 3028 in
3216 2989 3276 3029 se
3302 2972 3434 3044 ipsis
3469 2971 3515 3005 "
3563 2971 3844 3042 inconspi-

2239 3081 2392 3132 cnas,
2446 3082 2771 3138 oinnemque
2830 3066 3163 3124 intellectum
3219 3065 3636 3129 obumbrantes,
3669 3064 3847 3135 jussit

547 3152 713 3210 fuisse
763 3154 786 3187 ⁸
827 3133 1184 3221 arbitrantur,
1214 3156 1430 3229 quando
1484 3133 1686 3213 dictum
1737 3167 1819 3213 est
1849 3172 1863 3211 :
1900 3156 1973 3211 Et
1995 3157 2135 3217 dixit
2162 3133 2208 3198 C
2240 3160 2385 3216 Deus
2430 3160 2483 3215 in
2526 3133 2729 3216 formas
2756 3160 3094 3232 perspicuas,
3121 3159 3440 3231 speciesque
3470 3133 3847 3227 intelligibiles

536 3245 686 3302 Deus
708 3261 727 3299 :
759 3244 883 3303 Fiat
916 3247 1030 3312 lux,
1052 3258 1099 3302 et
1130 3249 1273 3319 facta
1294 3260 1367 3304 est
1398 3248 1511 3303 lux.
1534 3248 1668 3305 Nam
1704 3250 1830 3322 quia
1866 3249 1921 3305 in
1947 3251 2132 3322 aequi—

534 3336 728 3396 noctio
753 3339 959 3395 vernali
982 3340 1158 3410 prima
1185 3340 1369 3396 mundi
1402 3341 1642 3397 conditio
1671 3343 1912 3397 creditur
1941 3341 2128 3411 fuisse,

543 3432 601 3489 in
634 3428 766 3504 'quo
809 3431 890 3487 sol
944 3432 1134 3502 aequis
1187 3433 1378 3504 spatiis
1419 3443 1474 3489 et
1517 3449 1678 3505 supra
1724 3442 1923 3489 terram
1957 3443 2010 3489 et
2032 3432 2132 3489 sub

549 3534 694 3582 terra
736 3524 759 3558 ’
811 3537 1076 3592 moratur,
1122 3542 1194 3581 xu
1264 3526 1517 3583 videlicet
1566 3527 1716 3584 horis
1762 3527 2133 3598 aequinoctia-

546 3619 709 3686 libus,
731 3629 1018 3691 propterea
1047 3627 1239 3690 putant
1264 3619 1466 3675 dictum
1502 3635 1659 3675 esse:
1701 3618 1892 3675 Diuisit
1926 3619 2062 3674 Deus
2088 3617 2130 3651 ¹⁶

547 3708 713 3767 lucem
745 3729 778 3766 a
808 3710 1051 3766 tenebris.
1075 3710 1152 3766 Ac
1175 3712 1218 3766 si
1246 3722 1433 3781 aperte
1457 3710 1750 3778 diceretur,
1781 3720 1949 3765 totum
1975 3708 2134 3767 unius

545 3789 652 3861 diei
691 3804 949 3875 spatium,
973 3802 1116 3876 quod
1141 3819 1269 3860 xxxv
1309 3803 1458 3859 horis
1481 3805 1778 3876 peragitur,
1810 3819 1981 3874 aequa
2010 3802 2132 3875 par;

548 3900 737 3979 titione
764 3899 906 3954 inter
930 3897 1072 3954 diem
1104 3897 1288 3953 divisit
1308 3907 1364 3953 et
1385 3908 1620 3953 noctem.
1651 3896 1751 3966 Qui
1782 3896 1824 3927 “
1856 3911 1982 3952 vero
2006 3912 2134 3952 con-

546 3986 808 4047 ditionem
852 3988 1129 4065 angelicae
1180 3997 1406 4045 naturae
1442 3988 1715 4044 creatione
1767 3988 1901 4043 lucis
1930 3987 2134 4060 signiﬁ-
2164 4009 2181 4027 τ

546 4092 726 4140 catam
769 4084 970 4140 rectius
1026 4092 1327 4148 autumant,
1378 4091 1624 4139 sanctum
1667 4082 2024 4156 Augustinum
2050 4097 2134 4138 se-

544 4166 795 4255 Quantas,
832 4176 1154 4235 divisionem
1197 4181 1240 4210 ¹¹
1291 4179 1428 4235 lucis
1457 4197 1488 4234 a
1531 4180 1767 4235 tenebris
1791 4190 1881 4235 aut
1932 4179 2137 4235 discre-
2162 4190 2189 4223 ‘-

550 4271 748 4351 tionem
790 4270 1039 4328 informis
1074 4272 1334 4328 materiae
1359 4282 1415 4328 et
1447 4271 1707 4329 formatae
1738 4283 2025 4329 creaturae
2055 4274 2138 4328 in-

547 4362 814 4435 telligunt,
843 4375 901 4418 ut
929 4364 1149 4418 nomine.
1179 4363 1315 4418 lucis
1340 4362 1604 4434 perfectio
1630 4363 1860 4430 formae,
1888 4364 2134 4419 tenebra-

550 4469 665 4508 rum
694 4468 824 4508 vero
847 4444 1198 4508 informitatis
1226 4452 1474 4508 confusio
1493 4454 1810 4524 accipiatur,
1844 4463 1937 4508 aut
1958 4453 2131 4523 dupli-

549 4530 665 4601 cem
696 4545 1014 4603 caelestium
1047 4538 1409 4602 essentiarum
1441 4538 1725 4601 tbeoriam.
1764 4545 1939 4602 Aliter
1975 4562 2131 4602 nam—

550 4652 656 4710 que
691 4638 1068 4694 consideratur
1100 4648 1359 4694 creatura
1389 4638 1442 4694 in
1479 4638 1779 4696 rationibus
1806 4639 1919 4697 suis
1952 4651 2130 4697 aeter-

549 4727 634 4782 nis
667 4727 719 4783 in
760 4726 894 4795 Deo,
934 4731 1239 4785 secundum.
1266 4745 1404 4801 quas
1430 4726 1645 4786 condita
1677 4742 1781 4798 est,
1813 4742 1869 4789 et
1903 4734 2059 4790 aliter
2079 4734 2133 4792 iu

547 4833 607 4876 se
639 4819 755 4890 ipsa
779 4819 878 4875 sub
918 4822 1049 4887 Deo,
1084 4822 1134 4876 in
1157 4833 1416 4894 quantum
1446 4832 1709 4882 creatura.
1735 4834 1838 4881 est.
1865 4825 1933 4882 Et
1959 4812 2135 4898 prima

545 4902 761 4983 quidem
807 4908 1172 4971 consideratio
1215 4913 1353 4972 lucis
1395 4908 1681 4985 vocabulo,
1730 4918 1966 4975 secunda
2004 4904 2135 4977 vero

547 4992 896 5090 tenebrarum
924 5004 1282 5077 significatur.
1330 5007 1399 5065 Ut
1444 5008 1589 5065 enim
1622 5009 1713 5065 lux
1741 5013 2019 5082 praecedit
2059 5023 2136 5070 te-

547 5100 746 5177 nebras
782 5100 825 5132 "
870 5100 1153 5173 dignitate,
1203 5102 1276 5158 ita
1317 5101 1537 5160 claritas
1563 5114 1907 5161 aeternarum
1962 5106 2133 5162 ratio-

547 5204 698 5258 num,
724 5192 1024 5249 secundum
1047 5208 1184 5264 quas
1208 5194 1383 5249 omnis
1403 5202 1651 5250 creatura
1676 5193 1821 5252 facta
1849 5206 1954 5263 est,
1979 5213 2136 5270 prae-

2236 3263 2292 3309 et
2332 3254 2614 3310 sensibiles
2667 3254 2710 3289 “
2763 3240 3059 3310 visibilium
3109 3260 3164 3308 et
3212 3250 3563 3307 invisibilium
3589 3250 3846 3321 prodire.

2237 3346 2353 3404 Non
2406 3349 2551 3403 enim
2593 3346 2740 3403 solus
2787 3347 2951 3412 Deus,
2976 3362 3165 3401 verum
3191 3346 3356 3400 etiam
3380 3342 3617 3399 omnium
3651 3356 3848 3397 rerum

2235 3440 2500 3513 principia
2548 3441 2895 3496 tenebrarum
2951 3438 3238 3504 vocabulo,
3289 3448 3428 3497 teste
3457 3436 3515 3493 S.
3548 3435 3844 3506 Dionysio,

2234 3534 2475 3591 solent’o
2505 3534 2558 3588 in
2582 3532 2812 3604 eloquiis
2853 3530 3114 3604 appellari
3143 3541 3372 3602 propter
3420 3527 3849 3598 incomprehen-

2233 3628 2444 3684 sibilem
2498 3626 2854 3682 inﬁnitatem:
2887 3626 3163 3697 processio
3198 3639 3328 3679 vero
3351 3622 3469 3693 ejus
3490 3637 3586 3692 per
3626 3618 3851 3693 princic

2188 3718 2322 3795 'pia
2381 3721 2433 3775 in
2493 3729 2773 3776 creaturas
2816 3718 3061 3774 visibiles
3112 3727 3169 3773 et
3216 3715 3538 3783 invisibiles,
3561 3730 3687 3770 suas
3712 3714 3852 3771 dico

2238 3800 2614 3882 theopbanias,
2666 3809 2935 3866 claritatis
2981 3808 3201 3863 nomine
3254 3808 3455 3865 meruit
3503 3804 3849 3877 signiﬁcari:

2234 3901 2289 3958 in
2311 3903 2441 3974 ipsis
2471 3905 2614 3959 enim
2639 3903 2873 3974 quodam
2902 3902 3062 3959 modo
3093 3901 3299 3973 patitur
3329 3899 3571 3971 intelligi,
3596 3898 3685 3970 qui
3717 3914 3853 3957 om-

2230 3994 2359 4051 iiem
2408 4004 2627 4068 superat
2679 3993 3033 4050 intellectum.
3100 3992 3227 4051 Fiat
3276 4009 3405 4065 ergo
3481 3993 3605 4058 lus,
3653 3990 3855 4064 inquit

2218 4085 2398 4151 ‘Deus,
2422 4085 2529 4141 hoc
2554 4092 2660 4151 est,
2696 4085 2993 4155 procedant
3019 4085 3399 4157 primordiales
3426 4099 3622 4141 causae
3653 4098 3727 4138 ex
3757 4084 3855 4141 in-

2236 4179 2818 4249 compreliensibilibus
2864 4189 3091 4236 naturae
3123 4195 3257 4236 suae
3287 4181 3514 4238 secretis
3545 4179 3596 4233 in
3620 4177 3855 4237 formas

2236 4292 2302 4332 ac
2327 4276 2370 4307 ¹¹
2397 4276 2608 4348 species
2635 4276 3177 4349 comprehensibiles,
3211 4274 3675 4344 intellectibnsque
3705 4288 3855 4329 con-

2239 4367 2613 4439 tetnplantium
2642 4381 2701 4423 se
2728 4365 3065 4434 manifestas,
3096 4364 3160 4421 Et
3194 4367 3338 4438 {acta
3359 4376 3434 4421 est
3458 4364 3583 4433 _lux,
3606 4362 3729 4417 Deo
3764 4363 3856 4419 vi-

2236 4458 2430 4520 delicet
2453 4458 2683 4523 volente,
2713 4467 2769 4513 et
2798 4459 3034 4525 dicente,
3067 4458 3374 4514 obscuritas
3403 4444 3853 4527 primordialium

2236 4565 2523 4607 causarum
2564 4549 2617 4604 in
2650 4547 2852 4605 formas
2877 4565 2942 4604 ac
2968 4548 3178 4622 species
3218 4549 3484 4621 processit
3523 4553 3750 4616 apertas
3776 4546 3851 4600 ".

2233 4643 2306 4698 Et
2326 4644 2498 4706 divisit
2526 4641 2664 4699 Deus
2689 4643 2857 4700 lucem
2880 4644 2927 4676 "
2949 4663 2981 4698 a
3007 4644 3250 4711 tenebris,
3280 4644 3385 4699 hoc
3411 4652 3515 4708 est,
3530 4639 3857 4710 segregavit

2238 4736 2486 4791 notitiam
2525 4734 2813 4791 ell'ectuum
2841 4735 2911 4791 ab
2938 4735 3276 4791 obscuritate
3310 4748 3531 4790 suarum
3555 4728 3854 4802 principa-

2240 4827 2372 4883 lium
2403 4843 2713 4884 causarum.
2746 4827 2955 4882 Divisio
2984 4827 3181 4899 quippe
3211 4826 3349 4882 lucis
3402 4844 3432 4880 a
3484 4822 3725 4879 tenebris
3764 4829 3856 4879 est

2241 4912 2498 4976 discretio
2543 4935 2724 4974 rerum
2774 4934 2871 4990 per
2911 4915 3116 4975 formas
3158 4934 3223 4974 ac
3252 4917 3300 4948 “
3329 4916 3537 4988 species
3562 4928 3851 4985 apparen-

2243 5008 2377 5069 tium
2405 5028 2436 5067 a
2467 5012 2749 5084 principiis
2773 5011 2905 5076 suis,
2957 5012 3011 5067 in
3056 5012 3255 5081 quibus
3299 5024 3514 5065 onmem
3572 5012 3854 5076 superant

2242 5106 2596 5163 intellectum.
2630 5106 2864 5176 ideoque
2890 5105 3193 5176 praedixit:
3224 5103 3292 5159 Et
3321 5100 3445 5159 vidit
3471 5100 3605 5157 Deus
3632 5096 3850 5169 lucem,

2240 5188 2364 5271 quia
2404 5211 2534 5258 esset
2555 5201 2711 5269 bona,
2742 5201 2846 5257 hoc
2875 5209 2978 5269 est,
2998 5190 3206 5272 placuit
3233 5197 3365 5267 Deo,
3389 5192 3669 5277 originales
3705 5209 3852 5250 cau-

1841 5401 1924 5456 VA
1933 5401 2093 5458 RIAE
2130 5402 2532 5462 LECTIONES.

616 5559 638 5596 ⁸
668 5559 710 5617 C
739 5566 986 5615 creatam.
1063 5556 1084 5587 ’
1108 5554 1201 5611 Sic
1222 5552 1294 5623 C;
1324 5554 1365 5609 Α
1412 5555 1523 5626 qui.

548 5696 674 5771 stini
702 5702 1011 5771 divisionem
1036 5696 1323 5771 sequentes.
1400 5696 1441 5728 ¹³
1464 5699 1507 5752 Α
1535 5697 1775 5771 tenebris.

1134 5554 1201 5638 Eic
1222 5553 1294 5623 C;
1412 5555 1523 5626 qui.
1614 5553 1697 5638 ’ΔΑ
1727 5555 1829 5638 his.
1905 5556 1927 5588 ⁸
1951 5559 2041 5615 Sic
2065 5558 2191 5628 AC;
2228 5559 2266 5615 f.
2292 5561 2547 5638 spatio?“
2575 5561 2667 5638 '_A
2695 5562 2931 5638 quidem.
2997 5562 3021 5596 ⁸
3052 5562 3329 5638 _A_actum
3359 5572 3454 5638 est.
3493 5560 3621 5638 _"_A
3663 5563 3840 5638 pidet.

550 5629 642 5698 ’ξᾼ
669 5648 798 5685 esse.
875 5628 897 5660 '
919 5629 960 5683 A
991 5627 1179 5698 aequis
1203 5627 1392 5696 spatiis
1423 5642 1582 5695 supra
1612 5636 1659 5680 et
1698 5627 1876 5681 subtra
1904 5640 2096 5685 (errant
2152 5627 2392 5689 moratur
2416 5672 2430 5687 .

550 5704 674 5756 uini
702 5702 1007 5756 divisionem
1036 5708 1323 5756 sequentes.
1400 5696 1441 5728 ¹³
1464 5699 1507 5752 Α
1535 5697 1775 5752 tenebris.
1876 5700 1918 5731 ”
1952 5701 1994 5754 A
2028 5701 2241 5756 scilicet.
2320 5703 2363 5735 ”
2406 5703 2430 5756 (

2509 5632 2551 5664 ¹⁰
2590 5632 2734 5689 Deus
2765 5649 2877 5689 om.
3000 5703 3008 5706 Α
3048 5633 3092 5666 ¹¹
3115 5634 3161 5688 Α
3184 5637 3332 5706 quia.

3410 5633 3454 5666 η
3477 5633 3519 5688 Α
3540 5631 3611 5705 _s.
3641 5631 3839 5705 aug.-

2900 5702 2944 5737 "
2974 5703 3116 5761 dicta
3148 5702 3258 5762 oin.
3307 5706 3372 5761 Δ.
3451 5706 3494 5738 "
3522 5703 3565 5762 C
3595 5702 3836 5760 illarum

2320 5703 2363 5735 ”
2406 5703 2447 5758 C
2469 5703 2666 5762 factum
2688 5712 2791 5762 est.

554 5762 600 5810 ⁸³
619 5773 665 5832 A
698 5774 859 5851 ipsas;
932 5769 975 5805 ι’
1003 5770 1051 5826 Α
1070 5762 1457 5842 sensibilesque.
1532 5768 1577 5801 ’°
1592 5766 1760 5845 Cani;
1788 5768 1878 5829 AC
1906 5771 2059 5833 solet.
2139 5772 2185 5812 “
2208 5772 2255 5832 Α
2281 5785 2351 5832 et.
2436 5762 2481 5809 ’ί
2509 5772 2602 5833 Sic
2625 5773 2696 5834 ϐ’
2728 5777 2777 5833 Δ
2804 5788 3008 5837 auerte.
3082 5776 3138 5812 ³³
3166 5772 3339 5837 lucem
3356 5790 3467 5838 om.
3496 5776 3563 5835 Α.
3590 5786 3613 5798 ”
3638 5774 3686 5809 ⁸⁸
3710 5774 3762 5834 Δ
3779 5782 3839 5836 κ
