4064 6292
289 215 395 274 693

1149 221 1239 280 DE
1276 223 1617 285 DlVlSlONE
1654 226 2007 287 NATUBAE.
2047 261 2120 277 σ-
2154 229 2359 289 LIBER
2396 231 2719 294 TERTIUS.

3450 232 3558 293 69‘

285 345 402 405 sas,
440 336 830 425 anteuomnem
881 343 1187 393 creaturam
1221 338 1358 395 ultra
1401 356 1616 398 omnem
1658 342 1871 401 intelte-
1901 350 1946 423 Α
1977 347 2073 415 alii
2102 356 2271 405 totum
2301 351 2537 422 spatium
2564 351 2704 407 ultra
2726 351 2930 418 lunam,
2956 351 3045 408 ubi
3072 350 3406 425 planetarum
3434 365 3558 423 cor-,-

287 430 438 478 ctum
457 422 722 505 conditas,
741 423 1104 505 intellectibus
1123 428 1237 485 sive
1263 430 1535 505 humanis,
1565 432 1680 487 sive
1707 448 1869 503 ange—

283 513 415 569 licis
441 512 561 569 luce
599 502 832 585 quadam
861 502 1269 590 intelligentiae
1292 522 1604 593 superfusas
1644 502 1871 579 manife—

283 606 443 665 θωπί.
477 604 869 681 Appellavitque
915 611 1083 668 lucem
1121 614 1276 675 diem.
1306 626 1355 670 et
1377 616 1615 670 tenebras
1646 627 1867 684 noctem,

285 698 393 754 hoc
442 692 558 766 est,
606 701 1100 774 contemplantibus
1138 708 1334 763 animis
1386 709 1660 780 praestitit
1698 710 1869 764 mani-

284 789 627 850 featationem
679 796 967 853 visibilium
1015 810 1069 855 et
1123 801 1466 858 invisibilium
1517 817 1614 873 per
1668 802 1869 859 formas

281 894 339 942 et
389 887 599 957 species
641 889 783 971 diem
849 891 1159 962 appellare,
1219 909 1403 950 eorum
1461 910 1591 952 vero
1630 895 1681 949 in
1719 896 1873 965 prin-

279 978 445 1051 cipiis
505 981 620 1038 suis
682 981 1277 1057 incomprehensibilem
1341 988 1676 1044 altitudinem
1748 1006 1868 1045 ont—

282 1073 452 1143 niqoe
504 1075 723 1131 condito
784 1076 1075 1153 intelietttui
1137 1080 1462 1151 incognitam
1520 1096 1713 1136 vocare
1775 1095 1871 1134 no-

278 1173 445 1219 ctem.
489 1164 815 1237 Factumque
868 1181 944 1223 est
990 1186 1192 1240 vespere
1245 1182 1293 1227 et
1340 1190 1512 1237 mane,
1555 1176 1666 1228 dies
1709 1189 1865 1227 unus.

277 1254 538 1324 Quamvis
560 1260 704 1314 enim
733 1260 876 1316 inter
915 1263 1297 1318 obscuritatem
1331 1281 1635 1330 causarum,
1676 1276 1733 1322 et
1761 1266 1869 1321 cla-

278 1347 497 1403 ritatem
527 1349 815 1407 eﬂectnum
842 1353 1034 1409 divisio
1058 1355 1381 1427 intelligatur
1404 1374 1468 1413 ac
1496 1359 1512 1391 ¹
1542 1359 1866 1425 ditl‘erentia,

275 1451 421 1494 unus
448 1448 631 1497 tamen
663 1443 914 1513 idemque
940 1445 1056 1501 dies
1100 1455 1203 1512 est,
1224 1448 1347 1503 hoc
1371 1461 1473 1513 est,
1516 1465 1655 1505 unus
1680 1466 1866 1507 eorum

274 1531 603 1590 intellectus.
654 1535 769 1592 Non
806 1539 949 1593 enim
999 1539 1099 1594 alia
1149 1552 1398 1599 creatura
1447 1544 1764 1617 intelligitur
1813 1549 1866 1603 in

273 1626 460 1680 causis
487 1626 652 1693 facta,
683 1628 786 1683 alia
824 1630 875 1684 in
900 1630 1181 1690 effectibus
1202 1650 1488 1690 Causarum
1513 1638 1743 1702 condita,
1772 1639 1865 1694 sed

1974 458 2102 513 pora
2147 451 2199 499 et
2226 458 2417 503 cursus
2452 460 2573 501 esse
2597 444 2892 509 creduntur
2917 444 2983 507 ⁸³.
3016 460 3139 501 cum
3169 444 3286 516 ipso
3312 453 3557 499 extremo

1975 536 2177 590 ambitu
2201 536 2462 603 siderum,
2496 536 2585 591 alii
2619 545 2791 593 totum
2814 517 2991 598 inane,
3016 538 3156 607 quod
3180 538 3321 591 circa
3354 544 3553 591 terram

1972 625 2225 692 volvitur,
2254 627 2358 683 hoc
2387 639 2469 684 est
2490 643 2636 691 aera,
2660 636 2713 683 et
2740 628 2984 692 aethera,
3008 626 3557 696 sublimissimamque

1973 719 2259 788 sphaeram
2318 734 2426 775 uno
2476 720 2738 775 vocabulo
2793 712 3117 775 ﬁrmamenti
3172 714 3556 789 comprehendi

1972 821 2271 866 autumant.
2319 811 2433 866 Non
2461 814 2603 868 enim
2629 812 2790 879 alibi,
2821 820 2880 870 ut
2904 813 3075 878 aiunt,
3110 812 3302 883 legitur
3341 811 3384 844 "
3414 810 3558 895 aeris

1971 914 2027 960 et
2049 905 2283 977 aetheris
2308 906 2351 938 "’
2380 907 2635 963 conditio.
2686 906 2865 975 Quare
2894 918 3073 962 autem
3105 906 3194 962 tali
3221 907 3434 963 nomine
3460 921 3554 961 vo-

1971 1008 2146 1064 catur,
2180 1008 2341 1070 prout
2368 999 2656 1071 unicuique
2686 1001 2858 1055 visum
2900 1008 2999 1063 est,
3040 1000 3112 1054 ita
3146 998 3425 1067 exposuit;
3466 995 3556 1053 alii

1970 1091 2187 1159 qnidem
2218 1099 2439 1160 propter
2463 1090 2505 1123 ¹⁸
2539 1092 2987 1146 sustentationem
3010 1091 3349 1162 superiorum
3392 1072 3558 1159 aqua;

1971 1199 2088 1238 rum
2121 1183 2186 1246 ",
2220 1184 2383 1239 veluti
2412 1199 2574 1254 supra
2605 1184 2732 1239 illud
2764 1183 3075 1254 corporales
3102 1168 3281 1255 aquae
3300 1184 3439 1250 sint;
3467 1181 3556 1238 alii

1970 1274 2093 1344 quia
2147 1275 2341 1331 choros
2393 1275 2629 1329 siderum
2681 1276 2943 1330 sustineat
2963 1274 3028 1338 '°,
3084 1275 3246 1329 Veluti
3292 1262 3557 1345 quaedam

1970 1368 2270 1438 ponderosa
2306 1381 2571 1436 corpora;
2625 1366 2715 1422 alii
2741 1366 2864 1435 quia
2900 1372 3069 1420 totum
3106 1365 3370 1419 visibilem
3402 1379 3563 1441 mon-'-

1970 1460 2096 1516 dum
2122 1462 2262 1515 intra
2290 1476 2348 1516 se
2380 1460 2653 1516 contineat
2685 1476 2748 1515 ac
2779 1459 2955 1514 ﬁrmet
2985 1460 3052 1513 υ.
3087 1456 3196 1514 Nec
3224 1460 3437 1524 desunt,
3467 1453 3557 1526 qui

1970 1552 2201 1622 spatium
2222 1550 2636 1622 corpulentioris
2660 1551 2820 1620 hujus
2846 1551 2987 1607 aeris
3010 1567 3074 1607 eo
3103 1549 3318 1606 nomine
3342 1547 3561 1621 proprie
3654 1594 3659 1599 .

1969 1645 2151 1700 vocari
2184 1643 2388 1707 volunt,
2412 1660 2476 1699 eo
2496 1645 2636 1713 quod
2662 1646 2852 1707 nubes,
2877 1644 3102 1711 pluvias,
3129 1643 3348 1705 imbres,
3383 1641 3554 1707 nives,

270 1735 384 1776 una
428 1724 722 1794 eademque
763 1726 816 1782 in
856 1730 1153 1786 rationibus
1177 1735 1432 1798 aeternis,
1465 1735 1627 1803 veluti
1659 1740 1708 1792 in
1735 1739 1861 1808 qui-
1894 1724 1936 1783 Β
1963 1736 2272 1806 grandines,
2294 1751 2582 1806 omneque,
2627 1736 2770 1805 quod
2798 1750 2864 1790 ex
2904 1735 3133 1790 terrenis
3169 1733 3457 1803 vaporibus
3500 1732 3552 1788 in

270 1811 503 1871 busdam
537 1819 775 1874 tenebris
815 1824 1214 1880 secretissimae
1242 1828 1564 1897 sapientiae,
1610 1832 1864 1902 omnique

270 1902 556 1962 intellectu
603 1923 844 1966 remo’ae
886 1911 1092 1979 facta',
1121 1924 1175 1970 et
1214 1916 1273 1972 in
1314 1921 1748 1987 processionibus
1776 1939 1863 1979 ra-

270 1996 483 2052 tionum
509 1999 533 2031 ⁸
563 2002 614 2054 in
644 2002 869 2057 eﬁectus
892 2003 1254 2063 intellectibus
1295 2012 1677 2078 succumbens,
1700 1990 1863 2071 veluti

266 2087 327 2144 in
351 2093 581 2161 quadam
605 2094 692 2149 die
716 2096 987 2168 perfectae
1031 2100 1252 2155 noiitiae
1278 2104 1641 2160 manifestata.
1669 2106 1814 2162 llaec
1842 2105 1864 2173 ξ

266 2188 453 2238 autem
493 2183 559 2241 de
584 2186 839 2256 operibus
868 2191 1025 2260 primi
1075 2192 1427 2261 intelligibilis
1452 2196 1555 2251 diei
1600 2212 1861 2269 congrua,

266 2283 327 2330 nt
356 2278 567 2346 opinor,
598 2279 1073 2353 intelligentiarnm
1108 2288 1613 2356 proportionalitate
1656 2291 1859 2360 addidi,

264 2383 379 2424 non
402 2380 461 2424 ut
511 2386 685 2427 meum
715 2390 952 2441 sensum,
982 2378 1146 2433 veluti
1170 2379 1192 2411 '
1217 2395 1280 2434 ex
1309 2396 1392 2435 me
1421 2383 1535 2450 ipso
1564 2394 1859 2454 repertum,

265 2461 500 2518 aliorum
526 2464 888 2524 intellectibus
910 2471 1065 2525 veli'n
1093 2472 1386 2543 praeferre,
1411 2478 1552 2553 quod
1577 2476 1737 2541 absit,
1766 2478 1861 2533 sed

265 2556 644 2622 considerans,
690 2562 831 2616 veris
856 2564 1405 2634 contemplationibus
1432 2583 1538 2623 non
1571 2570 1859 2624 admodum

261 2649 560 2715 resistere,
611 2653 1149 2727 primordialiumque
1200 2674 1488 2715 causarum
1544 2663 1596 2716 in
1636 2662 1861 2721 effectus

260 2741 441 2798 suos‘
492 2744 916 2816 profusionibns,
958 2750 1023 2805 de
1064 2751 1258 2821 quibus
1288 2771 1425 2809 nunc
1453 2755 1685 2827 agimus,
1724 2772 1858 2812 con-

262 2836 475 2893 venire.
531 2837 676 2895 Drsc.
728 2840 802 2897 De
858 2844 1111 2911 operibus
1165 2861 1260 2901 sex
1304 2847 1600 2919 primorum
1649 2848 1858 2905 dierum

262 2930 524 2999 quoniam
548 2930 698 2987 multi
730 2942 785 2988 et
814 2950 1027 3006 graece,
1054 2945 1107 2992 et
1136 2938 1303 2993 latine
1334 2938 1500 2993 multa
1532 2954 1853 3012 exposuere,

260 3020 509 3076 breviter
559 3030 614 3078 et
672 3025 945 3082 succincte
995 3043 1137 3083 nunc
1195 3028 1575 3100 disputandum
1634 3041 1736 3088 est.
1788 3031 1855 3088 Et

261 3112 412 3181 quod
452 3112 520 3169 de
558 3116 729 3186 prima
761 3116 879 3173 luce
923 3134 952 3173 a
1001 3128 1052 3174 te
1082 3098 1295 3176 dictum
1314 3132 1417 3186 est,
1462 3124 1672 3179 videtur
1719 3125 1851 3182 mibi
1883 3098 1927 3159 Ο

260 3201 531 3261 aﬂuere.
579 3205 705 3264 Sive
732 3209 929 3265 venim’
972 3211 1333 3268 conditionem
1367 3212 1524 3283 hujus
1565 3214 1701 3271 lueis
1729 3232 1854 3272 cor-

258 3298 462 3367 poreae
490 3298 918 3355 substantialiter
948 3304 1001 3358 in
1034 3304 1178 3374 igne,
1211 3314 1269 3360 ot
1309 3304 1366 3361 8.
1397 3305 1590 3362 Basilio
1620 3308 1851 3375 videtur,

260 3390 379 3445 sive
409 3391 720 3449 caelestium
770 3395 1032 3452 virtutum
1073 3399 1519 3465 formationem",
1550 3410 1609 3455 ut
1649 3399 1709 3457 S.
1740 3402 1854 3456 Au-

259 3485 502 3551 gustino,
558 3486 674 3541 sive
722 3488 1148 3557 primordialium
1193 3506 1481 3546 causarum
1533 3491 1585 3546 in
1629 3491 1855 3548 elfectns

258 3562 394 3627 suos
441 3575 746 3644 generalem
790 3578 1189 3647 processionem
1231 3580 1576 3652 signiﬁcet’,
1614 3583 1856 3652 qualem-

258 3668 481 3735 Cunque
534 3666 725 3723 hormn
776 3669 1142 3727 intellectuum
1194 3674 1316 3744 quis
1372 3675 1697 3743 obtinuerit,
1745 3693 1851 3733 non

258 3754 424 3828 Tange
451 3773 480 3813 a
502 3761 730 3817 veritate
761 3762 999 3819 distabit.

331 3850 423 3907 26.
456 3851 592 3909 MAG.
619 3852 981 3912 Transeamus
1003 3858 1166 3929 igitur
1187 3859 1228 3891 ¹⁰
1253 3859 1323 3914 ad
1349 3861 1569 3917 secundi
1594 3862 1699 3919 diei
1725 3879 1855 3919 con-

257 3942 643 3998 siderationem
668 3945 685 3976 ⁸
718 3986 731 3999 .
758 3950 836 4001 Ac
865 3947 1016 4018 prius
1046 3948 1329 4005 dicendum
1361 3952 1426 4015 “,
1457 3954 1600 4022 quod
1626 3954 1692 4008 de
1724 3953 1853 4009 alle-

259 4022 465 4105 goricis
486 4034 846 4093 intellectibus
868 4039 1147 4094 moralium
1177 4041 1680 4113 interpretationnm
1705 4042 1851 4099 nulla

256 4136 408 4182 nunc
436 4127 590 4183 nobis
612 4128 838 4185 intentio
863 4141 964 4193 est,
999 4132 1092 4189 sed
1136 4135 1203 4189 de
1233 4133 1345 4190 sola
1378 4151 1555 4190 rerum
1583 4134 1850 4191 factarum

256 4218 535 4274 creatione
571 4221 861 4276 secundum
900 4223 1176 4278 historiam
1207 4239 1375 4295 pauca
1431 4225 1698 4283 disserere
1740 4227 1850 4284 Deo

257 4308 399 4366 duce
421 4324 700 4366 conamur.
750 4312 896 4368 Disc.
939 4312 1050 4370 Nec
1095 4315 1199 4371 hoc
1223 4331 1454 4386 quaero;
1483 4318 1616 4374 satis
1642 4320 1785 4373 enim
1815 4333 1848 4374 a

257 4403 473 4461 sanctis
494 4402 745 4462 Patribus
774 4405 841 4461 de
872 4407 1056 4463 talium
1089 4409 1341 4481 allegoria
1367 4420 1453 4466 est
1474 4390 1842 4467 actuiu.'Mac.

1967 1845 2032 1883 eo
2060 1829 2321 1887 nascitur.
2354 1828 2506 1883 ﬁrma
2535 1828 2765 1898 quadam
2786 1828 2835 1859 ¹¹
2869 1844 2998 1883 suae
3025 1836 3250 1881 naturae
3273 1824 3559 1898 corpulen-

1969 1922 2039 1976 tia
2063 1920 2110 1952 "
2143 1921 2425 1983 sustineat,
2462 1928 2720 1989 quantum
2748 1919 3015 1974 sustinere
3044 1928 3240 1989 potest,
3284 1931 3351 1972 ac
3391 1913 3556 1972 veluti

1970 2020 2141 2067 totum
2187 2027 2250 2066 ex
2297 2021 2450 2082 parte
2497 2020 2675 2066 cetera
2718 2010 2888 2082 spatia
2922 2006 3138 2065 levioris
3180 2018 3232 2065 et
3260 2008 3558 2080 superioris

1967 2103 2190 2158 visibilis
2238 2113 2464 2156 naturae
2504 2103 2573 2157 ab
2614 2116 2679 2157 eo
2715 2102 3049 2157 denominari
3074 2100 3139 2156 ".
3196 2101 3397 2158 Horum
3431 2115 3561 2158 vero

1965 2197 2086 2266 quis
2128 2196 2327 2252 rectius
2367 2195 2651 2266 intelligat,
2682 2195 2973 2268 legentium
3005 2195 3231 2253 arbitrio
3262 2196 3558 2260 diiudican-

1966 2288 2091 2342 dum
2132 2286 2432 2341 committo.
2488 2286 2616 2342 Μηιί
2655 2297 2832 2341 autem
2883 2288 3060 2356 graeci
3110 2287 3373 2352 nominis,
3411 2284 3591 2367 quod‘

1963 2389 2046 2434 est
2071 2382 2358 2456 στιρὲωμα,
2374 2379 2712 2437 considerata
2743 2379 2962 2446 virtute,
2995 2380 3099 2435 tale
3125 2380 3443 2436 vocabulum
3476 2379 3559 2434 vi-

1964 2476 2120 2531 detur
2148 2476 2410 2532 meruisse
2429 2489 2513 2543 eo,
2542 2474 2686 2546 quod
2710 2474 2761 2529 in
2792 2490 2856 2530 eo
2887 2475 3052 2531 totius
3079 2474 3377 2545 corporalis
3406 2488 3559 2528 crea-

1965 2578 2119 2624 turae
2159 2568 2295 2624 situs
2322 2578 2430 2624 stet
2454 2583 2517 2624 ac
2552 2568 2894 2623 terminetur.
2930 2566 3082 2624 Ultra
3112 2582 3344 2637 namque
3378 2567 3559 2622 ﬁrma-

1963 2671 2204 2718 mentum
2236 2661 2309 2716 nil
2337 2660 2613 2725 sensibile,
2652 2660 2735 2716 vel
2765 2675 3109 2730 corporeum,
3140 2658 3223 2714 vel
3250 2659 3439 2723 locale,
3473 2654 3559 2713 vel

1965 2753 2262 2822 temporale
2284 2753 2332 2785 "
2362 2752 2684 2822 intelligitur
2704 2765 2842 2807 esse.
2867 2749 3121 2805 Omnium
3145 2749 3405 2819 siquidem
3428 2748 3561 2804 visio

1961 2844 2146 2899 bilium
2179 2843 2302 2899 ﬁnis
2329 2844 2380 2898 in
2405 2842 2583 2912 ipso“
2603 2840 2870 2896 ﬁrmatur.
2904 2842 3164 2918 Στιρέωμα
3190 2841 3332 2894 enim
3362 2838 3559 2895 dicitur

1960 2938 2111 3008 quasi
2138 2938 2323 3012 στερεὰ
2347 2933 2456 3008 ἅμα
2473 2934 2539 3000 ⁸⁷,
2562 2934 2666 2989 hoc
2683 2943 2788 2997 est,
2811 2931 2978 2988 solida
2998 2932 3191 2986 simul:
3221 2931 3273 2986 in
3297 2931 3412 3001 ipso
3432 2929 3556 3000 qui-

1961 3027 2082 3084 dem
2115 3026 2297 3081 omnia
2331 3025 2521 3090 solida,
2573 3026 2674 3080 hoc
2703 3034 2784 3078 est
2815 3022 3121 3094 corporalia
3169 3022 3328 3078 simul
3362 3021 3556 3078 tenni-

1958 3131 2177 3187 nantur,
2202 3129 2256 3176 et
2282 3128 2447 3175 stant.
2484 3117 2563 3174 De
2586 3118 2742 3189 aquis
2765 3125 2944 3173 autem
2969 3158 2983 3183 ,
3014 3118 3066 3172 in
3094 3131 3324 3187 quarum
3363 3117 3410 3149 "
3438 3129 3553 3172 me-
3643 3158 3646 3160 ν

1957 3214 2044 3270 dio
2086 3212 2486 3268 ﬁrmamentum
2532 3211 2649 3265 ﬁeri
2679 3209 2819 3265 Deus
2845 3209 2997 3271 dixit,
3025 3223 3131 3264 non
3177 3208 3314 3263 satis
3341 3205 3557 3291 reperio

1956 3306 2083 3377 quid
2097 3306 2409 3369 dicatn,non
2424 3306 2567 3375 quod
2584 3319 2669 3359 me
2684 3303 3057 3372 latnerit,quid
3073 3301 3224 3358 multi
3242 3312 3555 3359 sanctorum

1956 3396 2179 3452 Patrum
2209 3398 2275 3453 de
2304 3397 2435 3468 ipsis
2463 3405 2749 3453 senserunt
2769 3395 2836 3450 ”.
2862 3395 3093 3451 Sanctus
3118 3395 3381 3466 siquidem
3405 3393 3556 3452 Basi-

1956 3490 2061 3547 lius
2087 3492 2138 3546 in
2161 3491 2426 3546 Exeruere
2447 3489 2493 3523 ³⁹
2520 3505 2619 3545 suo
2640 3488 2776 3544 velle
2800 3488 3026 3549 videtur,
3053 3505 3214 3560 aquas
3240 3486 3362 3543 illas
3379 3487 3555 3560 abyssi

1957 3583 2166 3635 nomine
2186 3590 2417 3644 vocatas,
2440 3582 2669 3653 undique
2694 3580 2831 3634 circa
2859 3587 3053 3633 terram
3075 3579 3319 3649 diﬂ'usas,
3343 3576 3555 3633 rarissi-L

1955 3688 2193 3745 masque,
2215 3690 2279 3727 ac
2295 3672 2340 3705 ³⁸
2365 3673 2718 3737 tenuissimas,
2743 3689 2900 3739 super
2919 3689 3049 3740 quas
3070 3673 3215 3745 prius
3240 3680 3386 3726 erant
3412 3680 3551 3726 tene-

1956 3764 2102 3827 brae,
2142 3780 2205 3817 ac
2239 3762 2287 3795 ³³
2316 3762 2503 3817 deinde
2539 3760 2769 3834 Spiritus
2802 3762 2897 3818 Dei
2940 3764 3379 3835 superferelmtur.
3417 3770 3464 3816 et
3494 3759 3551 3816 in

1955 3854 2140 3924 quibus
2178 3854 2441 3923 primitira
2469 3852 2580 3918 lux,
2609 3852 2768 3907 ueluti
2813 3856 2972 3908 trium
3001 3855 3203 3909 dierum
3231 3854 3431 3925 spatiis,
3457 3866 3554 3921 gy-

1958 3963 2082 4000 rans
2132 3946 2409 4016 informem
2449 3945 2622 4001 adhuc
2667 3957 2928 4001 terrenam
2973 3947 3160 4002 molem
3208 3945 3547 4016 resplenduit,

1956 4038 2303 4109 densatasque
2324 4036 2371 4069 ³³
2417 4038 2568 4093 tertia
2609 4038 2693 4092 die
2717 4077 2732 4103 ,
2797 4048 2846 4093 et
2893 4047 3233 4109 congregatas
3273 4038 3327 4092 in
3372 4036 3547 4092 locum

1957 4147 2142 4195 unum,
2167 4142 2222 4184 ut
2256 4138 2526 4201 appareret
2550 4131 2704 4185 arida
2738 4131 2794 4184 in
2822 4130 2919 4185 hoc
2940 4128 3054 4184 loco
3082 4129 3390 4201 sign'ﬁcari,
3419 4136 3466 4181 et
3492 4127 3548 4182 in

1955 4238 2138 4277 earum
2180 4223 2354 4276 medio
2398 4222 2566 4277 Deum
2598 4222 2794 4278 dixisse
2826 4223 3217 4293 ﬁrmamentum
3262 4221 3397 4293 ﬁeri.
3448 4219 3547 4277 Cui

1955 4315 2178 4370 omnino
2205 4314 2387 4369 sensui
2423 4314 2482 4369 8.
2515 4315 2846 4388 Augustinus
2873 4315 2921 4348 ”
2964 4314 3285 4387 refragatur,
3331 4329 3429 4369 nec
3460 4320 3546 4369 ta-

1959 4418 2081 4460 men
2107 4405 2155 4437 ³⁸
2184 4405 2250 4461 de
2281 4405 2410 4476 ipsis
2436 4421 2610 4477 aquis,
2640 4409 2780 4463 intra
2811 4422 2946 4478 quas
2974 4407 3116 4463 Deus
3147 4407 3547 4462 ﬁrmamentum

256 4488 410 4552 Dixit
428 4513 631 4568 quoque
654 4497 821 4554 Deus:
849 4496 976 4554 Fiat
995 4475 1379 4569 ﬁrmamimtum
1410 4503 1464 4556 in
1491 4502 1660 4557 medio
1682 4519 1849 4573 aqua-
1878 4475 1928 4537 Β
1955 4495 2105 4564 fecit,
2146 4498 2279 4554 satis
2301 4475 2582 4554 ration—em
2611 4475 2862 4555 reddidit.
2892 4500 3136 4557 Aliorum
3169 4517 3403 4572 namque
3430 4500 3546 4572 opi-

254 4606 400 4653 rum,
446 4601 493 4645 et
530 4590 730 4644 diuidat
758 4608 922 4664 aquas
950 4593 1014 4647 ab
1059 4593 1228 4665 aquis,
1282 4604 1329 4648 et
1358 4595 1481 4661 fecit
1502 4593 1642 4649 Deus
1667 4593 1850 4664 ﬁrma-

252 4694 509 4738 mentum.
536 4682 611 4739 De
637 4684 681 4716 ¹³
712 4686 1054 4743 ﬁrmamento
1072 4702 1259 4743 omnes
1281 4688 1607 4744 unanimiter
1625 4703 1853 4745 consen-

254 4773 421 4838 tiunt,
449 4776 591 4844 quod
629 4793 731 4831 non
757 4779 903 4833 aliud
925 4794 990 4835 eo
1020 4781 1257 4845 nomine,
1291 4781 1389 4836 nisi
1424 4780 1469 4811 “
1508 4780 1612 4836 hoc
1640 4781 1850 4836 caelum

252 4863 471 4931 visibile
518 4867 853 4937 signiﬁcatur
939 4870 1043 4926 Alii
1110 4882 1285 4926 tamen
1353 4881 1652 4928 extremam
1704 4872 1848 4928 illam

248 4955 545 5028 sphaeram
592 4960 901 5027 volubilem,
949 4963 1185 5034 undique
1231 4972 1399 5019 totum
1432 4964 1689 5019 mundttm
1730 4980 1849 5018 am-

248 5044 519 5119 bientem,
564 5051 854 5124 eborisque
899 5062 1171 5113 astrorum
1218 5065 1464 5113 ornatam
1488 5057 1844 5123 solummodo,

1957 4590 2150 4645 niones
2195 4590 2565 4657 introducens,
2609 4592 2739 4661 quid
2776 4592 2889 4663 ipse
2936 4593 3220 4656 intellexit,
3254 4609 3357 4663 qua
3389 4607 3546 4649 occa-

1955 4682 2107 4737 sione
2133 4681 2344 4751 ignoro,
2395 4698 2500 4737 non
2529 4683 2760 4753 aperuit.
2806 4683 2912 4739 Eos
2940 4694 3122 4739 autem
3154 4685 3352 4740 ceteris
3389 4700 3547 4756 prae-

1956 4777 2129 4846 ponit,
2155 4777 2246 4846 qui
2277 4776 2450 4847 spatia
2477 4775 2638 4846 hujus
2678 4777 2841 4841 aeris,
2873 4793 3013 4847 quae
3041 4787 3167 4833 sunt
3193 4779 3334 4834 inter
3376 4793 3548 4847 aquas

1957 4870 2217 4935 marinas,
2246 4879 2303 4926 et
2325 4869 2567 4926 ﬂuviales
2600 4870 2738 4925 infra
2773 4888 2834 4927 se
2857 4874 3079 4942 positas,
3108 4883 3163 4928 et
3194 4873 3312 4927 illas
3350 4873 3401 4927 in
3440 4887 3545 4926 nu-

1954 4960 2109 5016 bibus
2149 4977 2307 5033 supra
2335 4978 2394 5018 se
2418 4979 2730 5034 snspensas,
2759 4964 3085 5021 ﬁrmamenti
3117 4967 3333 5020 nomine
3362 4963 3543 5020 vocari

1952 5056 2304 5112 contendunt.
2335 5056 2546 5114 Nullius
2590 5059 2771 5130 itaque
2814 5073 2981 5116 sensu
3014 5058 3270 5126 refutato,
3316 5057 3444 5130 quid
3473 5055 3542 5113 de

1551 5209 1807 5268 VARIAE
1843 5202 2228 5268 LECTIONES

327 5315 349 5347 ¹
375 5315 423 5371 Δ
447 5325 518 5373 et.
591 5318 614 5350 ⁸
640 5316 824 5384 SicC;
853 5320 893 5374 Α
926 5320 1118 5392 factae.
1196 5322 1218 5355 ⁸
1256 5323 1301 5378 A
1344 5323 1584 5379 rationis.
1660 5323 1683 5354 ‘
1711 5323 1753 5379 C
1804 5322 1935 5380 Hoc.

327 5385 393 5463 L‘A
415 5387 727 5463 caelestium
747 5391 991 5463 uirtutem
1009 5396 1062 5446 in
1077 5393 1247 5463 forma
1262 5412 1461 5447 earum.
1538 5395 1559 5426 ’
1589 5394 1629 5448 C
1655 5395 1935 5463 signiﬁcat.

1864 5417 1936 5448 αι.

252 5383 296 5443 C
313 5385 393 5463 ;‘A
415 5387 727 5463 caelestium
747 5383 991 5463 uirtutem
1009 5396 1062 5446 in
1077 5393 1247 5463 {arma
1262 5412 1461 5447 eurum.

247 5458 356 5529 est.
431 5457 478 5491 ¹³
498 5460 538 5514 υ
566 5460 648 5515 In.
733 5460 779 5492 “
798 5464 840 5515 A
863 5479 1038 5529 quam.
1077 5457 1397 5527 '"Crm..A
1425 5467 1661 5527 credunt,

249 5529 332 5583 ris
359 5532 594 5602 et‘aeris.
673 5532 717 5563 ³⁸
744 5534 781 5585 Α
812 5545 1034 5602 praeter.

249 5615 318 5653 ac
369 5604 599 5661 ﬁrment.
693 5605 738 5634 ¹¹
765 5604 804 5654 (ἰ
831 5619 1023 5661 tamen.

1748 5464 2048 5521 credantur.
2117 5467 2160 5499 ι’

1113 5536 1153 5568 ¹⁹
1178 5536 1215 5589 Α
1246 5554 1503 5607 aquarum
1533 5539 1881 5607 superiorum.

1116 5607 1223 5679 ’_‘(I
1251 5606 1571 5676 corpulento.
1646 5606 1754 5659 “(vi
1789 5608 2145 5679 dettrmimrri.
2220 5611 2269 5642 “
2304 5613 2344 5665 Α
2399 5614 2477 5666 vel
2534 5613 2814 5679 temporale
2865 5615 2942 5668 vel
2972 5616 3155 5671 locale.
3231 5617 3277 5651 ³⁸
3301 5621 3339 5672 Α
3374 5621 3423 5673 ia
3455 5636 3533 5676 eo.

2550 5329 2642 5403 ⁶ᾼ
2693 5333 2793 5387 Itis.
2870 5334 2894 5366 "
2929 5334 3069 5388 enim
3114 5348 3229 5403 om.
3260 5332 3327 5403 Δ.
3404 5336 3541 5395 'Sic

2366 5400 2406 5432 “
2421 5398 2462 5455 C
2484 5402 2859 5458 conditionem.
2931 5404 2975 5436 "
2995 5402 3168 5467 SicC;
3193 5404 3234 5458 A
3255 5400 3540 5465 dicendum

2245 5467 2358 5523 Non
2381 5474 2523 5526 enim
2548 5471 2671 5526 alibi
2697 5472 2905 5541 legitur,
2925 5484 2980 5526 ut
2999 5476 3168 5529 aiunt.
3237 5474 3279 5506 "'
3302 5478 3343 5531 A
3368 5477 3542 5534 aethe-

1959 5537 2004 5569 '°
2035 5537 2162 5605 Conj
2195 5581 2212 5600 ,
2246 5541 2288 5594 Α
2313 5553 2632 5604 sustentant,
2680 5541 2719 5595 C
2744 5537 3010 5599 sustinuit.
3089 5546 3132 5579 ¹¹
3153 5545 3196 5600 Α
3241 5550 3539 5605 comineanl

2014 5325 2036 5357 ⁸
2064 5325 2220 5385 veluti
2268 5342 2378 5383 om.
2407 5329 2473 5383 Α.

2017 5396 2059 5427 ¹⁰
2085 5398 2125 5449 Α
2144 5414 2285 5452 erae.

249 5669 301 5753 ξῖ
336 5669 465 5753 conj
655 5684 974 5753 CTEPEAuA.
1030 5675 1159 5753 _j‘_A
1194 5669 1348 5753 aquis
1392 5694 1806 5753 vero,_qquar.un_t
1854 5678 1929 5731 in.
1961 5750 1969 5753 Δ
2004 5680 2049 5710 ’⁸
2073 5679 2113 5734 C
2141 5696 2436 5743 senserunt,
2467 5683 2560 5753 sed
2598 5669 2739 5736 corr.
2786 5669 3082 5741 senserint;
3116 5669 3180 5720 ﬁ”
3207 5689 3251 5743 Α
3278 5669 3540 5753 eia-tuine;

234 5738 303 5831 ,⁸⁸
334 5738 481 5803 kd.
555 5741 601 5777 ⁸⁸
634 5762 855 5824 μασθαι.
886 5748 952 5806 Α.
1027 5738 1141 5804 "A
1193 5738 1461 5807 densatus.
1522 5738 1646 5807 "VA
1695 5747 1796 5810 Cui
1828 5750 2048 5810 omnino
2088 5754 2344 5813 sententia
2387 5738 2452 5817 δ’.
2502 5751 2803 5839 Augustini.
2846 5738 3168 5820 i'r'Aﬂltmc.
