4064 6292
564 394 674 468 003

1910 414 2195 480 JOANNIS
2235 418 2432 480 SCOTI
2709 406 2715 411 ’
2807 401 2859 410 ”
2953 402 2963 412 ’
3059 405 3082 410 ”
3294 411 3500 439 “Mi--

566 518 737 591 ipsis'
786 519 942 593 aquis
983 510 1287 592 senserim,
1320 525 1528 597 paucis,
1579 525 1627 584 si
1661 526 1816 597 libet,
1842 532 2142 590 rationibus
2169 546 2222 606 Α
2246 535 2464 593 nomine
2482 535 2736 608 appellari
2755 538 2895 597 ratio
2914 538 3515 617 edocet.Exipsisenim
3531 551 3856 612 omniaelo-

566 610 870 681 explicabo.
920 612 1068 671 DISC.
1104 614 1262 672 Libet
1299 616 1537 687 quidem,
1568 621 1674 676 ac’
1714 621 1869 680 valde
1895 639 2147 681 necessa-

565 701 707 756 rium
736 710 819 758 est
840 701 882 757 ³.
934 703 1010 759 De
1041 705 1143 761 hac
1191 706 1333 762 enim
1364 706 1389 739 ‘
1416 711 1734 778 quaestione
1762 714 1959 781 adhuc,
2006 716 2148 786 quod

564 793 697 849 mihi
720 795 852 850 satis
868 795 1162 865 videretur,
1190 815 1220 854 a
1250 800 1398 856 nullo
1419 811 1503 858 est
1525 819 1763 861 suasum.
1796 805 1935 862 MAG.
1962 807 2147 864 Totius

563 883 747 954 itaque
787 888 1039 945 conditae
1084 899 1313 947 naturae
1362 893 1558 951 trinam
1608 895 1997 954 dimensionem
2027 916 2147 958 esse

562 975 818 1033 arbitror.
871 978 1045 1037 Omne
1089 982 1256 1051 enim,
1288 986 1431 1057 quod
1470 996 1711 1044 creatum
1757 991 1930 1062 est},
1978 1000 2072 1047 aut
2124 992 2147 1026 ³

560 1068 783 1126 omnino
871 1084 1066 1143 corpus
1144 1085 1230 1130 est
1287 1077 1349 1143 ",
1413 1079 1548 1134 aut“
1606 1082 1826 1138 omnino
1882 1084 2142 1156 spiritus,

560 1168 655 1215 aut
724 1161 941 1234 aliquod
984 1166 1218 1222 medium
1248 1210 1264 1237 ,
1318 1172 1461 1241 quod
1514 1188 1618 1229 nec
1667 1176 1888 1233 omnino
1949 1194 2183 1250 corpus-

557 1260 642 1309 est
686 1252 733 1321 ’,
782 1271 881 1312 nec
921 1259 1142 1316 omnino
1172 1261 1414 1332 spiritus,
1460 1268 1553 1322 sed
1598 1269 1832 1339 quadam
1886 1273 2143 1329 medieta-

559 1346 648 1413 tis,
678 1356 733 1404 et
753 1352 1155 1410 extremitatum
1182 1356 1411 1427 ratione,
1441 1368 1497 1416 et
1517 1360 1786 1432 spirituali
1809 1367 2029 1423 omnino
2050 1384 2144 1425 na-

557 1447 711 1509 tura,
758 1443 920 1500 veluti
986 1461 1054 1502 ex
1115 1463 1219 1503 una
1273 1453 1619 1510 extremitate
1675 1465 1730 1512 et
1779 1461 2062 1531 superiori.
2089 1470 2146 1519 et

552 1546 621 1589 ex
678 1533 865 1603 altera,
916 1536 1020 1594 hoc
1066 1548 1181 1606 est,
1238 1556 1303 1598 ex
1340 1544 1563 1601 omnino
1603 1562 1861 1619 corporea
1897 1560 1952 1607 et
2003 1552 2140 1611 infe-

553 1624 684 1680 riori
716 1626 759 1658 ¹⁰
788 1630 1265 1701 proportionaliter
1299 1634 1352 1690 in
1382 1652 1442 1692 se
1480 1639 1704 1710 recipit,
1745 1643 1903 1716 unde"
1926 1646 2142 1714 proprie

550 1727 601 1773 et
617 1729 846 1775 connatu
856 1722 1041 1778 raliter
1051 1728 1485 1786 extremitatibus
1499 1732 1610 1786 suis
1630 1732 1894 1789 subsistit.
1909 1733 2142 1793 Proinde

548 1810 593 1865 si
618 1811 739 1881 quis
770 1812 1008 1870 intentus
1035 1815 1078 1848 “
1100 1820 1417 1890 inspexerit,
1448 1822 1500 1877 in
1524 1822 1625 1879 hac
1656 1827 1887 1882 ternaria
1913 1845 2141 1900 propor-

548 1901 849 1960 tionalitate
864 1906 1007 1963 hunc
1019 1912 1274 1967 mundum
1290 1914 1643 1972 constitutum
1665 1918 1945 1991 intelliget.
1964 1921 2145 1995 Siqui—

546 1994 671 2051 dem
696 1997 748 2052 in
775 2009 1038 2070 quantum
1067 2002 1121 2057 in
1148 2005 1449 2063 rationibus
1479 2009 1612 2077 suis,
1641 2010 1696 2065 in
1723 2013 1919 2082 quibus
1949 2024 2128 2072 aeter-

544 2089 742 2146 naliter
760 2092 805 2123 ”
831 2102 885 2149 et
913 2096 1240 2152 constitutus
1266 2110 1371 2165 est,
1398 2108 1454 2155 et
1468 2103 1834 2160 essentialiter
1854 2107 2126 2176 subsistit,

545 2186 940 2255 consideratur,
1002 2207 1110 2247 non
1136 2194 1309 2250 solum
1364 2197 1682 2268 spiritualis,
1734 2217 1920 2257 verum
1964 2205 2127 2260 etiam

541 2279 764 2335 omnino
799 2283 1022 2352 spiritus
1049 2289 1414 2358 cognoscitur.
1464 2290 1633 2348 Nemo
1663 2294 1808 2350 enim
1835 2305 1981 2354 recte
2007 2299 2128 2369 phi-

542 2368 942 2443 losophantium
972 2380 1209 2437 rationes
1228 2398 1519 2455 corporeae
1542 2397 1768 2447 naturae
1794 2393 2128 2463 spirituales,

543 2461 651 2519 imo
678 2465 842 2521 etiam
866 2469 1090 2540 spiritus
1123 2488 1245 2530 esse
1274 2479 1481 2549 negarit
1500 2496 1515 2546 ;
1533 2480 1659 2537 dum
1683 2499 1811 2541 vero
1854 2499 2129 2547 extremae

543 2554 714 2625 ipsius
741 2560 994 2619 deorsum
1022 2581 1213 2623 versus
1245 2568 1608 2649 inspiciuntur
1629 2588 1832 2647 partes,
1866 2579 1971 2637 hoc
2022 2593 2125 2651 est,

540 2649 719 2705 omnia
746 2651 849 2708 ista
878 2670 1102 2727 corpora
1129 2674 1197 2715 ex
1210 2661 1487 2721 catholicis
1506 2665 1785 2726 elementis
1807 2676 2125 2745 composita,

540 2744 775 2802 maxime
799 2748 964 2804 etiam
994 2759 1233 2820 terrena,
1260 2765 1316 2811 et
1363 2759 1633 2828 aquatica,
1663 2779 1803 2833 quae
1823 2774 1877 2821 et
1904 2744 2129 2838 genera-

538 2832 695 2904 tioni,
714 2846 771 2892 et
799 2842 1133 2912 corru'ptioni
1181 2844 1414 2903 obnoxia
1459 2860 1604 2918 sunt,
1629 2832 1766 2911 nihil
1809 2832 1952 2913 aliu‘d
1979 2860 2030 2915 in
2062 2861 2129 2918 iis

538 2926 810 2989 invenitur
835 2935 879 2968 ³³
909 2947 1122 3007 praeter
1145 2955 1339 3013 corpus
1365 2946 1585 3003 omnino
1622 2957 1677 3004 et
1699 2949 1742 2982 ”
1784 2966 2125 3024 corporeum.

538 3023 608 3079 At
630 3027 673 3081 si
711 3028 833 3097 quis
861 3031 1183 3103 simplicium
1227 3036 1619 3097 elementorum
1648 3047 2128 3106 naturamintuea-

537 3125 644 3183 tur,
677 3118 795 3175 luce
834 3122 1034 3181 clarius
1060 3127 1332 3198 quandam
1365 3134 1884 3204 proportionabilem
1932 3141 2130 3196 medie.

538 3215 700 3262 tatem
725 3210 979 3278 inveniet,
997 3230 1100 3285 qua
1128 3218 1174 3250 “'
1198 3234 1299 3275 nec
1323 3223 1545 3279 omnino
1558 3240 1754 3296 corpus
1769 3237 1914 3295 sunt,
1939 3246 2131 3300 quam-

2248 638 2449 696 mcnta,
2487 630 2601 687 sive
2641 633 2903 705 simplicia
2932 638 3045 694 sive
3072 642 3393 713 composita,
3419 645 3589 703 veluti
3620 666 3694 705 ex
3720 651 3851 723 qui-

2246 717 2470 775 busdam
2506 722 2717 793 magnis
2748 724 2988 783 fontibus
3022 728 3284 799 deﬂuunt,
3306 733 3549 807 indeque
3578 717 3849 813 intelligi-

2244 808 2339 863 bili
2369 812 2603 881 quadam
2633 813 2833 871 virtute
2873 817 3047 890 rigata
3087 821 3556 883 administrantur.
3591 827 3711 886 Nec
3736 808 3847 889 lio:

2246 899 2367 955 silet
2380 901 2658 975 Scriptura
2681 906 2923 965 clamans
2940 925 2956 965 :
2981 910 3046 966 Et
3066 931 3255 985 aquae,
3271 934 3406 987 quae
3422 937 3581 991 super
3597 922 3850 979 caelos”

2243 1003 2384 1059 sunt,
2402 993 2614 1051 laudent
2627 997 2674 1029 ³⁸
2688 1016 2875 1055 nomen
2887 1000 3008 1057 Dei.
3024 1003 3283 1072 Quamvis
3305 1009 3451 1065 enim
3465 1010 3851 1074 bocdc'caelo-

2244 1082 2416 1141 stibus
2441 1085 2731 1145 virtutibus
2754 1090 2876 1162 quis
2905 1092 3191 1168 intelligat,
3212 1101 3493 1169 praedicto
3520 1106 3710 1160 sensui
3732 1122 3844 1165 non

2243 1188 2525 1251 repugnat,
2542 1180 2669 1237 dum
2692 1182 2763 1238 sit
2791 1185 3093 1245 divinorum
3121 1190 3458 1263 eloquiorum
3480 1197 3526 1229 ³³
3553 1198 3846 1271 multiplex

2244 1269 2639 1343 interpretatio.
2671 1275 2909 1336 Proinde
2933 1281 3125 1339 harum
3158 1300 3420 1356 aquarum
3453 1287 3509 1345 in
3531 1269 3733 1347 medio
3760 1292 3843 1349 di—

2244 1363 2323 1417 xit
2352 1362 2493 1421 Deus
2521 1365 2640 1422 ﬁeri
2667 1367 3092 1441 ﬁrmamentum,
3121 1375 3225 1434 hoc
3253 1386 3339 1436 est
3365 1379 3698 1451 simplicium
3726 1382 3843 1439 ele-

2242 1467 2549 1514 mentorum
2576 1468 2845 1530 naturam,
2876 1481 3015 1537 quae
3040 1478 3305 1539 quantum
3344 1471 3578 1532 visibilia
3604 1490 3843 1547 corpora

2243 1560 2482 1618 superat,
2513 1557 2722 1607 tantum
2745 1553 2813 1609 ab
2834 1553 3391 1617 invisibilibuseorum
3414 1564 3726 1621 rationibus
3749 1581 3843 1622 su-

2242 1649 2482 1710 peratur,
2511 1652 2880 1718 quantumque
2900 1664 2930 1704 a
2957 1652 3326 1722 superioribus
3345 1656 3594 1727 suscipit.
3629 1667 3843 1718 tantum

2242 1729 2588 1793 inferioribus
2616 1738 2925 1809 distribuit;
2954 1753 3211 1814 quantum
3240 1762 3368 1805 vero
3392 1749 3461 1805 ab
3482 1749 3841 1810 inferioribus

2241 1821 2473 1892 recipit,
2514 1833 2720 1884 tantum
2761 1831 3130 1901 superioribus
3166 1837 3438 1904 restituit,
3476 1838 3732 1897 referens
3772 1843 3841 1900 iis

2175 1919 2220 1980 Β
2247 1926 2408 1968 omne
2430 1917 2585 1989 quod
2600 1918 2667 1974 ab
2683 1918 2750 1975 iis
2764 1920 3004 1979 deﬂuxit.
3020 1924 3191 1992 Quam
3217 1931 3535 2000 prophetico
3556 1933 3758 2003 spiritu
3772 1934 3841 1993 le-

2237 2003 2461 2075 gislator
2486 2009 2795 2069 admonitus
2814 2014 3211 2075 ﬁrmamentum
3237 2022 3546 2093 appellavit.
3562 2025 3838 2100 Abyssum

2236 2109 2469 2167 namque
2484 2098 2897 2173 intelligibilium
2915 2108 3184 2165 rationum
3204 2111 3252 2144 ³³
3267 2128 3431 2184 super
3454 2131 3512 2171 se
3532 2098 3835 2187 positarum

2237 2186 2391 2244 ﬁrma
2418 2198 2474 2246 et
2501 2191 2841 2265 inseparabili
2874 2215 2969 2255 sua
2984 2200 3326 2272 simplicitate
3348 2205 3498 2262 fulcit
3524 2186 3605 2274 5’;
3633 2208 3839 2268 ﬂuxum

2236 2302 2367 2343 vero
2383 2290 2720 2348 mutabilium
2735 2309 3044 2366 corporum,
3059 2308 3115 2354 et
3127 2299 3362 2357 maxime
3371 2303 3521 2358 arida
3544 2313 3600 2360 et
3612 2304 3839 2363 humida

2236 2377 2500 2447 qualitate
2520 2384 2965 2454 compositorum,
2996 2388 3120 2444 dum
3149 2390 3430 2460 temporali
3459 2393 3839 2451 vicissitudine

2236 2469 2602 2541 resolvuntur,
2627 2475 2681 2529 in
2710 2477 2942 2549 seipsam
2969 2480 3219 2546 retrahit,
3236 2481 3399 2552 inque
3418 2497 3515 2538 sua
3536 2484 3837 2540 universali

2235 2561 2524 2631 soliditate,
2554 2581 2625 2622 ne
2652 2577 2901 2638 pereant,
2926 2572 3181 2628 custodit.
3214 2572 3398 2645 Neque
3428 2576 3533 2632 hoc
3555 2577 3837 2649 ignorant,

2236 2656 2325 2724 qui
2358 2656 2730 2731 philosophiae
2758 2664 2951 2720 studiis
2974 2665 3189 2733 imbuti,
3216 2668 3641 2749 transfusionem
3664 2680 3837 2727 natu-

2237 2763 2419 2803 rarum
2452 2749 2502 2803 in
2561 2767 2620 2807 se
2663 2752 2808 2824 ipsas
2860 2765 3193 2827 cognoscunt
3237 2757 3304 2814 ³³.
3352 2758 3558 2817 Causae
3605 2762 3839 2833 quidem

2237 2843 2379 2899 enim
2397 2842 2441 2875 “
2464 2849 2517 2904 in
2541 2847 2830 2917 elementa,
2858 2849 3123 2907 elementa
3142 2853 3194 2908 in
3207 2868 3440 2926 corpora
3469 2856 3833 2926 descendunt,

2238 2943 2412 3000 soluta
2439 2959 2665 3014 corpora
2691 2959 2790 3014 per
2817 2944 3086 3001 elementa
3108 2945 3161 3001 in
3191 2961 3385 3003 causas
3407 2963 3533 3005 suas
3551 2950 3832 3019 resiliunt,

2238 3037 2352 3109 ipsa
2383 3037 2544 3093 etiam
2571 3052 2799 3108 corpora
2822 3037 2875 3092 in
2907 3052 2966 3093 se
2991 3038 3222 3095 invicem
3253 3049 3551 3097 transeunt.
3578 3041 3640 3096 ln
3683 3041 3836 3098 dilu-

2238 3131 2323 3186 vio
2352 3145 2447 3186 aer
2492 3145 2680 3186 versus
2728 3138 2811 3186 est
2842 3130 2895 3185 in
2924 3146 3142 3202 aquam,
3183 3130 3488 3203 iterumque
3508 3131 3553 3164 ³³
3602 3148 3833 3190 reversa

2237 3230 2321 3278 est
2349 3238 2488 3294 aqua
2517 3221 2571 3277 in
2597 3237 2743 3278 aera.
2775 3221 2924 3277 Dixit
2951 3223 3135 3294 itaque
3154 3222 3297 3279 Deus
3327 3242 3341 3278 :
3369 3221 3496 3279 Fiat
3518 3224 3834 3295 firmamen.

534 3299 618 3356 vis
641 3301 684 3334 ¹⁶
710 3318 897 3359 eorum
930 3309 1276 3379 corruptione
1291 3315 1558 3371 naturalia
1576 3332 1804 3389 corpora
1828 3321 2128 3379 subsistant

2231 3325 2343 3370 tum
2367 3314 2423 3369 in
2476 3314 2647 3369 medio
2684 3330 2967 3386 aquarum,
3005 3314 3108 3369 hoc
3138 3322 3242 3382 cst,
3287 3313 3382 3369 ﬁat
3415 3315 3655 3371 soliditas
3677 3316 3829 3373 sim-

534 3405 600 3447 ex
630 3392 673 3426 "
699 3394 843 3450 coitu
875 3413 973 3453 nec
1006 3402 1227 3458 omnino
1269 3419 1562 3477 corporeae
1587 3419 1815 3467 naturae
1850 3416 2116 3485 expertia,

536 3481 663 3537 dum
690 3484 758 3540 ab
780 3486 860 3541 eis
883 3490 1062 3545 omnia
1099 3507 1328 3564 corpora
1353 3496 1643 3568 proﬂuant,
1677 3510 1731 3558 et
1757 3504 1808 3558 in
1831 3517 1896 3559 ea
1923 3506 2118 3564 iterum

535 3572 905 3632 resolvantur:
946 3588 1003 3635 et
1027 3581 1220 3640 iterum
1243 3585 1473 3644 alterum
1497 3590 1542 3623 ³³
1557 3591 1979 3666 alterisuperiori
2002 3599 2123 3669 qui-

534 3665 656 3723 dem
680 3672 1021 3729 extremitate
1068 3690 1379 3750 comparata
1402 3677 1466 3749 ³³,
1486 3699 1588 3741 nec
1629 3687 1851 3743 omnino
1898 3691 2121 3762 spiritus

532 3768 679 3827 sunt,
712 3763 967 3832 quoniam
998 3783 1104 3824 non
1130 3772 1351 3829 omnino
1381 3790 1643 3847 corporea
1659 3783 2003 3840 extremitate
2027 3786 2123 3841 ab-

532 3852 730 3921 soluta,
758 3871 857 3913 nec
881 3860 1102 3917 omnino
1128 3877 1233 3918 non
1256 3864 1495 3936 spiritus,
1526 3871 1780 3940 quoniam
1802 3873 1847 3905 ³ο
1865 3890 1932 3930 ex
1956 3876 2123 3932 ratio-

534 3946 695 4003 nibus
724 3950 944 4007 omnino
964 3953 1333 4023 spiritualibus
1380 3960 1759 4019 subsistentiae
1787 3979 1917 4022 suae
1961 3982 2122 4023 occa-

530 4037 714 4096 siones
733 4041 1001 4114 accipiant
1032 4046 1098 4100 ".
1131 4045 1249 4103 Non
1286 4050 1732 4110 irrationabiliter
1754 4056 1937 4128 itaque
1982 4058 2123 4114 dixi-

534 4145 675 4196 mus,
716 4134 860 4190 hunc
889 4138 1147 4195 mundum
1194 4144 1568 4202 extremitates
1602 4148 1865 4217 quasdam
1892 4164 1922 4204 a
1952 4166 2013 4207 se
2041 4151 2122 4207 in-

528 4220 700 4279 vicem
726 4228 941 4296 penitus
965 4230 1245 4298 discretas,
1274 4244 1328 4290 et
1343 4238 1680 4308 medietates,
1705 4241 1759 4297 in
1783 4243 1978 4313 quibus
2002 4244 2121 4300 uni-

527 4315 802 4374 versitatis
843 4319 1012 4391 ipsius
1041 4324 1088 4354 ³³
1132 4340 1356 4384 concors
1406 4330 1685 4388 harmonia
1730 4333 2116 4407 coniungitur,

523 4406 823 4475 possidere.
839 4408 1112 4468 Ponamus
1135 4414 1301 4484 igitur
1317 4416 1599 4476 inferiores
1616 4421 1775 4493 hujus
1792 4406 1975 4480 mundi
1991 4443 2119 4498 par-

525 4503 609 4554 tes
630 4498 792 4555 veluti
813 4499 1099 4561 inferiores
1112 4520 1299 4576 aquas.
1323 4508 1432 4566 Nec
1458 4512 1749 4582 immerito,
1770 4517 1895 4572 dum
1919 4527 2115 4590 totum,

525 4591 668 4659 quod
703 4592 755 4646 in
780 4593 882 4651 hoc
917 4597 1126 4653 mundo.
1153 4602 1429 4675 nascitur],
1472 4606 1697 4663 humore
1721 4612 1917 4666 crescit
1956 4621 2116 4684 atque

2222 3404 2447 3476 plicium
2476 3404 2867 3462 elementorum
2897 3404 3038 3460 inter
3070 3403 3496 3475 profunditatem
3546 3405 3832 3463 rationum

2223 3512 2468 3566 suarum,
2495 3506 2549 3553 et
2592 3497 2909 3553 mutabilem
2955 3494 3157 3552 ﬂuxum
3206 3511 3493 3568 corporum
3520 3496 3829 3553 eorundem

2223 3605 2493 3648 concursu
2539 3592 2979 3661 compositorum,
3020 3600 3067 3645 et
3107 3590 3309 3647 dividat
3348 3607 3511 3662 aquas
3547 3591 3609 3645 ab
3632 3592 3828 3662 aquis,

2223 3681 2325 3738 hoc
2340 3691 2448 3749 est,
2471 3697 2697 3753 corpora
2721 3680 3039 3751 composita,
3058 3678 3190 3736 locis
3206 3680 3467 3751 dispersa,
3484 3680 3833 3750 temporibus

2222 3776 2522 3844 mutabilia,
2565 3775 2905 3849 generationi
2932 3784 2987 3831 et
3033 3773 3364 3845 corruptioni
3402 3772 3676 3830 distributa
3702 3772 3833 3828 dis-

2222 3879 2409 3927 cernat
2432 3886 2462 3924 a
2484 3870 2820 3942 simplicibus
2840 3868 3141 3926 rationibus
3156 3866 3393 3924 locorum
3409 3876 3834 3939 temporumque

2223 3963 2490 4019 varietate
2511 3963 2839 4028 carentibus,
2862 3961 3210 4034 generatione
3231 3967 3287 4016 et
3306 3960 3644 4032 corruptione
3670 3957 3835 4015 libe-

2222 4053 2321 4121 ris,
2346 4054 2667 4111 immutabili
2689 4053 2806 4126 lege
2845 4051 3099 4110 stabilitis
3138 4051 3205 4108 ³³.
3233 4052 3381 4108 Inter
3416 4050 3836 4123 simplicitatem

2222 4156 2403 4204 autem
2432 4162 2719 4203 causarum
2752 4155 2808 4203 ct
2833 4146 3221 4204 elementorum
3246 4141 3368 4199 talis
3381 4152 3465 4199 est
3488 4140 3833 4209 differentia.

2221 4241 2363 4312 quod
2381 4240 2468 4296 illa
2491 4256 2779 4297 causarum
2802 4240 3018 4311 quidem
3031 4238 3235 4308 absque
3267 4235 3507 4292 locorum
3525 4243 3578 4291 et
3605 4245 3835 4308 tempo-

2220 4348 2338 4387 rum
2367 4341 2558 4388 natura
2579 4331 2911 4403 intelligitur,
2936 4333 3037 4388 ista
3065 4329 3112 4361 ³³
3135 4342 3264 4385 vero
3284 4325 3421 4383 locis
3458 4326 3838 4399 temporibus-

2219 4436 2323 4492 que
2350 4436 2538 4479 carere
2560 4437 2664 4478 non
2687 4431 2898 4493 potest;
2929 4424 2983 4478 in
3000 4423 3081 4481 eis
3092 4424 3239 4481 enim
3260 4422 3583 4487 continetur,
3594 4425 3645 4475 et
3657 4420 3835 4490 quod

2217 4512 2310 4568 illa
2335 4513 2585 4570 omnibus
2616 4513 2988 4571 accidentibus
3020 4515 3267 4573 absoluta
3315 4528 3528 4587 semper
3576 4509 3665 4576 sit.
3705 4510 3833 4570 ista

2218 4609 2505 4679 aliquando
2525 4609 2825 4666 accidentia
2848 4611 3062 4682 recipit,
3078 4609 3368 4683 aliquando
3379 4605 3621 4680 deponit;
3638 4601 3833 4677 depo-

526 4685 765 4741 nutritur
790 4704 806 4754 ;
835 4689 1054 4747 humida
1078 4693 1344 4765 siquidem
1367 4698 1626 4768 qualitate
1647 4703 1966 4774 corporibus
1990 4707 2116 4763 sub-
2144 4685 2195 4746 Ῑ)
2220 4702 2300 4758 nit
2320 4702 2534 4773 quidem
2570 4703 2625 4759 in
2645 4702 3060 4771 universalibus,
3078 4703 3133 4760 in
3151 4700 3567 4775 particularibus
3593 4697 3828 4770 recipit.

523 4775 650 4842 lata,
700 4782 904 4853 absque
955 4803 1103 4843 mora
1129 4791 1431 4860 tabescunt,
1464 4802 1519 4850 et
1545 4793 1882 4865 decrescunt,
1904 4810 1958 4855 et
1977 4815 2117 4871 pene

523 4869 590 4925 ad
620 4872 844 4931 nihilum
871 4877 1205 4952 rediguntur.
1233 4882 1366 4940 Nam
1391 4895 1445 4941 et
1470 4887 1721 4945 caelestia
1753 4869 1992 4963 corpora
2010 4893 2117 4949 fer-

522 4964 863 5035 ventissimo,
891 4979 945 5026 et
970 4972 1147 5043 ignea,
1175 4975 1396 5033 humida
1424 4995 1691 5050 aquarum
1728 4991 1921 5037 natura
1943 4984 2117 5040 nutri-

521 5052 566 5107 ri
597 5056 874 5127 sapientes
900 5064 1085 5119 mundi
1108 5064 1402 5133 allii-luant,
1427 5071 1572 5140 quod
1602 5086 1704 5127 nec
1751 5087 1939 5129 sacrae
1963 5073 2114 5130 Scri-

520 5153 711 5217 pturae
749 5150 798 5185 ¹³
841 5156 1176 5224 exposituros
1226 5160 1491 5231 denegant
1517 5162 1583 5217 ".
1634 5161 1953 5233 Spiritualcs
1990 5178 2128 5255 ver:

519 5239 762 5296 omnium
822 5244 1117 5302 visibilium
1167 5250 1405 5306 rationes
1463 5253 1802 5324 superiorum
1854 5239 2119 5324 aquarum

2288 4791 2379 4847 27.
2412 4790 2750 4849 Generaliter
2788 4802 2969 4851 autem
3007 4794 3062 4850 in
3092 4794 3346 4851 omnibus
3384 4807 3481 4848 sex
3509 4788 3829 4862 primorum

2219 4886 2429 4942 dierum
2457 4887 2714 4957 operibus
2751 4887 3153 4959 intelligendum
3186 4894 3293 4953 est,
3332 4885 3632 4952 ubicunque
3660 4878 3829 4937 Scri-

2219 4984 2378 5046 ptura
2404 4985 2790 5032 commemorat
2808 4995 2822 5031 :
2838 4976 2983 5032 Dixit
3009 4976 3151 5032 Deus
3173 4993 3193 5033 :
3213 4974 3341 5032 Fiat
3371 4975 3487 5037 lux.
3509 4973 3602 5043 ﬁat
3628 4970 3830 5042 ﬁrma-

2222 5080 2446 5125 mentum
2468 5110 2483 5136 ,
2515 5077 2569 5125 et
2596 5077 2774 5126 cetera
2799 5069 2852 5125 in
2879 5068 3103 5140 reliquis
3139 5068 3348 5135 diebus,
3378 5062 3826 5139 primordialium

2221 5177 2509 5218 causarum
2533 5161 2824 5233 specialem
2846 5161 3210 5217 conditionem
3239 5160 3553 5232 signiﬁcari,
3579 5172 3822 5229 quarum

2220 5253 2597 5310 universaliler
2622 5254 2827 5310 crcatio
2849 5253 3068 5311 nomine
3092 5252 3229 5311 caeli
3244 5262 3298 5310 et
3312 5261 3489 5309 terrae
3507 5249 3820 5324 praemissa

1833 5362 2088 5420 VARIAE
2132 5361 2536 5422 LECTIONES.

598 5460 617 5495 ³
648 5462 689 5517 Α
709 5463 823 5550 ftis.
885 5538 898 5550 .
923 5468 945 5499 ³
965 5468 1006 5522 Α
1034 5479 1104 5525 et.
1204 5469 1225 5502 ³
1247 5479 1323 5550 est
1344 5488 1453 5550 om.
1483 5472 1545 5550 (ξ.

524 5549 624 5609 nec
647 5543 719 5590 est
751 5543 968 5609 _o_mnino
1002 5557 1210 5609 corpus.

1649 5473 1671 5506 ‘
1695 5475 1831 5530 enim
1853 5491 1962 5532 om.
1987 5476 2048 5532 C.

1290 5543 1332 5574 ""
1359 5552 1407 5615 et
1434 5542 1675 5615 infcriori
1696 5561 1806 5600 om.
1836 5546 1900 5601 Α.

2145 5476 2227 5531 Ἀ
2258 5487 2486 5535 creatur.
2562 5479 2649 5535 Ἀ
2677 5489 2755 5536 est
2784 5479 2882 5536 vel.
2958 5479 2981 5514 ⁷
3008 5490 3085 5536 est
3121 5496 3230 5539 om.
3261 5479 3329 5536 Α.

1979 5548 2020 5579 ³³
2037 5546 2077 5601 Α
2094 5557 2344 5623 attentus.
2426 5550 2469 5585 ⁸³
2492 5551 2533 5605 Α
2551 5551 2913 5623 essentialitgr.
2992 5551 3038 5584 "
3058 5553 3104 5608 A
3133 5552 3410 5623 reperitur:
3488 5551 3534 5583 “
3554 5552 3600 5606 Δ
3625 5560 3675 5605 et
3697 5568 3818 5623 opt-

3422 5478 3513 5536 ‘A
3543 5478 3643 5535 uel.
3718 5480 3812 5538 Ἀ

521 5606 680 5695 r‘zino’.‘
747 5606 792 5638 "
879 5609 1024 5678 quia.
1235 5606 1510 5695 quoniam;
1585 5614 2002 5695 ""tblgubsistunt
2022 5627 2091 5673 et.
2172 5618 2214 5650 ¹⁸
2230 5618 2451 5695 alterum
2479 5636 2589 5676 om.
2616 5621 2677 5677 C.
2755 5620 2871 5695 ‘fUC‘
2887 5638 2997 5676 esse
3016 5606 3226 5695 parata.
3303 5622 3347 5653 ’°
3369 5620 3581 5695 (ζέει-ηι-
3636 5623 3688 5695 ⁸³
3715 5621 3816 5679 Sic

520 5674 567 5774 ἑ
594 5674 680 5774 ;AC
704 5674 1009 5774 suscipiant.
1084 5674 1321 5774 "nipsAius
1339 5698 1449 5774 om.
1482 5684 1548 5739 Α.
1586 5684 2048 5774 ““‘Clsr'ri.pturue
2067 5705 2270 5774 sacrae.
2348 5691 2468 5774 ’.Ἄ
2489 5674 2701 5763 negant.
2776 5674 3083 5774 "'A'sitpra.
3111 5691 3347 5774 ρορειιιηι.⁸
3411 5692 3459 5724 “
3473 5692 3529 5774 Α
3553 5692 3810 5774 Laudant.

520 5744 567 5836 :7
594 5746 633 5798 A
660 5744 1058 5836 mysteriorum;
1290 5755 1512 5836 ratione.
1533 5825 1547 5836 _
1586 5754 1703 5836 '1A
1737 5744 1891 5827 (uicit
1924 5759 2279 5833 simplicitate.
2361 5744 2469 5821 κδ
2493 5744 2890 5836 scandebant.“
2911 5744 3137 5822 i‘Hrtt'rtittt
3170 5777 3283 5820 om.
3317 5762 3385 5819 Δ.
3472 5762 3519 5800 ³³
3545 5760 3590 5819 C
3617 5762 3813 5821 iteratus

521 5814 629 5886 (—
652 5814 750 5889 que
770 5834 877 5874 om.
904 5819 925 5891 )
948 5818 994 5852 ³³
1018 5817 1060 5875 C
1090 5820 1374 5880 stabilitas.
1446 5824 1492 5857 ”
1518 5825 1559 5881 A
1589 5823 1700 5887 illa.
