4064 6292
187 393 294 457 697

1045 396 1136 455 DE
1173 394 1519 455 DIVISIONE
1554 393 1911 455 NATURAE.
1952 428 2023 438 —
2059 393 2265 453 LIBER
2303 395 2625 452 TERTIUS.

3366 393 3470 451 698

182 514 274 565 est
302 522 318 574 ;
348 504 652 576 ubicunque
670 518 830 562 vero:
863 501 931 559 Et
958 506 1100 577 facta
1134 517 1210 562 est
1261 507 1376 573 lux,
1399 519 1444 564 et
1471 508 1593 578 fecit
1643 508 1779 568 Deus
1808 512 1859 574 Α
1885 509 2237 580 ponderatum
2278 508 2582 564 naturalem
2619 522 2773 563 suum
2805 506 2992 562 sitnm'
3013 523 3120 564 non
3149 507 3345 564 sinitur
3370 508 3464 564 de—

183 599 601 672 ﬁrmamentum,
637 610 686 653 et
727 599 926 669 factum
977 611 1051 654 est
1085 602 1180 666 ita,
1210 601 1502 656 earundem
1553 599 1784 670 primor-

186 690 412 748 dialium
439 705 728 746 causarum
747 691 799 746 in
828 689 1052 748 eﬂ‘ectus
1080 707 1206 748 suos
1230 708 1328 764 per
1350 708 1546 764 genera
1579 700 1632 746 et
1663 706 1784 761 spe-

185 783 306 842 cies
343 783 766 854 processionem.
834 783 1146 856 Vocavitque
1196 784 1340 840 Deus
1394 784 1782 854 ﬁrmamentum

188 874 417 931 caelum.
440 873 601 930 Juxta
628 890 886 930 romanae
914 875 1127 947 linguae
1157 875 1540 948 etymologiam
1572 876 1780 931 caelum

187 965 393 1024 dicitur
431 982 462 1022 a
497 967 708 1038 pictura
756 967 1015 1033 siderum,
1065 969 1220 1039 quasi
1257 968 1450 1024 caelati
1502 969 1695 1035 instar,
1725 978 1784 1025 ut

189 1058 371 1116 Plinio
429 1060 639 1132 placet,
700 1059 855 1130 juxta
913 1077 1045 1117 vero
1093 1077 1344 1135 graecam
1400 1064 1781 1134 proprietatem

186 1154 426 1231 οὐρανός,
457 1155 611 1224 quasi
640 1153 756 1229 ὅρος
797 1153 918 1220 ἄνω,
953 1155 1057 1211 hoc
1085 1165 1190 1222 est,
1219 1156 1358 1212 visio
1401 1156 1649 1226 desuper.
1675 1156 1783 1212 Me-

190 1242 303 1299 rito
346 1258 474 1316 ergo
521 1243 919 1300 firmamentum
968 1245 1352 1302 universalium
1394 1245 1782 1302 elementorum

191 1338 426 1412 οὐρανός,
452 1339 506 1393 id
527 1347 639 1402 est,
670 1338 879 1394 caelum
911 1339 1230 1411 appellatur,
1278 1340 1532 1410 quoniam
1569 1355 1783 1397 omnem

192 1432 552 1503 compositam
575 1447 1002 1504 corporeamque
1045 1440 1350 1490 creaturam
1381 1434 1663 1490 altitudine
1689 1449 1786 1489 na-

193 1529 351 1578 turae
378 1525 764 1595 supereminet.
805 1525 966 1587 Sunt,
997 1526 1087 1597 qui
1114 1527 1462 1582 tenuissimas
1489 1541 1659 1597 aquas
1694 1543 1785 1582 su-

193 1632 300 1689 pra
331 1617 751 1685 llrmamentum,
787 1621 890 1676 hoc
917 1629 1000 1676 est
1025 1621 1041 1652 ³
1072 1663 1086 1686 ,
1119 1637 1283 1692 super
1325 1621 1521 1677 choros
1545 1620 1783 1680 siderum

192 1723 321 1767 esse
341 1720 572 1782 putant;
607 1711 701 1768 sed
731 1727 825 1769 cos
852 1713 1051 1771 refellit
1080 1723 1100 1754 ε
1129 1722 1183 1770 et
1210 1715 1351 1769 ratio
1380 1715 1701 1785 ponderum,
1731 1722 1786 1770 et

195 1803 333 1860 ordo
383 1805 800 1862 elementorum.
843 1807 950 1862 Alii
986 1822 1118 1863 vero
1161 1807 1327 1862 veluti
1376 1807 1396 1839 ⁸
1443 1807 1784 1878 vaporabiles

1885 617 2086 669 serere,
2134 603 2401 673 gravitate
2443 601 2661 672 quidem
2700 598 2974 656 inferioris
3004 600 3174 669 partis
3220 600 3471 669 superius

1883 697 2176 755 ascendere
2201 738 2214 761 ,
2246 696 2464 750 levitate
2489 709 2620 751 vero
2645 693 2940 763 superioris
2966 691 3194 748 inferius
3221 691 3471 746 inclinari

1883 806 1989 848 non
2017 789 2386 861 permittente.
2437 786 2672 842 Proinde
2713 784 2977 856 splendidi
3022 784 3220 841 coloris
3260 785 3474 839 videtur

1883 899 2023 948 esse,
2045 883 2134 952 qui
2163 882 2310 936 color
2325 881 2533 935 medius
2565 889 2648 935 est
2670 879 3078 951 interpallidum
3095 887 3149 934 et
3168 879 3388 934 rubrum
3406 877 3474 944 ",

1883 982 2092 1047 partem
2152 971 2369 1044 quidem
2417 986 2482 1025 ex
2527 970 2824 1040 palliditate
2869 968 3185 1040 frigidorum
3236 968 3476 1023 siderum

1885 1081 2068 1137 supra,
2092 1073 2300 1134 partem
2330 1076 2459 1116 vero
2486 1076 2553 1115 ex
2583 1061 2844 1116 rubedine
2870 1058 3164 1114 calidorum
3190 1071 3478 1128 corporum

1886 1155 2025 1211 infra
2072 1157 2124 1210 in
2175 1153 2698 1224 contemperantiam
2756 1153 2796 1184 ⁸⁷
2848 1153 2930 1207 sui
2983 1151 3286 1222 splendoris
3331 1148 3479 1206 acci-

1884 1247 2060 1318 piens.
2089 1245 2347 1301 Planetae
2374 1259 2526 1308 vero,
2553 1242 2646 1314 qui
2681 1243 2825 1298 circa
2850 1258 2972 1297 eum
3016 1241 3329 1307 volvuntur,
3361 1255 3482 1295 mu-

1887 1346 2004 1394 tant
2045 1337 2257 1394 colores
2303 1337 2599 1392 secundum
2645 1336 2963 1407 qualitatem
3001 1335 3046 1369 ¹⁸
3076 1335 3394 1406 spatiorum,
3424 1333 3484 1389 in

1887 1433 2084 1506 quibus
2109 1421 2442 1496 discurrunt,
2462 1430 2648 1487 Jovem
2673 1430 2814 1496 dico,
2839 1436 2893 1484 et
2914 1428 3164 1494 Martem,
3188 1426 3482 1494 Venerem,

1887 1534 1943 1581 et
1967 1523 2293 1580 Mercurium
2315 1564 2328 1588 ,
2361 1538 2500 1593 quae
2539 1538 2757 1594 semper
2781 1521 3019 1578 circulos
3048 1535 3174 1576 suos
3220 1520 3366 1575 circa
3393 1534 3488 1576 so-

1888 1615 1993 1674 lem
2042 1627 2331 1689 peragunt,
2363 1617 2504 1673 sicut
2546 1617 2698 1672 Plato
2727 1617 2780 1672 in
2811 1617 3034 1671 Timaeo
3063 1615 3268 1670 edocet.
3307 1615 3487 1685 Atque

1889 1709 2010 1765 ideo
2037 1709 2162 1764 dum
2194 1724 2356 1780 supra
2382 1708 2555 1764 solem
2582 1715 2740 1772 sunt,
2762 1707 2944 1763 claros
2965 1705 3258 1762 ostendunt
3284 1704 3483 1769 vultus,

1888 1801 2016 1856 dum
2045 1816 2178 1857 vero
2209 1799 2374 1866 infra,
2410 1801 2625 1856 rubros.
2675 1798 2792 1854 Non
2836 1799 3002 1870 igitur
3030 1797 3204 1868 pallor
3247 1796 3486 1852 siderum

199 1911 392 1967 aquas,
414 1906 469 1953 et
496 1913 670 1968 paene
701 1897 1048 1969 incorporeas
1075 1914 1237 1971 supra
1261 1899 1469 1955 caelum
1500 1914 1786 1970 argumen-
1817 1907 1866 1968 Β
1893 1895 2038 1966 cogit
2087 1909 2184 1950 nos
2229 1893 2552 1964 intelligere,
2585 1909 2760 1965 aquae
2796 1893 3124 1947 elementum
3164 1889 3274 1944 ullo
3323 1888 3489 1943 modo

198 1995 462 2057 tanturlex
488 1989 692 2060 pallore
720 1990 1232 2047 stellarum.Dicunt
1253 1991 1399 2048 enim
1419 1993 1464 2058 ‘,
1483 1991 1664 2048 stellas
1693 1991 1786 2046 fri-

198 2079 353 2151 gidas
380 2095 520 2148 esse,
552 2089 716 2154 atque
758 2082 782 2116 ⁸
820 2083 940 2140 ideo
981 2083 1242 2155 pallidas;
1290 2083 1558 2156 frigiditas
1607 2092 1786 2139 autem

199 2186 309 2228 non
357 2181 462 2239 est,
505 2182 566 2229 ut
607 2174 774 2238 aiunt,
814 2176 906 2231 ubi
941 2192 1203 2248 aquarum
1247 2176 1548 2232 substantia
1591 2176 1784 2232 deest:

199 2265 385 2322 minus
413 2268 820 2326 considerantes
842 2270 984 2341 quod
1017 2271 1231 2338 dicunt;
1261 2287 1383 2326 nam
1422 2280 1477 2327 et
1510 2271 1602 2327 ubi
1649 2271 1790 2342 ignis

201 2367 290 2414 est
330 2361 758 2418 substantialiter
779 2405 794 2429 ,
841 2364 914 2419 ibi
957 2373 1010 2419 et
1043 2364 1329 2436 frigiditas.
1361 2364 1638 2436 Siquidem
1672 2382 1793 2440 cry-

200 2451 439 2516 stallum,
464 2468 584 2508 cum
609 2453 680 2509 sit
700 2453 924 2526 frigidae
949 2464 1191 2521 naturae,
1217 2472 1406 2513 carere
1432 2466 1610 2512 tamen
1638 2459 1793 2530 ignea

200 2542 428 2608 virtute,
448 2558 587 2612 quae
612 2544 792 2598 omnia
817 2554 1064 2614 penetrat
1088 2562 1340 2617 corpora,
1373 2548 1555 2604 nullus
1577 2549 1794 2620 sapiens

205 2633 427 2690 dixerit.
458 2635 619 2706 Ignea
668 2635 853 2707 itaque
873 2637 978 2703 vis,
1023 2639 1113 2694 ubi
1159 2640 1334 2704 ardet,
1367 2641 1518 2696 calor
1547 2649 1662 2707 est;
1704 2640 1793 2696 ubi

205 2742 316 2781 non
345 2726 534 2792 ardet,
565 2725 734 2798 frigus
759 2737 870 2795 est;
903 2738 958 2785 et
986 2745 1092 2785 non
1123 2731 1278 2786 ardet
1309 2731 1412 2786 nisi
1444 2731 1535 2786 ubi
1566 2732 1796 2787 materia

203 2819 280 2873 sit
323 2818 366 2885 ⁸,
409 2819 462 2873 in
509 2834 614 2890 qua
665 2821 872 2886 ardeat,
927 2830 982 2877 et
1027 2838 1191 2893 quam
1220 2832 1523 2880 consumat.
1564 2823 1799 2896 Ideoque

205 2912 417 2968 solares
438 2912 576 2968 radii
605 2930 702 2984 per
731 2915 984 2972 aetherea
1019 2918 1193 2988 spatia
1222 2916 1402 2974 diffusi
1429 2934 1534 2973 non
1562 2921 1756 2975 ardent
1781 2937 1795 2982 ;

207 3004 266 3059 in
291 3004 644 3061 subtilissima
694 3008 838 3062 enim
871 3023 935 3064 ac
972 3008 994 3042 "
1035 3009 1299 3080 spirituali
1344 3019 1535 3066 natura
1580 3013 1799 3068 ardendi

209 3098 500 3154 materiam
521 3099 543 3132 ⁸
569 3114 675 3154 non
703 3102 998 3172 reperiunt.
1024 3102 1421 3161 Descendentes
1460 3116 1638 3162 autem
1669 3105 1690 3138 ⁹
1737 3106 1803 3161 ad

207 3190 512 3260 corpulenti
539 3192 683 3248 aeris
709 3193 906 3263 spatia,
938 3194 1102 3251 veluti
1140 3197 1374 3266 quadam
1410 3199 1637 3254 materia
1680 3213 1804 3268 Ope-

1890 2002 2054 2056 supra
2078 1986 2290 2042 caelum
2315 2001 2454 2052 esse,
2483 1986 2608 2039 dum
2637 1985 2752 2056 ipsa
2780 1983 3050 2056 palliditas
3073 1998 3134 2037 ex
3167 1980 3368 2036 caloris
3396 1977 3495 2034 ab-

1887 2085 2060 2140 sentia
2089 2092 2368 2140 nascatur.
2403 2083 2512 2140 Sed
2553 2084 2808 2154 quoniam
2838 2082 2904 2137 de
2927 2083 3012 2138 his
3037 2082 3254 2154 longum
3282 2089 3365 2137 est
3391 2095 3489 2136 ex-

1890 2191 2114 2246 ponere,
2165 2177 2421 2248 quicquid
2465 2177 2508 2213 ¹⁹
2551 2178 2694 2232 ratio
2724 2176 2892 2248 exigit
2921 2186 3170 2242 naturae,
3205 2178 3492 2233 redeamus

1892 2269 1958 2323 ad
1983 2269 2340 2339 propositum.
2377 2269 2444 2324 Et
2489 2269 2688 2340 factum
2735 2281 2808 2326 est
2853 2288 3059 2342 vespere
3107 2281 3155 2326 et
3197 2289 3349 2326 manu
3378 2272 3490 2328 dies

1893 2380 2030 2418 unus
2058 2363 2123 2416 '°.
2154 2363 2356 2418 Eadem
2386 2364 2762 2434 interpretatio
2789 2373 2894 2432 est,
2920 2381 3080 2435 quam
3108 2365 3227 2420 etin
3262 2366 3304 2396 ⁸⁸
3333 2364 3492 2435 primi

1895 2453 1996 2509 diei
2027 2455 2495 2519 cirisummatione
2531 2455 2576 2485 ²²
2607 2454 2990 2525 praediximus.
3046 2453 3304 2522 Quamvis
3349 2453 3494 2510 enim

1896 2545 2000 2600 alia
2026 2546 2410 2616 contemplatio
2437 2555 2516 2601 est
2542 2545 2903 2616 spiritualium
2937 2545 2982 2578 ’³
3007 2546 3190 2602 mundi
3222 2547 3494 2602 rationum

1897 2635 1952 2691 in
1984 2635 2425 2706 primordialibus
2453 2635 2650 2699 causis,
2684 2636 2787 2690 alia
2816 2637 2868 2691 in
2899 2635 3233 2706 simplicibus
3274 2644 3330 2692 et
3374 2636 3495 2691 uni.

1898 2729 2200 2785 versalibus
2221 2729 2518 2790 elementis,
2555 2729 2659 2783 alia
2709 2729 2761 2782 in
2807 2730 3121 2801 compositis
3147 2729 3495 2800 particulari-

1899 2821 2106 2890 busque
2136 2819 2456 2888 corporibus
2480 2861 2494 2885 ,
2526 2835 2666 2873 unus
2697 2828 2874 2874 tamen
2903 2821 3152 2890 idemque
3177 2819 3485 2876 intellectus

1902 2920 1988 2967 est
2018 2911 2182 2965 totius
2209 2911 2392 2965 mundi
2425 2910 2817 2966 universitatis.
2865 2911 2932 2965 Et
2974 2911 3110 2967 haec
3139 2911 3402 2984 expositio
3434 2911 3488 2967 in

1903 3004 2099 3060 ceteris
2131 3002 2179 3034 "‘
2206 3003 2395 3058 diebus
2419 3001 2756 3057 observanda
2780 3013 2881 3067 est,
2915 3001 3223 3071 ubicunque
3254 3003 3496 3074 interpo-

1905 3100 2053 3155 nitur
2081 3117 2093 3152 ε
2126 3099 2190 3152 Et
2223 3098 2422 3168 factum
2449 3108 2520 3152 est
2550 3114 2752 3169 vespere
2791 3108 2838 3151 et
2879 3114 3030 3152 mane
3066 3098 3174 3152 dies
3214 3114 3367 3152 unus.
3400 3097 3498 3154 Sat

1907 3193 1973 3246 de
1995 3192 2229 3247 secunda
2259 3191 2367 3256 die,
2391 3201 2654 3263 quantum
2686 3191 2923 3246 brevitas
2949 3190 3132 3261 exigit,
3157 3199 3242 3245 est
3267 3190 3493 3246 dictum.

211 3283 442 3339 rationis
488 3283 726 3352 inventa,
757 3284 987 3358 ﬂagrare
1016 3288 1303 3360 incipiunt,
1345 3298 1400 3345 et
1438 3290 1492 3345 in
1539 3300 1800 3362 quantum
1829 3281 1875 3343 C
1908 3285 2052 3340 DISC.
2087 3283 2181 3338 Sat
2211 3284 2370 3354 plane
2397 3299 2460 3338 ac
2495 3283 2820 3349 verisimile,
2852 3282 3098 3352 quamvis
3124 3282 3323 3347 multis,
3355 3298 3418 3338 ac
3448 3281 3498 3315 ”

212 3377 283 3432 ad
331 3377 598 3433 crassiora
641 3393 868 3450 corpora
917 3381 1257 3451 perveniunt,
1315 3381 1368 3437 in
1427 3391 1636 3439 tantum
1693 3383 1802 3438 vim

209 3483 369 3526 suam
397 3469 635 3526 ardendo
665 3480 924 3529 exercent
969 3473 1022 3528 in
1065 3474 1170 3539 his,
1217 3490 1358 3544 quae
1381 3474 1578 3532 caloris
1601 3475 1804 3530 virtute

209 3561 521 3630 solvuntur,
565 3565 649 3620 vel
691 3565 732 3598 '°
779 3567 914 3622 solvi
957 3578 1204 3638 possunt.
1251 3568 1388 3625 Dum
1428 3586 1556 3626 vero
1588 3587 1802 3626 sursum

210 3664 408 3710 versus
432 3653 486 3709 in
522 3663 763 3711 extrema
798 3657 981 3712 mundi
1013 3658 1296 3714 intervalla
1324 3661 1660 3725 tenuissima,
1694 3662 1807 3732 Spl-

212 3746 511 3818 ritualique
534 3756 758 3805 naturae
786 3749 1032 3820 proxima
1059 3751 1360 3823 eriguntur,
1395 3768 1500 3809 non
1528 3753 1807 3809 invenien-

212 3846 298 3895 tes
311 3839 592 3895 materiam
616 3839 898 3911 ﬂagrandi,
920 3842 1127 3897 nullum
1149 3843 1652 3914 caloremjgignunt,
1683 3844 1804 3898 illu-

211 3930 532 3987 minationis
556 3939 761 3987 tantmn
785 3933 1157 4002 operationem
1181 3934 1544 3989 ostendentes.
1570 3934 1803 4006 Ideoque

210 4021 492 4087 aetherea,
521 4036 584 4077 ac
619 4023 662 4062 εί
689 4037 846 4092 pura.
877 4032 932 4078 et
962 4023 1267 4093 spiritualia
1298 4023 1802 4094 corpora'caelestia

211 4111 416 4168 ibidem
441 4114 733 4170 constituta
761 4116 938 4172 lucida
961 4127 1089 4173 sunt
1121 4133 1353 4189 semper,
1386 4118 1586 4175 caloris
1615 4128 1800 4175 autem

210 4203 484 4273 expertia,
525 4219 586 4258 ac
643 4220 743 4277 per
783 4206 886 4262 hoc
934 4215 990 4261 et
1047 4207 1262 4279 frigida,
1317 4216 1371 4264 et
1415 4207 1614 4280 pallida
1682 4225 1803 4266 esse

209 4295 531 4351 creduntur.
565 4297 801 4354 Proinde
835 4299 1050 4371 planeta
1080 4301 1167 4357 ille
1196 4302 1415 4358 Saturni
1459 4304 1680 4359 nomine
1706 4320 1802 4360 vo-

208 4396 371 4444 catus
387 4428 403 4451 ,
434 4388 688 4458 quoniam
703 4390 888 4445 choris
902 4391 1138 4448 siderum
1154 4392 1362 4448 vicinus
1376 4401 1460 4448 est
1476 4394 1542 4458 ¹²,
1568 4393 1800 4465 pallidus

207 4490 264 4536 et
296 4480 526 4553 frigidus
576 4482 621 4515 ¹³
665 4498 786 4540 esse
833 4485 1070 4550 dicitur;
1129 4484 1307 4542 solare
1355 4496 1536 4543 autem
1581 4503 1798 4560 corpus,

209 4571 341 4626 dum
393 4572 625 4628 medium
670 4574 855 4629 mundi
921 4576 1152 4646 spatium
1190 4577 1469 4647 possidet,
1535 4588 1796 4649 quantum

1903 3391 2040 3446 pene
2067 3376 2608 3448 omnibus-ignotum.
2651 3374 2791 3431 MAG.
2823 3373 3079 3446 Sequitur
3109 3389 3270 3444 ergo,
3319 3383 3379 3430 ut
3430 3376 3497 3430 de

1906 3468 2063 3522 tertia
2093 3467 2180 3523 die
2216 3468 2445 3523 strictim
2475 3468 2737 3524 dicamus.
2772 3469 2920 3522 Dixit
2951 3479 3126 3523 autem
3154 3469 3332 3524 Deus:
3360 3467 3500 3524 Cou-

1905 3569 2180 3630 gregeutur
2216 3575 2383 3629 aquae
2408 3575 2540 3630 quae
2559 3557 2652 3611 sub
2683 3557 2826 3612 caelo
2858 3568 2978 3612 sunt
3007 3561 3062 3612 iu
3103 3559 3278 3612 locum
3309 3563 3516 3626 unum,‘

1904 3661 1952 3706 et
1973 3659 2220 3722 appareat
2237 3651 2413 3716 arida,
2440 3650 2738 3721 factumque
2759 3659 2833 3704 est
2856 3652 2952 3704 ita.
2980 3650 3056 3706 De
3075 3651 3497 3722 congregatione

1905 3760 2168 3815 aquarum
2214 3745 2266 3799 in
2315 3744 2490 3800 locum
2518 3760 2684 3798 unum
2717 3743 2899 3815 opinio
2934 3743 3020 3798 illa
3042 3785 3056 3809 ,
3089 3758 3249 3814 quam
3278 3743 3500 3814 plurimi

1905 3836 2238 3906 expositores
2261 3833 2420 3904 hujus
2460 3833 2774 3905 Scripturae
2804 3849 2832 3888 a
2871 3833 2930 3888 S.
2962 3833 3162 3890 Basilio
3193 3832 3498 3889 Caesareae

1904 3930 2276 4002 Cappadociae
2303 3929 2550 3984 antistite
2577 3936 2847 3998 sumptam
2871 3936 3175 3998 sequuntur
3200 3967 3214 3993 ,
3247 3926 3500 3982 omnibus

1903 4033 2028 4078 nota
2052 4031 2158 4088 est,
2186 4020 2440 4092 quoniam
2455 4018 2820 4092 cogitantibus
2848 4034 2911 4073 ea
2943 4017 3198 4073 facillima
3228 4017 3280 4050 “
3309 4032 3500 4071 occur-

1905 4115 2008 4180 rit,
2046 4129 2184 4184 quae
2214 4111 2480 4166 infinitam
2511 4126 2794 4181 aquarum,
2835 4110 3073 4180 undique
3115 4109 3260 4164 circa
3294 4107 3494 4164 molem

1906 4217 2085 4263 terrae
2129 4206 2308 4260 adhuc
2339 4204 2627 4260 informem
2677 4214 2731 4259 et
2781 4203 3106 4259 invisibilem
3157 4201 3496 4269 ditfusarum,

1904 4301 2078 4372 spatia
2106 4299 2250 4356 aeris
2269 4308 2324 4355 et
2349 4298 2587 4354 aetheris
2625 4297 2804 4353 adhuc
2855 4296 3216 4368 implentium,
3243 4295 3500 4366 ctprimi-

1904 4395 2046 4450 tivae
2068 4391 2204 4447 lucis
2225 4391 2426 4447 ambitu
2452 4389 2893 4462 splendentiumg
2913 4387 3284 4444 tenuissimam
3301 4401 3365 4441 ac
3390 4384 3498 4440 vel?

1902 4487 1981 4541 uti
2022 4485 2329 4556 vaporalem
2367 4483 2725 4556 quantitatem
2782 4483 2941 4538 tertia
2984 4481 3071 4537 die
3123 4481 3176 4535 in
3220 4493 3384 4533 unum
3417 4476 3500 4533 lo-

1904 4595 2025 4634 cum
2061 4587 2444 4650 congregatam
2477 4583 2752 4641 autumat;
2805 4575 2860 4630 in
2907 4574 3060 4646 cujus
3105 4571 3283 4628 medio
3314 4570 3500 4626 firma-

207 4661 516 4733 siquidem,
546 4671 607 4719 ut
632 4665 784 4720 aiunt
819 4665 1147 4738 philosophi,
1182 4683 1212 4722 a
1247 4677 1390 4724 terra
1423 4670 1490 4724 ad
1521 4670 1688 4726 solem
1722 4670 1803 4726 in-
1827 4671 1880 4732 D
1907 4681 2150 4727 mentum
2189 4671 2390 4726 factum
2439 4670 2605 4726 fuisse
2649 4670 2887 4725 secunda
2925 4667 3011 4724 die
3036 4668 3082 4700 ’ν
3116 4666 3310 4733 credit,
3338 4679 3503 4736 super

207 4753 424 4809 tervalli
483 4763 590 4820 est,
637 4751 844 4812 tantum
881 4774 910 4812 a
952 4757 1065 4814 sole
1094 4758 1136 4790 “
1181 4759 1248 4814 ad
1293 4761 1490 4826 sidera,
1539 4763 1800 4818 medieta-

207 4854 320 4901 tem
365 4847 636 4916 quandam
666 4849 985 4922 intelligitur
1008 4851 1275 4908 obtinere.
1324 4853 1405 4907 Ab
1456 4853 1800 4910 inferioribus

205 4937 357 4994 enim
381 4938 594 4994 naturis
612 4940 1004 5010 corpulentiam
1035 4943 1306 5012 quandam
1333 4983 1348 5009 ,
1375 4959 1402 4996 a
1428 4945 1800 5013 superioribus

203 5041 341 5082 vero
368 5028 706 5098 spiritualem
733 5031 1086 5088 subtilitatem
1118 5033 1186 5088 ad
1212 5033 1612 5090 subsistentiam
1644 5035 1688 5067 “‘
1717 5035 1799 5092 sui

203 5119 429 5190 recipit,
459 5135 524 5177 ac
550 5121 716 5178 veluti
745 5123 1054 5180 contrarias
1082 5125 1368 5196 utriusque
1395 5126 1579 5181 mundi
1605 5126 1796 5196 partis,

201 5211 510 5282 superioris
534 5212 785 5272 videlicet
809 5225 866 5272 et
896 5215 1193 5283 inferioris,
1226 5218 1281 5272 in
1307 5233 1365 5274 se
1393 5217 1599 5289 colligit
1629 5217 1802 5287 quali-
1838 5285 1851 5298 .

200 5307 374 5368 tates,
425 5317 658 5374 quarum
704 5307 1053 5365 contentione
1098 5307 1266 5364 veluti
1315 5306 1547 5378 quadam
1597 5316 1803 5363 statera

1906 4764 2049 4834 quod
2091 4764 2428 4833 superiorem
2461 4777 2724 4832 aquarum
2750 4768 2960 4832 partem
3001 4759 3258 4830 suspendi
3295 4765 3497 4829 putat,

1907 4855 2193 4910 inferiores
2252 4862 2430 4909 autem
2485 4853 2797 4924 praedictae
2849 4851 3030 4923 abyssi
3081 4848 3398 4906 dill‘usiones
3445 4849 3499 4900 in

1905 4961 2072 5000 unum
2119 4945 2399 5010 collectas,
2458 4946 2561 5000 hoc
2613 4953 2715 5009 est,
2763 4943 2908 5000 intra
2937 4943 2983 4974 ³⁸
3012 4941 3249 4998 conclusi
3306 4941 3350 4973 "
3388 4938 3500 4993 suis

1905 5037 2180 5093 littoribus
2241 5037 2433 5092 oceani
2501 5037 2766 5092 ambitum
2829 5041 3220 5105 congregatas,
3287 5039 3346 5084 ut
3407 5043 3498 5098 ap-

1905 5137 2122 5200 pareret
2169 5128 2358 5193 arida,
2413 5129 2673 5199 locusque
2725 5128 2839 5184 aeri
2883 5136 2938 5182 et
2986 5124 3194 5181 aetheri
3255 5122 3493 5176 daretur.

1907 5217 2014 5274 Sed
2067 5219 2202 5274 haec
2263 5219 2484 5289 opinio,
2535 5217 2782 5274 consulta
2839 5216 3108 5282 veritate,
3167 5212 3354 5268 multis
3406 5225 3496 5264 ra-

1909 5309 2147 5366 tionibus
2198 5309 2413 5365 videtur
2477 5309 2744 5377 titubare,
2808 5318 2865 5364 et
2922 5307 3319 5378 inconsequens
3381 5316 3502 5357 om-

1450 5439 1704 5496 VARIAE
1743 5438 2145 5499 LECTIONES.

281 5575 299 5650 ξ
351 5574 400 5630 Α
426 5577 465 5629 i.
494 5593 556 5650 e.
618 5577 640 5611 ²
669 5578 711 5634 C
745 5577 962 5650 refellet.
1041 5579 1061 5611 ³
1088 5578 1242 5636 veluti
1291 5593 1399 5635 om.
1438 5579 1513 5650 Α.

194 5647 407 5701 teriam.
482 5651 503 5682 θ
530 5647 575 5703 Δ
604 5665 770 5704 vero.‘
803 5647 863 5682 ’⁸⁸
891 5651 936 5704 Α
958 5661 1069 5705 aut.
1150 5651 1189 5684 “
1217 5651 1260 5704 Α
1283 5661 1356 5706 et.

196 5727 420 5773 tantum
443 5718 626 5774 solem.
706 5721 750 5753 "
767 5721 807 5776 A
831 5721 1196 5778 substantiam.

196 5788 248 5821 ”
273 5789 315 5843 Α
340 5790 625 5846 secundus.
699 5793 743 5826 ⁸¹
771 5793 826 5847 in
852 5808 961 5848 om.
997 5794 1062 5847 Α.

195 5858 417 5916 diebus.
493 5861 540 5894 "
567 5861 615 5918 Α
636 5872 705 5918 et.

1277 5721 1322 5752 "
1339 5720 1380 5776 C
1403 5720 1733 5790 rubrumque.

1594 5578 1615 5609 ⁸
1645 5579 1781 5633 enim
1829 5593 1938 5634 om.
1975 5580 2039 5633 A.

1432 5649 1475 5680 “
1499 5649 1540 5705 Α
1564 5660 1636 5704 est
1662 5650 1878 5704 uicinus.

1818 5721 1859 5754 "
1886 5722 1927 5778 C
1956 5723 2006 5776 in
2038 5721 2496 5791 contemperamia.

1139 5795 1184 5826 “
1225 5793 1270 5847 A
1305 5789 1822 5848 consummationem.
1899 5793 1945 5833 ³³
1969 5793 2011 5846 Α
2043 5789 2427 5862 contemplatio
2461 5789 2813 5862 spiritualium
2851 5793 2934 5846 sit.
3011 5793 3059 5824 "
3091 5791 3132 5849 C
3173 5789 3236 5846 iu'
3270 5790 3496 5850 residuis

781 5810 826 5847 m
852 5809 961 5848 om.
997 5809 1062 5847 Α.
1141 5809 1184 5826 ι·
1225 5809 1270 5847 Α
1305 5809 1822 5848 consummationem.
1899 5809 1945 5833 --
1969 5809 2011 5846 Α
2043 5809 2427 5862 contemplatio
2461 5809 2486 5846 ε

781 5864 828 5898 ’⁸
857 5865 903 5921 Δ
927 5880 1042 5921 eam
1070 5864 1340 5935 facillime.
1417 5864 1461 5896 ³⁷
1487 5864 1529 5918 Α
1561 5863 1789 5919 secunda
1810 5863 1894 5921 die
1917 5866 2118 5937 factum
2142 5862 2324 5934 fuisse.
2400 5863 2448 5898 ³⁸
2474 5809 2538 5919 K'

3240 5579 3280 5611 ’⁸
3305 5577 3345 5634 C
3376 5594 3498 5632 ma-

3385 5648 3492 5704 Hc

3080 5721 3123 5793 ίξ
3149 5721 3190 5775 A
3215 5730 3491 5793 quantum.

2117 5579 2139 5611 ⁵
2167 5578 2211 5633 Α
2250 5588 2316 5633 et.
2395 5579 2416 5611 ⁸
2451 5579 2496 5634 Α
2544 5580 2610 5634 sit
2662 5579 2900 5634 materia.
2977 5580 2998 5611 ⁷
3024 5578 3066 5634 Α
3090 5589 3157 5633 et.

1960 5651 2005 5683 “
2034 5650 2075 5707 C
2103 5649 2240 5704 illa..
2278 5659 2502 5704 vorata..
2548 5650 2758 5703 viciam.
2787 5650 2990 5720 pallida
3017 5661 3063 5704 et
3090 5649 3304 5718 frigida.

1960 5723 2006 5776 in
2038 5721 2496 5788 contemperamia.
2581 5720 2679 5772 "A
2701 5719 3000 5788 qualitates.
3080 5721 3123 5753 "
3149 5721 3190 5775 A
3215 5739 3304 5788 qur

2540 5862 2694 5918 inter.
2772 5863 2816 5898 ”
2846 5862 2890 5917 Δ
2917 5863 3126 5918 inclusi.

3497 5979 3536 5992 ς.
