4064 6292
251 322 354 416 ἰὀι

1123 344 1212 403 DE
1254 340 1594 421 DIVISIONE
1640 280 1992 400 NRTURAE.
2033 328 2105 384 έ-
2136 338 2342 398 LlBER
2379 337 2707 398 TERTIUS.

3467 310 3491 321 ι,
3520 316 3531 329 ,-

253 469 424 543 tgitur
462 440 712 521 omnium
757 474 1084 534 corporum,
1120 474 1187 515 ex
1221 465 1479 529 quattuor
1524 455 1850 528 simplicium
1881 464 1929 522 Α
1960 454 2098 511 tiens
2123 495 2140 521 ,
2188 455 2524 510 incrementa
2551 462 2609 539 et
2635 452 2959 510 detrimenta
2999 469 3097 525 per
3134 455 3468 527 quantitates
3490 443 3552 517 et

253 563 650 619 elementorum
670 556 814 612 coitu
841 553 1286 625 compositorum,
1307 566 1375 606 ex
1398 549 1651 606 maximis
1677 564 1851 620 usque

256 651 328 709 ad
353 653 575 708 minima
599 648 1056 721 pervenientium,
1080 644 1273 714 triplex
1298 642 1663 700 consideratio
1688 650 1773 697 est
1796 646 1847 696 ις
1876 710 1877 713 η

254 743 417 804 aliter
445 743 593 798 enim
617 742 671 796 in
701 741 767 797 iis
794 737 1022 794 materia
1051 737 1356 809 inspicitur,
1396 735 1554 791 aliter
1587 734 1759 791 forma
1795 742 1851 789 et

254 836 494 910 species,
518 847 681 905 quae,
730 829 994 885 materiae
1015 830 1035 859 ¹
1067 826 1298 896 adjecta,
1320 840 1478 881 omne
1506 825 1739 883 solidum
1771 831 1853 880 at-

255 943 365 1002 que
394 925 650 983 sensibile
685 938 882 993 corpus
930 921 1134 986 etfacit;
1184 920 1450 990 siquidem
1477 919 1591 975 sola
1630 919 1652 951 ⁸
1682 930 1853 974 mate-

257 1021 339 1076 ria
368 1032 563 1075 carens
589 1017 769 1089 specie
804 1013 1010 1069 nullum
1036 1027 1231 1084 corpus
1259 1011 1487 1082 peragit,
1513 1011 1639 1081 quia
1668 1026 1769 1082 per
1791 1025 1852 1067 se

257 1108 510 1181 informis
549 1114 673 1171 est,
722 1104 932 1176 adjecta
979 1117 1108 1168 vero
1151 1104 1330 1173 specie
1370 1117 1565 1173 corpus
1614 1100 1637 1134 ‘
1674 1099 1852 1173 perfe-

256 1212 408 1259 ctum
438 1200 460 1233 ³
492 1199 581 1264 fit;
633 1197 792 1253 aliter
836 1197 1073 1253 essentia
1121 1205 1177 1252 et
1221 1196 1596 1252 substantialis
1650 1196 1847 1263 forma,

256 1310 401 1367 quae
437 1292 600 1348 veluti
653 1290 1065 1347 fundamentum
1114 1289 1387 1346 immobile
1416 1291 1704 1347 formatam
1734 1292 1849 1347 suf—

256 1387 367 1455 fert
388 1396 445 1443 et
487 1385 727 1442 continet
752 1384 1033 1439 materiem
1060 1383 1080 1415 ’
1109 1400 1125 1439 :
1156 1383 1521 1439 necessarium
1548 1393 1689 1449 erat,
1720 1383 1853 1439 sub-

253 1478 569 1555 stantialetn
609 1474 839 1531 formam
877 1490 946 1530 ex
983 1474 1211 1530 materia
1260 1460 1492 1529 formata
1542 1473 1848 1529 rationabili

251 1572 503 1629 contuitu
535 1582 840 1641 segregare.
873 1566 1105 1623 Maxima
1133 1577 1313 1623 autem
1343 1582 1571 1639 corpora
1598 1568 1709 1635 dixi
1742 1577 1849 1622 ter-

254 1681 400 1730 ram,
435 1679 656 1735 aquam,
689 1677 839 1727 aera,
871 1662 1222 1730 aetheraque,
1250 1660 1592 1737 caelumque,
1634 1659 1687 1716 in
1730 1660 1851 1730 qui-

249 1756 359 1812 bus
388 1752 799 1810 innumerabilis
852 1752 1215 1807 maximorum
1247 1751 1268 1782 "
1305 1765 1619 1821 corporum,
1649 1760 1703 1806 et
1730 1766 1847 1807 me-

1953 549 2245 620 qualitates
2273 549 2485 618 recipit,
2523 538 2813 619 multisque
2843 565 2907 604 ac
2931 550 2972 583 ⁸⁹
3004 550 3169 606 variis
3199 550 3546 622 differentiis,

1952 659 2093 715 quae
2118 642 2460 700 extrinsecus
2493 658 2561 698 ex
2599 641 2860 712 qualitate
2900 643 3166 711 locorum,
3198 659 3404 709 aerum,
3444 628 3545 703 hu;

1953 751 2189 800 morum,
2218 734 2463 791 ciborum
2495 733 2858 804 similiumque
2885 734 3230 790 occasionum
3272 736 3549 808 accidunt,

1950 812 2257 885 succumbit
2291 846 2303 883 :
2336 842 2514 883 nonne
2555 825 2850 882 verisimile
2880 825 3112 894 videtur,
3147 839 3431 900 rectaeque
3458 842 3551 887 ra-

1955 919 2086 974 tioni
2111 917 2460 982 conveniens,
2486 917 2658 988 ipsam
2687 916 3107 974 mutabilitatem
3138 919 3394 976 materiae
3420 937 3545 978 cum

1951 1011 2067 1082 ipsa
2097 1008 2269 1065 forma
2318 1009 2633 1081 qualitativa
2657 1050 2671 1074 ,
2717 1024 2861 1082 quae
2888 1008 2937 1065 ei
2985 1011 3288 1068 adhaerens
3312 1006 3544 1071 eundem

1951 1112 2162 1160 aestum
2203 1102 2454 1183 assiduae
2501 1100 2869 1183 ﬂuctuationis
2915 1100 3270 1175 tumidaeque
3318 1107 3544 1178 patitur,

1952 1211 2211 1269 aquarum
2243 1197 2342 1254 sub
2388 1195 2542 1252 caelo
2572 1196 2898 1269 simplicium
2924 1197 3317 1275 elementorum
3344 1201 3550 1272 posita-

1950 1306 2070 1347 rum
2104 1290 2312 1360 trOpico
2337 1289 2559 1345 nomine
2584 1289 2916 1362 signiﬁcari?
2942 1290 2987 1323 ²⁰
3010 1288 3397 1350 Substantialis
3425 1310 3551 1351 vero

1949 1379 2126 1436 forma
2160 1380 2244 1435 vel
2273 1381 2503 1452 species,
2535 1381 2589 1436 in
2611 1382 2656 1413 “
2682 1395 2883 1454 genere
2912 1397 3010 1438 suo
3038 1372 3553 1442 iucominutabiliter

1949 1474 2273 1541 subsistens,
2304 1489 2442 1545 quae
2473 1483 2519 1516 η
2548 1472 2696 1531 nullo
2739 1475 2898 1531 modo
2925 1491 3047 1531 cum
3079 1491 3307 1547 corpore
3335 1493 3404 1533 ex
3436 1495 3544 1534 ma-

1952 1566 2086 1622 teria
2118 1574 2175 1622 et
2222 1565 2543 1636 qualitativa
2592 1564 2765 1621 forma
2796 1566 3097 1637 composito
3130 1554 3548 1624 mutabilitatem

1946 1660 2154 1731 patitur
2178 1658 2422 1716 "—non
2449 1659 2748 1717 enim.cum
2764 1660 3219 1731 corporeincipit,
3235 1662 3480 1730 quamvis
3497 1662 3551 1719 in

1948 1768 2178 1826 corpore
2206 1763 2485 1836 nascatur,
2535 1752 2653 1808 sine
2697 1767 2807 1823 quo
2852 1768 2949 1825 per
2977 1753 3214 1825 seipsam
3248 1753 3313 1836 in
3352 1770 3551 1824 genere

252 1850 505 1913 diorum,
551 1856 607 1902 et
652 1846 1001 1901 minimarum
1048 1844 1069 1876 ⁸
1108 1845 1386 1916 quantitas
1434 1844 1845 1915 multiplicatur.
1878 1838 1924 1899 Β
1951 1864 2050 1905 suo
2079 1828 2445 1905 essentialiter
2473 1855 2797 1918 permanet,
2834 1862 3011 1918 neque
3052 1862 3177 1903 cum
3207 1828 3272 1902 eo
3302 1863 3551 1904 corrum-

251 1940 408 2010 Quae
452 1949 629 2011 tamen
674 1938 695 1969 ’
739 1938 955 2003 omnia,
995 1939 1097 1993 hoc
1136 1946 1223 1993 est
1263 1937 1533 2003 maxima,
1564 1947 1619 1993 et
1647 1937 1846 2004 media,

250 2043 312 2091 et
341 2033 558 2088 minima
581 2071 598 2098 ,
644 2046 712 2087 ex
740 2040 994 2102 quattuor
1032 2030 1362 2102 purissimis,
1405 2030 1846 2102 simplicissimis,

250 2128 722 2198 invisibilibusque
766 2126 811 2158 ⁸ο
856 2141 957 2197 per
991 2140 1051 2182 se
1087 2125 1370 2181 elementis
1417 2126 1848 2191 constituuntur,

249 2220 512 2294 quoniam
538 2220 592 2274 in
620 2234 685 2274 ea
710 2217 1087 2284 resolvuntur;
1124 2217 1329 2272 nullum
1349 2217 1493 2273 enim
1518 2217 1846 2273 elementum

248 2331 355 2390 per
381 2329 727 2389 segni-pereo
766 2328 928 2369 sensu
971 2311 1276 2382 attingitur.
1326 2311 1383 2367 Si
1412 2325 1563 2383 ergo,
1596 2318 1655 2366 ut
1682 2325 1843 2380 prae-

250 2390 417 2468 dictis
431 2407 729 2465 rationibus
748 2407 1176 2465 demoustratnm
1198 2411 1302 2471 est,
1325 2412 1581 2473 quattuor
1603 2402 1688 2456 illa
1711 2415 1846 2472 pura

249 2502 523 2558 elementa
559 2497 884 2553 ﬁrmamenti
916 2496 958 2527 ¹¹
1007 2493 1093 2550 vel
1137 2494 1272 2550 caeli
1321 2492 1585 2550 vocabulo
1616 2508 1648 2546 a
1692 2491 1847 2549 Scri-

247 2593 482 2667 ptura“
529 2598 751 2662 propter
794 2574 931 2643 suae
974 2597 1202 2644 naturae
1246 2585 1546 2656 simplicem
1590 2585 1846 2643 virtutem

250 2692 573 2742 meruerunt
599 2681 879 2754 appellari,
907 2680 1162 2736 nimirqu
1192 2679 1373 2734 omnia
1403 2693 1633 2747 corpora
1666 2678 1737 2735 ab
1766 2678 1848 2735 eis

248 2785 313 2832 et
339 2776 439 2832 sub
464 2775 544 2830 eis
568 2772 825 2829 inell‘abili
850 2787 1037 2828 eorum
1064 2771 1208 2826 coitu
1238 2770 1552 2836 constituta,
1583 2785 1845 2841 aquarum

249 2868 358 2925 sub
382 2866 533 2923 caelo
563 2866 859 2937 positarum
897 2870 1124 2933 possunt
1168 2862 1385 2917 neruine
1434 2861 1843 2932 comprehendi.

248 2957 366 3014 Nec
400 2956 701 3022 immerito;
748 2968 874 3009 nam
907 2969 1013 3008 non
1060 2952 1234 3023 solum
1275 2952 1550 3009 mutabilia
1580 2963 1727 3019 sunt,
1755 2968 1850 3009 ve-

252 3062 377 3106 rum
425 3051 586 3105 etiam
618 3047 956 3117 generationi
989 3055 1044 3100 et
1078 3045 1409 3117 corruptioni
1442 3045 1709 3116 subjecta.
1746 3045 1843 3101 Et-

250 3144 400 3198 enim
440 3142 526 3198 illa
554 3142 635 3208 ",
678 3155 817 3211 quae
855 3138 1106 3196 caelestia
1161 3138 1247 3194 vel
1292 3139 1545 3195 aetherea
1594 3141 1846 3197 dicuntur

1950 1943 2119 2013 pitur,
2150 1940 2408 2010 quoniam
2453 1939 2632 1995 omnis
2655 1936 2703 1970 "
2729 1937 2987 2000 essentia,
3017 1945 3072 1992 et
3110 1937 3302 2003 virtus,
3332 1946 3387 1993 et
3415 1952 3548 2007 epe-

1952 2032 2095 2089 ratio
2141 2047 2264 2088 cum
2316 2029 2760 2102 corruptibilibus
2795 2038 2852 2086 et
2883 2028 3232 2086 mutabilibus
3279 2045 3380 2086 nec
3425 2045 3550 2087 cor-

1949 2124 2125 2195 rumpi
2153 2163 2169 2189 ,
2220 2137 2323 2179 nec
2365 2122 2566 2177 mutari
2612 2133 2841 2194 possunt
2883 2121 3118 2192 propriis
3156 2137 3287 2177 suae
3317 2131 3548 2179 naturae

1949 2216 2205 2291 subsidiis
2216 2215 2444 2271 solidata
2461 2214 2529 2280 ³⁵,
2542 2245 2613 2255 -
2627 2215 2834 2279 aridae,
2849 2214 3065 2275 hoc‘est.
3098 2211 3550 2287 terraelvocabulo

1949 2308 2368 2378 nonincongrue
2383 2303 2686 2376 appellatur
2700 2303 2770 2358 ³⁸.
2802 2302 3190 2381 Congrrgentur
3216 2321 3337 2377 ergo
3359 2322 3552 2377 aquae,

1947 2416 2082 2473 quae
2127 2398 2225 2457 sub
2273 2396 2419 2453 caelo
2456 2406 2577 2452 sunt
2602 2438 2618 2461 ,
2664 2396 2722 2451 in
2772 2394 2945 2450 locum
2978 2412 3167 2473 unum,
3210 2406 3257 2451 et
3300 2404 3551 2471 appareat

1947 2471 2123 2547 aritda.
2161 2488 2276 2545 Nisi
2303 2489 2449 2544 enim
2476 2487 2928 2559 contemplativus
2950 2471 3170 2546 animus
3195 2487 3547 2547 ﬂuctuantem

1950 2582 2213 2640 materiae
2250 2580 2711 2653 adhaerentisque
2754 2581 2805 2636 ei
2852 2580 3060 2636 formae
3110 2570 3550 2659 instabilitatem,

1947 2676 2115 2734 veluti
2141 2674 2404 2747 quosdam
2431 2682 2745 2730 aestuantes
2785 2672 2984 2743 ﬂuctus
3009 2714 3025 2741 ,
3072 2674 3127 2730 in
3157 2690 3325 2745 unum
3355 2673 3552 2732 intelli-

1948 2769 2165 2842 gentiae
2188 2767 2388 2834 locum,
2412 2781 2552 2823 unus
2578 2781 2813 2839 namque
2834 2766 3146 2822 intellectus
3173 2774 3259 2822 est
3287 2768 3551 2823 materiae

1947 2871 2003 2918 et
2030 2860 2378 2917 adhaerentis
2404 2859 2448 2890 ³⁷
2500 2858 2550 2917 ei
2595 2858 2838 2927 formae,
2869 2859 3125 2931 quoniam
3156 2876 3320 2915 unum
3353 2875 3550 2932 corpus

1947 2951 2220 3017 efﬁciunt,
2249 2936 2402 3025 prius
2431 2934 2670 3023 colligat,
2703 2948 2877 3005 forma
2906 2949 3000 3027 illa
3032 2950 3425 3017 substantialis,
3458 2967 3550 3007 na-

1910 3107 1920 3112 ,
1949 3043 2109 3123 turali
2135 3042 2409 3099 soliditate
2440 3058 2570 3100 suae
2598 3050 2825 3097 naturae
2852 3030 3067 3113 semper
3095 3042 3325 3107 stabilis,
3351 3042 3550 3098 mentis

1948 3138 2121 3206 oculis
2151 3151 2416 3208 apparere
2455 3151 2562 3192 non
2590 3135 2815 3207 poterit.
2863 3135 2934 3192 Ut
2958 3135 3101 3209 enim
3135 3132 3349 3191 diffusio
3380 3151 3552 3207 aqua-

251 3249 482 3303 corpora
509 3273 525 3299 ,
568 3232 816 3303 quamvis
867 3229 1166 3302 spiritualia
1200 3237 1257 3284 et
1293 3230 1721 3301 incorruptibilia
1758 3231 1842 3286 vi-
1866 3227 1918 3292 C
1951 3245 2070 3285 rum
2096 3227 2304 3299 telluris
2330 3226 2679 3293 soliditatem,
2709 3242 2775 3282 ne
2800 3228 3051 3284 sensibus
3075 3228 3353 3298 corporeis
3383 3243 3549 3299 appa-

256 3327 490 3381 deantur
514 3339 657 3390 esse,
688 3324 995 3381 necessario
1027 3332 1207 3378 tamen
1234 3321 1279 3353 ”
1298 3323 1600 3397 ,Aquoniam
1631 3339 1726 3394 per
1752 3340 1848 3399 ge-

250 3416 593 3472 nerationem
619 3423 674 3471 et
702 3413 1146 3483 compositionem
1193 3413 1580 3471 inchoaverunt
1609 3415 1743 3480 lieri,
1779 3416 1846 3471 ad

251 3507 420 3563 ﬁnem
448 3522 580 3562 suae
612 3506 895 3563 solutionis
922 3513 979 3561 et
1008 3505 1371 3576 corruptionis
1412 3507 1746 3577 pervenient.
1786 3506 1844 3562 Si

250 3609 435 3654 autem
463 3598 717 3654 caelestia
744 3611 971 3669 corpora
999 3596 1366 3652 necessariam
1398 3596 1480 3652 sui
1519 3597 1843 3653 solutionem

250 3701 564 3761 expectant,
596 3692 826 3749 veritate
854 3690 1069 3746 dicente
1107 3704 1123 3743 :
1162 3686 1379 3743 Caelum
1418 3697 1466 3744 et
1494 3698 1639 3743 terra
1666 3700 1844 3744 trans-

248 3783 402 3839 ibunt
427 3784 500 3850 ";
531 3790 587 3838 et
615 3782 658 3815 ³⁸
685 3781 971 3839 Psalmista
997 3799 1011 3836 :
1036 3779 1208 3852 Opera
1222 3796 1473 3834 manuum
1496 3790 1706 3835 tuarum
1726 3790 1843 3835 sunt

248 3873 410 3940 caeli,
441 3873 539 3943 ipsi
562 3872 835 3942 peribunt,
864 3881 917 3927 et
945 3870 1140 3927 similia
1171 3869 1229 3924 S.
1261 3856 1572 3939 Scripturae
1603 3870 1846 3924 testimo-

248 3964 368 4029 nia,
397 3962 524 4034 quid
564 3964 631 4019 de
659 3963 861 4019 inlimis
888 3962 1070 4019 mundi
1102 3961 1421 4032 corporibus
1444 3970 1527 4017 est
1554 3960 1846 4015 aestiman-

248 4056 402 4122 dum,
433 4072 572 4128 quae
601 4056 841 4126 quotidie
866 4064 1164 4112 nascuntur
1194 4063 1355 4124 atque
1386 4053 1704 4109 solvuntur?
1741 4053 1843 4108 lla-

250 4163 363 4220 que
386 4148 432 4204 si
463 4147 515 4202 in
551 4147 701 4203 omni
735 4162 961 4218 corpore
1008 4147 1126 4203 sive
1169 4147 1416 4212 caelesti,
1457 4147 1571 4202 sive
1607 4156 1842 4212 terreno,

249 4240 371 4296 sive
399 4238 620 4309 aquatili
667 4232 936 4295 instabilis
966 4239 1248 4295 inundatio
1289 4239 1553 4295 materiae
1599 4236 1846 4294 informis

1947 3333 2085 3387 reat,
2108 3323 2384 3393 cooperit:
2428 3321 2501 3376 ita
2533 3321 2966 3394 corruptibilium
2998 3337 3287 3392 corporum
3322 3322 3550 3378 mutabi-

1949 3415 2073 3472 litas
2118 3424 2175 3471 et
2211 3413 2623 3470 innumerabilis
2665 3413 3045 3484 multiplicatio
3081 3414 3426 3470 subsistentis
3467 3415 3549 3472 eis

1949 3505 2157 3564 formae
2190 3506 2540 3581 stabilitatem
2582 3506 2651 3562 ab
2682 3505 3140 3562 intellectualibus
3167 3492 3361 3572 oculis,
3389 3516 3547 3562 natu-

1946 3614 2036 3667 ras
2066 3599 2113 3631 ’⁸
2136 3616 2320 3655 rerum
2339 3598 2853 3670 contemplantibus,
2878 3598 3077 3663 aufert,
3107 3614 3173 3655 ne
3193 3614 3291 3677 per
3304 3598 3480 3675 seipsa
3498 3598 3545 3632 ”

1947 3708 1978 3749 a
2027 3694 2349 3766 corporibus
2402 3694 2640 3750 discreta
2695 3694 3072 3750 consideretur
3125 3694 3429 3769 perspicua.
3479 3693 3547 3748 Et

1946 3788 2404 3858 quemadmddum
2454 3788 2837 3844 recedentibus
2874 3788 3032 3859 aquis
3058 3827 3074 3854 ,
3123 3787 3286 3858 inque
3332 3786 3547 3844 alveum

1947 3896 2103 3937 suum
2129 3880 2372 3951 undique
2401 3880 2630 3949 collecte
2667 3880 2978 3947 cumulatis,
3008 3879 3191 3935 littora
3227 3879 3386 3953 longe
3414 3879 3547 3936 late-

1945 3985 2052 4041 que
2089 3971 2255 4035 nuda,
2286 3986 2352 4025 ac
2376 3970 2420 4003 '°
2460 3971 2639 4034 sicca,
2671 3971 2953 4040 solidaque
2989 3980 3304 4041 patescunt:
3351 3972 3430 4026 sic
3458 3971 3544 4027 in-

1946 4061 2246 4117 stabilitate
2273 4060 2706 4133 corruptibilium
2740 4076 2926 4117 rerum
2971 4063 3169 4117 mentis
3198 4062 3441 4117 contuitu
3473 4063 3544 4119 ab

1946 4151 2445 4222 incorruptibilibus
2472 4152 2681 4208 naturis
2713 4168 2821 4209 uno
2847 4152 3322 4223 contemplationis
3356 4163 3543 4211 tenore

1945 4255 2229 4314 segregata
2252 4284 2269 4310 ,
2311 4259 2437 4300 mox
2487 4242 2784 4300 formarum
2829 4244 3265 4327 substantialium
3286 4255 3388 4313 ,κει
3419 4261 3544 4317 spe-

247 4334 612 4405 prospicitur;
659 4334 734 4388 ita
760 4333 904 4388 enim
933 4333 1211 4401 delinitur,
1244 4335 1471 4390 materia
1498 4345 1582 4390 est
1611 4316 1874 4405 mutabi-l

1860 4336 1874 4455 ἰ
1946 4337 2150 4398 cierum
2219 4336 2574 4393 immutabilis
2638 4337 3111 4408 pulcherrimaque
3171 4338 3416 4417 soliditas
3484 4338 3539 4395 in

1860 4452 1861 4455 η
1948 4428 2233 4455 "nun-il“...
2300 4428 2410 4455 πηὲι.
2484 4430 2647 4455 ...ἀηά
2725 4430 2998 4455 hianna...“
3079 4430 3277 4455 -_..:.I..n
3382 4433 3403 4455 Δ
3421 4432 3532 4455 ..2,1-

247 4378 612 4405 rure.--”
659 4378 734 4388 η..
761 4378 904 4388 -......
936 4378 1211 4401 ..-.....-...,
1244 4378 1471 4390 ............
1499 4378 1582 4390 νυ.
1611 4378 1815 4390 .........,.
1864 4378 1869 4383 .
1946 4378 2150 4398 eum.-.
2220 4378 2574 4393 ........,....,....,
2638 4378 3111 4408 γ...ν..ν.........,..ν
3171 4378 3416 4394 manu.-.

208 4378 381 4511 {lites
426 4441 605 4482 rerum
654 4426 990 4482 mutabilium
1038 4442 1209 4497 capax
1243 4428 1486 4483 omnium
1519 4396 1867 4511 formarum”;
1946 4428 2236 4499 generibus
2300 4428 2413 4485 suis
2482 4430 2650 4485 animi
2723 4430 3000 4486 obtutibus
3078 4410 3303 4509 arridet.
3371 4432 3540 4489 Arida

226 4502 686 4586 Jinstabilitasque
717 4517 994 4575 mutabilis
1039 4518 1282 4586 formae,
1330 4536 1437 4591 qua
1467 4520 1583 4591 ipsa
1614 4502 1859 4591 materiai
1946 4527 2127 4575 autem
2198 4520 2396 4577 dicitur
2467 4522 2903 4578 substantialium
2968 4504 3266 4580 formarum
3331 4524 3541 4582 stabili-

216 4594 564 4684 “specillcata
603 4611 895 4680 formatur;
947 4614 1063 4685 ipsa
1108 4630 1341 4685 namque
1387 4624 1473 4671 est
1524 4594 1920 4689 qualitativa‘LD
1949 4621 2051 4667 tas.
2101 4611 2213 4669 Nec
2262 4613 2573 4681 immerito;
2616 4618 2872 4686 quoniam
2917 4600 3057 4673 nuda
3088 4625 3145 4672 et
3180 4616 3425 4675 absoluta
3455 4627 3540 4675 est

218 4705 451 4770 "forma,
474 4707 886 4777 quaeadjuncta
917 4708 1176 4763 materiae
1198 4708 1239 4740 ν’
1268 4724 1464 4779 corpus
1487 4706 1681 4775 elIicit;
1711 4724 1843 4781 qua-
1868 4710 1875 4777 ζ
1947 4705 2188 4762 omnium
2210 4707 2567 4763 accidentium
2580 4710 2940 4779 operimento.
2961 4712 3150 4769 Omnis
3179 4714 3325 4770 enim
3361 4715 3536 4771 forma

249 4797 516 4854 litativam
545 4798 763 4868 quidem
794 4796 1023 4853 formam
1052 4797 1175 4855 dico
1206 4798 1373 4864 illam,
1407 4813 1548 4869 quae
1571 4815 1638 4854 ex
1665 4799 1842 4870 quali-
1947 4807 2005 4854 et
2030 4798 2259 4869 species,
2308 4799 2361 4854 in
2400 4800 2638 4870 generali
2678 4800 3025 4877 simplicitate
3046 4843 3064 4870 ,
3116 4819 3222 4874 qua
3268 4805 3534 4874 subsistit,

251 4898 369 4947 tate
396 4900 609 4961 sumpta
642 4898 699 4947 et
729 4891 1033 4960 quantitate
1076 4890 1326 4947 sensibus
1358 4891 1637 4963 corporeis
1677 4907 1843 4964 appa-
1948 4888 2328 4971 considerata,
2377 4888 2737 4945 accidentium
2786 4906 3054 4951 concursu
3083 4893 3127 4926 ³¹
3176 4896 3403 4952 omnino
3452 4904 3537 4950 est

245 4991 363 5048 ret,
390 4982 757 5052 materiaeque
782 4982 1121 5039 instabilitati
1149 4982 1193 5015 ¹⁸
1223 4981 1547 5051 adhaerens,
1572 4998 1697 5040 cum
1726 4984 1843 5055 ipsa
1946 4978 2146 5051 libera;
2199 4994 2426 5051 corpora
2470 4995 2636 5048 vero,
2683 4981 2882 5053 quibus
2921 4983 3200 5051 subsistit,
3235 4985 3455 5041 omnino
3487 4983 3533 5015 “

246 5086 467 5145 semper
489 5072 717 5130 ﬂuctuat
736 5112 754 5139 ,
792 5075 1195 5145 generationem
1223 5080 1280 5130 et
1302 5073 1703 5146 corruptionem
1744 5089 1844 5147 pa-
1950 5073 2314 5130 accidentium
2343 5072 2566 5145 capacia
2596 5081 2744 5130 sunt.
2771 5075 2850 5132 De
2875 5073 3050 5133 forma
3071 5085 3254 5134 autem
3284 5075 3535 5134 substan-

1531 5203 1790 5262 YARIAE
1823 5202 2227 5291 LECTIONES.

275 5302 287 5312 ’
324 5321 345 5353 ⁸
384 5316 427 5377 Δ
459 5332 533 5375 est
558 5322 931 5392 consideratio.
978 5321 1031 5392 γ’
1146 5320 1387 5374 materia.
1466 5319 1557 5392 '_A
1592 5319 1777 5391 eﬁicit;
1807 5319 1920 5376 sola
1945 5318 2223 5392 siquidem.
2311 5319 2334 5351 ³
2357 5326 2546 5392 corpus
2599 5337 2708 5377 om.
2740 5322 2804 5377 (ἒ.
2890 5321 2919 5354 ⁸
2950 5321 3237 5391 perfectum
3295 5336 3404 5377 om.
3459 5304 3528 5382 Δ.

240 5394 268 5427 ⁸
306 5393 378 5466 ΑΔ
410 5393 707 5466 materiam.
796 5392 816 5424 ⁷
857 5390 1046 5462 Conj.;
1073 5390 1125 5466 _A
1151 5390 1517 5466 ’Μῃονίηνυο
1544 5390 1791 5466 aliarum.
1833 5462 1841 5466 _
1885 5390 2377 5466 “lAnumerorum.
2428 5390 2489 5466 _"
2525 5392 2571 5446 A
2624 5405 2769 5466 tunc.
2817 5462 2826 5466 Δ
2871 5392 2915 5424 ¹⁰
2943 5390 3353 5466 Ainvisibilibus
3393 5394 3531 5466 (que

241 5464 411 5533 orm).
492 5462 533 5534 ll
569 5463 886 5532 ﬁrmamenti
917 5460 1124 5534 om.rAr.
1202 5462 1245 5534 ‘f
1279 5461 1326 5534 ᾼ
1358 5464 1656 5534 scripturis.
1735 5461 1780 5534 l’
1816 5462 1862 5516 Α
1899 5460 2005 5517 Illa
2041 5465 2265 5534 etenim.
2314 5463 2371 5534 A“
2411 5462 2458 5517 Α
2498 5472 2662 5534 tunc.
2721 5463 2766 5496 ⁸⁸
2800 5462 2847 5518 Δ
2874 5463 3137 5534 peribunt.
3217 5462 3341 5519 ".A
3380 5460 3525 5522 item.

246 5537 291 5568 ¹τ
334 5531 378 5589 C
405 5533 617 5603 adjecta
636 5535 869 5588 materie.
951 5531 1058 5586 "A
1086 5532 1339 5587 instabili.
1417 5531 1532 5587 "'A
1557 5544 1629 5587 et.
1706 5533 1753 5566 ¹⁰
1790 5535 1835 5589 Δ
1869 5542 1924 5589 ut
1961 5533 2076 5603 ipsa
2099 5532 2423 5587 mulabilitas
2477 5533 2734 5589 materiae
2765 5549 2814 5589 c.
2849 5531 2885 5591 i.
2920 5533 2960 5588 f.
3083 5548 3137 5603 q.
3171 5548 3221 5587 e.
3256 5535 3527 5603 adhaeret,

246 5623 276 5643 ο
362 5614 561 5643 randum
608 5602 963 5643 ﬂurnrnh'nns‘n
1014 5603 1260 5643 accidunt
1311 5611 1348 5643 l,
1403 5619 1453 5643 ne
1518 5621 1548 5643 μ
1621 5619 1663 5643 αῖ
1712 5619 1742 5643 ιι
1811 5619 1851 5643 c,
1898 5619 1929 5643 ss
2003 5620 2038 5643 η
2086 5613 2121 5643 I-
2185 5603 2403 5643 nnniinn
2463 5603 2643 5643 dnhpnl
2698 5602 2992 5643 eianiﬁnnri
3128 5602 3172 5635 ἰ
3224 5604 3275 5643 in
3315 5620 3402 5643 nm
3464 5605 3494 5643 Δ

169 5620 189 5641 ι
241 5623 301 5663 α.
339 5602 563 5677 nestum
600 5602 975 5677 ίιιιςιιιαιὶοηίέςΔ
1014 5603 1260 5677 assiduae
1311 5611 1352 5656 t.
1396 5619 1458 5677 7p.
1516 5621 1596 5677 a._
1621 5619 1667 5659 s.
1694 5619 1857 5677 ⁸(ςηδ.
1898 5619 1947 5671 e.
1982 5602 2058 5677 :p.
2086 5613 2125 5657 t.
2185 5603 2403 5677 nomine
2431 5603 2643 5677 gdcbeut
2698 5602 3033 5677 signiﬁcari?
3064 5602 3172 5677 μςιξ
3224 5604 3275 5659 in
3315 5620 3423 5662 om.
3455 5602 3524 5661 A.

244 5680 293 5729 ’ἓ
338 5674 444 5731 Pro
485 5690 620 5745 quae
661 5674 701 5741 Ο
746 5688 816 5728 et.
930 5674 977 5706 "
1012 5674 1118 5729 Pro
1146 5674 1347 5744 patitur
1382 5675 1424 5730 (Σ
1460 5675 1641 5746 sumit.
1696 5673 1699 5674 ⁷
1775 5673 1834 5746 ἐ
1858 5673 2028 5746 omnis
2052 5690 2181 5733 .om.
2219 5674 2297 5746 Δ,
2401 5674 2449 5746 ’ξ’
2483 5675 2711 5731 solidala
2749 5673 2857 5730 om.
2894 5676 2963 5731 A.
3058 5673 3106 5708 "
3138 5675 3183 5730 A
3214 5678 3523 5746 appelletur.

245 5751 291 5779 ετ
339 5743 861 5823 auditaerentisque.
938 5743 1363 5823 ".A_naturanm.
1441 5746 1487 5823 ’ξ
1525 5745 1643 5817 ipsa
1670 5761 1780 5804 om.
1810 5745 1879 5805 Α.
1957 5743 2002 5779 ³⁸
2039 5761 2103 5803 ac
2129 5761 2243 5807 om.
2271 5745 2342 5809 Α.
2417 5744 2460 5781 ³⁸
2501 5747 2843 5823 operimento.
2875 5743 3526 5823 Omnisenim'l'orma1—

247 5816 603 5873 acridentium
628 5831 902 5873 concursu.
932 5814 1042 5873 om.
1065 5815 1129 5872 C.
1206 5814 1311 5872 "C
1336 5814 1592 5872 omnium.
2150 5836 2173 5847 νο
2534 5814 2544 5823 ‘
3106 5814 3111 5817 <
3256 5814 3273 5847 τ,
3358 5824 3380 5833 μ
3409 5814 3434 5840 ε-
3518 5836 3525 5841 ,
