4064 6292
527 310 634 369 703

1907 295 2203 373 JOANNIS.
2231 295 2427 354 SCOTl

3691 298 3809 361 704

525 388 662 488 tiali,
711 429 1030 488 semperque
1058 411 1414 486 permanente
1442 414 1481 480 ‘,
1514 412 1688 482 deque
1717 412 1832 482 ipsa
1863 410 2106 465 mutabili
2136 425 2186 484 Α
2211 426 2440 482 eamque
2471 411 2914 468 inundationibus
2955 413 3066 469 suis
3101 411 3370 484 cooperit,
3393 421 3454 470 ut
3480 412 3573 472 vix
3605 414 3676 471 ad
3697 430 3804 488 pu-

522 530 587 571 ex
625 509 886 584 qualitate
933 517 988 564 et
1035 507 1335 577 quantitate
1376 508 1395 538 ³
1440 506 1700 560 materiae
1742 503 2010 576 c0pulata,
2051 505 2104 558 in

519 603 698 672 primo
737 600 875 656 libro
912 599 1066 665 satis,
1118 608 1178 653 ut
1207 599 1420 668 opinor,
1471 605 1556 652 est
1600 605 1802 652 actum.
1857 596 1922 650 Et
1964 611 2107 650 nunc

519 696 759 753 breviter
802 695 868 750 de
916 693 1105 748 iisdem
1145 691 1518 763 repetendum,
1551 706 1619 745 ne
1648 689 1756 744 ulla
1787 687 2108 759 ambiguitas

518 788 824 861 legentibus
854 785 1210 856 relinquatur.
1245 781 1626 839 Substantialis
1654 780 1828 836 forma
1856 788 1939 835 est
1968 780 2104 849 ipsa,

519 881 674 952 cujus
713 879 1132 951 participatione
1165 878 1340 933 omnis
1372 877 1646 932 individua
1676 874 1885 945 species
1912 871 2109 928 forma-

521 983 628 1040 tur,
670 983 725 1028 et
757 981 840 1028 est
869 987 975 1026 una
1001 971 1054 1026 in
1083 970 1352 1035 omnibus,
1385 976 1439 1024 et
1467 967 1644 1024 omnis
1674 967 1727 1020 in
1759 980 1888 1031 una,
1917 975 1971 1019 et
2006 979 2109 1020 nec

518 1064 916 1136 multiplicatur
956 1062 1011 1117 in
1056 1060 1446 1131 multiplicatis,
1505 1073 1604 1114 nec
1652 1057 1918 1113 minuitur
1944 1057 1996 1111 in
2022 1072 2108 1112 re-

518 1154 725 1208 fractis.
779 1151 896 1207 Non
944 1152 1088 1207 enim
1135 1149 1305 1220 major
1353 1158 1437 1206 est
1484 1147 1507 1181 ³
1563 1149 1736 1204 forma
1795 1147 1902 1213 illa,
1958 1147 2106 1203 verbi

518 1243 715 1314 gratia,
763 1256 904 1312 quae
931 1241 1132 1296 dicitur
1158 1241 1340 1305 homo,
1372 1239 1424 1293 in
1457 1239 1670 1294 inﬁnita
1701 1240 1972 1294 humanae
2006 1254 2104 1293 na-

518 1343 671 1388 turae
711 1347 810 1404 per
847 1333 1157 1390 individuus
1187 1333 1396 1403 species
1433 1331 1902 1402 multiplicatione,
1943 1346 2105 1402 quam

516 1424 570 1480 in
614 1425 704 1479 illo
749 1439 858 1480 uno
913 1433 967 1480 et
998 1426 1171 1496 primo
1215 1425 1454 1489 homine,
1507 1425 1597 1494 qui
1639 1424 1844 1494 primus
1881 1422 1903 1454 ⁸
1939 1423 2108 1494 parti-

514 1533 642 1588 ceps
687 1517 828 1572 illius
857 1517 1042 1573 factus
1069 1526 1187 1584 est;
1231 1531 1331 1573 nec
1353 1517 1530 1571 minor
1556 1517 1609 1571 in
1640 1516 1730 1570 illo
1760 1525 1900 1582 erat,
1941 1531 2104 1586 quam

514 1608 568 1664 in
611 1609 880 1676 omnibus,
915 1624 1146 1680 quorum
1176 1624 1404 1679 corpora
1432 1624 1496 1664 ex
1524 1608 1616 1662 illo
1641 1607 2102 1678 multiplicantur:

513 1703 608 1757 sed
656 1702 708 1756 in
751 1702 1004 1758 omnibus
1053 1717 1159 1757 una
1205 1701 1500 1772 eademque
1529 1711 1645 1767 est,
1691 1711 1745 1755 et
1773 1701 1823 1755 in
1852 1701 2104 1758 omnibus

2210 517 2327 556 rum
2355 501 2679 574 "’dignosci,
2713 505 2840 575 quid
2881 505 2971 568 sit,
3016 505 3232 560 valeat:
3262 508 3377 576 ipse
3425 523 3612 577 aquas,
3656 523 3808 580 quae

2208 593 2307 648 sub
2335 593 2491 648 caelo
2535 604 2682 660 sunt,
2714 595 2918 651 divinis
2948 595 3408 652 admonitionibus
3435 598 3489 652 in
3521 613 3691 652 unum
3721 598 3805 654 lo—

2209 704 2330 743 cum
2356 689 2576 760 jubetur
2600 704 2955 760 congregare,
2988 699 3048 744 ttt
3075 701 3334 761 appareat
3359 690 3532 756 arida,
3558 691 3666 746 hoc
3690 700 3802 758 est,

2208 789 2268 836 ut
2293 781 2501 836 occulta
2535 779 2909 836 substantialis
2938 779 3131 844 forma,
3168 781 3312 836 circa
3340 796 3500 851 quam
3537 781 3804 836 acciden-

2209 871 2340 926 tium
2368 869 2563 927 ﬂuetus
2597 880 2940 938 exaestuant,
2989 871 3446 927 intellectualibus
3485 871 3663 927 oculis
3707 888 3807 927 na-

2209 974 2358 1021 turas
2405 981 2584 1021 rerum
2633 965 3067 1022 discernentibus
3118 965 3264 1021 clare
3298 965 3591 1037 perluceat.
3624 966 3703 1020 De
3733 980 3803 1020 eo

2208 1069 2414 1127 autem,
2460 1060 2602 1130 quod
2638 1060 2881 1114 omnium
2914 1074 3113 1123 rerum,
3143 1075 3282 1130 quae
3308 1058 3520 1117 deliniri
3547 1068 3802 1129 possunt,

2207 1154 2357 1210 locus
2387 1155 2457 1209 sit
2483 1153 2786 1208 communis
2813 1167 3024 1218 eorum,
3072 1150 3156 1205 vel
3193 1150 3410 1222 propria
3443 1150 3712 1216 deﬁnitio,
3747 1151 3804 1204 in

2206 1246 2382 1318 primo
2411 1245 2551 1300 libro
2583 1245 2826 1310 satis,‘ut
2848 1243 3062 1314 opinor,
3104 1242 3436 1312 disputatum
3474 1249 3577 1296 est.
3615 1240 3687 1294 Et
3713 1257 3805 1294 ro.

2207 1339 2341 1392 cavit
2382 1336 2523 1391 Deus
2570 1335 2777 1389 aridam
2808 1344 3024 1402 terram,
3058 1334 3588 1404 congregationesque
3629 1349 3805 1404 aqua-

2208 1447 2324 1484 rum
2365 1428 2642 1500 appellavit
2689 1429 2877 1481 ntaria.
2923 1426 3314 1483 Vocabulorum
3341 1426 3715 1497 geminatione
3744 1424 3804 1480 in

2205 1521 2457 1594 operibus
2505 1521 2668 1574 trium
2719 1517 3151 1591 primordialium
3194 1518 3402 1573 dierum
3433 1517 3499 1583 ³⁹,
3540 1517 3592 1571 in
3620 1517 3805 1587 primo

2204 1612 2454 1668 videlicet
2483 1611 2772 1682 appellavit
2793 1611 2971 1666 lucem
3002 1611 3166 1676 diem,
3191 1619 3244 1664 et
3273 1610 3527 1666 tenebras
3554 1618 3800 1677 noctem,

2206 1705 2259 1760 in
2287 1705 2524 1760 secundo
2562 1704 2772 1759 vocavit
2811 1704 2955 1759 Deus
3004 1703 3408 1759 ﬁrmamentum
3457 1704 3697 1771 caelum,
3742 1704 3802 1761 in

519 1801 626 1848 tota
654 1793 969 1863 aequaliter,
999 1793 1051 1848 in
1078 1793 1236 1848 nullis
1278 1793 1442 1847 ullam
1470 1793 1785 1847 varietatem
1807 1793 1920 1862 “vel
1947 1793 1968 1824 ⁸
1999 1793 2108 1848 dis-
2133 1797 2183 1857 B
2213 1797 2374 1853 tertio
2413 1796 2625 1853 vocavit
2650 1797 2792 1852 Deus
2822 1795 3030 1851 aridam
3063 1806 3284 1862 terram,
3315 1796 3803 1868 congregationes-

510 1884 914 1940 similitudinem
931 1885 1212 1956 recipiens.
1235 1884 1434 1939 Eadem
1460 1885 1598 1939 ratio
1618 1893 1702 1940 cst
1725 1885 1747 1916 ⁸
1774 1885 1826 1939 in
1848 1885 2099 1940 omnibus

513 1974 959 2030 substantialibus
1008 1975 1218 2041 formis,
1275 1975 1328 2028 in
1374 1989 1534 2044 equo,
1567 1974 1621 2029 in
1646 1973 1798 2040 bove,
1832 1975 1886 2028 in
1922 1974 2094 2041 leone,

509 2068 815 2136 ceterisque
860 2067 1204 2132 animalibus,
1251 2067 1303 2120 in
1330 2067 1561 2122 surculis
1588 2082 1802 2136 quoque
1831 2076 1888 2122 et
1918 2067 2100 2122 herbis

511 2156 706 2212 similis
751 2156 934 2225 regula
983 2157 1304 2211 naturaliter
1344 2156 1723 2222 constituitur;
1758 2155 1929 2210 forma
1971 2171 2098 2213 vero

508 2248 620 2312 illa,
651 2249 912 2304 materiae
937 2249 1241 2304 adhaerens
1266 2249 1333 2303 ad
1363 2249 1803 2304 constitutionem
1830 2249 2094 2319 corporis,

508 2341 658 2395 varia
687 2355 924 2409 semper,
957 2349 1121 2411 atque
1150 2341 1448 2407 mutabilis,
1482 2342 1646 2411 inque
1673 2341 1918 2397 diversas
1944 2341 2100 2397 diﬂ‘e-

511 2432 716 2487 rentias
745 2431 1039 2487 secundum
1086 2432 1340 2488 accidens
1371 2432 1637 2503 dispersa.
1687 2429 1806 2486 Non
1850 2433 1995 2487 enim
2028 2447 2096 2488 ex

508 2525 846 2580 naturalibus
898 2524 1076 2580 causis
1121 2524 1413 2581 visibilium
1461 2523 1760 2579 formarum
1813 2523 2094 2595 multiplex

507 2615 810 2672 dill‘erentia
856 2616 1102 2687 procedit
1143 2616 1198 2670 in
1229 2632 1336 2672 una
1386 2616 1684 2686 eademque
1710 2615 2094 2689 substantialig,’

507 2705 701 2772 forma,
754 2707 849 2763 sed
894 2708 1234 2763 extrinsecus
1273 2707 1472 2763 evenit.
1507 2706 1797 2762 Hominum
1829 2708 2095 2778 siquidem

507 2798 648 2855 inter
677 2814 735 2855 se
757 2799 1139 2856 dissimilitudo
1165 2800 1220 2855 in
1247 2799 1422 2867 vultu,
1463 2799 1518 2854 in
1547 2799 1848 2869 quantitate
1876 2809 1933 2856 et
1963 2815 2094 2870 qua-
2134 2816 2138 2821 ·

504 2894 656 2949 litate
701 2892 1037 2964 singulorum
1093 2907 1384 2964 corporum
1413 2893 1456 2960 ⁸,
1513 2908 1725 2949 morum
1763 2908 1999 2965 quoque,
2038 2901 2095 2950 et
2140 2885 2161 2932 ’57

506 2986 982 3042 conversationum
1035 2986 1270 3041 varietas
1320 3000 1428 3040 non
1476 2999 1544 3041 ex
1591 2986 1830 3040 humana
1875 2994 2090 3052 natura,
2125 2987 2160 3060 ἢ,

506 3094 643 3149 quae
693 3093 800 3133 una
852 3077 1148 3148 eademque
1182 3076 1346 3132 estin
1377 3076 1650 3141 erunibus,
1684 3077 1738 3130 in
1767 3077 1961 3147 quibus
1987 3085 2088 3143 est,
2125 3069 2163 3108 ίίλ

2205 1905 2309 1961 que
2330 1903 2588 1958 aquarum
2615 1887 2902 1960 appellavit
2928 1889 3119 1952 maria,
3154 1887 3422 1958 duplicem
3448 1890 3612 1943 totius
3641 1902 3806 1945 crea-

2206 1992 2354 2038 turae
2383 1982 2801 2053 speculationem
2833 1981 3125 2054 signiﬁcari
3149 1983 3408 2036 arbitror.
3449 1982 3624 2036 Aliter
3645 1981 3803 2038 enim

2203 2076 2268 2130 in‘
2284 2076 2486 2141 causis,
2513 2075 2668 2130 aliter
2695 2076 2748 2129 in
2773 2072 3051 2128 etl‘ectihus
3074 2089 3178 2129 una
3205 2075 3503 2145 eademque
3529 2089 3617 2129 res
3641 2074 3805 2128 theo-

2202 2166 2317 2221 riae
2363 2165 2824 2237 'speculationibns
2864 2164 3165 2220 intimatur.
3218 2163 3291 2219 Et
3337 2165 3460 2218 vidit
3484 2166 3629 2218 Deus
3653 2163 3802 2234 quod

2201 2267 2332 2311 esset
2363 2255 2574 2309 bonum.
2611 2254 2760 2310 Visio
2794 2254 2889 2308 Dei
2934 2254 3097 2309 totius
3141 2252 3514 2309 universitatis
3545 2263 3632 2307 est
3660 2267 3802 2307 con-

2202 2352 2353 2408 ditio.
2379 2349 2495 2405 Non
2528 2349 2670 2405 enim
2691 2349 2836 2403 aliud
2858 2357 2940 2403 est
2963 2349 3012 2404 ei
3035 2348 3240 2412 videre,
3269 2357 3324 2402 et
3346 2347 3391 2378 ²⁶
3413 2346 3558 2400 aliud
3585 2344 3798 2409 facere,

2203 2442 2297 2498 sed
2325 2441 2464 2497 visio
2489 2440 2631 2496 illius
2675 2439 2926 2494 voluntas
2969 2437 3086 2509 ejus
3130 2447 3232 2505 est,
3282 2447 3336 2493 et
3374 2437 3624 2492 voluntas
3666 2450 3803 2506 ape-

2201 2532 2359 2589 ratio.
2413 2531 2605 2586 Merito
2653 2537 2832 2584 autem
2881 2544 3073 2596 omne,
3104 2531 3249 2599 quod
3296 2527 3429 2582 vidit
3483 2529 3648 2591 Deus,
3700 2533 3800 2580 est

2200 2625 2430 2680 bonum.
2482 2622 2674 2678 Divina
2716 2620 2983 2692 siquidem
3015 2621 3230 2676 bonitas
3256 2619 3516 2674 bonorum
3545 2617 3802 2672 omnium

2201 2732 2366 2774 causa
2406 2723 2519 2783 est,
2576 2716 2685 2770 imo
2723 2715 2888 2770 etiam
2915 2715 3096 2770 omnia
3123 2714 3264 2769 bona
3301 2713 3415 2784 ipsa
3444 2722 3544 2766 est.
3572 2709 3804 2764 Nullum

2199 2808 2345 2864 enim
2372 2822 2469 2877 per
2503 2821 2563 2862 se
2593 2807 2792 2862 bonum
2819 2813 2919 2872 est,
2951 2807 3046 2861 sed
3070 2805 3122 2860 in
3156 2801 3419 2874 "quantum
3448 2805 3649 2857 bonum
3676 2809 3800 2869 est,

2205 2900 2629 2974 participatione
2671 2898 2811 2954 illius
2855 2898 3006 2965 boni,
3059 2897 3202 2967 quod
3245 2912 3342 2966 per
3364 2912 3422 2952 se
3452 2893 3808 2950 solummodo

2199 2989 2559 3048 substantiale
2594 2990 2797 3044 bonum
2824 2999 2926 3053 est,
2961 2988 3161 3043 bonum
3185 2995 3286 3042 est.
3320 2985 3487 3040 Nemo
3519 2984 3661 3038 enim
3699 2983 3808 3036 bo-

2200 3103 2319 3152 nus,
2349 3085 2450 3139 nisi
2481 3083 2625 3138 solus
2665 3083 2830 3137 Deus.
2885 3081 3021 3136 Vidit
3047 3097 3176 3153 ergo
3207 3081 3348 3135 Deus
3372 3079 3509 3150 quod
3535 3089 3662 3132 esset
3695 3076 3808 3131 bo-

507 3179 563 3226 et
612 3171 713 3228 sibi
761 3185 974 3239 semper
1015 3168 1310 3235 simillima,
1366 3167 1728 3238 nullamque“
1781 3168 2098 3224 varietatem

2204 3195 2351 3244 num,
2407 3177 2510 3232 hoc
2561 3184 2665 3241 est,
2711 3175 2846 3230 vidit
2895 3175 3133 3246 seipsum
3179 3173 3233 3228 in
3283 3173 3530 3228 omnibus
3561 3171 3805 3226 bonum.

506 3269 796 3340 recipiens,
822 3269 915 3322 sed
937 3280 1004 3320 ex
1030 3265 1135 3330 his,
1158 3280 1297 3334 quae
1319 3265 1466 3320 circa
1493 3279 1612 3318 eam
1639 3263 1681 3293 ¹⁰
1703 3262 2095 3333 intelliguntur,

506 3361 800 3432 contingit,
851 3374 918 3413 ex
958 3356 1090 3412 locis
1131 3356 1405 3422 videlicet,
1431 3355 1871 3426 temporibusque
1914 3354 1980 3420 “,
2027 3369 2097 3409 ex

507 3452 874 3526 generatione,
906 3458 961 3504 et
986 3447 1249 3518 qualitate
1294 3457 1350 3502 et
1385 3446 1693 3516 quantitate
1737 3445 1780 3476 "
1809 3444 2097 3500 alimonio-

511 3560 655 3608 rum,
692 3541 995 3609 regionum,
1023 3554 1230 3604 aerum,
1262 3538 1317 3592 in
1340 3538 1536 3608 quibus
1564 3534 1809 3608 quisquis
1834 3534 2094 3602 nascitur,

508 3650 602 3690 seu
631 3632 886 3697 nutritur,
915 3639 1042 3686 etut
1063 3630 1107 3691 ‘,’
1127 3629 1501 3685 universaliter
1527 3628 1722 3693 dicam,
1741 3642 1806 3682 ex
1823 3627 2096 3694 omnibus,

511 3742 651 3798 quae
681 3725 828 3781 circa
877 3724 1235 3780 substantiam
1276 3722 1668 3796 intelliguntur,
1699 3730 1753 3776 ει
1779 3736 1884 3777 non
1907 3721 2026 3792 ipsa
2053 3722 2096 3752 “

510 3817 810 3875 substantia
835 3825 976 3872 sunt.
1006 3815 1290 3887 lpsa_enim
1345 3814 1568 3886 simplex
1603 3823 1658 3869 et
1685 3812 1969 3868 uniformis
1994 3820 2096 3879 est,

512 3913 780 3984 nullisque
837 3909 1190 3966 varietatibus
1247 3924 1342 3965 seu
1398 3907 1876 3980 compositionibus
1934 3906 2101 3962 obno-

507 4009 618 4063 alia.

577 4102 669 4157 28.
712 4100 970 4172 Quisquis
1002 4114 1130 4172 ergo
1169 4107 1295 4154 actu
1324 4099 1554 4154 rationis
1583 4097 1787 4164 omnia,
1821 4111 2100 4168 quaecun-

508 4209 614 4264 que
655 4194 995 4248 extrinsecus
1035 4194 1178 4248 circa
1216 4193 1490 4263 propriam
1527 4190 1887 4248 substantiam
1918 4190 2102 4261 singu-

512 4289 686 4342 larum
733 4285 1054 4352 formarum,
1104 4287 1208 4341 hoc
1243 4293 1349 4353 est,
1381 4287 1526 4342 circa
1561 4285 1869 4340 individuas
1894 4293 1949 4340 et
1980 4300 2102 4355 spe-

513 4379 836 4435 cialissimas
891 4379 1100 4449 species
1153 4377 1579 4446 uniuscujusque
1633 4377 1840 4432 formae
1869 4416 1884 4442 ,
1948 4375 2101 4430 verbi

512 4485 697 4533 causa,
727 4466 988 4533 hominis,
1013 4467 1159 4536 equi,
1192 4467 1368 4531 bovis,
1394 4467 1580 4536 piscis,
1613 4467 1870 4532 volatilis,
1904 4466 2101 4520 herba-

512 4577 656 4626 rum,
691 4559 956 4629 lignorum
977 4532 1032 4588 ν¹⁵
1061 4532 1436 4628 intelliguntur
1468 4532 1571 4613 vel
1595 4558 1901 4612 sentiuntur
1931 4567 2105 4612 muta-
2129 4532 2182 4593 Ῑ)

513 4653 665 4718 hilia,
711 4650 875 4705 veluti
929 4650 1162 4721 quadam
1217 4649 1508 4704 multarum
1561 4665 1823 4720 aquarum
1872 4651 2104 4706 inunda-

517 4743 664 4798 tione
689 4756 906 4810 semper
931 4740 1268 4808 ﬁuctuantia,
1297 4743 1366 4797 ab
1403 4741 1517 4811 ipsa
1557 4741 1748 4796 intima
1776 4741 2101 4810 substantia,

514 4835 660 4892 circa
688 4850 850 4905 quam
883 4834 1192 4902 volvuntur,
1233 4835 1360 4889 dum
1401 4836 1471 4890 sit
1518 4835 1631 4906 ipsa
1674 4836 2104 4892 incommutabili

515 4943 646 4983 suae
686 4934 912 4982 naturae
952 4934 1140 4982 tenore
1185 4927 1447 4994 stabilita,
1509 4943 1797 5000 segregare
1841 4929 2099 5000 potuerit,

515 5023 676 5093 inque
719 5037 884 5076 unum
914 5021 1090 5077 locum
1132 5022 1544 5092 congregaverit
1575 5022 1638 5086 ¹⁶,
1672 5021 1775 5077 hoc
1806 5033 1908 5088 est,
1939 5025 2098 5078 unius

514 5114 862 5185 ejusdemque
887 5113 1216 5170 deﬁnitionis
1236 5113 1441 5168 ambitu
1457 5113 1785 5170 concluserit
1808 5115 1872 5181 ¹’,
1889 5115 2097 5180 dicens,

515 5222 698 5276 omne,
743 5209 1098 5281 quodcunque
1143 5207 1288 5263 circa
1327 5208 1601 5279 prapriam
1633 5209 1989 5266 substantiam
2017 5206 2100 5263 vel

517 5301 852 5376 intelligitur,
896 5301 983 5358 vel
1027 5301 1280 5369 sentitur,
1329 5301 1537 5357 varium
1586 5310 1642 5358 et
1684 5299 1942 5357 mutabile
1991 5309 2101 5368 est,

2197 3272 2314 3330 Non
2348 3273 2492 3327 enim
2518 3272 2659 3328 Deus
2687 3271 2823 3326 vidit
2847 3269 2951 3323 nisi
2979 3267 3242 3337 seipsum,
3273 3263 3400 3335 quia
3428 3270 3580 3318 extra
3609 3262 3806 3333 ipsum

2197 3365 2333 3421 nihil
2363 3373 2465 3432 est,
2494 3372 2549 3419 et
2575 3378 2759 3429 onme,
2798 3359 2944 3432 quod
2973 3358 3026 3413 in
3059 3358 3176 3427 ipso
3217 3364 3324 3420 est,
3373 3354 3487 3424 ipse
3514 3362 3617 3416 est,
3652 3349 3811 3405 sim-

2197 3456 2430 3528 plexque
2476 3455 2614 3511 visio
2661 3454 2830 3526 ipsius
2869 3460 2970 3515 est,
3026 3458 3081 3506 et
3109 3465 3137 3503 a
3177 3447 3324 3503 nullo
3372 3447 3478 3501 alio
3522 3444 3810 3500 formatur

2200 3550 2316 3621 ipsa
2361 3549 2468 3605 nisi
2515 3564 2544 3603 a
2590 3548 2788 3618 seipse.
2841 3545 2907 3599 Et
2937 3543 3048 3598 ait:
3077 3540 3339 3596 Germinet
3390 3548 3527 3592 terra
3571 3536 3809 3589 herbam

2200 3643 2472 3708 virentem,
2525 3649 2572 3695 et
2616 3639 2892 3710 facientem
2933 3651 3129 3701 semen,
3160 3641 3208 3688 et
3239 3631 3438 3702 lignum
3477 3626 3810 3698 pomiferum

2203 3733 2402 3804 faciens
2450 3731 2680 3802 fructum
2723 3729 2883 3800 juxta
2935 3743 3096 3799 genus
3144 3740 3322 3789 suum,
3357 3722 3506 3792 cujus
3534 3735 3709 3774 semen
3745 3719 3811 3771 in

2201 3829 2314 3898 ipso
2337 3827 2404 3882 sit
2431 3841 2589 3897 super
2619 3834 2835 3878 terram.
2876 3819 3148 3876 Virtutem
3185 3817 3474 3874 herbarum
3495 3814 3814 3884 lignorum-

2203 3932 2309 3988 que
2368 3917 2422 3973 in
2468 3913 2914 3988 primordialibus
2978 3911 3158 3967 causis
3203 3909 3472 3966 conditam
3519 3920 3610 3976 per
3647 3903 3811 3959 haec

2200 4013 2372 4068 verba
2431 4009 2748 4082 pr0phetica
2799 4014 3232 4069 commemorat,
3285 4017 3424 4072 quae
3483 3999 3647 4052 virtus
3714 3997 3813 4053 vis

2205 4107 2472 4161 seminum
2503 4121 2533 4158 a
2564 4103 2768 4160 sanctis
2814 4100 3068 4156 Patribus
3113 4099 3251 4154 solet
3276 4093 3552 4167 appellari,
3586 4095 3635 4146 in
3676 4108 3810 4161 qua

2205 4198 2414 4269 species
2435 4196 2526 4250 illa
2554 4195 2947 4264 animae,|quae
2976 4190 3172 4246 dicitur
3196 4187 3453 4242 nutritiva
3475 4194 3530 4240 et
3554 4183 3810 4249 auctiva,

2207 4289 2577 4360 operationem
2625 4301 2777 4341 suam
2829 4291 3088 4347 exercet,
3143 4277 3549 4349 generationem
3596 4272 3809 4326 videli-

2206 4391 2294 4437 εει
2329 4381 2598 4437 seminum
2655 4377 3064 4440 administrans,
3118 4380 3174 4427 et
3221 4384 3360 4441 quae
3425 4366 3603 4439 genita
3658 4373 3812 4418 sunt

2210 4475 2456 4529 nutriens
2488 4513 2503 4539 ,
2581 4471 3023 4537 incrementaque
3087 4464 3166 4519 eis
3234 4477 3331 4532 per
3397 4470 3643 4514 numeros
3719 4455 3811 4509 lo-

2210 4583 2398 4624 corum
2463 4574 2520 4620 et
2591 4573 2892 4632 temporum
2971 4557 3322 4612 distribuens.
3401 4551 3470 4606 Et
3535 4546 3806 4619 quoniam

2208 4674 2414 4724 onme,
2489 4655 2631 4726 quod
2695 4655 2749 4709 in
2823 4659 3019 4707 natura
3092 4663 3272 4703 rerum
3341 4641 3624 4698 visibiliter
3698 4655 3813 4710 ap-

2206 4759 2398 4822 paret,
2460 4763 2568 4804 non
2622 4745 2839 4800 aliunde
2892 4741 2998 4796 nisi
3045 4757 3112 4796 ex
3163 4736 3389 4793 occultis
3438 4729 3706 4788 naturalis
3748 4740 3808 4785 ει

2206 4839 2582 4898 substantialis
2639 4838 2848 4892 formae
2905 4834 3150 4898 sinibus,
3218 4844 3379 4901 quam
3435 4826 3655 4889 aridae,
3713 4823 3807 4880 vel

2204 4942 2383 4989 terrae
2412 4929 2674 4988 vocabulo
2697 4927 3056 5000 signiﬁcatam
3079 4921 3472 4995 praediximus,
3499 4915 3808 4989 originales

2205 5042 2398 5082 causas
2438 5021 2801 5098 generationis
2832 5035 2960 5074 suac
3003 5016 3196 5087 recipit
3231 5016 3297 5079 ²¹,
3330 5019 3616 5084 propterea
3659 5012 3809 5066 scri-

2205 5130 2358 5190 ptum
2389 5127 2474 5174 est
2494 5159 2507 5184 ,
2536 5115 2786 5187 germinet
2825 5123 2963 5166 terra
2995 5109 3207 5164 herbam
3236 5107 3483 5173 uirentem
3509 5111 3561 5157 et
3591 5110 3803 5158 cetera.

2206 5213 2286 5267 Ac
2313 5212 2359 5267 si
2394 5219 2579 5282 aperte
2604 5208 2910 5270 diceretur,
2955 5205 3038 5259 vis
3081 5199 3358 5258 seminalis
3397 5197 3693 5253 herbarum
3751 5203 3810 5250 et

2207 5305 2498 5378 lignorum,
2529 5316 2669 5374 quae
2709 5301 2762 5356 in
2795 5297 3001 5355 intimis
3033 5293 3460 5353 substantiarum
3491 5287 3809 5345 rationibus

1803 5438 2080 5496 VARIAE'
2097 5440 2495 5498 LECTlONES.

595 5582 680 5638 ¹Λ
710 5590 968 5637 manente.
1044 5581 1064 5612 ’
1092 5578 1138 5633 Α
1185 5577 1478 5650 quantitate
1537 5586 1584 5630 et
1631 5545 1904 5650 qualitate.
2133 5584 2207 5650 est
2243 5575 2437 5650 major.
2506 5573 2798 5650 ‘nprius.
2903 5569 3147 5650 “HA-aut.
3241 5568 3285 5624 A
3317 5565 3804 5650 “Eudemi-alioue.

517 5655 543 5690 ν
571 5653 905 5711 substantiali
931 5667 1040 5706 om.
1072 5651 1133 5704 A.

518 5727 804 5782 neralione
825 5723 1118 5792 quantitate
1139 5732 1184 5774 et
1212 5719 1486 5792 qualitate.

520 5795 663 5869 acre.

1220 5649 1243 5681 '
1267 5649 1308 5703 Ο
1359 5659 1668 5718 temporum.
1777 5649 1797 5676 '
1825 5649 1880 5717 {C

1220 5719 1486 5771 qualitate.
1564 5716 1606 5748 "
1633 5728 1684 5770 at
1713 5731 1822 5771 om.
1863 5719 1906 5771 Λ

1633 5728 1684 5770 ιιι
1713 5731 1822 5772 0111.
1863 5728 1930 5771 Λ.

1777 5646 1797 5676 ⁹
1825 5645 1880 5717 {C
1910 5645 2108 5699 nullam
2137 5647 2280 5716 (-que
2312 5645 2463 5716 ann).

1777 5731 1798 5748 .\
1872 5719 1896 5748 Α
2006 5716 2049 5748 ιι
2070 5717 2108 5748 l‘
2134 5718 2232 5748 ἱιοη
2335 5717 2378 5747 ιδ
2411 5718 2436 5748 Δ

744 5738 804 5776 ne
825 5723 1118 5792 quantitate
1139 5732 1184 5774 et
1212 5719 1486 5791 qualitate.
1564 5718 1606 5748 "
1633 5728 1684 5770 ut
1713 5731 1822 5772 om.
1863 5719 1930 5771 Λ.
2006 5718 2049 5748 ⁸⁵
2070 5718 2111 5770 C
2134 5718 2256 5770 ista.
2335 5718 2378 5747 ¹¹⁵
2403 5718 2447 5770 Α
2469 5725 2516 5772 et
2539 5718 2544 5768 J

744 5795 785 5826 ¹⁸
809 5795 877 5848 ad
912 5808 1099 5862 parum
1138 5807 1247 5846 om.
1272 5789 1338 5866 ᾼ.
1415 5789 1456 5822 ¹⁹
1483 5789 1529 5846 Α
1551 5789 1756 5844 dierum
1779 5786 2224 5859 primordialium.
2295 5787 2342 5820 ’°
2367 5797 2414 5844 et
2438 5801 2544 5843 om.

2545 5644 2698 5676 ιοΑς

2335 5645 2463 5716 nn.).
2545 5646 2588 5676 ‘°
2615 5645 2658 5698 Λ
2682 5643 2848 5697 illaut.
2929 5643 2964 5672 “
3001 5643 3040 5694 A
3071 5651 3117 5696 et
3150 5643 3381 5709 temporit

2335 5717 2378 5747 ¹⁵
2403 5718 2447 5770 Α
2469 5725 2516 5772 et
2539 5716 2826 5771 lianornm.
2901 5711 2946 5745 ¹⁶
2972 5711 3016 5764 Α
3046 5725 3381 5784 congregare.

2335 5788 2342 5817 '
2367 5797 2414 5842 et
2438 5801 2544 5842 om.
2720 5785 2765 5817 “
2795 5783 2838 5840 Ο
2868 5781 3078 5842 recepit.

2629 5823 2643 5841 .
2721 5798 2765 5817 "
2795 5798 2838 5840 υ
2868 5798 3078 5854 recepit.

2929 5641 2964 5672 "
3001 5642 3040 5694 A
3071 5651 3117 5696 et
3150 5639 3484 5709 temporibus.
3566 5639 3608 5670 “
3633 5637 3679 5692 Α
3709 5654 3813 5762 go-

2929 5711 2946 5742 ⁶
2972 5711 3016 5764 Α
3046 5725 3381 5766 conareaare.
3460 5707 3565 5763 "A
3588 5724 3720 5764 eoae
3739 5723 3815 5766 .-
