3966 5634
111 303 224 367 705

987 294 1079 352 DE
1115 288 1461 350 DIVISIONE
1493 286 1850 347 NATURAE.
1886 315 1958 330 —-
1989 283 2197 344 LIBER
2232 281 2556 342 TERTIUS.

2859 260 2944 273 e‘“
2978 262 2992 266 ,λ

3305 280 3412 340 τοο

109 416 406 480 causaliter
435 421 617 473 creata
645 419 752 480 est,
786 411 844 469 in
873 411 1078 470 formas
1107 419 1164 466 et
1191 408 1401 480 species
1427 406 1710 464 sensibiles
1735 411 1791 474 Α
1816 405 1886 461 ab
1925 401 2251 460 immutabili
2301 398 2740 458 substantialium
2781 398 3080 457 formarum
3109 395 3409 467 soliditate,

111 529 216 588 per
240 506 645 583 generationem
675 505 954 578 procedat.
980 502 1131 570 Quae
1161 500 1441 574 processio
1473 499 1710 570 primor-

112 603 334 662 dialium
361 615 646 656 causarum
690 597 743 653 in
772 597 997 654 cﬂ'ectus
1029 611 1156 653 suos
1181 593 1535 666 sequentibus
1565 592 1715 649 Scri-

111 703 306 769 pturae
328 691 509 748 verbis
535 689 895 761 explanatur:
925 687 992 743 Et
1015 687 1216 758 factum
1246 695 1322 741 est
1352 686 1458 751 ita,
1503 694 1550 740 et
1592 701 1716 755 pro-

113 787 234 842 tulit
264 796 404 841 terra
429 784 645 839 herbam
673 783 937 846 virentem,
968 790 1018 836 et
1054 781 1306 851 ferentem
1345 795 1519 834 semen
1551 777 1722 858 juxta

115 895 278 952 genus
307 893 462 933 suum
482 917 498 943 ,
527 875 830 948 lignumque
861 874 1060 944 faciens
1110 873 1340 944 fructum
1364 913 1379 938 ,
1429 881 1476 926 et
1521 871 1716 926 habens

118 969 525 1042 unumquodque
551 983 726 1023 semen
766 965 1054 1022 secundum
1077 966 1297 1036 speciem
1328 980 1498 1018 suam.
1526 961 1716 1019 Vides-

116 1079 184 1120 ne
211 1105 226 1130 ,
260 1059 716 1134 quemadmodum
747 1059 929 1114 divina
959 1057 1238 1128 Scriptura
1275 1070 1475 1128 genera
1507 1063 1563 1111 et
1589 1069 1714 1125 spe-

72 1135 252 1213 icies.
270 1152 719 1210 manifestissime
762 1150 1036 1208 declarat?
1087 1148 1146 1205 In
1190 1148 1387 1220 quibus
1426 1147 1724 1222 causaliter

116 1256 173 1302 et
201 1242 548 1300 invisibiliter
577 1239 914 1307 subsistunt,
957 1253 1314 1311 quaecunque
1359 1252 1458 1309 per
1485 1251 1716 1308 genera-

116 1337 321 1395 tionem
349 1337 405 1392 in
451 1333 848 1406 quantitatibus
874 1341 930 1388 et
973 1331 1330 1403 qualitatibus
1370 1331 1424 1386 in
1466 1329 1719 1386 notitiam

117 1429 482 1502 corporalium
517 1442 772 1486 sensuum
823 1432 1117 1497 erumpunt
1147 1426 1188 1478 ¹.
1219 1424 1278 1480 Si
1308 1423 1395 1480 cui
1425 1431 1605 1478 autem
1631 1421 1719 1477 vi-

119 1524 299 1590 detur,
328 1521 473 1594 quod
522 1521 628 1577 ista
654 1517 984 1590 explanatio,
1007 1531 1171 1589 quam
1196 1515 1262 1571 de
1286 1515 1459 1572 tribus
1481 1516 1501 1545 ¹
1527 1513 1722 1585 primis

119 1615 312 1675 diebus
331 1613 488 1685 juxta
521 1613 667 1669 vires
696 1609 1014 1667 intentionis
1043 1617 1262 1664 nostrae
1309 1607 1330 1638 ⁸
1373 1605 1717 1678 protulimus,

119 1721 226 1764 non
277 1703 576 1761 secundum
629 1700 916 1758 historiam
962 1698 1070 1766 sit,
1105 1699 1198 1754 sed
1244 1697 1543 1753 secundum
1574 1696 1721 1768 leges

1816 510 2080 568 aquarum
2109 494 2547 566 congregatione,
2579 501 2867 563 terraeque
2894 488 3408 564 apparitione~divi-

1815 603 1940 644 nam
1964 586 2304 658 Scripturam
2331 584 2637 640 insinuasse
2666 583 2912 638 arbitrati
2933 597 3140 638 sumus.
3167 579 3278 637 Nec
3303 581 3409 638 im-

1815 679 2311 752 merito,,quoniam
2336 677 2807 748 frequentissimus
2827 677 3133 732 divinorum
3167 674 3410 752 eloquio:

1817 788 1939 828 rum
1957 787 2086 828 usus
2111 777 2214 837 est,
2234 769 2527 826 visibilium
2558 783 2738 824 rerum
2760 766 3132 838 signiﬁcativis
3160 745 3413 836 vocibus,

1817 863 2167 920 invisibilium
2196 875 2380 918 rerum
2422 858 2700 916 naturales
2725 858 3104 914 subsistentias
3146 857 3410 914 rationes-

1815 971 1922 1028 que
1964 956 2032 1012 ad
2079 955 2526 1012 exercitationem
2569 953 2656 1024 pie
2693 951 3192 1024 philosophantium
3238 953 3412 1024 signi-

1818 1053 2000 1108 licere.
2033 1051 2143 1108 Nec
2171 1051 2367 1107 mirum
2392 1091 2408 1118 ,
2448 1065 2572 1106 cum
2601 1049 2920 1122 saepissime
2964 1047 3326 1118 spiritualium
3359 1055 3417 1105 et

1817 1144 2170 1202 invisibilium
2233 1160 2416 1200 rerum
2473 1142 2784 1200 nominibus
2831 1140 3141 1212 corporales
3189 1139 3416 1198 sensibi-

1818 1238 2004 1311 lesque
2055 1250 2336 1297 assuescat
2384 1239 2630 1295 innuere.
2679 1233 2845 1307 Cujus
2894 1237 3205 1308 reciprocae
3251 1244 3419 1291 meta-

1820 1329 2024 1400 phorae
2067 1331 2196 1386 dum
2223 1339 2351 1388 sunt
2380 1329 2425 1362 ¹⁸
2456 1329 2624 1385 multa
2673 1328 2922 1399 exempla
2950 1337 3006 1384 et
3044 1326 3416 1384 innumerabi-

1821 1420 1916 1489 lia,
1943 1423 2215 1492 praesenti
2246 1421 2462 1494 negotio
2489 1420 2798 1484 cumulare,
2848 1419 3208 1490 omnibusque
3252 1419 3308 1473 in
3338 1415 3421 1474 di-

1821 1513 1949 1568 vina
1987 1512 2267 1584 Scriptura
2302 1511 2617 1568 exercitatis
2665 1509 3141 1574 manifestissima,
3196 1507 3419 1580 longum

1824 1603 2038 1659 videtur
2067 1612 2231 1673 atque
2263 1602 2303 1634 "
2337 1599 2699 1672 superﬂuum;
2730 1599 2917 1670 paucis
2949 1607 3128 1654 tamen
3153 1596 3420 1668 exemplis

1823 1706 2060 1752 utamur.
2090 1696 2244 1764 Quod
2274 1706 2456 1750 natum
2481 1703 2556 1750 est
2582 1709 2647 1750 ea:
2671 1710 2848 1759 carne,
2880 1710 3004 1748 caro
3033 1703 3132 1760 est,
3160 1693 3249 1750 hic
3272 1701 3418 1749 totus

117 1794 432 1868 allegoriae,
462 1794 703 1850 intentus
743 1789 1040 1862 prospiciat
1089 1789 1110 1820 ⁸
1153 1786 1578 1860 quadriformem
1624 1801 1716 1844 so-
1745 1796 1796 1859 Β
1821 1791 1984 1846 homo
2011 1788 2262 1860 originali
2288 1797 2513 1860 peccato
2539 1803 2768 1844 nascens
2792 1787 2975 1842 carnis
3013 1785 3231 1842 nomine
3253 1799 3419 1842 voca-

118 1885 280 1961 phiae
310 1883 650 1942 divisionem.

185 1977 278 2035 29.
321 1977 390 2032 Et
415 1983 502 2032 est
551 1974 767 2045 quidem
817 1973 991 2046 prima
1041 1975 1336 2046 πρακτική,
1385 1970 1594 2034 activa,
1633 1985 1720 2026 se-

121 2069 296 2126 cunda
325 2066 534 2141 φυὰική,
563 2064 850 2132 naturalis,
880 2063 1042 2120 tertia
1069 2065 1310 2137 θεολογία,
1342 2076 1482 2133 quae
1512 2062 1577 2118 de
1607 2062 1719 2119 Deo

123 2160 384 2232 disputat,
430 2166 624 2229 quarta
665 2157 868 2230 λογική,
919 2155 1231 2223 rationalis,
1283 2169 1423 2226 quae
1457 2154 1716 2218 ostendit,

123 2252 317 2323 quibus
347 2249 551 2323 regulis
571 2249 636 2306 de
664 2263 988 2320 unaquaque
1011 2249 1172 2304 trium
1190 2248 1420 2304 aliarum
1449 2248 1672 2319 sophiae
1698 2247 1720 2280 ⁸

122 2344 356 2417 partium
387 2342 789 2414 disputandum.
824 2341 1065 2410 Quarum
1107 2357 1212 2398 una
1245 2342 1497 2408 virtutes,
1523 2342 1720 2414 quibus

124 2435 540 2508 supplantantur
563 2434 713 2501 vitia,
740 2435 1066 2506 penitusque
1093 2435 1461 2501 cradicantur,
1493 2436 1720 2491 investi-

123 2534 250 2601 gat;
283 2526 456 2582 altera
484 2525 728 2583 rationes
763 2534 1104 2592 naturarum,
1143 2527 1258 2584 sive
1292 2527 1347 2582 in
1377 2527 1574 2592 causis,
1605 2528 1722 2584 sive

124 2618 178 2676 in
205 2618 534 2686 ell‘ectibus;
567 2618 726 2674 tertia
773 2618 904 2690 quid
951 2619 973 2651 ⁸
1022 2619 1089 2676 de
1117 2634 1224 2675 una
1259 2620 1502 2677 omnium
1533 2635 1719 2688 causa,

124 2724 260 2782 quae
281 2709 428 2766 Deus
454 2717 576 2776 est,
619 2709 707 2780 pie
736 2709 932 2766 debeat
966 2710 1242 2768 aestimari
1267 2727 1282 2775 ;
1325 2713 1594 2782 quomodo
1623 2728 1721 2767 au-

126 2816 232 2863 tem
259 2814 316 2862 et
341 2806 538 2873 virtus,
567 2813 622 2861 et
642 2813 855 2872 natura,
888 2813 943 2861 et
965 2806 1107 2862 Deus
1135 2805 1530 2861 rationabiliter
1557 2821 1721 2876 quae-

126 2898 288 2964 ritur,
341 2905 572 2969 quarta,
624 2904 686 2952 ut
735 2896 1001 2963 diximus,
1057 2897 1267 2962 edocet,
1327 2895 1722 2967 diligenterque

127 2993 455 3057 considerat,
479 2991 565 3047 cui
591 2989 996 3061 praedictarum
1022 2990 1246 3062 sophiae
1272 2989 1509 3060 partium
1534 3004 1722 3045 narra-

128 3084 327 3140 tionem
350 3083 373 3115 "
403 3081 719 3138 historicam
768 3081 834 3138 de
861 3081 1171 3137 conditione
1217 3097 1400 3138 rerum
1427 3081 1724 3154 adjungere

1723 1935 1726 1942 .
1824 1892 1942 1950 tur;
1972 1893 2028 1938 et
2055 1881 2193 1954 quod
2224 1890 2405 1936 natum
2433 1891 2511 1936 est
2557 1897 2622 1935 ea:
2646 1880 2856 1951 spiritu,
2887 1878 3103 1950 spiritus
3150 1887 3247 1944 est,
3275 1886 3422 1935 totus

1822 1977 1988 2032 homo
2015 1991 2082 2032 ex
2129 1972 2540 2046 regeneratione
2571 1972 2624 2027 in
2671 1969 2892 2027 Christo
2935 1985 3227 2028 renascens
3255 1983 3419 2028 voca-

1823 2067 1963 2124 bu10'
1978 2067 2205 2139 spiritus
2229 2065 2573 2137 exprimitur.
2600 2065 2668 2120 Et
2695 2065 2741 2121 si
2770 2065 2894 2138 quis
2919 2065 3146 2131 dixerit,
3194 2081 3301 2122 non
3335 2074 3422 2122 to-

1825 2168 1910 2217 tus
1945 2161 2108 2216 homo
2131 2175 2199 2215 ex
2233 2174 2400 2214 carne
2427 2158 2694 2220 nascitur.
2724 2158 2820 2214 sed
2843 2158 2956 2214 sola
2985 2158 3225 2215 hominis
3267 2173 3418 2226 caro,

1823 2253 2162 2324 respondebo
2191 2270 2204 2306 :
2240 2267 2346 2308 non
2378 2251 2546 2322 igitur
2566 2260 2712 2308 totus
2740 2251 2905 2306 homo
2927 2265 2994 2307 ex
3020 2251 3215 2324 spiritu
3243 2251 3424 2308 nasci-

1825 2352 1934 2409 tur,
1978 2343 2076 2399 sed
2106 2341 2220 2400 sola
2265 2342 2468 2397 anima.
2501 2342 2570 2397 Et
2602 2341 2649 2397 si
2698 2341 2772 2396 ita
2808 2349 2914 2408 est,
2945 2341 3214 2412 sequitur,
3247 2343 3424 2414 gratia

1822 2436 2165 2508 baptismatis
2213 2421 2532 2507 corporibus
2578 2448 2688 2490 non
2749 2434 2970 2506 prodest
3015 2433 3078 2489 "‘.
3135 2432 3192 2489 Si
3240 2441 3424 2490 autem

1825 2539 1972 2587 totus
1997 2530 2189 2596 homo,
2238 2529 2421 2584 anima
2467 2528 2720 2585 videlicet
2763 2536 2818 2584 et
2865 2543 3089 2600 corpus,
3121 2528 3174 2583 in
3205 2527 3426 2586 Christo

1824 2623 2162 2690 renascitur,
2213 2630 2269 2677 et
2323 2615 2546 2693 spiritus
2597 2619 2852 2688 elﬁcitur,
2907 2622 3217 2678 necessario
3278 2632 3428 2679 totus

1824 2719 1987 2774 homo
2029 2718 2083 2772 in
2110 2716 2282 2772 Adam
2323 2718 2366 2752 ¹⁹
2393 2731 2462 2773 ex
2492 2731 2656 2773 carne
2689 2716 2951 2784 nascitur,
2983 2724 3038 2772 et
3058 2731 3188 2773 caro
3211 2724 3310 2773 est.
3343 2715 3428 2774 Ac

1826 2811 1906 2868 sic
1935 2809 2313 2876 concluditur,
2363 2820 2419 2866 et
2461 2824 2684 2866 carnem
2735 2808 2994 2881 appellari
3033 2807 3321 2881 spiritum,
3369 2818 3428 2865 et

1826 2902 2075 2973 spiritum
2106 2916 2345 2960 carnem.
2379 2900 2618 2957 Verbum
2650 2899 2745 2956 Dei
2772 2908 2996 2957 vocatur
3037 2914 3185 2965 caro,
3216 2909 3273 2956 et
3297 2915 3426 2956 caro

1825 2995 2086 3060 verbum,
2117 3001 2174 3050 et
2223 2991 2457 3058 similia,
2503 2991 2559 3050 in
2593 2990 2789 3063 quibus
2832 2991 2993 3048 simul
3028 2999 3084 3050 et
3130 2990 3426 3064 συνεκδοχή

1829 3086 2180 3157 intelligitur,
2239 3093 2296 3142 et
2340 3087 2620 3160 μεταφορὰ.
2667 3083 2784 3142 Non
2853 3099 2983 3154 ergo
3049 3083 3428 3157 allegorizavi-

131 3176 343 3232 debeat.
387 3172 456 3228 Et
486 3172 532 3228 si
562 3188 672 3229 non
717 3171 933 3244 penitus
981 3171 1355 3243 philosophiae
1380 3187 1575 3242 expers
1599 3182 1724 3240 est.
1753 3164 1802 3229 C
1831 3195 1952 3236 mus
1976 3179 2058 3244 ὀ,
2105 3178 2231 3234 dum
2265 3177 2484 3234 nomine
2533 3176 2670 3233 lucis
2710 3175 2920 3249 species
2961 3191 3141 3234 rerum
3185 3175 3430 3234 visibiles

125 3281 235 3323 non
267 3265 432 3322 alicui
462 3264 570 3321 nisi
607 3265 866 3338 physicae
895 3264 1186 3336 copulabit.
1212 3264 1282 3319 Et
1311 3264 1357 3320 si
1387 3265 1462 3320 ita
1490 3272 1594 3332 est,
1642 3266 1731 3321 in-

131 3367 368 3427 tueatur,
400 3359 546 3431 quod
575 3373 608 3414 a
633 3358 788 3414 nobis
814 3357 1104 3428 allegorice
1126 3358 1327 3414 dictum
1344 3359 1386 3424 ⁸,
1419 3365 1492 3424 et,
1520 3366 1580 3413 ut
1606 3358 1725 3430 opi-

131 3467 252 3521 nor,
317 3449 559 3508 inveniet
613 3449 658 3504 ’.
709 3449 768 3504 ln
814 3449 989 3520 prima
1048 3447 1317 3520 siquidem
1355 3448 1442 3503 die
1494 3449 1730 3519 primor-

131 3544 350 3602 dialium
385 3557 674 3600 causarum
698 3540 1023 3614 generaliter
1055 3541 1110 3596 in
1131 3539 1356 3597 ell‘ectus
1394 3556 1522 3597 suos
1557 3541 1733 3598 sensi-

130 3635 232 3695 bus
244 3638 332 3695 vel
356 3636 723 3694 intellectibus
743 3631 1288 3706 comprehensibilem
1302 3633 1729 3704 processionem,

133 3731 444 3789 conditione
472 3730 610 3787 lucis
638 3726 996 3801 signiﬁcatam
1022 3766 1039 3794 ,
1068 3726 1322 3783 diximus.
1368 3725 1525 3793 Quod
1549 3734 1731 3782 autem

132 3819 515 3895 primordiales
545 3833 742 3876 causae
767 3833 951 3874 rerum
979 3817 1222 3875 omnium
1253 3816 1596 3873 substantiae
1623 3817 1734 3872 sint

134 3911 189 3969 in
219 3912 404 3968 divina
434 3909 702 3983 sapientia
730 3908 1078 3975 substitutae,
1109 3907 1261 3963 testis
1288 3915 1372 3964 est
1414 3907 1473 3963 S.
1500 3907 1733 3963 Ambro-

133 4004 248 4061 sius
282 4004 341 4060 in
372 4001 643 4058 Exemero
681 4015 800 4064 suo,
849 4001 1034 4056 dicens
1084 4017 1097 4053 :
1157 3997 1538 4053 Animadvertit
1569 3999 1612 4030 ¹⁰
1659 4001 1738 4054 vir

133 4097 317 4171 plenus
349 4096 661 4168 prudentiae
683 4135 699 4161 ,
734 4093 941 4165 Moyses
988 4092 1224 4148 videlicet
1273 4094 1315 4124 “
1337 4133 1352 4160 ,
1383 4094 1522 4164 quod
1563 4093 1738 4149 visibi-

136 4189 264 4247 lium
291 4199 343 4248 et
372 4187 716 4245 inuisibilium
747 4187 1162 4243 substantiarum
1191 4187 1420 4241 rationes
1467 4187 1509 4218 "
1535 4197 1583 4242 et
1613 4203 1739 4241 cau-

136 4300 221 4340 sas
267 4299 449 4340 rerum
493 4297 640 4338 mens
690 4267 804 4336 sola
846 4281 1022 4336 divina
1064 4280 1344 4336 contineat.
1398 4280 1456 4336 In
1502 4281 1738 4338 secunda

142 4377 451 4434 triformem
479 4375 670 4432 mundi
701 4376 862 4448 hujus
896 4375 1364 4442 constitutionem,
1396 4389 1466 4430 ex
1511 4375 1740 4430 rationi-

137 4468 236 4526 bus
260 4468 519 4525 videlicet
558 4469 703 4536 suis,
737 4468 1179 4540 simplicibusque
1210 4467 1256 4500 ⁸³
1289 4467 1596 4537 elementis,
1621 4485 1746 4526 cor-

1830 3282 1888 3328 et
1939 3269 2330 3342 intelligibiles,
2395 3269 2743 3326 tenebrarum
2792 3283 2922 3325 vero
2963 3267 3428 3341 signiﬁcatione“

1830 3375 2025 3420 causas
2051 3359 2465 3427 substantiales,
2503 3374 2719 3416 omnem
2754 3374 2973 3416 sensum
2999 3368 3054 3415 et
3091 3358 3428 3416 intellectum

1833 3461 2172 3524 superantes,
2207 3452 2260 3507 in
2302 3460 2484 3508 mente
2506 3452 2688 3507 divina
2717 3450 3068 3508 aeternaliter
3082 3451 3428 3518 substitutas,

1833 3545 2071 3600 divinam
2124 3543 2461 3614 Scripturam
2511 3541 2816 3598 insinuasse
2853 3541 3110 3609 diximus,
3162 3556 3432 3613 aquarum

1833 3650 1984 3702 vero,
1999 3644 2056 3691 et
2079 3634 2465 3691 ﬁrmamenti“
2483 3635 2538 3691 in
2565 3635 2743 3691 medio
2770 3648 3034 3704 aquarum
3057 3633 3433 3706 "symbolicis

1836 3727 2285 3802 appellationibus
2313 3725 2476 3798 hujus
2513 3727 2699 3783 mundi
2728 3726 2955 3783 visibilis
2987 3725 3254 3798 triplicem
3299 3727 3432 3782 sub-

1836 3821 2194 3886 stitutionem,
2221 3820 2277 3875 in
2307 3820 2486 3876 causis
2514 3818 2767 3875 videlicet
2800 3817 3088 3892 suis,lquas
3119 3819 3176 3873 S.
3204 3817 3434 3874 Ambro-

1837 3914 1952 3970 sius
1999 3912 2319 3968 substantias
2370 3927 2550 3966 rerum
2598 3912 2878 3967 visibilium
2925 3913 2981 3966 in
3029 3921 3198 3966 mente
3251 3912 3434 3967 divina

1838 4005 2202 4078 praeconditas
2228 4002 2490 4074 appellat,
2519 4003 2654 4059 etin
2690 3992 3084 4060 un'iversalibus
3112 4003 3428 4070 elementis,

1839 4113 1981 4171 quae
2008 4097 2200 4155 Graeci
2231 4097 2497 4154 catholica
2539 4105 2781 4169 στοιχεῖα
2809 4105 3027 4162 vocant,
3057 4111 3124 4152 eo
3157 4096 3300 4167 quod
3329 4096 3436 4154 sibi

1842 4193 2072 4249 invicem
2099 4192 2424 4250 conveniant
2468 4199 2523 4247 et
2549 4191 2858 4248 concinant.
2905 4195 3238 4265 Στοιχιὶωσις
3286 4190 3437 4248 enim

1842 4295 1927 4343 est
1979 4285 2331 4352 διατύπωσις,
2385 4284 2489 4342 hoc
2537 4292 2645 4352 est,
2700 4281 3060 4340 conformatio
3095 4283 3164 4338 “.
3216 4283 3437 4341 Illorum

1844 4392 2076 4452 namque
2104 4392 2374 4434 concursu
2395 4376 2577 4434 omnia
2609 4390 2838 4447 corpora
2865 4374 3101 4432 visibilia
3141 4376 3438 4432 coniiciun-

1847 4479 1954 4526 tur.
2005 4468 2237 4540 Ideoque
2285 4468 2644 4524 Athenienses
2695 4475 2947 4539 στοιχεῖα
3002 4465 3212 4522 litteras
3256 4466 3304 4498 "
3345 4481 3439 4538 ap-

139 4560 469 4632 poribusque
482 4559 799 4632 compositis
819 4559 1140 4632 perfectam,
1163 4575 1430 4631 aquarum
1455 4562 1738 4630 vocabulo,
1769 4558 1819 4622 D
1845 4563 2071 4636 pellant,
2112 4577 2346 4634 quarum
2383 4561 2778 4633 compositione
2798 4559 2844 4591 ’°
2875 4560 3158 4617 articulata
3186 4575 3290 4616 vox
3317 4576 3443 4632 per-

141 4651 585 4721 ﬁrmamentique
612 4650 668 4706 in
695 4650 873 4707 medio
902 4665 1090 4706 earum
1115 4650 1268 4720 facti,
1286 4668 1393 4709 non
1421 4655 1740 4728 incongrue,

139 4755 200 4802 ut
231 4762 396 4813 reor,
444 4747 772 4818 descriptam
821 4747 1272 4804 existimavimus.
1303 4747 1563 4814 .Tertiam
1614 4765 1743 4808 vero

139 4839 326 4895 mundi
345 4837 1060 4908 hujus“considerationem
1077 4840 1131 4895 in
1147 4843 1520 4912 segregatione
1531 4857 1742 4910 eorum,

142 4947 280 5002 quae
307 4930 365 4986 in
397 4945 462 4987 eo
488 4930 777 4986 mutabilia
801 4939 950 4996 sunt,
976 4931 1045 4986 ab
1074 4931 1179 4996 his,
1208 4947 1349 5002 quae
1371 4946 1598 4992 naturae
1617 4950 1747 4991 suae

117 5021 404 5089 subsidiis
437 5022 734 5086 custodita,
769 5020 1285 5077 incommutabiliter
1313 5024 1366 5080 in
1407 5028 1598 5086 eodem
1625 5041 1746 5096 per-

140 5121 369 5170 manent
402 5123 541 5171 statu
573 5115 619 5147 “'
645 5114 941 5169 constituta
961 5154 975 5178 ,
1024 5115 1129 5171 hoc
1178 5124 1279 5182 est,
1309 5117 1364 5173 in
1415 5118 1742 5179 discretione

142 5205 390 5261 omnium
417 5204 760 5264 mutabilium
781 5202 1144 5260 accidentium
1169 5205 1478 5271 rationabili
1499 5210 1743 5270 contuitu

1849 4653 2051 4712 ﬁcitur.
2099 4653 2212 4711 Nec
2257 4653 2551 4710 immerito.
2596 4653 2732 4708 Dum
2775 4652 2921 4708 enim
2962 4653 3168 4708 viritim
3196 4653 3444 4709 conside-

1852 4757 2044 4804 rantur
2067 4763 2202 4819 pura
2225 4755 2281 4803 et
2309 4763 2339 4804 a
2361 4761 2422 4804 se
2449 4747 2684 4806 invicem
2712 4755 3018 4819 segregata,
3044 4747 3296 4802 videntur
3323 4761 3446 4803 esse

1853 4841 2161 4910 contraria;
2185 4841 2356 4914 frigus
2377 4840 2644 4912 siquidem
2667 4840 2862 4906 calori,
2892 4839 3188 4897 humiditas
3212 4838 3448 4894 siccitati

1854 4934 2212 5001 contradicit;
2245 4935 2371 4990 dum
2397 4949 2527 4990 vero
2549 4933 2602 4988 in
2627 4947 2686 4989 se
2715 4932 2949 4989 invicem
2978 4933 3296 4994 miscentur,
3325 4945 3451 4985 om-

1855 5031 2007 5089 nium
2044 5043 2226 5085 rerum
2253 5026 2549 5083 visibilium
2593 5025 2882 5081 harmonia
2930 5024 3168 5094 quadam
3215 5019 3456 5076 mirabili

1847 5136 2016 5198 atque
2061 5119 2319 5176 inellabili
2350 5117 2772 5194 compositiones
2809 5115 3070 5173 elliciunt.
3104 5111 3184 5166 Re
3219 5124 3462 5179 namque

1847 5230 1980 5277 vera
2031 5231 2142 5274 non
2171 5213 2565 5272 elementorum
2611 5210 2970 5277 substantiae,
3025 5205 3122 5264 sed
3163 5201 3462 5273 qualitates

233 5375 243 5382 ,
679 5329 684 5333 ’
1437 5329 1694 5389 νΑΡιιΑΕ
1726 5327 2142 5393 LECTIONES.

216 5423 232 5498 ξ
278 5419 322 5477 C
360 5429 733 5498 ενᾳηιριέηζιινο
845 5417 1055 5498 ἰνὶζηω
1100 5433 1209 5476 0m-
1431 5429 1454 5460 ⁸
1498 5429 1547 5483 Α
1597 5422 1918 5482 intentionis
1966 5437 2215 5498 naturae.
2310 5425 2334 5498 ξ
2375 5425 2421 5481 Λ
2475 5421 2771 5498 perspiciat.
2844 5420 2904 5498 7_'
2950 5417 3168 5498 sophiaf
3217 5425 3356 5498 otii.“
3391 5411 3465 5498 A_.

143 5490 163 5562 ἔ
198 5493 244 5547 Α
293 5491 456 5562 quod.
504 5488 514 5495 ’
552 5493 574 5526 ⁷
616 5491 673 5562 Α
715 5488 1145 5562 numerationem.

144 5561 185 5580 "
226 5559 458 5606 ’λίϐη-*οι
486 5579 596 5617 om.
629 5559 696 5615 C.

1249 5489 1271 5521 ⁸
1325 5494 1371 5548 Α
1418 5501 1626 5556 dictum
1680 5503 1773 5548 est.

774 5558 818 5590 ¹³
847 5559 1232 5634 Αδίηψίίείζθαε
1260 5561 1487 5634 (—que
1532 5567 1690 5634 om).
1765 5564 1810 5595 “
1851 5567 2018 5634 hujus
2060 5582 2170 5622 om.
2205 5568 2268 5621 A.
2349 5568 2395 5600 η
2432 5563 2694 5623 auinam
2729 5589 2786 5596 -ρ
2855 5570 2971 5582 -οηιι

3030 5488 3072 5520 ¹¹
3131 5482 3178 5537 Α
3206 5479 3464 5555 _scilicet.

1880 5500 1903 5532 ’
1928 5500 1968 5556 C
1998 5514 2107 5555 non
2149 5496 2390 5551 inveniet.
2475 5489 2541 5528 ἰο
2593 5489 2641 5545 Ἀ
2675 5489 2920 5544 advertit.
