4064 6292
553 219 658 315 tor

1976 261 2096 323 JOA
2103 261 2269 325 NNIS'
2303 261 2504 325 SCOTI

2787 239 2842 258 γ’

3722 262 3836 322 ros

552 375 893 452 dissentiunt.
929 372 1074 442 Quas
1102 371 1354 430 videlicet
1391 373 1831 445 compositiones,
1875 376 2130 447 quoniam
2157 381 2212 443 Α
2236 377 2504 450 planities,
2548 374 2625 432 nil
2647 377 3000 432 maximorum
3037 375 3340 447 pelagarum
3384 376 3834 447 magnitudinis“

549 471 709 536 solvi,
737 477 792 524 et
821 469 875 522 in
905 482 990 534 ea,
1023 482 1252 538 quorum
1280 467 1423 524 coitu
1451 467 1775 534 eliiciuntur,
1809 470 1984 525 redire
2009 486 2135 542 pos-

552 569 702 625 sunt,
729 573 1012 629 aquarum,
1049 573 1189 628 quae
1216 559 1318 613 sub
1347 558 1498 614 caelo
1524 569 1669 624 sunt,
1706 559 1967 616 vocabulo
1997 576 2129 616 con-

549 652 930 725 gruentissime
975 650 1244 719 Propheta
1295 649 1638 722 signiﬁcavit.
1693 650 1956 720 Quoniam
1998 667 2131 708 vero

545 744 741 800 harum
773 759 954 799 rerum
978 741 1268 798 visibilium
1299 743 1574 814 corporeis
1596 743 1842 799 sensibus
1863 745 2134 814 subjecta-

495 825 514 878 ίῖ
548 851 672 892 rum
709 835 902 908 duplex
931 835 1223 907 speculatio
1259 845 1376 902 est;
1427 836 1586 890 aliter
1628 837 1770 892 enim
1804 836 1856 891 in
1887 838 1968 892 eis
1996 837 2128 892 sub-

496 929 506 986 .’
540 927 720 1010 iectas
745 936 802 983 et
851 927 1216 982 immutabiles
1254 927 1653 993 subsistentias,
1689 927 1886 997 quibus
1913 929 2131 999 proprie

544 1021 869 1085 subsistunt,
915 1021 1072 1076 aliter
1113 1021 1436 1087 accidentia,
1482 1035 1622 1091 quae
1659 1021 1845 1093 augeri
1874 1029 1928 1076 et
1955 1022 2130 1075 minui

541 1112 864 1184 patiuntur,
909 1112 1252 1182 instabilique
1302 1121 1449 1168 motu
1507 1128 1723 1184 semper
1770 1113 1968 1170 variari
2019 1129 2128 1170 non

542 1202 817 1268 desinunt,
849 1203 1229 1273 speculamur:
1257 1204 1623 1258 necessarium
1663 1212 1800 1271 erat,
1846 1203 2127 1260 mutabilia

540 1295 612 1350 ab
653 1295 1077 1351 immutabilibus
1121 1295 1416 1366 segregari,
1456 1295 1559 1350 hoc
1604 1305 1706 1361 est,
1757 1295 2053 1351 accidentia
2093 1311 2125 1349 a

541 1388 864 1444 substantiis
921 1387 1269 1442 intellectuali
1301 1387 1317 1417 ¹
1352 1384 1736 1456 dijudicatione
1764 1388 2034 1453 discerni,
2071 1396 2128 1443 et

519 1482 822 1549 mutabilia
869 1481 1085 1550 quidem
1133 1480 1296 1536 veluti
1356 1481 1692 1536 instabilium
1733 1497 2018 1552 aquarum,
2059 1497 2124 1537 ac

538 1590 755 1645 semper
801 1573 1216 1641 ﬂuctuantium,
1276 1573 1636 1629 immutabilia
1686 1589 1837 1638 vero,
1889 1589 2125 1644 suaeque

538 1675 768 1722 naturae
808 1666 1105 1721 stabilitate
1135 1665 1506 1731 subsistentia,
1545 1665 1749 1720 solidae
1777 1664 1984 1720 telluris
2015 1668 2124 1721 ari-

2239 471 2550 540 indigentes,
2579 479 2630 524 et
2652 469 2787 524 sulci
2817 469 2988 535 multi,
3016 479 3065 524 et
3089 469 3348 525 convalles
3370 471 3654 525 secundum
3689 474 3834 532 alias

2237 572 2288 616 et
2314 562 2450 617 alias
2480 563 2699 634 ﬁguras,
2725 578 2852 616 cava
2879 561 2925 594 ³⁸
2953 562 3131 616 omnia
3171 563 3436 616 undarum
3479 574 3604 617 tunc
3640 565 3827 634 plana,

2237 655 2519 724 conjuncta
2550 665 2692 722 sunt,
2736 656 2864 724 ipsis
2891 655 3071 709 divino
3113 667 3385 725 praecepto
3409 656 3480 710 ad
3502 673 3663 712 unam
3695 675 3830 714 cott-

2235 749 2592 819 gregationem
2615 747 2844 817 undique
2873 748 3022 818 aquis
3048 745 3276 802 collectis
3302 747 3372 800 I'.

2310 838 2401 894 50.
2444 838 2541 894 His
2567 848 2730 909 atque
2754 836 3060 906 huiusmodi
3092 838 3274 894 verbis
3296 837 3558 909 praedicti
3585 839 3832 898 auctoris

2237 940 2422 1002 aperte
2452 932 2728 998 suadetur,
2752 931 2820 986 ob
2845 931 2985 986 hanc
3007 945 3227 986 causam
3257 929 3632 987 multitudines
3660 946 3831 1002 aqua-

2235 1037 2378 1087 rum,
2410 1023 2608 1092 ubique
2634 1035 2731 1092 per
2755 1036 2885 1076 cava
2913 1030 2967 1076 et
3000 1021 3461 1091 plana‘terrarum
3491 1020 3746 1090 diﬁusas,
3771 1023 3827 1080 in

2235 1115 2710 1186 congregationem
2760 1127 2923 1168 unam
2966 1114 3150 1168 divino
3189 1123 3480 1184 praecepto
3515 1113 3689 1171 fuisse
3719 1117 3832 1171 col-

2233 1202 2422 1268 lectas,
2473 1220 2541 1260 ne
2588 1212 2757 1259 totam
2808 1212 2986 1259 terrae
3034 1203 3376 1274 superﬁciem
3405 1205 3828 1262 inundationum

2232 1311 2455 1352 suarum
2483 1295 2936 1352 cumulationibus
2959 1298 3323 1366 cooperirent,
3347 1305 3403 1352 et
3431 1306 3493 1352 ut
3511 1299 3559 1329 “
3589 1299 3662 1353 ad
3694 1315 3828 1355 usus

2231 1387 2502 1442 humanae
2527 1386 2877 1443 habitationis
2905 1389 3382 1458 appareret'arida,
3408 1390 3594 1446 herbis
3613 1391 3828 1447 arbori-

2231 1477 2442 1548 busque
2467 1479 2740 1545 decorata,
2769 1480 2998 1536 diversis
3021 1480 3335 1536 animalium
3359 1481 3551 1538 formis
3576 1485 3825 1554 copiosa,

2231 1571 2582 1642 amplissimis
2604 1571 2823 1638 Oceani,
2858 1574 3306 1646 diversorumque
3331 1575 3649 1646 pelagorum
3681 1577 3827 1635 litto-

2228 1662 2383 1718 ribus
2419 1663 2618 1730 cincta,
2651 1673 2706 1718 et
2731 1665 2800 1719 ab
2830 1665 3032 1736 impetu
3060 1665 3375 1722 fluctuantis
3401 1668 3590 1734 maris,
3620 1684 3825 1726 areno-

537 1760 746 1830 daeque
790 1758 1053 1814 vocabulo
1100 1757 1412 1830 significari.
1462 1757 1518 1812 In
1570 1758 1657 1813 bis
1699 1772 1831 1829 ergo
1871 1757 2124 1813 omnibus
2151 1774 2200 1834 Β
2232 1754 2310 1808 sis
2341 1755 2586 1810 obicibus
2621 1755 2832 1810 divinae
2855 1755 3119 1825 jussionis
3148 1757 3350 1814 virtute
3394 1761 3674 1817 roboratis
3702 1778 3825 1817 u-

533 1849 678 1905 nulla
710 1849 985 1919 allegoria,
1023 1849 1115 1903 sed
1140 1849 1277 1902 nuda
1306 1848 1328 1878 ²
1355 1847 1687 1902 solummodo
1716 1848 1937 1919 physica
1987 1863 2120 1904 con-

489 1972 491 1974 -
532 1943 792 2000 sideratio
822 1950 1106 2006 tractatur,
1139 1940 1400 1994 mutuatis
1437 1939 1772 1994 sensibilium
1810 1942 2123 1996 nominibus

536 2035 607 2091 ad
656 2032 1007 2104 significanda
1058 2033 1348 2087 invisibilia
1405 2030 1841 2100 frequentissimo
1902 2033 2119 2087 divinae

530 2125 846 2197 Scripturae
875 2141 993 2179 usu.
1023 2124 1128 2179 Sed
1164 2139 1231 2177 ne
1275 2121 1332 2178 S.
1365 2123 1533 2192 patris
1563 2121 1742 2177 Basilii
1776 2125 2116 2178 reverendis-

528 2219 698 2274 simos
733 2217 1014 2272 videamur
1052 2228 1310 2284 spernere
1352 2213 1676 2278 intellectus,
1725 2214 1853 2284 quid
1903 2217 1967 2269 de
2015 2218 2118 2273 hoc

531 2310 785 2374 senserit,
830 2314 1093 2378 quantum
1137 2305 1268 2359 mihi
1334 2305 1491 2359 datur
1521 2305 1841 2375 intelligere,
1878 2305 2118 2362 breviter

527 2401 814 2456 intimabo.
860 2398 916 2451 In
966 2406 1158 2467 quarta
1210 2395 1440 2450 Homilia
1481 2396 1532 2449 in
1572 2394 1806 2450 Genesin
1839 2411 1853 2450 :
1881 2395 2113 2469 Congre-

529 2505 739 2564 gentur,
791 2491 986 2560 inquit,
1037 2505 1205 2559 aquae
1234 2488 1289 2542 in
1326 2488 1774 2559 congregationem
1815 2505 1993 2542 unam.
2031 2487 2116 2544 Ne

526 2585 749 2655 inﬂuens
798 2599 933 2654 aqua
981 2581 1278 2651 recipientes
1328 2597 1383 2634 se
1434 2582 1668 2650 regiones
1709 2580 2111 2648 superfundens,

527 2690 866 2745 crcscensque
902 2689 1120 2742 semper,
1160 2681 1210 2725 et
1262 2671 1397 2724 alios
1429 2671 1450 2702 ³
1487 2688 1552 2725 ea:
1580 2671 1698 2725 aliis
1741 2671 1977 2741 implens,
2008 2690 2116 2726 om-

524 2783 644 2824 nem
672 2768 916 2836 contigua
951 2765 1235 2818 includeret
1263 2761 1507 2833 Epirum,
1549 2779 1608 2816 eo
1651 2763 1804 2832 jussa
1837 2773 1912 2816 est
1941 2763 1960 2794 ’⁵
1992 2780 2114 2817 con-

523 2860 731 2931 gregari
760 2859 812 2912 in
845 2858 1298 2927 congregationem
1329 2871 1488 2908 unam
1513 2854 1553 2907 ⁸.
1583 2856 1654 2908 Ac
1677 2854 1698 2886 °
1719 2871 1810 2923 per
1835 2855 1932 2908 hoc
1960 2871 2116 2924 saepe

521 2954 783 3023 ﬂuctuans
813 2967 878 3004 ex
902 2950 1060 3004 ventis
1091 2965 1255 3012 mare,
1285 2959 1331 3002 et
1358 2947 1415 3001 in
1451 2946 1783 3001 altitudinem
1824 2948 2113 3001 maximam

519 3042 802 3097 sublevatis
830 3041 1095 3112 ﬂuctibus,
1126 3055 1268 3105 mox,
1310 3049 1363 3092 ut
1393 3039 1573 3093 littora
1603 3039 1859 3110 tetigerit,
1897 3039 1952 3093 in
1989 3056 2113 3107 spu-

2230 1848 2366 1903 nita.
2400 1847 2577 1901 Divini
2607 1848 2872 1916 siquidem
2921 1849 3197 1919 praecepti
3224 1850 3412 1921 vigore
3450 1850 3825 1910 validissimus

2228 1941 2497 1993 undarum
2527 1937 2680 1993 furor
2709 1938 3016 1994 refrenatur
3041 1948 3095 1995 et
3121 1933 3508 2012 repercutitur,
3544 1959 3623 2010 ne
3662 1945 3822 2015 plana

2228 2038 2498 2083 terrarum
2528 2038 2583 2083 et
2609 2029 2898 2084 humiliora
2925 2044 2983 2085 se
3023 2030 3140 2087 loca
3161 2032 3415 2088 obruant.
3439 2034 3583 2089 Haec
3609 2045 3818 2105 autem,

2226 2129 2288 2175 ut
2329 2120 2464 2187 dixi,
2505 2118 2827 2194 subjungere
2871 2122 3036 2188 volui,
3085 2137 3153 2178 ne
3206 2122 3348 2179 forte
3399 2126 3519 2194 quis
3569 2126 3821 2194 diceret,

2225 2225 2394 2282 quare
2417 2201 2791 2282 gloriosissimi
2809 2228 2999 2268 sacrae
3021 2212 3336 2284 Scripturae
3353 2215 3685 2284 expositoris
3697 2232 3795 2273 seu

2225 2319 2345 2359 sum
2371 2305 2594 2358 omnino
2627 2305 2923 2374 praeterire
2953 2305 3069 2358 ausi
3099 2319 3306 2359 sumus.

2293 2395 2383 2449 51.
2427 2396 2574 2451 Βιδε.
2615 2395 2844 2452 Provide
2888 2405 3172 2466 cauteque.
3206 2395 3322 2451 Non
3365 2396 3509 2451 enim
3550 2397 3819 2455 debemus

2222 2488 2526 2544 divinorum
2568 2487 2787 2543 Patrum
2836 2489 3138 2546 intellectus
3172 2490 3281 2545 ullo
3321 2491 3479 2546 modo
3517 2493 3817 2565 negligere,

2220 2592 2314 2634 seu
2347 2579 2647 2645 annullare,
2673 2581 2993 2650 praesertim
3023 2595 3144 2636 cum
3177 2596 3274 2638 nos
3305 2599 3410 2638 non
3433 2582 3599 2638 lateat
3625 2583 3694 2651 ⁸³,
3721 2602 3817 2641 eos

2219 2673 2541 2742 saepissime
2584 2673 2905 2743 simpliciter
2947 2675 3266 2745 disputasse,
3318 2678 3673 2747 capacitatem
3720 2696 3820 2735 auc

2221 2762 2482 2818 dientium
2525 2779 2631 2818 non
2678 2765 2810 2820 satis
2849 2766 3097 2821 idoneam
3128 2769 3196 2822 ad
3219 2768 3670 2838 profundissimos
3702 2772 3818 2841 spi-

2219 2854 2433 2908 ritualis
2480 2855 2695 2910 virtutis
2745 2857 3070 2911 naturalium
3122 2861 3390 2912 rationum
3433 2859 3820 2930 percipiendas

2217 2946 2526 3002 intellectus
2559 2948 2927 3015 providentes.
2960 2949 3136 3020 Atque
3159 2950 3279 3005 ideo
3306 2965 3412 3005 non
3437 2957 3640 3008 temere
3656 2953 3818 3010 dixe-

2221 3035 2347 3101 rim,
2396 3044 2456 3091 ut
2494 3037 2705 3107 opinor,
2744 3037 3008 3094 deil‘erum
3038 3039 3321 3107 Basiliam,
3368 3056 3598 3112 superna
3627 3046 3814 3114 gratia

523 3150 663 3188 mam
709 3133 911 3188 solvens
948 3133 1220 3202 impetum,
1253 3131 1548 3183 revertitur.
1596 3130 1678 3183 An
1706 3146 1786 3184 me
1813 3147 1917 3183 non
1958 3132 2111 3183 time-
2142 3134 2189 3198 ο
2220 3125 2598 3193 illuminatum,
2653 3128 2952 3200 simplicius
3001 3133 3316 3200 exposuisse
3362 3147 3460 3189 sex
3505 3135 3816 3204 primorum

524 3227 603 3281 bis
630 3227 675 3293 ",
698 3226 823 3280 dicit
867 3225 1141 3286 Dominus,
1189 3233 1465 3294 ponentem
1501 3233 1782 3278 termmum
1809 3225 1947 3277 mari
1997 3241 2114 3279 are-

524 3334 669 3383 nam,
696 3319 750 3370 in
774 3317 1079 3386 ﬁrmissimo
1103 3315 1336 3368 omnium
1364 3315 1571 3379 sabulo,
1604 3329 1668 3369 ne
1695 3313 1719 3347 ⁸
1748 3315 1982 3369 videlicet
2013 3319 2116 3369 vio-

522 3410 716 3465 lentiae
753 3407 940 3462 invecti
984 3407 1147 3461 maris
1183 3406 1517 3475 refrenantur
1563 3405 1608 3458 ⁹.
1653 3405 1901 3478 Alioquin
1965 3407 2112 3477 quid,

524 3505 721 3576 inquit,
755 3503 1047 3574 prohiberet
1093 3501 1310 3555 rubrum
1347 3516 1510 3565 mare,
1552 3516 1753 3553 onmem
1800 3500 2112 3570 Aegyptum,

521 3597 650 3654 dum
704 3597 770 3651 sit
817 3595 1089 3660 humilior,
1137 3594 1358 3657 intrare,
1393 3602 1440 3646 et
1469 3593 1733 3662 cooperire
1766 3592 1998 3662 Aegypto
2027 3608 2115 3661 pe-

518 3687 675 3760 lagus
704 3687 1028 3752 incumbens,
1053 3687 1099 3739 si
1125 3701 1228 3739 non
1254 3694 1528 3755 praecepto
1551 3693 1680 3737 esset
1712 3683 1978 3738 Creatoris
2009 3684 2114 3736 im-

520 3781 754 3856 peditum
782 3778 846 3832 “.
901 3777 1045 3832 Nam
1082 3779 1206 3849 quia
1250 3776 1500 3830 humilior
1533 3787 1609 3830 est
1654 3775 1809 3828 rubro
1848 3776 1985 3829 mari
2013 3775 2116 3830 Ae-

519 3885 741 3949 gyptus,
776 3872 992 3945 quidam
1043 3870 1264 3925 volentes
1302 3885 1454 3940 opere
1502 3868 1601 3922 sibi
1638 3868 1855 3923 invicem
1892 3869 1934 3900 “
1978 3868 2117 3938 pela-

522 3983 616 4042 gos
645 3965 961 4035 conjungere
983 3961 1289 4032 Aegyptium
1317 3970 1365 4014 et
1401 3959 1670 4023 Indicum,
1693 3961 1748 4013 in
1769 3975 1871 4028 quo
1897 3959 2115 4014 rubrum

521 4067 597 4113 est
643 4064 1062 4126 mare:propter
1113 4055 1210 4107 hoc
1261 4052 1506 4119 prohibiti
1551 4062 1672 4104 sunt
1720 4052 2016 4116 conatibus,
2064 4061 2114 4106 et

519 4152 722 4224 primus
747 4149 1004 4205 inchoans
1030 4145 1281 4203 Sesostris
1308 4147 1610 4216 Aegyptius,
1645 4161 1708 4197 ac
1732 4155 1912 4214 postea
1939 4145 2115 4200 volens

519 4243 765 4314 perﬁcere
793 4242 989 4297 Darius
1013 4240 1219 4295 Medus.
1251 4237 1397 4290 Haec
1425 4255 1456 4290 a
1483 4253 1565 4290 me
1589 4236 1732 4290 dicta
1767 4247 1908 4294 sunt.
1953 4248 2009 4291 ut
2039 4238 2115 4292 in-

521 4333 819 4404 telligamus
849 4334 1106 4402 praecepti
1136 4332 1376 4383 virtutem
1399 4341 1417 4378 :
1445 4323 1836 4398 Congregentur
1862 4345 2030 4400 aquae
2058 4333 2114 4384 in

523 4422 981 4493 congregationem
1007 4435 1192 4483 unam,
1222 4420 1320 4471 hoc
1349 4427 1444 4481 est,
1479 4417 1626 4470 nulla
1651 4417 1695 4448 ι’
1717 4435 1749 4471 a
1779 4420 1950 4489 seipsa
1974 4437 2114 4475 rece-

2220 3220 2428 3274 dierum
2477 3220 2888 3293 intelligibilium
2917 3226 3276 3294 operationes,
3330 3240 3489 3298 quam
3525 3229 3819 3286 intellexev

2218 3321 2328 3375 rat,
2359 3325 2663 3366 sermonem
2705 3313 3036 3383 simplicitati
3072 3316 3380 3371 auditorum
3408 3327 3687 3387 coeptans.
3729 3321 3814 3376 Si-

2219 3403 2437 3472 quidem
2465 3404 2826 3461 homiliariter
2846 3408 2911 3462 ad
2936 3406 3192 3478 populum
3215 3408 3426 3466 locutus
3451 3419 3550 3476 est,
3577 3419 3631 3465 et
3652 3412 3816 3482 quod

2216 3494 2379 3550 simul
2408 3502 2462 3551 et
2490 3496 2659 3552 semel
2688 3514 2718 3551 a
2745 3497 2856 3552 Deo
2893 3498 3095 3554 factum
3140 3497 3311 3556 fuisse
3352 3499 3510 3556 altius
3538 3515 3818 3572 cognove-

2218 3597 2322 3654 rat,
2371 3589 2536 3644 veluti
2586 3599 2890 3662 temporum
2926 3593 3152 3648 morulis
3201 3594 3538 3666 dispertitum
3582 3606 3820 3666 propter

2218 3698 2331 3746 eos,
2369 3699 2600 3754 quorum
2631 3701 2820 3742 sensus
2860 3701 3042 3743 moras
3083 3695 3410 3758 temporum,
3457 3688 3820 3759 locorumque

2218 3778 2504 3835 distantias
2529 3793 2785 3850 superare
2812 3781 3102 3844 nescierat,
3132 3779 3402 3850 exposuit.
3428 3779 3577 3847 Quod
3604 3788 3662 3834 et
3693 3781 3818 3852 ipse

2218 3873 2639 3928 sublimissimus
2686 3872 3072 3944 prophetarum
3120 3871 3330 3944 Moyses
3376 3871 3564 3927 fecisse
3607 3870 3817 3941 digno-

2217 3963 2408 4019 scitur.
2452 3962 2570 4019 Non
2614 3964 2760 4020 enim
2808 3962 2976 4018 semel
3003 3970 3060 4018 et
3087 3962 3246 4017 simul
3273 3962 3322 3994 "
3349 3963 3520 4034 potuit
3549 3977 3813 4030 narrare,

2215 4055 2360 4126 quod
2385 4054 2555 4110 semel
2583 4062 2636 4109 et
2667 4053 2827 4110 simul
2850 4053 2900 4085 ³⁸
2923 4053 3065 4109 Deus
3089 4053 3264 4124 potuit
3290 4051 3488 4110 facere.
3521 4051 3816 4124 Siquidem

2216 4157 2272 4201 et
2295 4163 2416 4212 nos,
2464 4146 2555 4217 qui
2606 4147 2785 4202 adhuc
2838 4146 2892 4201 in
2949 4145 3190 4201 tenebris
3238 4145 3568 4218 ignorantiae
3605 4145 3815 4217 palpe-

2215 4238 2436 4294 brantes
2477 4237 2525 4271 ³⁸
2565 4237 2738 4292 lucem
2785 4237 3032 4292 veritatis
3080 4252 3342 4292 conamur
3390 4237 3653 4307 aspicere,
3701 4254 3816 4294 non

2215 4348 2394 4396 omne,
2413 4332 2554 4402 quod
2575 4331 2736 4386 simul
2764 4340 2942 4387 mente
2963 4331 3300 4401 concipimus
3318 4332 3390 4398 "',
3415 4331 3590 4387 verbis
3609 4331 3820 4402 expla-

2216 4441 2349 4482 nare
2389 4427 2632 4480 valemus
2659 4424 2738 4490 ";
2784 4424 2961 4480 omnis
2999 4438 3232 4494 namque
3264 4440 3374 4489 ars,
3409 4423 3462 4479 in
3493 4423 3678 4478 animo
3722 4439 3818 4480 sa-

523 4517 617 4569 dat
660 4514 727 4580 ¹⁸,
778 4513 868 4567 sed
908 4513 966 4566 in
1011 4512 1182 4582 prima
1228 4509 1532 4563 collectione
1571 4521 1885 4580 congregata
1913 4529 2114 4582 perma-

2225 4521 2420 4592 pientis
2466 4517 2846 4573 universaliter
2883 4517 3138 4585 formata,
3171 4518 3402 4574 diversis
3431 4517 3716 4575 literarum
3756 4527 3822 4574 et

522 4615 648 4662 neat
681 4605 746 4659 “.
791 4604 996 4659 Deinde
1028 4604 1214 4659 dicens
1241 4620 1255 4655 :
1281 4599 1672 4672 Congregentur
1712 4619 1879 4671 aquae
1910 4604 1966 4658 in
1995 4623 2114 4661 con-

520 4697 878 4772 gregationem
901 4712 1099 4761 unam;
1131 4693 1423 4750 ostenditur
1455 4693 1520 4760 ¹⁸,
1564 4694 1689 4764 quia
1723 4694 1920 4750 multae
1962 4707 2111 4752 erant

521 4811 617 4868 per
655 4792 701 4828 “
727 4792 920 4847 multos
963 4791 1146 4845 modos
1176 4797 1477 4862 segregatae
1507 4804 1694 4860 aquae.
1719 4787 1864 4860 luga
1891 4807 2114 4862 namque

520 4889 812 4952 montium,
894 4885 1160 4957 profunda
1190 4883 1233 4917 ¹τ
1276 4882 1492 4938 vallium
1550 4882 1793 4952 irrigua,
1853 4899 2112 4954 aquarum

515 4980 879 5043 collectionem
923 4977 1180 5032 habebant
1207 4974 1293 5042 ⁸⁸;
1340 4985 1387 5030 et
1439 4974 1611 5030 adhuc
1657 4975 1827 5046 campi
1872 4977 2030 5031 multi
2063 4986 2114 5032 et

2222 4609 2587 4682 syllabarum,
2641 4609 3044 4679 dictionumque
3100 4608 3494 4679 temporalibus
3537 4609 3816 4675 moralis,

2221 4701 2530 4756 necessario
2574 4699 2975 4771 particulariter
3019 4699 3374 4769 ordinateque
3420 4700 3473 4753 in
3512 4712 3678 4754 aures
3727 4700 3818 4756 di-

2222 4792 2487 4848 scentium
2523 4790 2861 4847 din‘unditur.
2916 4789 3033 4846 Non
3060 4804 3192 4863 ergo
3217 4789 3553 4861 praedictum
3581 4787 3814 4847 Patrem

2220 4885 2480 4942 debemus
2539 4883 2794 4941 arbitrari
2848 4884 3166 4956 simpliciter
3213 4882 3548 4939 intellexisse
3568 4921 3585 4950 ,
3651 4883 3814 4953 quod

2219 4977 2536 5048 simpliciter
2571 4979 2788 5034 videtur
2838 4977 3171 5050 exposuisse.
3231 4975 3365 5044 Quis
3422 4974 3568 5030 enim
3633 4975 3818 5031 aude-

1807 5104 2066 5160 VARIAE
2103 5105 2502 5167 LECTIONES.

595 5226 614 5258 ί
641 5221 688 5279 Α
711 5199 1169 5294 intellectualibus.
1204 5286 1216 5294 _
1243 5216 1263 5246 ²
1290 5215 1560 5294 nudabat.
1582 5215 1673 5294 A.__
1725 5215 1747 5247 ³
1849 5215 1979 5274 alia.
2053 5219 2214 5294 fPro
2231 5239 2290 5278 eo
2304 5224 2458 5294 jussu
2482 5232 2558 5278 est
2583 5221 2624 5279 C
2648 5224 2761 5278 visa
2785 5233 2880 5280 est.
2956 5223 2978 5257 ⁵
2998 5239 3158 5278 unam
3179 5239 3288 5280 om.
3309 5225 3376 5279 Α.
3452 5224 3475 5256 ⁸
3496 5224 3575 5278 Ae
3594 5239 3709 5280 om.
3742 5227 3816 5280 A.

521 5297 545 5332 "
584 5294 631 5350 A
661 5293 924 5348 timebitis.
1039 5289 1060 5320 ⁸
1087 5286 1240 5357 Conj.
1290 5287 1335 5340 A
1368 5286 1550 5342 sabulo
1574 5325 1590 5352 ,
1625 5284 1675 5357 7C
1718 5286 1948 5341 sablone.

524 5367 877 5436 refraenatttr.

1621 5291 1675 5367 .C
1718 5291 1948 5341 sablone.
2051 5291 2145 5367 ’_A
2197 5291 2556 5362 inﬁrmissimo
2611 5296 2844 5367 omnium
2884 5295 3066 5367 sabulo
3112 5297 3277 5350 maris
3333 5293 3576 5367 uiolentia
3628 5296 3820 5350 invicti

976 5359 1019 5436 ‘_'
1063 5357 1289 5436 Sic__C.;
1335 5358 1384 5414 Δ
1421 5357 1902 5436 θορρενρτθηεςᾳκε
1927 5363 2083 5436 ,φατε
2105 5403 2120 5427 ,
2173 5357 2311 5435 quod
2370 5368 2596 5436 Aegypto
2657 5365 2882 5434 adjacet,
2935 5366 3266 5435 conjungere,
3320 5366 3421 5420 nisi
3468 5376 3817 5436 prosequaris

525 5425 951 5508 creatorisgesset
985 5429 1429 5508 impedimentum.
1468 5507 1471 5508 ν
1503 5429 1546 5462 ³⁸
1571 5425 1684 5508 ἓίε
1697 5426 1738 5482 C
1764 5425 1825 5481 AV
1848 5430 2065 5508 quidam
2087 5425 2238 5508 opsita
2265 5425 2628 5508 persuaserunt
2671 5425 2848 5508 nobis,
2870 5425 3110 5508 volentes
3131 5425 3364 5508 invicem
3410 5425 3485 5508 7⁸ίῄ
3510 5435 3553 5489 Α
3577 5425 3813 5508 κίξζια.

527 5507 574 5541 ¹³
597 5509 640 5562 A
666 5505 927 5579 recedant.
969 5496 1118 5579 ,ξδςΔ
1139 5507 1525 5579 permaneant.“
1569 5497 1616 5579 ξ’
1644 5496 1685 5552 C
1716 5496 1936 5579 ostendit
1966 5505 2080 5560 tibi.
2118 5496 2128 5504 ’
2157 5504 2230 5579 “_
2245 5496 2334 5575 per
2381 5523 2490 5579 om.
2518 5507 2583 5579 Α,
2626 5578 2632 5579 γ
2665 5508 2706 5540 ⁸⁷
2729 5507 2773 5560 Α
2797 5496 3176 5579 profunditate.
3256 5507 3299 5540 ³⁸
3326 5506 3368 5562 C
3395 5506 3606 5561 habent.
3687 5505 3738 5538 ¹⁹
3768 5508 3821 5579 ᾼ

523 5575 899 5651 multitudinis.
969 5569 1018 5603 “
1041 5571 1092 5651 A_
1112 5566 1412 5651 cumquae.
1486 5568 1528 5602 ³³
1623 5567 1913 5651 coniungit
1925 5586 2075 5651 sunt,
2107 5586 2157 5632 et
2186 5566 2294 5651 Dei
2328 5578 2491 5651 ipsius
2533 5578 2714 5651 divino
2731 5566 3058 5651 praecepto.
3092 5593 3146 5633 a.
3187 5595 3243 5651 u_.
3295 5593 3368 5651 c.
3394 5593 3449 5631 ιι.

3487 5593 3658 5646 aqua
3695 5577 3825 5630 ωι-

528 5650 708 5724 ιειτιιιεἶ
746 5717 758 5724 _
784 5648 830 5677 "
857 5656 913 5699 ut
932 5642 1127 5724 0933A.
1185 5641 1253 5724 _”
1274 5639 1316 5697 (ἶ
1335 5656 1440 5696 non
1458 5656 1549 5696 n08
1568 5639 1750 5696 ιαεθαιο
1825 5641 1944 5686 ³⁴ο³⁸
1965 5649 2013 5704 Α
2036 5639 2195 5706 simul
2212 5658 2259 5704 et
2281 5639 2458 5706 semel.
2531 5639 2791 5718 "-SieC;
2817 5649 2865 5706 A
2885 5639 3192 5722 palpantes;
3214 5647 3255 5706 f.
3280 5639 3616 5724 palpitantes.
3690 5647 3745 5680 "
3770 5646 3824 5700 (ἒ

531 5717 900 5774 conspicimus.
971 5714 1022 5748 ³⁸
1042 5713 1090 5768 Δ
1110 5711 1398 5768 valeamus.
