4064 6292
1602 75 1692 125 ἡ

326 176 434 239 τοο

1156 171 1246 228 ne
1284 170 1621 230 omsroue
1655 121 2008 229 uirentis.
2045 123 2117 214 ;
2153 170 2354 229 uersa
2393 169 2713 230 TERTIUS.

3481 174 3613 257 uo.

324 288 410 347 bit
444 283 692 343 divinum
730 280 999 338 luminare
1037 282 1451 353 reprehendere,
1503 282 1629 339 dum
1677 281 1905 348 nesciat,
1935 283 1984 344 Α
2011 279 2133 350 plex
2161 280 2330 352 ipsius
2353 281 2453 346 vis,
2480 296 2577 351 per
2601 280 2844 338 diversas
2865 281 3075 355 species
3094 281 3380 342 visibiliter
3399 300 3584 345 erum-

325 386 587 452 quantum
629 375 683 431 in
720 374 899 444 seipso
941 372 1137 444 potuit,
1175 372 1375 437 lucere,
1407 371 1696 441 lumenque
1746 386 1905 426 suum

324 474 509 531 minus
561 468 852 545 capacibus
905 475 1268 537 temperanter
1323 463 1495 520 voluit
1540 463 1903 519 distribuere!

325 563 463 621 Nam
512 576 621 618 non
649 560 665 589 ⁸
700 557 863 616 facile
902 556 1247 621 crediderim,
1279 569 1531 628 magnum
1581 568 1906 625 praeconem

324 655 667 725 sapientiae,
723 648 1097 721 plenissimum
1151 647 1383 713 virtute,
1435 644 1764 701 intellexisse
1816 651 1912 700 aut

322 747 634 816 cogitasse,
676 742 905 800 inertem
954 742 978 773 ⁸
1014 740 1207 795 molem
1250 739 1481 806 telluris,
1544 739 1905 804 tenebrosam,

322 835 537 892 inﬁnita
598 831 777 889 adhuc
835 831 1017 905 abyssi
1084 829 1438 885 inundatione
1507 830 1745 900 undique
1816 841 1908 883 co-

330 937 614 1000 npertam,
640 940 739 997 per
779 939 959 980 moras
1008 932 1306 995 temporum
1354 925 1503 995 prius
1558 923 1724 980 fuisse
1774 939 1906 980 con-

322 1022 529 1083 ditam,
568 1035 635 1076 ac
674 1027 859 1092 postea
908 1028 1128 1091 peracto
1175 1020 1405 1074 duorum
1453 1019 1659 1075 dierum
1709 1019 1908 1089 spatio,

322 1129 424 1187 per
460 1112 744 1169 intervalla
795 1121 1097 1183 temporum
1148 1120 1565 1174 transactorum,
1615 1111 1781 1166 veluti
1821 1113 1908 1167 in-

321 1204 559 1261 choante
601 1202 763 1257 tertia
798 1201 938 1265 lucc,
970 1201 1296 1257 denudatam
1325 1202 1523 1273 abysso
1551 1199 1664 1266 illa,
1695 1216 1800 1271 qua
1831 1208 1910 1257 te-

320 1296 570 1368 gebatur,
622 1294 676 1348 in
718 1293 1192 1365 congregationem
1231 1308 1395 1347 unam
1426 1291 1728 1348 collectam.
1763 1292 1911 1347 llaec

319 1386 467 1445 enim
514 1385 693 1441 omnia
739 1393 795 1440 et
830 1394 1036 1449 cetera,
1075 1399 1215 1455 quae
1251 1383 1317 1439 de
1354 1398 1450 1438 sex
1476 1382 1906 1453 primordialium

298 1476 530 1535 -dierum
576 1475 832 1547 operibus
881 1476 1060 1530 divina
1090 1474 1369 1546 Scriptura
1395 1485 1805 1539 commemorat,
1835 1474 1909 1530 si-

300 1565 433 1625 mul
478 1572 536 1622 et
575 1566 744 1622 semel
776 1565 956 1620 divino
1001 1574 1288 1636 praecepto
1315 1565 1517 1635 absque
1543 1564 1665 1619 ullis
1695 1574 1904 1634 tempo-

1953 431 1962 447 ι
2012 385 2167 441 pens,
2197 371 2487 426 herbarum
2517 370 2890 443 lignorumque
2927 370 3416 443 signiﬁcationibus
3443 375 3586 435 insi-

2012 472 2229 519 nuatur.
2266 461 2456 518 Omnis
2479 462 2623 517 enim
2653 463 2859 534 Species
2886 463 2941 518 in
2966 478 3185 536 genere,
3216 472 3273 522 et
3299 476 3459 523 omne
3482 480 3580 542 go-

2010 572 2112 611 nus
2134 556 2188 610 in
2220 556 2265 587 ¹⁶
2286 556 2586 611 substantia
2610 556 2933 613 naturaliter
2954 557 3279 617 continetur.
3306 558 3443 616 item
3468 574 3597 618 om-

2010 648 2096 703 nis
2124 646 2425 703 substantia
2454 661 2553 717 per
2580 661 2777 719 genera
2802 645 2848 680 "
2870 647 2925 702 in
2968 647 3013 679 ιε
3034 647 3238 704 faunas
3272 650 3592 722 speciesque

2006 740 2257 812 proprias
2294 739 2402 795 vim
2448 755 2602 795 suam
2641 739 2863 806 exserit,
2893 747 2947 795 et
2977 740 3081 797 hoc
3112 747 3303 805 totum,
3335 742 3445 798 vita
3473 742 3591 813 illa,

2010 852 2151 908 quae
2176 838 2228 892 in
2266 839 2563 893 seminibus
2591 830 2866 911 operatur,
2900 837 3064 895 divini
3091 840 3363 910 praecepti
3392 840 3596 899 virtute

2002 932 2153 1003 iussa
2176 934 2537 991 administrat.
2557 934 2788 1005 [deaque
2812 934 3009 991 herbas
3032 932 3304 1006 lignaque,
3333 932 3589 991 animalia

2010 1024 2114 1080 ﬁxa
2183 1025 2235 1079 in
2299 1023 2417 1081 loco
2483 1024 2687 1096 physici
2737 1040 2846 1080 non
2908 1023 3354 1080 irrationabiliter
3406 1009 3644 1095 appelo'

2010 1115 2142 1172 lant.
2171 1115 2310 1170 Sunt
2349 1116 2494 1171 enim
2541 1117 2776 1171 animata
2817 1130 3066 1187 corpora,
3106 1114 3350 1171 locorum
3374 1122 3429 1172 et
3450 1125 3591 1172 tem-

2008 1223 2203 1279 porum
2234 1206 2532 1263 intervallis
2569 1209 2891 1273 creswntia‘,
2938 1208 3158 1279 suisque
3202 1206 3359 1275 locis,
3387 1206 3443 1262 in
3468 1207 3603 1278 quid

2008 1300 2110 1355 bus
2158 1309 2428 1362 crescunt,
2459 1297 2586 1353 lixa.
2611 1296 2679 1353 Et
2726 1299 3038 1361 notandum,
3077 1298 3220 1368 quod
3252 1298 3298 1333 "
3323 1297 3600 1369 quemad-

2009 1390 2227 1446 modum
2275 1405 2539 1461 aqnarum
2583 1388 2834 1446 collectio
2875 1404 2971 1460 per
2993 1403 3053 1444 se
3080 1395 3233 1444 stare
3256 1400 3366 1443 non
3391 1393 3592 1457 potest,

2009 1481 2110 1536 nisi
2136 1480 2277 1535 mole
2301 1490 2477 1536 terrae
2501 1481 2854 1545 sustineatur,
2885 1480 2998 1535 sive
3027 1480 3257 1536 interius
3282 1494 3384 1552 per
3409 1477 3599 1535 occulv
3666 1498 3685 1507 ο

2010 1582 2095 1630 tos
2140 1588 2323 1645 poros,
2369 1573 2482 1629 sive
2524 1574 2764 1630 exterius
2810 1586 2907 1644 per
2950 1580 3167 1644 apertas
3214 1571 3597 1628 inundationes

320 1658 526 1716 ralibus
566 1656 885 1721 intervallis,
932 1657 1045 1711 suis
1090 1657 1412 1722 rationibus,
1449 1656 1743 1711 secundum
1771 1671 1905 1726 quas
1937 1642 1987 1704 Β
2013 1642 2340 1730 discimus,
2369 1664 2483 1719 sive
2511 1664 2717 1735 stagnis
2744 1642 3072 1735 ιθέυιδυεάιιθ
3105 1672 3298 1719 stans;
3339 1661 3414 1718 ita
3445 1660 3596 1721 acci-

319 1750 539 1807 condita
587 1757 732 1815 sunt,
780 1749 1035 1805 distincta
1062 1756 1119 1804 et
1145 1748 1287 1804 facta
1318 1748 1502 1814 fuisse,
1533 1757 1587 1803 et
1619 1747 1671 1802 in
1701 1748 1910 1818 species

318 1859 450 1901 suas
472 1844 756 1917 producta,
778 1843 1122 1900 beatissimus
1142 1852 1511 1914 perspexerat,
1529 1851 1587 1898 ut
1609 1844 1844 1899 arbitror
1861 1842 1905 1911 ⁸,

319 1935 572 1994 Basilius.
612 1935 697 1991 An
744 1935 889 1990 aliud
917 1951 985 1990 ex
1029 1936 1210 1991 verbis
1236 1936 1404 2006 ipsius
1437 1936 1492 1990 in
1520 1951 1659 1992 nona
1687 1934 1910 1992 humilia

319 2031 577 2088 Exemeri
623 2028 705 2087 sui
745 2029 1185 2101 intelligendum?
1230 2028 1472 2100 lntellige
1496 2070 1512 2096 ,
1549 2029 1744 2098 inquit,
1778 2022 1908 2082 Ver-

322 2124 447 2181 bum
499 2124 595 2180 Dei
641 2141 733 2197 per
759 2135 1056 2180 creaturam
1093 2141 1332 2189 currens,
1379 2134 1503 2179 tunc
1548 2126 1821 2193 incipiens,
1862 2111 1912 2178 et

322 2232 488 2288 usque
526 2232 664 2272 nunc
712 2232 956 2286 operans,
998 2227 1045 2270 et
1075 2217 1129 2270 in
1166 2216 1322 2286 ﬁnem
1348 2216 1647 2281 perveniens
1674 2216 1715 2279 ⁵,
1748 2216 1912 2269 donec

323 2307 553 2363 mundus
591 2318 995 2363 consummetur.
1049 2304 1216 2376 thue
1269 2308 1489 2378 sphaera
1522 2324 1639 2361 cum
1673 2308 1735 2361 ab
1763 2306 1785 2337 '
1815 2306 1913 2361 ali-

328 2416 433 2471 quo
465 2400 770 2469 impellitur,
798 2399 845 2454 si
871 2398 1099 2469 proclivo
1122 2400 1346 2470 quodam
1376 2401 1688 2471 accipiatur,
1720 2410 1766 2453 et
1794 2415 1914 2470 pro-

323 2491 443 2561 pria
470 2490 909 2559 conformatione,
945 2501 992 2543 et
1023 2490 1390 2545 commoditate
1417 2491 1642 2560 regionis
1670 2492 1835 2559 fertur
1858 2491 1912 2545 in

322 2580 616 2653 proclivum
666 2580 712 2645 ⁸,
743 2596 834 2635 nec
860 2582 1005 2651 prius
1038 2590 1211 2648 stans,
1254 2597 1411 2652 quam
1450 2580 1738 2651 aequalitas
1780 2597 1915 2633 cam-

322 2691 512 2739 porum
552 2675 719 2745 ipsum
764 2674 1058 2744 suscipiat:
1081 2675 1156 2727 sic
1194 2683 1387 2727 natura
1416 2674 1770 2739 extstentium,
1809 2688 1913 2726 uno

323 2775 597 2837 praecepto
623 2773 791 2830 mota,
818 2765 874 2817 in
914 2765 1246 2835 generatione
1275 2774 1321 2817 et
1355 2766 1687 2834 corruptione
1711 2758 1917 2817 creatu-

328 2873 445 2912 rans
483 2856 507 2889 ⁷
552 2856 705 2928 plane
755 2857 1050 2930 percurrit,
1093 2872 1341 2928 generum
1381 2856 1772 2925 consequentias
1827 2856 1918 2926 per

324 2948 724 3004 similitudinem
779 2948 1022 3014 salvans,
1080 2948 1245 3003 donec
1296 2942 1365 3002 ad
1414 2950 1587 3020 ipsum
1634 2947 1916 3003 descendat
1956 2950 1989 3020 _'

2013 1762 2255 1817 dentium
2306 1760 2585 1815 inundatio
2630 1773 2737 1814 non
2784 1757 2887 1812 nisi
2915 1757 2969 1810 in
2996 1755 3236 1826 subjecta
3294 1753 3597 1811 substantil

2012 1853 2307 1908 consistere
2334 1851 2627 1923 praevalet,
2655 1848 2768 1906 sive
2794 1849 2848 1903 in
2877 1846 3101 1904 occultis
3128 1846 3353 1919 subjecti
3380 1845 3593 1902 sinibus

2012 1949 2236 2010 lateant,
2269 1956 2326 1999 ut
2355 1955 2479 2000 sunt
2506 1943 2795 2015 qualitates
2819 1951 2874 1999 et
2897 1941 3250 2013 quantitates,
3281 1938 3594 2008 causaliter,-

2012 2037 2124 2092 sivc
2150 2036 2295 2091 foras
2319 2044 2621 2106 erumpant,
2648 2043 2701 2090 et
2725 2035 2779 2088 in
2802 2034 2977 2103 aliqua
3008 2033 3235 2088 materia
3270 2034 3593 2103 appareant,

2012 2137 2220 2183 utsunt
2264 2126 2433 2181 moles
2477 2140 2766 2195 corporeae
2811 2124 3038 2182 diversis
3081 2123 3355 2179 coloribus
3395 2134 3592 2192 supera

2012 2220 2185 2281 fusae,
2215 2220 2328 2275 sive
2359 2218 2569 2273 stabilia
2592 2219 2720 2283 sint,
2752 2226 2812 2272 ut
2851 2215 3059 2288 species
3086 2223 3248 2286 atque
3270 2215 3318 2248 "
3362 2216 3595 2288 ﬁgurae,

2014 2327 2154 2382 quae
2195 2310 2436 2382 adjectae
2483 2309 2827 2365 mutabilitati
2863 2309 3124 2363 materiae
3145 2309 3192 2340 ἰ
3218 2307 3451 2363 visibilis
3478 2303 3595 2362 em.

2014 2408 2164 2460 ciunt
2187 2416 2433 2474 corpora,
2488 2412 2632 2458 statu
2684 2402 2917 2471 quodam
2962 2399 3184 2471 speciali
3232 2398 3593 2464 conformata,

2015 2507 2070 2552 et
2099 2497 2151 2550 in
2202 2512 2363 2549 unum
2400 2494 2657 2565 colligunt
2685 2495 2751 2559 ”,
2800 2508 2870 2548 ne
2899 2493 3078 2548 subito
3106 2490 3401 2553 solvantur,
3434 2490 3599 2559 inquo

2014 2586 2191 2642 ﬂuxus
2213 2602 2341 2641 suae
2362 2584 2740 2640 mutabilitatis
2764 2585 3022 2653 speciem,
3046 2600 3151 2654 qua
3172 2578 3598 2647 continentur",

2016 2680 2319 2735 deserentia
2377 2678 2626 2733 labantur
2661 2687 2716 2733 et
2750 2676 3000 2732 reﬂuunt.
3050 2675 3158 2731 Sed
3188 2689 3256 2729 ne
3312 2674 3366 2728 in
3402 2673 3601 2728 talibus

2017 2773 2219 2829 diutius
2270 2773 2642 2835 immoremur,
2674 2770 2741 2825 ad
2769 2778 3021 2838 quartam
3058 2766 3371 2821 mundanae
3394 2761 3604 2820 constit-

2020 2866 2242 2921 tntionis
2271 2872 2613 2919 transeamus
2643 2862 3095 2933 speculationem.

2089 2958 2178 3014 52.
2221 2957 2373 3013 DISC.
2417 2955 2600 3011 Series
2626 2952 3006 3023 disputationis
3052 2952 3124 3006 ita
3164 2949 3350 3022 exigit.
3391 2946 3602 3006 Name!

325 3041 505 3112 linem.
535 3039 745 3111 Equum
768 3042 979 3112 quidem
1004 3043 1121 3113 equi
1154 3041 1282 3111 facit
1309 3016 1680 3105 successorem,
1715 3040 1921 3125 leonem
1940 3016 1988 3088 (Ξ
2019 3063 2115 3119 per
2161 3045 2392 3117 singula,
2440 3016 2793 3114 quaecunque
2822 3042 2890 3099 de
2917 3041 3113 3099 talibus
3136 3053 3192 3099 et
3211 3016 3603 3113 {quaerenda

325 3132 516 3201 leonis,
544 3132 779 3205 aquilam
805 3132 1037 3204 aquilae,
1062 3142 1110 3188 et
1136 3152 1274 3188 nunc
1318 3135 1558 3206 quodque
1601 3134 1913 3188 animalium

328 3235 701 3296 consequenter
732 3225 1146 3280 successiouibus
1174 3237 1560 3291 conservatum,
1608 3242 1769 3294 usque
1800 3226 1868 3278 ad
1889 3225 1913 3257 ⁸

327 3315 828 3369 consummationem
871 3315 1226 3370 universitatis
1277 3318 1585 3370 transmittit
1621 3315 1663 3370 ’.
1699 3316 1915 3372 Intuere

328 3404 442 3460 vim
481 3406 870 3462 similitudinis.
905 3406 1141 3462 Verbum
1189 3407 1306 3473 Dei,
1361 3408 1556 3477 inquit,
1610 3423 1709 3477 per
1734 3406 1914 3464 omnia

328 3497 400 3552 ab
440 3497 481 3529 ‘°
518 3498 674 3553 initio
703 3506 985 3554 creaturae
1020 3514 1192 3570 usque
1231 3500 1300 3554 ad
1346 3497 1508 3555 ﬁnem
1547 3501 1919 3556 universitatis

330 3606 547 3663 semper
570 3606 804 3663 operans
848 3592 1028 3647 omnia
1081 3585 1152 3648 et'
1184 3608 1408 3647 movens
1453 3594 1751 3663 percurrit;
1809 3608 1916 3648 uno

329 3696 566 3752 namque
590 3694 898 3753 praecepto,
922 3683 1085 3739 Veluti
1109 3695 1272 3738 unam
1296 3684 1566 3755 quandam
1603 3686 1916 3756 sphaeram,

329 3787 494 3829 unam
541 3783 789 3830 naturam
838 3790 1052 3844 eorum,
1099 3791 1239 3846 quae
1288 3786 1415 3831 sunt
1464 3776 1625 3831 sinml
1667 3788 1721 3832 et
1748 3777 1919 3832 semel

329 3863 516 3930 facta,
571 3874 751 3922 movet
791 3867 844 3921 in
904 3882 1098 3937 genera
1141 3876 1198 3921 et
1238 3869 1468 3938 species,
1499 3883 1641 3938 quae
1694 3884 1919 3924 currens

264 4028 265 4031 η
328 3958 497 4013 veluti
527 3958 579 4013 in
606 3959 900 4028 proclivum
930 3958 972 3989 ²¹
1001 3958 1269 4029 quoddam
1310 3958 1516 4024 voluta,
1547 3973 1768 4014 currere
1812 3973 1919 4014 non

331 4051 565 4119 desinet,
617 4055 788 4108 donec
839 4058 906 4106 ad
959 4052 1121 4106 linem
1173 4052 1586 4117 universitatis,
1638 4051 1802 4107 veluti
1850 4051 1919 4105 ad

333 4145 605 4214 quandam
630 4144 867 4214 quietem
894 4143 1198 4214 perveniat.
1220 4142 1398 4197 linunt
1422 4143 1586 4213 igitur
1610 4142 1701 4197 Dei
1729 4142 1773 4173 "
1791 4140 1923 4196 Ver-

331 4235 467 4290 bum
508 4250 613 4289 uno
647 4244 933 4306 praecepto
956 4250 1117 4289 unam
1141 4236 1490 4289 existentium
1522 4243 1771 4289 naturam
1805 4235 1921 4289 lieri

326 4326 513 4398 jussit,
562 4341 722 4397 quam
770 4325 929 4380 simul
959 4335 1015 4379 et
1042 4324 1207 4380 semel
1247 4334 1302 4380 et
1337 4326 1596 4385 condidit.
1624 4334 1680 4379 et
1712 4327 1764 4380 in
1800 4340 1922 4395 spe-

333 4417 453 4473 cies
504 4416 751 4488 pr0prias
798 4416 1072 4488 produxit.
1130 4415 1200 4471 Ut
1252 4417 1396 4470 enim
1453 4431 1559 4471 uno
1613 4426 1923 4486 praecepto,

336 4509 569 4578 repetito
591 4516 766 4563 tamen
784 4506 830 4539 ⁸³
843 4508 1022 4562 sexies
1043 4524 1073 4561 a
1097 4506 1389 4579 Tlieologo,
1415 4516 1662 4561 naturam
1685 4511 1926 4563 omnium

336 4600 499 4655 simul
527 4602 752 4667 creavit,
784 4601 857 4654 ita
891 4602 1003 4672 ipsa
1030 4610 1224 4655 natura
1257 4601 1417 4655 simul
1448 4601 1499 4655 iu
1533 4616 1723 4656 onmes
1749 4602 1927 4671 coepit

336 4706 561 4749 Currere
580 4701 877 4754 creaturas,
906 4707 1003 4747 nec
1026 4691 1129 4745 ulla
1156 4691 1380 4746 alteram
1407 4692 1649 4747 locorum
1677 4708 1769 4748 seu
1796 4703 1928 4747 tem-

335 4798 531 4854 porum
574 4782 815 4838 numeris
857 4797 951 4836 seu
993 4781 1184 4851 spatiis
1231 4784 1546 4851 praecessit.
1585 4781 1727 4837 MAG.
1775 4781 1928 4838 iuste

338 4883 597 4946 recteque
639 4889 891 4945 magnum
925 4872 971 4905 ¹⁵
995 4874 1170 4927 virum
1217 4874 1517 4942 praedicas,
1548 4888 1649 4928 nec
1675 4875 1832 4928 aliter
1856 4874 1924 4930 de

340 4967 463 5040 ipso
491 4974 574 5022 est
602 4966 963 5023 sentiendum.
993 4964 1225 5021 Pulchre
1254 4966 1439 5037 igitur,
1471 4976 1754 5038 segregata
1783 4966 1926 5021 mul-

342 5056 574 5114 titudine
597 5055 644 5090 ⁸⁸
663 5056 1024 5112 accidentium
1043 5056 1338 5113 stabilitate
1362 5056 1718 5123 substantiae,
1744 5057 1929 5114 multi-

2016 3151 2072 3199 et
2141 3141 2393 3196 solvenda
2451 3145 2613 3204 sunt,
2671 3139 2793 3208 quis
2846 3136 2894 3170 ’⁵
2950 3136 3276 3208 investigare
3334 3133 3603 3202 voluerit,

2014 3236 2166 3307 prius
2203 3233 2254 3289 ei
2307 3244 2516 3302 tempus
2563 3230 2800 3291 deﬁciet.
2832 3243 2992 3300 quam
3031 3228 3099 3283 ad
3139 3229 3298 3282 linem
3335 3226 3601 3293 omnium,

2016 3339 2153 3395 quae
2202 3324 2482 3379 tractanda
2534 3331 2661 3376 sunt
2709 3330 2765 3375 et
2814 3319 2861 3352 ⁸⁸
2899 3319 2967 3374 ad
3012 3334 3206 3391 purum
3237 3314 3604 3384 discutienda,

2016 3415 2193 3469 valeat
2243 3412 2545 3484 pervenire.
2596 3411 2735 3466 Mm.
2774 3410 2997 3465 Peracta
3048 3409 3232 3478 itaque
3257 3407 3488 3463 duarum
3513 3405 3602 3462 in-

2019 3507 2279 3562 feriorum
2326 3504 2559 3560 visibilis
2603 3504 2764 3574 hujus
2810 3502 2993 3557 mundi
3023 3502 3285 3572 partium,
3318 3509 3499 3557 terrae
3522 3499 3606 3557 vi-

2019 3600 2215 3656 delicet
2242 3607 2296 3652 et
2334 3612 2528 3668 aquae,
2558 3595 2897 3651 l'ormationis
2924 3593 3259 3658 narratione,
3299 3592 3413 3648 imo
3436 3591 3606 3648 etiam

2021 3686 2181 3747 simul
2203 3706 2267 3744 ac
2287 3689 2331 3720 ’τ
2355 3689 2548 3751 semel,
2570 3689 2776 3758 absque
2797 3686 2921 3741 ullis
2944 3684 3329 3756 temporalibus
3356 3682 3606 3753 moralis,

2022 3783 2202 3837 divino
2248 3792 2539 3851 praecepto
2601 3779 2657 3834 in
2707 3779 2996 3851 generibus
3039 3776 3153 3833 suis
3208 3784 3293 3835 et.
3322 3775 3608 3845 speciebus

2023 3871 2402 3934 formatarnm,
2456 3869 2589 3923 locis
2640 3883 2885 3937 quoque,
2932 3867 3203 3936 certisque
3247 3864 3449 3922 llnilnts
3496 3865 3607 3923 cir-

2023 3965 2479 4033 cumscriptarnm
2526 3961 2913 4031 speculatione,
2969 3974 3092 4014 mox
3142 3957 3217 4013 ad
3262 3957 3607 4028 superiorum

1970 4061 1977 4064 ’
2022 4055 2283 4126 partium,
2312 4054 2456 4108 aeris
2494 4052 2615 4106 dico
2643 4062 2699 4106 et
2726 4051 2886 4121 ignis,
2916 4048 3361 4105 constitutionem
3391 4047 3609 4105 divinus

2026 4144 2451 4215 cosmographns
2498 4141 2698 4197 mentis
2744 4140 3004 4195 intuitum
3042 4138 3334 4205 convertit,
3375 4136 3608 4195 dicens:

2027 4236 2172 4290 Dixit
2219 4245 2391 4289 autem
2437 4232 2623 4287 Deus:
2657 4228 2817 4283 Fiant
2855 4228 3143 4283 luminaria
3179 4228 3237 4282 in
3274 4226 3609 4296 ﬁrmamento

2027 4330 2181 4392 caeli,
2227 4337 2273 4381 et
2310 4326 2544 4381 dividant
2584 4326 2721 4378 diem
2750 4339 2816 4377 ac
2843 4331 3077 4389 noctem,
3117 4330 3166 4376 et
3203 4321 3308 4376 sint
3338 4321 3397 4375 in
3434 4320 3609 4391 signa,

2028 4433 2077 4476 et
2099 4422 2148 4455 ⁸³
2172 4430 2428 4489 tempora,
2449 4426 2499 4472 et
2519 4417 2566 4449 ”
2594 4416 2725 4479 dies,
2752 4423 2802 4470 et
2824 4423 3019 4479 noctes,
3042 4422 3089 4468 et
3117 4427 3306 4477 annos,
3329 4420 3376 4466 et
3402 4408 3611 4469 luceant

2030 4512 2085 4565 in
2112 4510 2443 4581 ﬁrmamento
2478 4506 2638 4568 caeli,
2676 4516 2725 4560 et
2753 4504 3043 4559 illuminent
3070 4514 3299 4568 terrens;
3329 4508 3380 4557 et
3410 4500 3611 4572 factum

2030 4614 2103 4659 est
2130 4604 2227 4656 ita.
2254 4601 2465 4656 Audisti
2496 4598 2862 4655 conditionem
2907 4591 3217 4667 generalem
3247 4591 3491 4649 omnium
3525 4592 3611 4653 lu-

2031 4692 2321 4749 minarium
2372 4690 2625 4747 caelestis
2673 4686 3002 4743 ﬁrmamenti
3060 4685 3115 4741 in
3176 4683 3614 4754 primordialihus

2032 4784 2211 4839 causis
2254 4791 2381 4837 ante
2411 4795 2628 4837 omnem
2679 4778 2823 4833 diem
2847 4818 2863 4841 ,
2898 4786 2955 4831 et
2998 4784 3240 4845 tempus,
3288 4782 3348 4832 et
3388 4773 3612 4842 locum;

2032 4874 2157 4928 audi
2205 4872 2500 4928 eorundem
2546 4870 2950 4942 proccssionem
2994 4868 3049 4922 in
3093 4865 3320 4924 eﬂectus
3366 4879 3519 4931 suos,
3557 4864 3616 4921 in

2032 4966 2242 5038 species
2282 4964 2528 5036 proprias
2570 4961 2997 5033 multiplicatam,
3039 4962 3280 5018 locorum
3314 4955 3617 5015 intervallis

2030 5057 2349 5124 discretam,
2402 5064 2710 5127 temporum
2757 5052 3039 5111 curriculis
3082 5049 3373 5110 volubilem
3394 5087 3414 5116 .
3461 5055 3617 5109 motu

1631 5220 1890 5280 vanus
1926 5174 2331 5279 moriones.

416 5364 510 5422 ⁸Δ
540 5366 740 5432 Neque.
811 5365 835 5398 ’
879 5363 925 5423 (ἒ
967 5366 1279 5422 innorment.

343 5438 366 5472 ⁷
410 5447 708 5493 creaturam
757 5452 867 5493 om.
921 5436 988 5492 Δ.
1077 5436 1100 5470 ⁸
1142 5436 1184 5493 C
1238 5438 1307 5492 ad
1354 5455 1464 5495 om.
1494 5439 1555 5496 Ο.

1363 5367 1387 5401 ³
1426 5378 1485 5425 ut
1532 5369 1764 5425 arbitror
1806 5384 1919 5424 om.
1970 5367 2034 5425 Α.

1658 5444 1680 5476 ⁹
1703 5439 1745 5496 C
1770 5440 2019 5495 admittit.
2093 5436 2138 5470 ¹⁶
2165 5436 2213 5493 Δ
2234 5432 2306 5493 et.
2384 5437 2426 5471 ¹¹
2472 5437 2518 5491 Α
2561 5436 2773 5492 declive.
2850 5435 2892 5469 ¹²
2918 5433 3011 5488 Dei
3040 5449 3149 5488 om.
3174 5432 3238 5487 Α.
3315 5432 3361 5464 ⁸³
3384 5432 3424 5487 Α
3467 5442 3618 5490 tunc.

348 5506 397 5581 f'f
424 5508 466 5562 Α
497 5509 807 5581 maximum.
886 5506 931 5581 ξ’
956 5508 1002 5562 Α
1034 5498 1407 5581 'mutabilitate.
1488 5511 1532 5544 ²⁶
1556 5511 1613 5566 in
1637 5526 1746 5566 om.
1773 5510 1839 5565 A.
1868 5508 1962 5581 ﬂ“,
1987 5508 2144 5581 Aper
2180 5508 2546 5581 generationis.

2134 5365 2597 5439 ‘Aprooeniens.
2654 5365 2770 5439 {ab
2817 5380 2954 5439 om._
2976 5365 3041 5439 ᾼ.
3137 5362 3160 5394 ⁸
3188 5362 3239 5439 ‘A
3284 5361 3360 5439 in‘
3396 5360 3618 5439 deem.

2632 5506 2679 5539 ¹⁸
2725 5507 2781 5560 in
2822 5518 2928 5559 om.
2975 5503 3038 5556 Α.
3117 5505 3159 5538 ⁸⁸
3200 5504 3339 5574 quod
3380 5516 3489 5556 om.
3546 5502 3617 5574 ᾼ.

348 5578 397 5652 τε
425 5582 469 5652 tit
494 5587 562 5632 et.
635 5579 683 5652 ff
715 5578 963 5652 materiae
1000 5592 1108 5633 om.
1152 5578 1219 5632 A.
1292 5580 1340 5613 ⁸³
1364 5582 1409 5637 Α
1448 5581 1788 5652 colliguntur.
1859 5579 1913 5614 ⁸⁸
1935 5579 1983 5640 Δ
2003 5571 2316 5634 σόηιὲηὲιιιν.
2390 5578 2439 5611 ³⁵
2459 5586 2506 5633 et
2528 5593 2638 5633 om.
2664 5576 2731 5631 Δ.
2806 5574 2915 5630 “A
2938 5574 3187 5645 quisquis.
3212 5571 3219 5574 ⁷
3267 5574 3312 5606 τ’
3340 5582 3386 5627 et
3414 5588 3523 5625 oni.
3547 5571 3617 5629 Α.

348 5638 463 5702 "’A
492 5660 561 5702 et.
636 5648 763 5692 ’δι”
806 5648 852 5701 Α
896 5648 970 5701 in.
