4064 6292
518 234 624 292 7H

1952 225 2239 288 JOANNIS
2277 227 2477 288 SCOTI

2606 193 2673 238 ,ν

3704 235 3822 295 71⁸3

518 349 724 419 stabili,
756 357 1008 422 statuque
1041 347 1224 406 mobili
1272 349 1628 420 compactam.
1682 344 1932 419 Fecitque
1974 345 2112 402 Deus
2141 349 2195 410 Α
2219 354 2527 401 mentorum
2558 343 2988 410 universitatem,
3040 357 3182 418 quae
3227 345 3355 402 dum
3399 357 3500 417 per
3537 361 3598 406 se
3631 351 3824 420 puris—

519 448 627 505 duo
656 464 849 520 magna
877 446 1196 510 luminaria,
1246 444 1507 501 luminare
1533 444 1728 516 majus,
1769 453 1825 498 ut
1861 454 2118 516 praeesset

515 538 646 606 diei,
675 547 723 594 et
767 539 784 570 ⁸
816 537 1078 596 luminare
1109 537 1305 603 minus,
1337 546 1393 592 ut
1421 545 1681 607 praeesset
1735 537 1896 603 nocti,
1923 547 1971 592 et
1996 536 2120 592 stel-

515 629 620 695 ιω.
659 638 716 686 et
751 638 956 696 cetera,
988 641 1128 700 quae
1155 628 1222 685 de
1253 619 1510 701 operibus
1537 636 1765 699 quartae
1795 627 1933 684 lucis
1963 627 2117 683 Scri-

512 730 676 792 ptura
727 728 1139 776 commemorat.
1188 719 1266 778 De
1313 719 1690 786 ﬁrmamento,
1738 719 1865 775 dum
1914 721 1981 775 de
2031 736 2118 776 se-

514 815 695 873 cunda
726 815 813 870 die
847 813 1235 891 tractabamus,
1283 829 1433 885 quae
1470 815 1627 870 nobis
1655 815 1971 870 verisimilia
1999 817 2114 872 visa

515 917 668 974 sunt,
697 907 1068 978 exposuimus.
1121 905 1242 963 Non
1291 907 1436 962 enim
1458 947 1474 972 ,
1515 915 1573 962 ut
1602 907 1814 979 opinor,
1847 907 1991 963 aliud
2024 909 2117 964 ﬁr-

514 1008 850 1072 mamentum
884 1000 1121 1076 secundo
1146 998 1233 1054 die
1261 1007 1348 1054 est
1385 997 1588 1054 factum
1632 999 1685 1054 in
1727 999 1906 1054 medio
1943 1015 2113 1070 aqua-

514 1109 661 1158 rum,
691 1101 747 1149 et
775 1092 943 1160 aliud,
990 1093 1198 1166 inquo
1241 1099 1440 1164 quarto
1489 1090 1577 1146 die
1625 1088 1766 1148 facta
1815 1100 1898 1147 est
1943 1091 2116 1147 series

515 1183 834 1243 caelestium
883 1183 1250 1238 luminarium.
1306 1180 1586 1252 Siquidem
1634 1181 1681 1236 si
1735 1178 1880 1237 aliud
1930 1188 2114 1249 esset,

513 1274 769 1332 fortassis
799 1273 1078 1344 Scriptura
1113 1259 1457 1338 non‘sileret,
1487 1271 1581 1329 sed
1612 1272 1837 1339 diceret,
1871 1273 2002 1329 ﬁant
2033 1272 2116 1328 lu-

515 1365 773 1432 minaria,
805 1364 1282 1420 etﬁrmamentum
1310 1362 1468 1428 caeli,
1493 1362 1635 1419 sicut
1662 1362 1837 1418 dixit:
1861 1359 1988 1418 Fiat
2016 1363 2114 1432 ﬁr-

513 1464 839 1512 mamentum
870 1455 925 1509 in
957 1454 1127 1508 medio
1158 1469 1440 1526 aquarum.
1493 1451 1647 1509 Nunc
1696 1462 1879 1510 autem
1906 1494 1922 1519 ,
1976 1468 2114 1524 quo-

513 1546 663 1605 niam
705 1559 813 1601 non
861 1545 1019 1610 dixit,
1069 1543 1165 1598 ﬁat
1205 1543 1635 1611 ﬁrmamentum,
1675 1543 1769 1600 sed
1798 1544 1930 1614 ﬁant
1957 1541 2117 1597 lumi-

513 1640 668 1694 naria
721 1638 777 1692 in
824 1637 1179 1708 firmamento,
1233 1635 1382 1692 clare
1426 1636 1586 1692 datur
1634 1634 1897 1708 intelligi,
1945 1651 2114 1690 unum
2166 1670 2169 1672 -

2218 440 2357 496 sima
2407 439 2558 507 sint,
2614 447 2670 498 et
2734 438 3304 511 incomprehensibilia
3356 441 3504 498 omni
3552 458 3824 514 corporeo

2219 547 2405 598 sensu,
2433 541 2489 588 et
2519 532 2721 603 ubique
2750 531 3132 587 universaliter
3160 530 3378 599 diﬁ'usa,
3425 532 3683 589 invisibili
3714 552 3824 594 suo

2216 635 2426 692 meatu,
2456 624 3015 697 proportionabilique
3041 625 3190 681 coitu
3220 625 3277 681 in
3303 640 3362 682 se
3387 624 3618 682 invicem
3637 668 3654 694 ,
3701 643 3825 684 om-

2217 719 2306 774 nia
2337 733 2566 790 corpora
2597 717 2873 775 sensibilia
2897 716 3207 788 perﬁciunt,
3245 717 3359 773 sive
3382 717 3641 774 caelestia
3683 720 3819 788 sint,

2225 814 2340 870 sive
2368 827 2552 878 aerea,
2581 812 2695 868 sive
2723 809 2995 882 aquatica,
3027 811 3143 867 sive
3177 818 3414 878 terrena,
3441 811 3555 868 sive
3579 813 3824 869 maxima

2215 907 2326 963 sint
2346 905 2390 972 ',
2423 905 2538 961 sive
2565 904 2806 968 minima,
2836 904 2952 960 sive
2978 905 3178 970 media,
3211 912 3287 972 et,
3318 913 3378 960 ut
3434 904 3824 964 universaliter

2215 997 2413 1064 dicam,
2449 1005 2561 1052 tota
2588 996 2840 1053 caelestis
2867 995 3122 1067 sphaera,
3151 1004 3208 1051 et
3235 995 3443 1063 omnia,
3480 1011 3626 1068 quae
3653 997 3711 1054 in
3731 1011 3822 1064 ea,

2216 1089 2272 1146 et
2295 1099 2451 1147 extra
2473 1089 2516 1168 'f
2546 1104 2666 1146 eam
2691 1089 2732 1120 “
2765 1104 2797 1144 a
2827 1103 3041 1144 summo
3076 1102 3250 1158 usque
3285 1089 3541 1145 deorsum
3566 1088 3612 1121 "
3641 1090 3826 1146 conti-

2217 1191 2436 1249 nentur,
2463 1196 2653 1238 eorum
2685 1194 2953 1237 concursu
2980 1187 3108 1235 nata
3135 1181 3182 1212 ¹⁸
3211 1189 3358 1247 sunt,
3387 1189 3445 1237 et
3475 1181 3742 1252 quicquid
3772 1183 3828 1238 in

2216 1272 2408 1330 ordine
2431 1271 2738 1328 seculorum
2763 1260 3144 1328 vicissitudine
3171 1285 3354 1328 rerum
3383 1271 3828 1344 corruptibilium

2217 1363 2481 1430 nascitur,
2535 1363 2604 1419 ab
2649 1362 2780 1435 ipsis
2823 1362 3089 1434 procedit,
3135 1370 3192 1418 et
3237 1362 3293 1418 in
3341 1363 3457 1434 ipsa
3503 1361 3826 1419 resolvitur.

2213 1454 2366 1532 llaec
2395 1464 2574 1510 autem
2600 1463 2864 1511 vocantur
2893 1469 2922 1508 a
2949 1453 3177 1510 Graecis
3202 1460 3332 1532 πῦρ,
3360 1456 3483 1528 ἀήρ,
3533 1453 3699 1532 ὕδωρ,
3736 1464 3825 1528 γῆ,

2219 1547 2325 1604 hoc
2351 1557 2459 1615 est,
2485 1547 2645 1618 ignis,
2673 1561 2787 1614 aer,
2821 1561 2984 1617 aqua,
3018 1555 3184 1612 terra,
3213 1561 3279 1602 ex
3309 1546 3626 1603 nominibus
3653 1549 3828 1602 maxi-

2219 1653 2436 1693 morum
2465 1652 2780 1708 corporum,
2811 1636 2968 1708 quae'
2988 1651 3057 1691 ex
3093 1635 3174 1691 eis
3201 1643 3630 1706 componuntur,
3655 1635 3830 1692 deno-

511 1730 857 1802 ldipsumque
883 1743 1006 1786 esse
1036 1728 1459 1796 ﬁrmamentum,
1492 1727 1638 1801 quod
1673 1730 1912 1786 secundo
1938 1729 2026 1786 die
2056 1730 2112 1786 in
2143 1715 2190 1777 Β
2218 1730 2445 1787 minata.
2478 1727 2580 1785 Ubi
2621 1727 2942 1794 notandum,
2979 1727 3123 1798 quod
3151 1743 3259 1784 non
3287 1743 3356 1783 ex
3383 1727 3533 1784 coitu
3559 1729 3824 1784 substan-

512 1823 696 1881 medio
743 1822 945 1879 factum
977 1831 1060 1880 est
1091 1838 1378 1895 aquarum,
1412 1833 1468 1880 et
1514 1824 1570 1881 in
1619 1839 1728 1895 quo
1763 1823 2109 1895 postmodum

510 1931 621 1972 non
652 1915 828 1987 spatio
859 1915 1142 1996 temporis,
1192 1915 1287 1972 sed
1335 1915 1592 1973 distantia
1644 1916 1996 1988 propheticae
2033 1916 2112 1972 vi-

510 2005 704 2073 sionis,
736 2005 948 2062 siderea
981 2005 1270 2063 luminaria
1314 2007 1534 2063 condita
1571 2015 1717 2063 sunt.
1765 2007 1900 2063 Cum
1948 2009 2114 2080 igitur

509 2101 619 2158 tria
648 2116 879 2174 corpora
905 2101 1146 2158 maxima
1176 2101 1364 2158 mundi
1394 2103 1522 2169 sint,
1553 2110 1614 2156 ut
1639 2100 1947 2174 philoSOphi
1988 2117 2113 2173 per-

510 2193 723 2263 bibent,
754 2210 984 2266 quorum
1016 2209 1183 2250 unum
1233 2193 1501 2259 inﬁmum,
1555 2193 1902 2265 mediumque
1945 2193 2112 2248 totius

510 2287 720 2352 mundi,
752 2285 928 2343 instar
958 2286 1132 2342 centri
1162 2285 1217 2341 in
1249 2284 1456 2341 circulo
1482 2299 1580 2342 seu
1610 2286 1863 2357 sphaera,
1902 2286 2111 2341 aridam

512 2379 644 2435 vel’
677 2388 879 2435 terram
933 2379 1115 2435 divina
1149 2378 1362 2436 vocavit
1390 2379 1710 2446 auctoritas,
1737 2379 2113 2451 segregatione

511 2483 776 2541 aquarum
818 2469 1112 2542 tegentium
1157 2485 1217 2525 se
1262 2470 1654 2541 speciﬁcatum,
1702 2470 1997 2526 herbarum
2047 2470 2111 2526 li-

511 2575 852 2636 gnorumque
902 2559 1267 2632 pulcherrima
1314 2561 1585 2618 varietate
1631 2569 1968 2633 coopertum,
1997 2561 2111 2617 sive

510 2657 637 2730 quis
661 2655 980 2728 simpliciori
1011 2672 1174 2713 sensu
1203 2656 1470 2713 visibilem
1496 2658 1638 2713 hanc
1675 2655 1873 2712 molem
1905 2656 1960 2712 in
1991 2670 2109 2712 me-

503 2749 602 2806 dio
647 2747 831 2806 mundi
879 2750 1134 2821 positam,
1183 2751 1373 2807 oceani
1421 2749 1590 2806 limbo
1637 2749 2108 2816 circumcinctam,

511 2851 693 2897 terrae
728 2856 1101 2914 aquarumque
1144 2841 1420 2898 vocabulis
1463 2841 1844 2914 signiﬁcatam,
1874 2842 1990 2898 sive
2033 2841 2113 2896 al-
2180 2897 2185 2902 ,

2184 2928 2356 2991 πῖθι-ἱ
2403 2937 2743 2994 nascuntur,
2792 2925 3226 2998 procreationem
3287 2923 3574 2996 accipiunt.
3652 2920 3822 2990 Quod

503 2933 639 2990 tiori
669 2933 946 2992 intellectu
1004 2935 1340 2993 substantiae
1379 2936 1450 2992 ab
1493 2938 1864 2994 accidentibus
1915 2936 2113 3008 dijudi-

497 3028 785 3084 eationem
814 3027 1170 3096 intellexerit;
1232 3028 1528 3085 herbarum
1561 3044 1688 3086 vero
1734 3039 1792 3086 et
1839 3029 2107 3101 lignorum

493 3119 1014 3187 nominationibus,
1075 3121 1190 3176 sive
1237 3120 1374 3176 haec
1419 3129 1738 3178 ornamenta
1785 3120 2060 3178 sensibilia
2087 3163 2102 3188 ,

509 3211 709 3282 quibus
733 3210 955 3267 aestivis
993 3210 1327 3283 temporibus
1371 3220 1586 3268 terrena
1619 3212 1850 3268 vestitur
1880 3213 2109 3284 superli-

513 3305 651 3372 cies,
680 3306 732 3361 vi
766 3305 1036 3361 seminum
1067 3306 1429 3376 erumpentia,
1463 3306 1641 3362 telluri
1680 3306 1940 3363 radicitus
1977 3306 2106 3374 ﬁxa,
2179 3365 2182 3368 ,

491 3399 748 3458 humore
795 3399 1000 3456 nutrita
1049 3407 1104 3455 et
1151 3399 1510 3470 corpulentia,
1558 3400 1674 3456 sive
1743 3399 2109 3470 intelligibiles

515 3490 766 3564 species,
827 3505 894 3547 ex
945 3489 1151 3548 intimis
1220 3491 1668 3562 naturalibusque
1702 3491 1725 3523 ⁸
1773 3493 2110 3550 substantiae

515 3583 729 3640 sinibus
779 3582 1157 3654 procedentes,
1195 3582 1370 3639 instar
1407 3585 1697 3640 herbarum
1733 3583 2110 3656 lignorumque

511 3673 584 3731 de
629 3683 774 3730 terra
820 3675 1160 3730 nascentium
1205 3675 1545 3746 praeceperit
1587 3674 1642 3742 ‘;
1688 3674 1847 3731 aliter
1875 3691 2110 3747 namque

511 3766 573 3826 in
603 3769 752 3824 omni
783 3768 1029 3825 sensibili
1055 3783 1285 3840 corpore
1309 3769 1630 3839 quantitatis
1660 3769 1856 3827 molem
1877 3809 1892 3836 ,
1935 3769 2110 3841 quali-

509 3861 718 3920 tatibus
745 3862 858 3919 suis
887 3862 1219 3934 subjectam,
1253 3861 1530 3933 corporeis
1567 3861 1817 3918 sensibus
1859 3860 2109 3918 conside-

511 3971 735 4025 ramus,
777 3956 938 4012 aliter
985 3955 1312 4012 invisibilem
1361 3957 1744 4024 substantiam,
1789 3956 2109 4028 speciesque

510 4051 763 4123 proprias
798 4048 854 4106 in
908 4049 1025 4122 ipsa
1061 4049 1426 4106 subsistentes
1459 4049 1658 4106 mentis
1696 4048 1812 4104 acie
1856 4047 2110 4119 intelligi-

475 4149 656 4210 ‘mus,
708 4142 1005 4200 secundum
1051 4158 1187 4214 quas
1229 4157 1414 4198 rerum
1460 4141 1702 4199 omnium
1731 4141 2025 4198 visibilium
2052 4149 2107 4196 et
2162 4198 2165 4200 _

512 4234 867 4290 invisibilium
913 4234 1278 4292 numerositas
1325 4233 1735 4306 multiplicatur,
1783 4233 2106 4291 universali-
2157 4301 2161 4306 ί

511 4323 642 4381 tas'
670 4324 974 4397 colligitur,
1023 4327 1329 4397 proprietas
1367 4326 1713 4382 custoditur:
1769 4326 1839 4382 ad
1879 4325 2106 4382 aliorum

2216 1821 2428 1878 tialium
2472 1820 2867 1876 elementorum
2895 1859 2910 1883 ,
2958 1819 3086 1874 dum
3133 1818 3244 1874 sint
3287 1817 3725 1890 incorruptibilia
3770 1826 3825 1874 et

2215 1911 2544 1978 insolubilia,
2591 1911 2686 1968 sed
2730 1927 2797 1968 ex
2837 1925 3028 1967 eorum
3051 1908 3097 1943 “
3132 1908 3484 1980 qualitatibus
3531 1909 3637 1965 sibi
3685 1908 3827 1965 invi-

2207 2019 2335 2086 cem
2373 2003 2856 2076 proportionaliter
2885 2003 2930 2036 “
2964 2003 3230 2074 copulatis
3269 2016 3502 2074 corpora
3539 2001 3824 2058 sensibili:

2215 2099 2599 2155 coniiciuntur.
2625 2097 2927 2166 Qualitates
2943 2105 3123 2153 autem
3139 2104 3400 2167 quattuor
3420 2095 3823 2152 elementorum

2214 2188 2534 2246 notissimae
2581 2196 2708 2244 sunt
2754 2197 3011 2260 quattuor
3031 2187 3122 2242 ":
3165 2186 3450 2253 ealiditas,
3479 2185 3822 2253 humiditas,
3877 2189 3884 2198 '

2215 2281 2502 2353 frigiditas,
2539 2281 2778 2347 siccitas,
2809 2297 2875 2338 ex
2905 2280 3103 2352 quibus
3147 2279 3332 2335 omnia
3371 2293 3601 2349 corpora
3644 2287 3821 2334 mato-

2193 2363 2373 2458 Lrialia
2422 2371 2648 2443 adjectis
2703 2370 2896 2426 formis
2941 2370 3236 2442 componi,
3284 2369 3510 2441 physica
3563 2360 3821 2440 perhibe‘
3871 2353 3894 2380 ‘

2195 2464 2450 2544 ,theoria.
2483 2463 2725 2532 Quarum
2761 2463 2980 2535 quidem
3019 2463 3227 2518 activas
3257 2475 3379 2519 esse
3416 2461 3550 2517 duas
3577 2459 3821 2529 philoso-

2213 2557 2308 2629 phi
2358 2557 2575 2624 dicunt,
2620 2555 2956 2613 caliditatem
3003 2562 3058 2610 et
3106 2553 3494 2626 frigiditatem;
3542 2551 3820 2624 passivas-

2191 2637 2321 2722 ique
2349 2650 2390 2683 "
2423 2650 2580 2716 duas,
2609 2649 2990 2706 humiditatem
3024 2656 3081 2732 et
3108 2646 3440 2702 ariditatem.
3486 2644 3622 2699 Dum
3665 2642 3821 2699 enim

2183 2736 2466 2820 _'caliditas
2495 2742 2827 2808 humiditati,
2871 2751 2926 2798 et
2973 2739 3244 2812 frigiditas
3289 2736 3534 2794 ariditati
3573 2734 3821 2791 naturali

2214 2833 2455 2907 quodam
2487 2833 2634 2890 coitu
2669 2833 2985 2898 miscentur,
3027 2831 3234 2898 omnia,
3280 2845 3419 2901 quae
3464 2829 3517 2884 in
3568 2836 3714 2884 terra
3765 2836 3823 2882 et

2214 3020 2380 3076 ctiam
2411 3018 2577 3075 Poeta
2607 3013 2966 3090 intelligehat,
2997 3015 3222 3072 dicens:

2335 3133 2460 3183 Tum
2480 3138 2624 3195 pater
2647 3131 2959 3195 omnipotens
2978 3131 3201 3195 fecundis
3223 3130 3456 3195 imbribus
3478 3129 3650 3182 aether

2335 3192 2567 3260 Coniugis
2588 3197 2638 3244 in
2661 3192 2900 3258 gremium
2924 3192 3057 3246 laete
3078 3193 3409 3244 descendit‘.

2284 3300 2503 3356 Patrem
2549 3287 2816 3370 siquidem
2869 3298 3082 3374 igneam
3117 3296 3484 3369 .qualitatem,
3536 3310 3670 3364 quae
3731 3306 3825 3352 est

2212 3388 2499 3456 caliditas.
2539 3393 2799 3452 fecundos
2843 3407 2973 3449 vero
3018 3392 3222 3448 imbres
3275 3391 3616 3463 aquaticam,
3660 3404 3824 3459 quae

2213 3493 2299 3540 est
2343 3483 2651 3556 frigiditas,
2701 3483 3022 3555 appellavit;
3072 3481 3317 3555 conjugis
3365 3495 3494 3537 vero
3539 3479 3821 3551 gremium

2213 3576 2550 3635 fertilitatem
2585 3575 2944 3643 humiditatis,
2973 3589 3112 3646 quae
3141 3582 3224 3630 est
3253 3572 3484 3644 qualitas
3513 3570 3650 3626 aeris
3678 3585 3822 3640 pro-

2212 3669 2353 3742 pria,
2385 3678 2441 3725 et
2469 3669 2757 3734 ariditatis,
2799 3682 2939 3739 quae
2974 3676 3059 3724 est
3103 3675 3282 3724 terrae
3330 3665 3637 3738 qualitativa
3670 3679 3822 3734 pro-

2211 3763 2441 3834 prietas,
2472 3761 2738 3827 vocando,
2769 3759 2930 3816 unius
2956 3757 3124 3814 veluti
3153 3759 3341 3814 uxoris
3371 3754 3750 3813 nominatione
3771 3753 3821 3788 “

2163 3927 2168 3932 ο
2213 3864 2416 3910 terram
2457 3868 2580 3909 cum
2627 3852 2730 3908 sibi
2777 3850 3096 3923 proximiori
3145 3860 3202 3908 et
3243 3846 3626 3921 corpulentiori
3676 3861 3824 3906 aere

2211 3949 2557 4021 signiﬁcavit.
2600 3947 2738 4003 Hinc
2777 3945 3068 4018 colligitur,
3100 3953 3161 4000 ut
3205 3944 3346 4000 duae
3383 3940 3662 4014 qualitates
3715 3956 3821 3998 ac-

2213 4041 2356 4096 tivae
2405 4039 2508 4094 sibi
2557 4038 2795 4094 invicem
2844 4035 3171 4102 contrariae,
3208 4033 3539 4090 caliditatem
3586 4029 3720 4087 dico
3761 4039 3823 4089 et

2209 4131 2560 4202 frigiditatem
2589 4131 2680 4198 ",'
2704 4128 2914 4186 duabus
2959 4127 3192 4200 passivis
3241 4127 3460 4183 sibimet
3508 4123 3817 4196 oppositis,

2210 4225 2516 4281 humiditati
2543 4223 2796 4281 videlicet
2821 4230 2878 4280 et
2922 4220 3161 4278 ariditati
3208 4218 3513 4290 copulatae,
3555 4216 3816 4272 occasio-

2210 4336 2336 4377 nem
2382 4319 2632 4376 omnibus
2661 4319 2716 4374 in
2751 4325 2900 4373 terra
2925 4325 2981 4373 et
3006 4315 3062 4371 in
3087 4313 3244 4385 aquis
3273 4310 3619 4368 nascentibus
3637 4322 3816 4380 prae-

511 4415 745 4474 duorum
772 4391 1142 4471 maximorum
1164 4416 1348 4472 mundi
1375 4431 1660 4486 corporum
1691 4416 1955 4472 theoriam
1982 4431 2107 4487 pro-
2132 4452 2187 4515 Β
2211 4413 2376 4469 beant
2417 4409 2786 4484 generationis
2827 4416 2884 4466 et
2933 4391 3415 4464 incrementorum.
3467 4402 3536 4458 Et
3575 4415 3642 4457 ne
3682 4403 3819 4515 quis

512 4506 730 4578 phetica
774 4505 1003 4561 intentio
1038 4520 1306 4562 conversa
1337 4515 1441 4562 est.
1480 4505 1641 4561 Fiant
1673 4507 1979 4574 luminaria,
2025 4507 2109 4563 in-
2132 4494 2184 4515 ¹’
2212 4507 2461 4572 miretur,
2497 4503 2872 4575 frigiditatem,
2901 4503 3032 4558 dum
3056 4501 3128 4558 sit
3153 4499 3372 4572 proprie
3409 4509 3702 4569 aquarum,
3743 4494 3818 4552 de

512 4598 653 4669 quit,
690 4598 746 4652 in
775 4597 1108 4667 ﬁrmamento
1132 4599 1284 4655 caeli.
1315 4597 1664 4667 Recordaris,
1705 4608 1767 4656 ut
1792 4601 2006 4673 opinor,
2039 4602 2106 4659 de
2148 4669 2150 4671 ν

512 4690 620 4746 hoc
649 4690 871 4746 nomine
897 4691 1226 4748 ﬁrmamenti
1276 4693 1333 4749 in
1378 4693 1554 4749 medio
1606 4708 1869 4765 aquarum
1907 4696 2109 4752 consti-

514 4779 641 4847 tuti,
690 4780 820 4836 dum
863 4781 930 4836 de
976 4796 1042 4837 eo
1089 4783 1477 4851 tra'ctabamus,
1522 4785 1691 4841 nostri
1738 4785 2040 4844 intellectus
2060 4788 2102 4843 ⁸.

508 4871 663 4926 Βιεο.
697 4869 976 4928 Recordor
1025 4885 1176 4929 sane.
1219 4872 1274 4928 Si
1319 4889 1424 4928 non
1471 4876 1599 4930 me'
1645 4874 1782 4933 fallit
1817 4879 2101 4946 memoria,

507 4973 847 5021 convenerat
896 4964 1114 5036 quidem
1155 4965 1297 5023 inter
1333 4982 1466 5036 nos,
1509 4969 1587 5025 nil
1627 4971 1959 5041 probabilius
1994 4973 2101 5030 eo8
2141 5021 2146 5023 Α

2209 4597 2578 4670 superioribus
2621 4594 2781 4668 hujus
2805 4594 2950 4653 aeris
2978 4593 3219 4666 partibus
3241 4591 3408 4648 veluti
3437 4590 3490 4645 in
3536 4586 3816 4659 gremium

2210 4700 2458 4747 terrenae
2486 4688 2814 4744 "ariditatis
2829 4686 3178 4753 descendere,
3208 4691 3520 4756 cognoscat,
3554 4694 3734 4751 aquas
3755 4680 3815 4735 in

2210 4784 2444 4840 nubibus
2489 4795 2781 4853 suspensas
2804 4779 3109 4852 frigidiores
3143 4791 3266 4833 esse
3313 4773 3540 4831 marinis
3573 4771 3814 4826 ﬂuviali-

2208 4877 2418 4947 busque
2442 4873 2680 4931 ﬁuentis.
2707 4872 2764 4929 Si
2782 4881 2960 4928 autem
2985 4871 3053 4926 ad
3082 4870 3219 4925 haec
3241 4867 3366 4938 quis
3385 4863 3606 4929 dixerit,
3630 4877 3814 4932 quare

2207 4987 2337 5042 ergo
2364 4970 2516 5026 multi
2545 4967 3014 5040 philosophorum,
3045 4970 3182 5019 teste
3208 4960 3266 5017 S.
3295 4957 3618 5029 Augustino,
3652 4953 3812 5008 afﬁr-

507 5056 736 5115 nomine
774 5057 1090 5131 signiﬁcari,
1122 5073 1284 5131 quam
1328 5068 1585 5131 quattuor
1626 5062 1950 5135 simplicium
1991 5065 2102 5122 ele-
2205 5073 2377 5132 mant,
2408 5065 2588 5137 ignem
2619 5069 2674 5118 et
2711 5075 2836 5118 aera
2861 5060 2903 5093 “
2929 5071 3112 5130 agere,
3139 5069 3335 5128 aquam
3357 5065 3485 5108 vero
3511 5059 3566 5105 et
3598 5055 3814 5103 terram

1758 5240 1762 5245 ι
1830 5176 2084 5234 VARIAF.
2121 5177 2526 5238 LECTIONES.

586 5268 604 5348 ξ
649 5277 854 5348 et_om.
897 5269 964 5348 A_.
1040 5267 1184 5348 ξ,υεί
1222 5268 1439 5348 om._Q.
1515 5269 1536 5302 ³
1565 5271 1608 5325 Α
1649 5271 1999 5348 naturalibus.
2077 5273 2099 5306 ‘
2135 5273 2312 5346 Conj.,
2345 5276 2431 5334 AC
2463 5275 2766 5348 perceperit.
2811 5273 2931 5348 A'iA
2959 5269 3287 5348 universitas.
3362 5264 3384 5298 ⁸
3410 5262 3454 5320 Α
3491 5261 3659 5348 nostri
3679 5277 3815 5348 gon:
3858 5259 3869 5270 ’

445 5401 450 5404 _
513 5339 885 5396 siderationem
936 5338 1248 5395 intellectus.
1344 5339 1435 5395 Ἀ
1482 5357 1564 5396 me
1619 5357 1741 5396 non.
1836 5343 1924 5399 'A
1959 5345 2118 5401 ineo.

2221 5332 2372 5402 "sint
2403 5332 2530 5404 ⁷οίῐι.
2557 5332 2623 5402 Αί
2673 5405 2676 5408 ,
2715 5347 2759 5378 ⁸⁸
2800 5343 2842 5402 C
2876 5347 3038 5399 intra.
3117 5341 3158 5373 ¹¹
3189 5339 3231 5394 Α
3277 5351 3396 5393 eam
3451 5343 3595 5391 sunt.
3679 5332 3724 5363 “
3750 5332 3814 5408 _A

512 5424 685 5492 Ξδίζυθ
716 5412 800 5492 σά,
820 5412 948 5466 (1εοῖ
952 5427 1090 5492 5'31“;
1173 5410 1216 5442 ¹³
1245 5409 1424 5492 conj},
1454 5411 1541 5465 Αίῖ
1573 5423 1716 5492 ηοξᾳο
1789 5413 2070 5492 fucorum
2096 5433 2205 5492 om.
2237 5416 2301 5475 C.
2347 5403 2927 5492 A“:proportlianaliter
2963 5429 3074 5470 om.
3097 5412 3196 5492 Δ.⁸
3243 5409 3287 5443 ¹⁸
3311 5415 3572 5492 quattuor?
3591 5419 3706 5460 om.
3735 5403 3812 5457 Α.

514 5479 561 5516 ⁶¹
587 5478 631 5536 Ᾱ
658 5482 914 5551 passivae.
992 5481 1036 5513 ⁸⁸
1058 5481 1104 5536 Α
1132 5478 1561 5538 ηοηιιηαίὶοηεηι.
1639 5485 1682 5518 ³⁸
1717 5483 1957 5542 caliditas
1984 5488 2220 5544 videlicet
2249 5499 2298 5544 el
2331 5478 2614 5564 {rigiditas
2691 5487 2738 5521 ’θ
2767 5496 3005 5543 terrenae
3031 5499 3140 5541 om.
3169 5481 3235 5537 Α.
3311 5478 3356 5512 ’⁸
3381 5478 3422 5533 Δ
3454 5491 3652 5532 aerem.
3701 5493 3708 5496 ·

2033 5611 2284 5670 NOTAE.

591 5717 618 5748 ι
660 5705 846 5778 Virgil.
882 5704 1079 5779 Georg.
1108 5702 1176 5774 ll,
1203 5703 1330 5765 325.

3029 5719 3032 5726 1
3083 5712 3151 5744 σε’.
3207 5722 3241 5742 ⁸ο

2953 5775 2955 5777 ‘
2992 5767 3486 5791 Ἴκγν-Ὶοέρωέ-ἁωνυηιι-δ.
3524 5777 3533 5786 ο
