4064 6292
248 450 354 511 715

1108 448 1196 509 DE
1234 448 1569 510 DIVISIONE
1606 443 1956 507 NATURAE.
1995 476 2067 491 --
2102 446 2303 505 LIBER
2340 448 2656 507 TERTIUS.

3390 446 3493 508 7H

249 568 380 638 pati,
417 582 461 621 ει
496 579 633 636 aqua
663 561 854 637 frigida
892 564 1126 621 ariditati
1173 574 1350 621 terrae
1379 566 1546 619 mixta
1573 564 1625 619 in
1653 563 1817 620 semi‘
1848 569 1897 630 Α
1926 564 2285 620 materialium
2318 553 2499 620 rerum
2539 563 2847 620 sensibilem
2878 562 3315 621 constitutionem
3339 580 3497 635 prae-

252 660 409 714 nibus
429 658 557 729 agit,
586 666 640 711 et
666 671 769 711 non
797 657 998 725 patitur
1018 696 1034 723 ,
1064 656 1190 711 huic
1214 656 1346 711 satis
1366 663 1448 710 est
1475 653 1821 726 respondere,

251 767 445 823 aquam
476 748 723 822 frigidam
768 765 887 805 esse
914 758 970 804 et
994 750 1288 815 humidam,
1328 749 1420 804 sed
1448 748 1823 803 humiditatem

251 844 321 899 ab
369 857 515 909 aere,
559 841 906 913 {rigiditatem
944 855 1075 896 vero
1118 857 1147 896 a
1193 841 1369 912 seipsa
1409 841 1648 911 recipere
1676 840 1713 891 ¹.
1746 840 1824 896 Ea

250 934 528 1005 qualitate,
578 947 739 1002 quam
787 946 855 987 ex
905 931 1083 988 vicino
1128 932 1227 987 sibi
1276 932 1539 988 elemento
1576 931 1824 1001 suscipit,

248 1034 425 1082 actum
457 1024 617 1080 calidi
646 1024 879 1095 patitur;
915 1038 979 1079 ea
1006 1039 1152 1089 vero,
1180 1038 1319 1095 quae
1350 1039 1445 1079 sua
1480 1031 1584 1091 est,
1612 1036 1825 1094 semper

246 1115 303 1170 in
335 1113 630 1171 seminibus
663 1114 790 1186 agit.
841 1113 971 1182 Quis
1009 1114 1151 1169 enim
1184 1115 1508 1170 naturalium
1555 1116 1821 1171 rationum

243 1207 451 1276 peritus
508 1206 755 1275 ignorat,
806 1204 976 1261 solam
1023 1205 1394 1275 sinceramque
1433 1204 1453 1235 ³
1495 1204 1823 1260 caliditatem

245 1298 452 1367 absque
492 1295 671 1367 aliquo
695 1295 717 1328 ³
740 1309 807 1351 ex
828 1294 1121 1367 frigiditate
1150 1305 1591 1366 temperamento,
1618 1282 1710 1351 aut
1731 1312 1821 1352 so-

244 1386 353 1441 lam
386 1388 760 1456 sinceramque
784 1384 1131 1457 {rigiditatem
1153 1386 1268 1441 sine
1290 1387 1517 1457 quadam
1533 1386 1823 1444 caliditatis

244 1478 477 1534 mixtura
506 1476 782 1549 cujusdam
837 1476 861 1509 ⁸
886 1479 1127 1548 corporis
1176 1478 1377 1534 nullam
1418 1481 1822 1549 generationem

242 1586 433 1645 agere,
464 1580 558 1628 aut
598 1587 665 1628 ex
713 1572 825 1629 sola
876 1572 1214 1640 humiditate,
1260 1589 1353 1630 seu
1378 1574 1531 1631 I'sola
1574 1575 1822 1645 ariditate

243 1662 362 1719 sine
390 1664 670 1733 utriusque
708 1664 1168 1734 contetnperantia
1199 1664 1398 1720 nullum
1430 1661 1824 1737 corpus'natu—

245 1753 346 1809 rali
372 1754 624 1825 passione
646 1754 839 1810 nasci?
866 1752 1040 1812 ln.his
1062 1763 1262 1821 tamen,
1295 1756 1347 1809 in
1374 1756 1569 1826 quibus
1598 1757 1821 1812 munda-

243 1860 349 1902 nae
378 1844 748 1917 philosophiae
784 1846 1019 1903 studium
1048 1857 1352 1914 exercetur,
1385 1848 1596 1920 longius
1625 1850 1820 1906 immo-

1927 658 2181 713 stantium
2238 666 2552 713 conventus.
2616 656 2872 723 Quamvis
2933 656 3110 725 itaque
3173 655 3497 726 qualitatum
3575 643 3582 649 ’

1925 749 2187 820 quaedam
2237 749 2453 819 quidem
2500 749 2554 803 in
2615 746 2932 818 quibusdam
2989 748 3303 818 corporibus
3352 747 3494 818 plus,

1925 842 2188 913 quaedam
2234 856 2364 896 vero
2410 841 2588 896 minus
2629 839 2872 896 sensibus
2921 851 3233 910 appareant,
3260 839 3500 910 synodus

1927 944 2104 990 tamen
2134 935 2372 1004 ipsorum
2403 932 2792 990 catholicorum
2837 932 3224 988 elementorum
3263 948 3367 988 una
3407 946 3499 989 ea-

1926 1030 2154 1101 demque
2198 1028 2537 1085 unil‘ormiter
2593 1026 3089 1083 commensurabilis
3142 1028 3195 1081 in
3248 1024 3500 1081 omnibus

1923 1129 2024 1176 est.
2081 1118 2229 1175 Mens
2280 1117 2542 1189 siquidem
2597 1118 2776 1173 divina
2825 1115 3278 1172 examinationem
3336 1114 3500 1170 totius

1925 1210 2181 1266 mundani
2216 1211 2458 1280 corporis
2486 1209 2628 1265 inter
2656 1209 2789 1264 duas
2814 1209 3185 1264 extremitates
3217 1207 3318 1262 sibi
3354 1206 3498 1263 invi-

1924 1317 2041 1359 cem
2070 1318 2101 1356 e
2129 1303 2403 1358 contrario
2427 1302 2701 1373 oppositas
2725 1301 2934 1371 aequali
2964 1301 3114 1356 lance
3139 1300 3375 1366 libravit,
3412 1299 3497 1354 in-

1923 1400 2008 1449 ter
2052 1394 2369 1465 gravitatem
2394 1393 2512 1448 dico
2539 1404 2594 1448 et
2637 1391 2930 1457 levitatem,
2980 1390 3122 1445 inter
3166 1404 3298 1460 quas
3322 1387 3501 1445 omnis

1924 1474 2235 1543 constitutio
2255 1486 2277 1517 ’
2300 1484 2588 1543 visibilium
2617 1499 2902 1554 corporum
2928 1483 3220 1553 ponderata
3243 1490 3343 1537 est.
3367 1478 3501 1535 Pro-

1926 1580 2050 1637 inde
2073 1580 2256 1635 omnia
2290 1594 2537 1650 corpora,
2569 1577 2622 1632 in
2653 1584 2915 1647 quantum
2940 1575 3257 1647 gravitatem
3283 1572 3502 1642 partici-

1923 1680 2073 1743 pant,
2129 1671 2182 1725 in
2245 1678 2454 1724 tantum
2504 1677 2844 1723 terrenarum
2899 1664 3221 1737 qualitatum
3280 1662 3501 1732 capacia

1922 1772 2049 1818 sunt
2068 1762 2133 1828 ‘°,
2150 1762 2254 1817 hoc
2278 1769 2382 1825 est,
2399 1758 2707 1825 soliditatis,
2731 1756 3137 1820 ctstabilitatis;
3163 1755 3216 1810 in
3239 1761 3501 1823 quantum

1878 1914 1883 1921 ,
1923 1870 2051 1911 vero
2077 1869 2145 1910 ex
2174 1853 2391 1909 levitate
2410 1852 2712 1916 attrahunt,
2747 1850 2801 1904 in
2829 1856 3035 1904 tantum
3065 1845 3352 1917 qualitates
3375 1858 3501 1900 cae-

239 1937 350 1993 rari
378 1952 482 1992 non
510 1936 666 1993 valde
707 1945 790 1992 est
837 1936 1224 1992 necessarium.
1263 1936 1493 1993 Proinde
1519 1939 1704 2009 paucis
1737 1938 1823 1995 his
1849 1956 1897 2018 Β
1925 1945 2086 2001 lestes
2109 1943 2455 2016 participant,
2487 1941 2800 1997 inanitatem
2830 1940 2950 1995 dico
2973 1946 3027 1994 et
3053 1936 3496 2001 mutabilitatem;

237 2028 312 2085 de
346 2037 600 2100 quattuor
628 2027 977 2100 qualitatibus
1007 2036 1261 2100 quattuor
1287 2029 1672 2087 universalium
1717 2030 1826 2087 ele-

239 2130 546 2178 mentorum
592 2121 923 2193 praelibatis,
965 2137 1123 2193 quae,
1178 2122 1431 2193 quoniam
1480 2123 1826 2180 medietatem

239 2214 510 2286 quandam
558 2214 702 2270 inter
751 2213 1129 2285 primordiales
1181 2228 1372 2270 causas
1422 2222 1475 2270 et
1528 2217 1825 2285 composita

239 2320 472 2377 corpora
500 2306 762 2371 obtinent,
797 2306 1122 2362 ﬁrmamenti
1149 2321 1344 2362 nomen
1375 2315 1720 2377 acceperunt,
1755 2308 1823 2364 ad

239 2393 606 2460 luminarinm,
634 2411 771 2466 quae
825 2396 880 2451 in
915 2397 1030 2467 ipso
1062 2398 1353 2453 constituta
1391 2406 1517 2452 sunt
1539 2398 1580 2464 ',
1606 2399 1824 2467 exposi-

240 2485 884 2557 tionem'properandum
932 2488 1107 2543 video.
1164 2487 1304 2543 Man.
1338 2487 1503 2543 Recte
1546 2488 1716 2544 vides.
1765 2490 1824 2545 Si

240 2590 377 2648 ergo
407 2577 623 2632 nomine
650 2577 970 2632 ﬁrmamenti
1004 2585 1261 2647 quattuor
1284 2578 1680 2649 simplicissima
1707 2581 1825 2636 uni-

235 2664 715 2737 versalissimaque
745 2668 927 2723 mundi
958 2668 1221 2725 elementa
1251 2679 1535 2736 vocantur,
1567 2671 1694 2741 quid
1728 2672 1824 2728 tibi

235 2755 489 2811 videtur?
515 2755 651 2812 Num
676 2757 764 2813 illa
791 2767 1047 2829 quattuor
1067 2759 1265 2829 ubique
1286 2761 1339 2815 in
1362 2761 1542 2816 omnia
1571 2777 1824 2837 corpora,

238 2846 359 2901 sive
386 2846 656 2912 aetherea,
680 2848 792 2903 sive
818 2863 998 2910 aerea.
1033 2850 1145 2910 sive
1167 2851 1438 2925 aquatica,
1473 2856 1586 2911 sive
1610 2867 1824 2912 terrena

240 2938 619 2999 diﬂtindttntnr
658 2956 923 3012 connexa,
951 2941 1024 3001 ita
1065 2956 1125 3002 ut
1162 2947 1365 3003 nullum
1405 2948 1657 3004 sensibile
1699 2963 1824 3005 cor-

240 3051 345 3107 pus
386 3037 553 3106 possit
583 3040 826 3109 reperiri,
880 3040 1021 3111 quod
1054 3040 1266 3096 illorum
1291 3043 1528 3097 omnium
1571 3043 1614 3074 "
1643 3051 1828 3100 careat

240 3132 550 3188 concursu?
596 3134 678 3187 An
721 3135 984 3203 quaedam
1031 3149 1099 3190 ex
1138 3137 1480 3205 quibusdam,
1511 3152 1617 3191 non
1646 3144 1826 3192 autem

240 3224 424 3279 omnia
454 3239 518 3280 ex
548 3227 798 3282 omnibus
825 3226 1142 3283 confluunt?
1170 3228 1319 3284 Dtsc.
1353 3228 1489 3285 Huic
1519 3232 1822 3301 quaestioni

1924 2035 2100 2092 media
2120 2041 2321 2100 autem,
2336 2048 2477 2103 quae
2497 2031 2659 2088 simili
2681 2029 2963 2086 libramine
2983 2025 3408 2083 extremitates“
3422 2033 3503 2082 at-

1925 2125 2158 2196 tingunt,
2182 2122 2392 2193 aequali
2410 2120 2821 2192 participatione
2842 2118 3054 2174 illarum
3067 2116 3354 2188 qualitates
3380 2130 3502 2188 pos-

1925 2214 2118 2271 sident.
2148 2214 2205 2268 In
2228 2212 2477 2268 omnibus
2498 2220 2677 2265 autem
2701 2218 2953 2280 quattuor
2972 2207 3360 2263 elementorum
3374 2206 3498 2262 uni—

1922 2303 2212 2361 versalium
2234 2319 2375 2359 unus
2396 2302 2645 2372 idemque
2665 2308 2842 2357 motus
2862 2307 2963 2363 est,
2987 2307 3041 2353 et
3061 2307 3253 2365 status,
3269 2307 3324 2353 et
3340 2312 3501 2370 capa-

1925 2396 2083 2462 citas,
2100 2403 2154 2449 et
2173 2394 2464 2465 possessio.
2488 2393 2628 2448 MAG.
2654 2390 3019 2461 Probabiliter»
3041 2404 3359 2461 responsum
3393 2397 3493 2444 est.

1925 2487 1981 2542 In
1999 2488 2099 2543 hoc
2121 2487 2265 2542 enim
2290 2500 2478 2541 omnes
2494 2484 2703 2557 physici
2723 2483 3086 2547 consentiunt.
3114 2482 3322 2552 Ubique
3337 2482 3501 2553 igitur

1925 2589 2050 2635 sunt
2076 2594 2173 2648 per
2199 2588 2367 2634 totum
2404 2576 2709 2633 sensibilem
2750 2576 3009 2631 mundum
3043 2574 3255 2645 aequali
3285 2589 3501 2629 mensu-

1926 2670 2136 2726 ratione
2163 2678 2325 2740 atque
2344 2683 2609 2724 concursu
2630 2675 2886 2739 quattuor
2899 2665 3187 2735 purissima
3211 2663 3497 2727 elementa,

1926 2762 2251 2824 ﬁrmamenti
2298 2760 2559 2821 vocabulo
2606 2759 2783 2819 divitia
2841 2757 3160 2818 auctoritate
3211 2754 3497 2826 appellata.

1930 2858 2073 2913 Dtsc.
2104 2857 2224 2913 1am
2268 2857 2454 2912 datum
2484 2864 2585 2921 est,
2615 2863 2669 2911 et
2696 2855 2904 2909 ratione
2930 2854 3224 2908 inventum.
3265 2840 3499 2905 Graeco-

1928 2965 2047 3005 rum
2071 2964 2284 3019 quoque
2310 2949 2587 3004 nominum
2610 2944 2984 3015 interpretatio
3012 2944 3164 2999 testis
3188 2950 3299 3007 est;
3332 2940 3501 3010 siqui-

1929 3041 2048 3097 dem
2082 3048 2189 3118 πῡρ
2233 3040 2373 3112 ignis
2412 3047 2699 3109 propterea
2728 3036 2945 3099 dicitur,
2985 3042 3046 3089 ut
3089 3032 3347 3099 arbitror,
3373 3030 3499 3100 quia
3574 3102 3577 3103 ν

1928 3149 2024 3204 per
2052 3148 2232 3205 poros,
2268 3133 2373 3187 hoc
2398 3140 2501 3197 est,
2522 3129 2761 3186 occultos
2788 3136 2997 3184 meatus
3027 3126 3207 3183 omnia
3230 3133 3497 3197 penetrat.

1928 3224 2145 3280 Nullum
2192 3225 2336 3280 enim
2382 3238 2577 3294 corpus
2607 3230 2710 3287 est,
2751 3235 2817 3277 ex
2861 3236 2966 3290 quo
2997 3220 3133 3291 ignis
3168 3217 3345 3274 excuti
3389 3232 3499 3273 nou

240 3312 556 3370 facillimum
587 3324 671 3371 est
695 3317 1027 3385 satisfacere,
1044 3319 1301 3390 quoniam
1327 3334 1358 3374 a
1388 3321 1571 3375 mundi
1588 3321 1823 3391 philoso-
1848 3335 1895 3401 ρ
1926 3317 2120 3382 valeat,
2172 3315 2451 3401 collisione
2500 3315 2731 3385 quadam
2782 3320 3061 3368 attractus.
3093 3310 3230 3366 Nam
3254 3318 3309 3366 et
3334 3309 3379 3342 ¹⁶
3417 3317 3502 3364 at-

239 3406 367 3476 phis
396 3407 640 3476 quaesita
686 3417 789 3474 est,
839 3416 893 3464 et
940 3410 1335 3467 rationabiliter
1367 3412 1608 3468 inventa.
1658 3414 1826 3471 Aiunt

238 3498 414 3563 enim,
459 3498 600 3554 intra
636 3500 892 3555 ambitum
918 3502 1102 3557 mundi
1129 3502 1291 3573 hujus
1318 3503 1588 3560 sensibilis
1618 3504 1825 3561 nullum

242 3602 445 3658 corpus
484 3589 783 3645 intervallis
825 3591 845 3623 '
884 3590 1254 3663 longitudinis,
1282 3591 1606 3660 latitudinis,
1626 3592 1822 3649 .altitu-

243 3679 391 3736 dinis
419 3680 722 3737 dimensum
750 3698 908 3755 posse
940 3683 1076 3753 fieri,
1100 3685 1153 3742 in
1185 3701 1291 3757 quo
1309 3696 1565 3759 quattuor
1590 3689 1825 3746 elemen-

244 3777 427 3826 torum
452 3781 667 3839 natura,
699 3775 944 3845 quamvis
990 3776 1355 3845 invisibiliter,
1393 3794 1498 3834 non
1538 3779 1717 3836 valeat
1746 3782 1827 3836 in-

241 3859 437 3932 telligi.
468 3860 602 3917 Nam
642 3864 781 3920 sicut
808 3880 985 3933 omne,
1019 3867 1161 3937 quod
1204 3883 1395 3926 sensus
1443 3885 1733 3942 corporeus
1770 3873 1826 3928 in

242 3954 328 4010 eis
353 3954 591 4027 attingit,
616 3971 722 4011 non
755 3957 970 4015 aliunde
996 3960 1099 4016 nisi
1127 3976 1193 4017 ex
1228 3962 1545 4033 qualitatum
1571 3973 1828 4035 quattuor

242 4045 639 4103 elementorum
668 4048 916 4105 conﬁuxu
943 4052 999 4107 in
1040 4068 1099 4108 se
1127 4054 1355 4110 invicem
1387 4071 1517 4112 suae
1560 4060 1826 4113 constitu-

242 4137 414 4192 tionis
447 4140 727 4195 materiem
775 4140 798 4173 ⁸
848 4142 1075 4213 recipit;
1126 4144 1201 4199 ita
1229 4160 1407 4211 omne,
1434 4150 1576 4218 quod
1619 4149 1671 4205 in
1717 4151 1825 4206 eis-

246 4225 396 4293 dem,
428 4228 481 4282 in
513 4240 775 4301 quantum
808 4247 1034 4304 corpora
1062 4244 1206 4300 sunt,
1235 4237 1571 4294 rationabilis
1602 4240 1826 4297 investi-

244 4321 397 4387 gatio
434 4320 662 4389 invenit,
694 4323 767 4378 nil
801 4324 943 4381 aliud
978 4334 1061 4381 est
1094 4336 1310 4396 praeter
1346 4328 1585 4398 ipsorum
1625 4332 1830 4402 simpli-

248 4410 399 4466 cium
458 4419 514 4467 et
560 4412 1000 4484 inseparabilium
1055 4416 1441 4474 elementorum
1488 4421 1831 4479 uniformiter

236 4498 601 4558 conventum.
648 4503 773 4559 ldeo
818 4516 998 4562 autem
1050 4506 1292 4563 additum
1329 4518 1434 4575 est,
1466 4511 1519 4566 in
1568 4519 1829 4582 quantum

247 4606 483 4663 corpora
518 4602 661 4658 sunt,
700 4609 770 4651 ne
813 4597 935 4667 quis
962 4597 1319 4666 existimaret,
1359 4616 1459 4657 nos
1503 4603 1832 4661 substantias

1928 3410 2087 3465 tritus
2111 3399 2374 3464 undarum
2404 3406 2698 3464 scintillant
2724 3405 2793 3471 ¹⁸,
2820 3418 2922 3461 nec
2945 3404 3163 3461 omnino
3192 3408 3501 3463 currerent,

1926 3502 1976 3557 si
2043 3500 2334 3555 caliditatis
2403 3509 2650 3571 expertes
2703 3506 2904 3553 essent.
2978 3495 3116 3564 Quid
3191 3494 3387 3551 dicam
3431 3492 3500 3548 de

1928 3592 2236 3659 coloribus,
2286 3592 2377 3662 qui
2424 3591 2494 3648 de
2539 3590 2581 3622 “
2636 3589 2773 3645 lucis
2828 3596 3022 3644 natura
3074 3587 3276 3657 absque
3338 3583 3501 3643 dubio

1924 3680 2261 3754 procedunt?
2321 3680 2511 3737 Nonne
2536 3680 2582 3713 “
2613 3679 2863 3737 omnibus
2895 3676 3213 3747 corporibus
3254 3673 3503 3745 superfu-

1925 3796 2017 3837 sos
2079 3794 2197 3836 esse
2257 3779 2542 3834 videmus?
2604 3777 2712 3832 Aer
2778 3774 3087 3831 nominatur
3147 3772 3215 3838 ",
3288 3770 3342 3825 id
3398 3777 3502 3834 est,

1927 3870 2170 3940 spiritus,
2226 3869 2351 3940 quia
2403 3882 2501 3939 per
2557 3866 2738 3921 omnia
2802 3865 2991 3933 spirat.
3064 3861 3217 3916 Nulla
3266 3872 3502 3927 namque

1929 3959 2199 4015 sensibilis
2276 3967 2467 4013 natura
2538 3963 2657 4021 est,
2716 3969 2878 4025 quam
2954 3949 3338 4008 subtilissimus
3408 3961 3504 4001 aer

1926 4061 2212 4125 penetrare
2276 4065 2383 4106 non
2448 4049 2637 4121 possit.
2699 4047 2851 4115 Quod
2909 4061 2977 4101 ex
3038 4042 3296 4100 odoribus
3348 4049 3404 4098 et
3457 4039 3501 4074 "

1927 4145 2076 4200 sonis
2097 4157 2379 4215 possumus
2409 4139 2792 4213 argumentari.
2820 4135 2937 4193 Non
2956 4136 3101 4192 enim
3128 4134 3370 4191 invenies
3383 4146 3500 4188 cor-

1926 4253 2051 4308 pus,
2082 4235 2222 4306 quod
2243 4234 2509 4306 quendam
2537 4233 2758 4288 odorem
2779 4229 3178 4293 olfacientibus,
3205 4234 3297 4281 aut
3335 4240 3506 4296 quen-

1930 4329 2052 4385 dam
2080 4343 2270 4383 sonum
2312 4324 2649 4397 pulsantibus
2691 4338 2798 4379 non
2828 4322 3037 4378 reddat.
3066 4320 3234 4396 ’Ϊδωρ
3260 4326 3501 4386 vocatur,

1930 4420 1984 4477 id
2020 4431 2102 4478 est
2136 4436 2299 4491 aqua,
2328 4419 2483 4490 quasi
2518 4414 2649 4480 εἶδος
2698 4416 2969 4493 ὁρώμενον,
3017 4415 3121 4471 hoc
3165 4421 3266 4479 est,
3301 4412 3507 4484 species

1929 4514 2066 4569 visa.
2102 4512 2257 4568 Nulla
2285 4512 2548 4583 siquidem
2577 4525 2834 4580 corporea
2865 4523 2954 4564 res
2981 4516 3085 4573 est,
3111 4521 3178 4563 ex
3206 4505 3359 4576 cujus
3408 4521 3505 4562 su-

1932 4605 2173 4675 perﬁcie,
2226 4606 2413 4660 attritu
2460 4602 2693 4673 quodam
2734 4600 2985 4671 levigata,
3018 4599 3195 4668 imago
3238 4597 3509 4668 quaedam

246 4698 462 4751 rerum,
506 4700 601 4741 seu
647 4701 863 4757 genera,
905 4702 998 4743 seu
1046 4689 1277 4760 species,
1317 4704 1411 4746 seu
1462 4691 1605 4748 illam
1642 4694 1826 4761 vitam,
1856 4678 1910 4741 Ῑ)
1936 4697 2196 4753 resultare
2223 4712 2329 4752 non
2360 4694 2557 4749 valeat.
2577 4691 2769 4763 Ἀχθος
2797 4690 3096 4761 appellatur
3125 4700 3269 4746 terra
3291 4705 3355 4746 ex
3379 4704 3508 4760 gra-

246 4788 397 4846 quae
418 4774 599 4831 omnia
633 4790 881 4846 corpora,
910 4778 964 4835 in
998 4778 1193 4849 quibus
1220 4789 1397 4837 motus
1420 4782 1601 4840 vitalis
1626 4800 1828 4857 cogno-

247 4863 450 4929 scitur,
494 4874 548 4921 et
609 4867 851 4923 animare
893 4876 949 4924 et
990 4870 1197 4926 nutrire
1251 4872 1586 4942 perhibetur,
1630 4876 1684 4931 in
1729 4877 1831 4933 hoc

251 4953 381 5012 loco
415 4957 651 5028 tetigisse
688 4958 774 5013 vel
799 4968 1079 5016 tractasse.
1110 4961 1255 5018 Haec
1280 4964 1424 5020 enim
1452 4966 1594 5023 ultra
1614 4984 1831 5027 omnem

250 5045 638 5104 universaliter
663 5064 978 5121 corpoream
1007 5061 1252 5107 naturam
1280 5062 1334 5108 et
1368 5064 1517 5121 sunt,
1563 5066 1617 5113 et
1638 5058 1834 5116 intelli-

249 5145 487 5213 guntur,
514 5148 567 5194 et
612 5142 729 5197 sine
772 5142 967 5211 quibus
1010 5142 1154 5198 nulla
1180 5159 1436 5214 corporea
1467 5156 1682 5217 natura,
1722 5152 1835 5209 sive

249 5228 822 5299 incomprehensibilis
868 5231 941 5287 sit
981 5232 1231 5289 sensibus
1270 5237 1567 5305 corporeis,
1604 5248 1665 5295 ut
1710 5250 1835 5297 sunt

250 5327 519 5390 quattuor
553 5319 644 5375 illa
683 5319 969 5387 elementa,
998 5322 1065 5401 de
1091 5322 1286 5393 quibus
1309 5339 1452 5381 nunc
1492 5329 1690 5396 agitur,
1720 5330 1833 5385 sive

1929 4786 2117 4843 vitate.
2145 4786 2261 4841 Non
2286 4786 2427 4841 enim
2448 4784 2615 4840 ullum
2639 4785 2683 4816 ⁸⁸
2702 4798 2899 4854 corpus
2927 4791 3011 4839 est
3032 4782 3098 4849 “,
3121 4783 3263 4853 quod
3284 4796 3510 4854 propor-

1930 4880 2079 4935 tione
2104 4878 2185 4935 sui
2214 4877 2468 4950 ponderis
2496 4876 2795 4932 naturalem
2828 4891 2981 4932 suum
3010 4875 3185 4932 locum
3215 4890 3320 4931 non
3348 4888 3508 4944 appe-

1932 4978 2035 5036 tat,
2059 4970 2173 5025 sive
2229 4969 2283 5024 in
2314 4968 2547 5024 medium
2579 4966 2784 5033 mundi,
2816 4966 2927 5025 sive
2953 4966 3008 5021 in
3042 4974 3283 5022 extrema
3311 4977 3502 5033 verga-

1934 5070 2041 5116 tur.
2070 5059 2180 5117 Nec
2208 5061 2350 5117 hunc
2380 5077 2597 5118 sensum
2616 5060 2817 5116 refutat
2838 5060 2967 5117 illud
2996 5059 3138 5115 aliud
3170 5073 3363 5114 nomen
3397 5064 3505 5110 ter-

1942 5169 2053 5221 rae,
2084 5152 2227 5225 quod
2253 5160 2450 5226 estfyi,
2479 5153 2621 5224 quod
2650 5153 2865 5224 proprie
2894 5151 3082 5207 vallem
3110 5148 3407 5220 signiﬁcat;
3438 5146 3509 5203 si-

1941 5246 2157 5317 quidem
2172 5245 2587 5317 uniuscujusque
2607 5254 2883 5301 creaturae
2901 5252 2984 5300 est
2994 5240 3146 5297 vallis
3166 5240 3422 5308 locusque
3438 5238 3508 5304 '°,

1940 5338 1995 5394 in
2018 5354 2127 5410 quo
2150 5338 2364 5410 propria
2394 5353 2493 5393 sua
2520 5336 2829 5393 deﬁnitione
2856 5330 3332 5390 circumscribitur.
3372 5328 3504 5384 Cum

245 5410 763 5482 comprehensibilis
788 5450 808 5481 ο
855 5419 916 5468 υί
962 5419 1091 5469 sum
1134 5414 1468 5472 diversarum
1515 5419 2332 5533 qniflllgftl‘tngb_ergo_aliquod
2359 5444 2556 5500 corpus
2580 5425 2921 5501 perspexeris
2985 5423 3033 5480 si
3067 5422 3121 5480 in
3150 5422 3229 5479 eo
3273 5419 3509 5477 colorem

831 5615 836 5620 ‘
1548 5518 2226 5617 viiiiii'iic‘noms

331 5666 351 5699 ⁸
379 5663 560 5748 Conj.,
596 5664 685 5721 AC
722 5664 991 5748 recipiens.
1016 5738 1028 5748 _
1112 5662 1206 5748 [Α
1224 5667 1509 5748 sinceram.
1608 5670 1629 5701 '
1652 5670 1697 5726 A
1722 5671 1843 5748 ulla.

1927 5676 1951 5707 ⁸
1972 5676 2018 5730 Α
2052 5671 2391 5748 cujusquam:
2458 5675 2553 5748 ῬΑ
2578 5683 2671 5730 aut
2713 5658 2802 5731 ex:
2948 5673 2995 5730 Α
3032 5681 3163 5748 ωιτη,
3206 5661 3509 5748 cantitata.

244 5736 303 5770 ⁸⁸³
341 5737 578 5792 omnium
612 5751 722 5791 om.
751 5735 832 5790 Α(
892 5738 911 5769 ⁷
940 5739 983 5791 Α
1009 5735 1392 5795 intellectualis.
1468 5741 1490 5771 ⁸
1518 5739 1562 5794 Α
1593 5742 1889 5802 materiam.

1984 5749 2005 5783 '
2025 5748 2070 5800 A
2096 5741 2362 5803 medietas.
2440 5746 2482 5779 ⁸ο
2506 5747 2551 5800 Α
2572 5756 2691 5817 sunt
2734 5746 2969 5817 capacia.
3069 5745 3113 5779 “
3141 5745 3183 5799 Α
3209 5741 3511 5817 extremita-

251 5819 386 5893 εεηι.
414 5808 508 5893 ηιι
528 5819 576 5862 et
609 5823 714 5893 ρῳ.
740 5808 804 5861 Α.
884 5809 1000 5893 et:
1027 5807 1294 5893 εςξηρᾳαι.
1367 5810 1417 5893 ξι
1444 5810 1484 5865 c
1509 5828 1629 5893 er.‘
1673 5812 1716 5844 ιι
1743 5812 1843 5877 ΑΨ

1927 5835 1960 5874 t.
2038 5818 2082 5851 "
2108 5818 2153 5872 A
2182 5818 2497 5893 nominatus.
2542 5817 2618 5879 ,"
2645 5814 2687 5877 C
2707 5807 2806 5875 ac:
2866 5817 2911 5851 ⁸⁸
2940 5816 3043 5876 Pro
3068 5833 3169 5872 non
3188 5816 3324 5872 enim
3347 5811 3511 5867 ullum

250 5878 305 5936 C
332 5877 556 5933 nullum.
617 5871 674 5912 ”¹’
701 5891 884 5935 estom.
914 5881 977 5937 A.
1051 5883 1095 5917 ὀ
1127 5881 1166 5936 C
1192 5877 1332 5966 locus
1362 5879 1480 5950 (que
1500 5881 1655 5957 om.).
