3966 5428
568 532 673 593 τη
1944 531 2230 599 JOANNIS
2263 540 2465 601 SCO'H
3712 555 3801 615 7i.

561 652 700 709 lucis
748 650 769 684 ⁸
812 647 1075 716 σαωθεὶς,
1124 646 1352 705 subesse
1400 647 1648 720 igneum;
1701 648 1746 707 si
1785 664 1998 716 sonum,
2045 668 2142 710 seu
2168 657 2220 718 Α
2246 671 2390 710 nunc
2418 655 2606 726 exigis,
2637 656 2742 713 ulla
2777 661 2958 731 opinio
2985 663 3056 720 sit
3077 666 3291 722 ratione
3315 668 3571 729 subnixa.
3624 668 3706 724 vel
3743 668 3802 729 ab

561 751 938 815 spontaneum,
967 754 1065 798 seu
1093 739 1449 805 artificialem,
1474 740 1695 798 subesse
1720 756 1967 810 aereum;
1997 745 2043 799 si
2068 760 2137 803 ex
2239 745 2349 801 ullo
2368 745 2802 817 philosophorum
2825 752 2979 821 plene
2999 756 3399 825 deprompta“.
3416 756 3537 812 Non
3559 757 3703 828 quod
3721 756 3799 826 ini.

558 835 719 905 plana
762 833 1050 905 superficie
1096 841 1339 898 naturae,
1370 847 1464 888 seu
1496 841 1613 887 arte
1653 836 1919 902 quandam
1950 834 2137 905 imagi-
2239 844 2294 893 ut
2324 837 2589 904 arbitror,
2644 856 2747 896 non
2794 841 3176 911 intellexerint,
3207 846 3452 918 alioquin
3508 863 3620 903 non
3676 855 3800 905 recte

559 942 686 983 nem
736 926 1023 992 resultare,
1058 926 1280 981 subesse
1327 924 1658 994 aquaticum,
1702 925 1790 980 ubi
1842 927 1986 981 enim
2026 943 2136 983 non
2235 929 2445 1000 physici
2476 940 2568 984 aut
2596 931 2896 1004 philosophi
2923 936 3344 1006 appellarentur,
3361 941 3629 1011 sedquod
3646 939 3799 998 nullus

557 1018 807 1083 resultat,
830 1017 904 1073 ibi
927 1032 1032 1073 non
1054 1025 1137 1072 est
1156 1014 1657 1084 defectusnaturae,
1685 1017 1778 1073 sed
1803 1018 2131 1086 industriae,
2236 1016 2479 1085 illorum,
2505 1036 2641 1090 quos
2690 1022 2866 1079 adhuc
2894 1024 3144 1096 legimus,
3192 1043 3329 1098 pure
3369 1040 3426 1085 et
3455 1031 3800 1091 indubitanter

559 1108 650 1166 ubi
699 1108 933 1179 aliquem
972 1109 1266 1180 appetitum
1324 1108 1584 1165 naturalis
1621 1107 1868 1164 stationis
1917 1125 2131 1166 sursum
2235 1107 2430 1165 borum
2459 1112 2698 1170 rationes
2726 1115 2859 1171 satis
2901 1118 3127 1173 reddere
3150 1118 3421 1174 videatur.
3454 1118 3799 1179 Ver-unqu

557 1207 751 1259 versus
777 1218 872 1259 seu
910 1202 1184 1266 deorsum,
1212 1202 1436 1258 subesse
1468 1212 1741 1258 terrenum
1766 1202 2002 1273 intellige
2024 1203 2134 1259 ele~
2231 1212 2299 1259 ex
2326 1199 2432 1265 his,
2457 1216 2594 1270 quae
2637 1203 2735 1273 ipsi
2782 1206 3008 1274 sparsim
3035 1208 3391 1278 scripserunt,
3428 1211 3709 1280 certisque
3732 1227 3800 1268 ar-

558 1304 820 1363 mentum,
852 1296 1129 1366 multaque
1149 1297 1170 1329 ¹
1197 1295 1299 1351 alia
1327 1305 1453 1351 sunt
1495 1304 1812 1365 argumenta
1841 1295 2127 1362 naturalia,

555 1391 752 1462 quibus
766 1398 1020 1461 quattuor
1029 1389 1419 1444 elementorum
1436 1387 1813 1457 inseparabilis
1834 1402 2131 1445 concursus

553 1481 610 1537 in
645 1484 896 1538 omnibus
938 1481 1249 1553 compositis
1276 1480 1298 1511 ³
1327 1480 1643 1561 corporibus
1690 1493 1905 1550 semper
1930 1490 1986 1535 et
2011 1479 2131 1535 ubi-

553 1587 658 1642 que
687 1573 1049 1629 indubitanter
1084 1572 1447 1644 cognoscitur.
1478 1570 1617 1629 MAG.
1643 1570 1792 1638 Quae
1822 1586 1850 1625 a
1885 1579 1939 1626 te
1980 1571 2127 1628 dicta

550 1670 679 1718 sunt
713 1661 759 1729 ⁸,
788 1672 901 1718 rata
944 1663 1076 1718 mihi
1116 1664 1338 1734 verique
1381 1662 1573 1719 similia
1600 1662 1623 1693 ⁸
1649 1661 1919 1717 videntur.
1973 1662 2127 1729 Quod

548 1766 679 1823 ergo
699 1754 959 1825 scriptum
971 1766 1055 1810 est
1084 1773 1097 1808 :
1132 1755 1275 1810 Dixit
1301 1764 1473 1810 autem
1499 1754 1638 1808 Deus
1658 1772 1677 1811 :
1704 1751 1755 1805 F
1758 1754 1866 1807 iant
1890 1752 2121 1807 Iuntina-

548 1848 630 1902 ria
657 1848 713 1903 in
753 1847 1079 1916 ﬁrmamento
1108 1845 1259 1907 caeli,
1312 1847 1387 1903 ita
1419 1845 1717 1914 intelligere
1742 1845 2019 1910 debemus,
2058 1860 2124 1901 ac

546 1940 593 1994 si
622 1947 809 2010 aperte
858 1939 1131 1996 diceretur
1162 1937 1359 1995 :Fiant
1389 1939 1599 1995 siderea
1633 1939 1655 1970 ⁶
1697 1954 1924 2009 corpora
1976 1937 2121 1994 clara

2232 1294 2727 1360 gumentationibus
2767 1311 2948 1351 rerum
2981 1300 3355 1369 experimento
3378 1301 3799 1371 approbaret-unt

2236 1384 2301 1438 de
2340 1384 2549 1441 telluris
2578 1385 2843 1458 lunaeque
2864 1388 3190 1455 interstitiis,
3231 1392 3498 1462 quiddam
3531 1393 3799 1449 verisimile

2228 1472 2324 1529 tibi
2368 1475 2576 1544 aperire
2609 1491 2713 1531 non
2767 1479 3024 1548 negarim.
3058 1477 3264 1534 Lunam
3315 1495 3559 1550 namque
3607 1492 3795 1537 cean

2229 1566 2417 1637 viginti
2450 1583 2546 1624 sex
2575 1568 2810 1625 millibus
2829 1570 3126 1626 stadiorum
3153 1586 3184 1625 a
3214 1583 3361 1627 terra
3386 1573 3625 1638 distare,
3645 1590 3710 1629 ex
3737 1575 3799 1644 ip-

2228 1658 2339 1716 sius
2364 1660 2547 1732 eclipsi
2574 1661 2775 1731 absque
2821 1662 2928 1717 ullo
2951 1678 3155 1729 errore,
3199 1674 3258 1718 ut
3300 1664 3459 1719 aiunt
3481 1666 3554 1726 ι’,
3576 1665 3797 1733 explora-

2228 1760 2341 1808 tum
2377 1761 2479 1808 est.
2525 1752 2784 1810 Umbram
2837 1755 3101 1825 siquidem
3149 1766 3350 1822 terrae,
3396 1772 3565 1827 quam
3606 1766 3797 1812 noctu

2225 1852 2445 1908 vocant,
2476 1844 2737 1900 circulum
2769 1845 2927 1902 lunae
2974 1847 3262 1918 attingere,
3295 1848 3411 1917 ipsa
3440 1846 3627 1917 prodit
3664 1856 3797 1901 uate

2229 1952 2313 1991 ra.
2345 1934 2551 1992 Globus
2575 1937 2719 1992 enim
2753 1937 2893 1993 illius
2914 1938 3301 1994 detrimentum
3347 1954 3484 1993 suae
3530 1938 3669 1993 lucis
3711 1951 3797 1992 nea

548 2031 836 2102 lucidaque
858 2032 912 2089 in
950 2040 1210 2102 quattuor
1233 2032 1513 2087 elementis
1541 2032 1737 2101 ubique
1773 2031 2004 2098 dill‘nsis,
2052 2047 2120 2089 ex
2156 2011 2200 2071 Β
2227 2036 2526 2097 pateretur,
2556 2028 2600 2082 si
2627 2028 2788 2083 solari
2822 2029 2992 2091 radio,
3044 2029 3098 2083 in
3126 2030 3406 2100 regionem
3436 2030 3666 2084 umbrae
3685 2028 3798 2084 inci-

546 2139 733 2178 eorum
781 2123 1128 2194 qualitatibus
1155 2124 1469 2194 composita.
1519 2123 1733 2178 Etenim
1764 2123 1921 2183 aliter
1950 2124 2002 2178 in
2040 2124 2122 2180 eis

544 2212 784 2282 subjecta
809 2229 1060 2284 corpora,
1098 2215 1210 2271 suis
1229 2216 1418 2284 spatiis
1439 2213 1701 2270 collocata
1725 2214 2119 2285 intelliguntur,

542 2306 701 2361 aliter
736 2306 959 2362 claritas
1003 2308 1073 2361 ab
1110 2307 1178 2361 iis
1218 2322 1315 2376 per
1339 2308 1590 2362 universa
1621 2307 1807 2362 mundi
1857 2307 2119 2363 elementa

541 2397 742 2467 ubique
786 2395 1076 2467 refulgens.
1137 2395 1415 2467 Siquidem
1461 2397 1605 2453 aliud
1634 2406 1718 2451 est
1746 2397 1947 2460 album.
1975 2396 2120 2453 aliud

543 2487 755 2543 albedo.
786 2486 897 2542 Nec
917 2487 970 2542 id
1001 2488 1177 2558 ipsum
1199 2496 1280 2544 est
1301 2488 1528 2554 clarum,
1560 2496 1614 2543 et
1639 2488 1899 2553 claritas;
1952 2504 2120 2545 unum

541 2595 775 2652 namque
811 2578 1129 2650 subjectum,
1184 2580 1328 2637 aliud
1370 2582 1642 2638 accidens.
1702 2580 1891 2636 Divino
1938 2580 2120 2651 itaque

544 2683 836 2744 praecepto
855 2715 870 2739 ,
918 2689 1024 2740 quo
1052 2674 1375 2742 imperatum
1403 2682 1489 2730 est
1519 2691 1533 2728 :
1563 2671 1723 2728 Fiant
1750 2672 2034 2727 luminaria
2063 2673 2120 2729 in

539 2768 866 2837 ﬁrmamento
894 2766 1046 2833 caeli,
1076 2766 1315 2823 vehicula
1352 2766 1509 2830 lucis,
1546 2775 1606 2822 ut
1650 2766 1727 2819 ait
1753 2764 1806 2821 S.
1864 2764 2116 2829 Basilius.

539 2859 735 2927 quibus
751 2859 895 2914 circa
920 2859 1105 2915 mundi
1122 2859 1381 2914 ambitum
1410 2858 1577 2914 certis
1596 2867 1899 2928 temporum
1913 2858 1934 2889 "
1950 2857 2119 2913 inter-

539 2953 715 3019 vallis,
743 2955 1056 3020 veheretur,
1086 2952 1225 3010 facta
1270 2964 1417 3009 sunt.
1446 2953 1511 3008 Et
1540 2953 1684 3018 vide,
1714 2968 1875 3023 quam
1898 2952 2119 3021 provide

538 3046 776 3115 loquitur
813 3043 1117 3116 Scriptura.
1147 3044 1264 3100 Non
1298 3044 1453 3108 dixit,
1488 3043 1584 3098 fiat
1610 3043 1878 3098 luminare
1919 3039 2116 3108 majus,

538 3144 595 3191 et
624 3134 890 3190 luminare
922 3134 1119 3198 minus,
1149 3134 1243 3189 sed
1264 3131 1425 3188 Fiant
1447 3132 1752 3188 luminaria.
1782 3133 2120 3189 Generaliter

537 3225 680 3281 enim
706 3225 948 3283 omnium
974 3225 1287 3282 caelestium
1309 3240 1596 3294 corporum
1622 3224 1915 3280 lucentium
1955 3239 2118 3294 super

538 3319 740 3370 terram
794 3315 1157 3372 conditionem
1213 3315 1502 3386 expressit.
1552 3312 1793 3382 Quorum
1849 3314 2114 3383 quaedam

2226 2120 2377 2182 dens,
2431 2133 2534 2173 non
2591 2120 2923 2191 privaretur.
2969 2120 3047 2176 Ac
3091 2136 3190 2190 per
3240 2122 3345 2176 hoc
3374 2119 3797 2176 subtractaomui

2223 2210 2576 2279 ambiguitate
2622 2211 2928 2277 coniicitur,
2977 2219 3126 2266 tanto
3148 2214 3355 2283 ~spatio
3386 2213 3575 2267 lunam
3610 2221 3795 2266 atem

2222 2302 2482 2371 elongari,
2518 2313 2721 2373 quanto
2748 2304 3035 2359 intervallo
3063 2306 3240 2361 noctis
3269 2307 3528 2361 umbram
3559 2305 3695 2360 ratio
3718 2304 3797 2360 do-

2222 2401 2308 2448 cet
2330 2395 2596 2465 protendi.
2623 2395 2967 2451 Protenditur
2988 2404 3169 2452 autem
3202 2398 3382 2452 noctis
3417 2398 3617 2452 umbra
3645 2409 3797 2467 usque

2223 2484 2288 2541 ad
2320 2484 2479 2539 lunae
2506 2485 2791 2541 circulum.
2818 2485 3040 2543 Noctem
3072 2487 3116 2518 "
3164 2488 3334 2558 igitur
3360 2496 3589 2542 centum
3629 2484 3798 2558 viginti

2221 2586 2314 2627 sex
2346 2573 2583 2629 millibus
2603 2576 2897 2632 stadiorum
2934 2578 2988 2632 in
3015 2577 3187 2633 altum
3212 2578 3349 2649 erigi
3377 2578 3669 2634 manifesta
3687 2579 3798 2633 edo-

2221 2671 2310 2717 cet
2336 2664 2379 2694 “
2427 2666 2584 2720 ratio.
2622 2666 2741 2734 Quo
2769 2678 2948 2726 autem
2981 2680 3304 2740 argumento
3353 2682 3587 2728 centum

2222 2769 2316 2809 sex
2369 2758 2670 2813 stadiorum
2704 2760 2872 2815 millia
2900 2761 3080 2815 lunam
3109 2777 3140 2816 a
3173 2771 3317 2818 terra
3372 2765 3587 2820 distare
3616 2762 3799 2819 indeli-

2221 2855 2399 2902 tauter
2427 2851 2712 2919 approbari
2734 2853 2926 2921 possit,
2955 2853 3320 2925 diligentioris
3338 2854 3798 2926 inquisitime

2220 2939 2385 3011 diget.
2428 2941 2572 2998 DISC.
2606 2943 2788 2999 Plane.
2839 2946 3028 3003 Adhuc
3066 2948 3214 3005 enim
3250 2949 3318 3005 de
3346 2949 3460 3005 hac
3502 2949 3797 3019 quaestione

2219 3028 2363 3089 nulla
2407 3032 2538 3086 mihi
2567 3034 2705 3089 ratio
2729 3032 3073 3091 satisfaciens
3098 3036 3330 3093 refulsit.
3381 3037 3533 3096 MAG.
3571 3038 3795 3093 luteam

2218 3121 2403 3191 itaque
2417 3124 2680 3192 perspice,
2717 3140 2859 3194 quae
2878 3126 3008 3182 mihi
3025 3129 3345 3184 verisimilia
3360 3129 3431 3184 de
3453 3130 3547 3186 his
3571 3130 3796 3185 videntur

2218 3225 2248 3265 a
2281 3210 2615 3283 philosophis
2636 3214 2874 3269 inventa.
2892 3216 2968 3270 Ex
2990 3219 3312 3287 gnomonice
3331 3220 3567 3291 quippe,
3583 3220 3683 3275 hoe
3701 3229 3794 3287 est.

2220 3300 2533 3371 horologica
2560 3304 2924 3373 speculatione
2947 3308 3286 3376 praedictum
3302 3310 3551 3380 spatium
3573 3323 3629 3367 et
3650 3325 3797 3382 quae-

536 3404 752 3475 qumem
773 3420 891 3461 non
936 3404 1096 3474 longe
1141 3419 1174 3459 ι
1222 3365 1365 3460 {enim
1411 3365 1613 3460 διειυᾶ
1651 3413 1795 3470 sum,
1850 3365 1909 3459 δι
1965 3403 2111 3469 luna,
2143 3365 2188 3429 θ
2218 3393 2382 3449 situm
2406 3396 2755 3452 subtiliterab
2780 3397 2847 3453 iis
2866 3365 2969 3463 est;
3002 3408 3058 3454 et
3087 3400 3293 3471 absque
3316 3365 3426 3456 ulla
3451 3365 3793 3474 ambiguitate

535 3511 677 3566 quae
711 3505 929 3552 centum
975 3494 1167 3566 viginti
1204 3508 1301 3551 sex
1346 3493 1581 3551 millibus
1607 3495 1936 3559 stadiorum,
1977 3501 2113 3553 teste

536 3587 867 3660 Pythagora,
900 3602 933 3642 a
959 3587 1168 3643 telluris
1198 3585 1340 3642 mole
1360 3584 1632 3641 exaltatur
1655 3585 1710 3641 in
1740 3585 1928 3641 altum.
1956 3584 2111 3642 Ideo-

536 3696 643 3753 que
667 3681 844 3737 vicina
872 3681 1036 3737 terris
1061 3679 1379 3750 appellatur,
1407 3679 1462 3734 in
1486 3677 1645 3750 cujus
1674 3679 1919 3735 umbram
1950 3693 2111 3749 saepe

536 3771 797 3834 incidens,
825 3770 986 3827 solari
1011 3769 1133 3826 luce
1177 3772 1413 3838 deserta,
1436 3768 1701 3826 defectum
1730 3769 1948 3825 luminis
1973 3769 2113 3839 pati-

538 3869 644 3916 tur.
696 3859 936 3930 llludque
977 3860 1234 3933 spatium,
1278 3875 1387 3931 quo
1412 3860 1539 3917 luna
1567 3862 1730 3916 distat
1757 3876 1786 3915 a
1819 3871 1982 3923 terra,
2032 3868 2112 3915 to-

532 3964 664 4007 num
714 3949 1035 4020 philosophi,
1091 3951 1194 4007 hoc
1240 3960 1344 4016 est,
1393 3951 1625 4021 spatium
1650 3965 1774 4007 cum
1803 3949 2109 4005 rationabili

532 4039 836 4112 quantitate
880 4050 1094 4097 vocant.
1126 4039 1345 4097 Duobus
1384 4040 1645 4111 siquidem
1688 4039 1861 4096 modis
1888 4040 2109 4097 harmo-

531 4132 657 4189 niae
678 4146 871 4189 vocum
893 4131 1053 4203 periti
1092 4140 1246 4189 tonos
1269 4133 1477 4189 dicunt.
1502 4129 1635 4188 Nam
1663 4140 1719 4190 et
1763 4132 2103 4199 diastemata,

530 4222 636 4279 hoc
659 4229 761 4287 est,
790 4237 1048 4279 sonorum
1067 4221 1373 4287 intervalla,
1402 4230 1459 4277 et
1508 4221 1784 4293 analogias
1809 4262 1826 4288 ,
1864 4222 1969 4279 hoc
1997 4229 2102 4287 est,

528 4324 719 4368 eorum
738 4313 1112 4383 proportiones
1138 4321 1295 4368 tonos
1329 4311 1619 4383 appellant.
1671 4311 1944 4379 Quaedam
1978 4326 2104 4369 vero

529 4403 588 4460 ln
635 4403 813 4459 medio
860 4404 1069 4470 mundi,
1095 4415 1157 4461 ut
1201 4404 1303 4470 sol,
1337 4418 1632 4474 omnesque
1683 4403 1926 4473 planetae
1952 4443 1969 4470 ,
2009 4402 2103 4474 qui

530 4492 677 4549 circa
704 4508 831 4550 eum
854 4486 1161 4549 volvuntur.
1186 4492 1460 4562 Quaedam
1487 4494 1539 4550 in
1558 4492 1919 4563 superioribus
1946 4507 2103 4549 mun-

530 4583 587 4639 di
613 4583 883 4654 partlbus.
910 4592 971 4640 ut
987 4591 1116 4640 sunt
1142 4583 1165 4616 ³
1196 4597 1464 4641 astrorum
1486 4585 1659 4641 chori.

2156 3482 2187 3498 “’
2217 3499 2513 3561 repertum.
2543 3490 2783 3559 Quorum
2800 3491 3150 3547 doctissimus
3166 3493 3384 3549 inomni
3407 3495 3795 3567 geometricaet

2215 3580 2535 3652 astrologica
2560 3581 2941 3652 supputatione
2961 3582 3354 3641 Eratosthenes
3365 3586 3789 3642 traditurl'uisse.

2213 3670 2444 3749 Scaphia
2475 3673 2738 3743 siquidem
2770 3673 2812 3704 ¹⁸
2837 3673 3093 3729 dicuntur
3118 3658 3344 3732 rotunda
3376 3693 3444 3733 ex
3491 3693 3624 3734 aere
3648 3692 3787 3741 vasa.

2212 3777 2355 3832 quae
2388 3763 2641 3818 horarum
2670 3763 2888 3831 ductus,
2914 3764 3038 3836 styli
3070 3765 3126 3819 in
3155 3766 3328 3822 medio
3357 3765 3529 3823 fundo
3559 3768 3653 3823 siti
3676 3781 3789 3838 ps-

2211 3856 2458 3922 ceritate,
2489 3857 2884 3913 discriminant.
2915 3857 3017 3924 Qui
3056 3859 3230 3931 stylus
3273 3874 3513 3930 gnomon
3561 3858 3782 3930 appr-h-

2212 3955 2331 4012 tur;
2377 3962 2409 4002 a
2442 3962 2570 4019 quo,
2596 3948 2762 4003 veluti
2790 3948 3022 4018 quodam
3050 3960 3266 4012 Centro,
3299 3949 3479 4005 lineae
3532 3951 3785 4005 domatur

2207 4040 2264 4096 in
2290 4049 2533 4095 extrema
2558 4040 2923 4119 scaphiorum.
2950 4040 3101 4107 Quae
3126 4041 3298 4098 lineae
3325 4050 3505 4099 totum
3538 4038 3782 4110 horologii

2207 4134 2468 4188 ambitum
2500 4132 2553 4187 in
2606 4131 2770 4189 XXIV
2821 4132 2994 4204 spatia
3031 4133 3434 4195 discriminant.
3462 4133 3573 4189 hoc
3612 4128 3781 4195 est,ia

2206 4222 2374 4280 XXIV
2434 4224 2693 4279 horarum
2750 4224 3018 4290 morulas,
3070 4225 3269 4294 quibus
3326 4223 3498 4278 totius
3551 4218 3781 4277 επιειὺ

2205 4318 2466 4389 sphaerae
2490 4316 2788 4387 amplitudo
2815 4316 2960 4373 circa
2995 4325 3200 4371 terram
3233 4316 3600 4381 convolvitur,
3626 4315 3779 4369 deus

2204 4408 2271 4463 ad
2296 4408 2527 4462 eundem
2557 4407 2720 4462 situm
2750 4406 3011 4462 naturalis
3055 4406 3382 4471 horizontis,
3419 4421 3583 4475 quem
3626 4400 3779 4475 pne

2203 4503 2467 4560 tenuerat,
2500 4505 2822 4553 revertatur.
2849 4494 3134 4553 Praefatus
3168 4496 3349 4566 itaque
3373 4495 3773 4566 Erath

2200 4598 2409 4645 motum
2440 4591 2665 4647 umbrae
2700 4590 2823 4663 styli
2849 4606 2948 4663 per
2974 4591 3149 4662 spatia
3194 4559 3461 4657 horologii

604 4675 695 4732 55.
724 4674 882 4785 1ΙΜξίξἶ
1050 4674 1303 4740 circulis,
1354 4676 1525 4746 deque
1574 4676 1876 4785 interstitiis
1930 4677 2178 4785 caele-1)
2203 4682 2663 4748 animadvertens,
2705 4693 2889 4754 aperte
2930 4683 3218 4749 intellexit,
3246 4698 3417 4739 unam
3457 4681 3775 4753 undaque

530 4765 696 4821 stium
724 4764 1283 4837 lucidissimorumque
1301 4781 1610 4837 corporum,
1634 4766 1911 4838 multiplex
1926 4768 2100 4824 varia-

531 4873 639 4928 que
694 4857 992 4929 sapientum
1040 4858 1224 4915 mundi
1275 4859 1458 4930 opinio
1495 4868 1581 4916 est
1621 4860 1666 4926 ‘,
1703 4867 1758 4914 et
1803 4860 1870 4916 ad
1899 4859 2099 4917 nullam

528 4957 739 5006 certam
783 4949 1071 5019 rationem,
1108 4960 1368 5020 quantum
1418 4950 1548 5006 mihi
1573 4951 1809 5018 videtur,
1843 4952 2095 5009 deducta.

525 5041 782 5112 ideoque,
820 5056 1040 5111 quaeso,
1091 5042 1137 5098 si
1183 5043 1312 5113 quid
1355 5041 1423 5098 de
1451 5042 1644 5099 talibus
1695 5044 1984 5100 verisimile
2006 5053 2100 5100 aut

528 5134 720 5189 rationi
743 5135 1068 5191 conveniens
1097 5134 1189 5190 tibi
1213 5136 1385 5189 visum
1413 5145 1514 5201 est,
1542 5135 1835 5205 explanare
1856 5151 1963 5193 non
1994 5135 2096 5192 dif-

516 5219 693 5280 .feras.
713 5222 853 5281 Mss.
873 5223 934 5280 In
958 5224 1174 5297 longum
1199 5239 1299 5281 nos
1316 5225 1504 5291 mittis,
1531 5242 1653 5281 cum
1682 5226 1885 5291 videas,
1917 5227 1985 5281 ad
2010 5243 2095 5283 re-

526 5309 696 5370 bona.
714 5328 855 5368 quae
873 5316 939 5368 de
954 5312 1329 5366 ooerihus‘sex
1351 5315 1555 5364 dierum
1583 5318 1806 5364 dicenda
1827 5327 1970 5364 sunt-
1994 5333 2090 5364 nn—

2208 4777 2473 4831 rationem
2503 4790 2624 4831 esse
2648 4777 2702 4832 in
2732 4787 2876 4832 motu
2906 4775 3129 4833 umbrae
3166 4791 3265 4847 per
3312 4777 3580 4832 horarum
3623 4775 3773 4831 inta-

2205 4866 2343 4920 valla
2374 4866 2519 4922 circa
2538 4867 2800 4936 horologii
2825 4866 3021 4939 stylum
3047 4867 3117 4934 ⁸⁸,
3145 4867 3312 4937 inque
3332 4870 3523 4924 noctis
3561 4864 3772 4923 dmin

2205 4972 2302 5028 per
2320 4960 2613 5013 earundem
2642 4958 2899 5013 horarum
2944 4958 3119 5029 spatia
3168 4959 3318 5015 circa
3364 4959 3583 5014 telluris
3622 4953 3775 5012 anﬂ-

2205 5058 2352 5116 tum;
2385 5050 2438 5104 in
2471 5057 2703 5114 tantum,
2730 5059 2788 5104 ut
2812 5065 3002 5113 onme,
3033 5050 3175 5120 quod
3206 5050 3262 5105 in
3300 5051 3454 5107 vasis
3479 5045 3774 5119 horoscq'.

2201 5139 2302 5193 hoc
2323 5146 2426 5204 est,
2453 5135 2719 5207 signiferi,
2746 5138 3082 5207 perspicitur,
3114 5138 3284 5193 simili
3318 5133 3775 5211 speculationeh

2198 5239 2354 5296 motu,
2376 5230 2686 5285 caelestium
2713 5244 2996 5300 corporum
3028 5229 3390 5300 intelligatur.
3437 5228 3661 5286 Vel-nali
3685 5228 3776 5285 ib

2198 5334 2305 5364 mm
2333 5318 2675 5372 aenuinoclio
2700 5320 2924 5375 umbrae
2948 5318 3069 5392 styli
3086 5319 3382 5388 prolixius
3402 5322 3776 5389 τιμῶ-.-
