4064 6292
252 401 354 465 7i?

1099 403 1189 460 an
1227 400 1567 461 nmsnonn
1604 396 1957 463 unum.
1996 385 2067 446 ἰ-
2102 394 2304 459 LIBER
2344 399 2663 460 manus.

3407 395 3515 464 713

253 524 554 580 diametros
574 521 593 554 ¹
617 528 705 578 est
742 521 906 579 totius
927 522 1164 581 ambitus
1188 518 1471 597 horologii.
1501 525 1579 581 Ac
1607 540 1705 597 per
1731 524 1836 582 hoc
1940 534 2172 594 reperta,
2198 521 2353 579 facile
2400 533 2503 589 est,
2534 522 2758 587 lineam,
2787 534 2926 591 quae
2973 520 3164 577 divadit
3226 522 3280 577 in
3324 530 3513 592 partes

253 629 288 671 ε
348 612 536 670 umbra
579 612 706 685 styli
736 613 789 668 in
830 613 1173 684 aequinoctio
1196 610 1493 671 diametros
1520 623 1604 671 est
1631 626 1686 672 et
1710 607 1835 687 styli

253 714 312 761 et
354 703 642 775 horologii.
698 703 765 757 Et
827 704 954 775 quia
1015 708 1194 761 omnis
1244 705 1540 762 diametros
1598 708 1664 762 ab
1719 708 1836 778 ipsa

254 790 509 866 sphaera,
536 808 632 849 seu
663 792 892 860 circulo,
916 796 1068 866 cuius
1089 796 1382 854 diametros
1402 806 1503 864 est,
1531 798 1693 870 duplo
1741 814 1836 855 su-

253 892 514 956 peratu‘r,
554 884 864 941 necessario
887 886 1077 942 umbra
1108 888 1231 960 styli
1259 890 1447 945 circuli
1469 891 1697 960 duplicis
1745 906 1837 947 ηδ

254 979 457 1034 tionem
483 978 697 1047 reddit;
754 980 917 1052 duplo
942 981 1088 1036 enim
1115 982 1351 1039 vincitur
1377 983 1444 1039 ab
1471 983 1588 1055 ipso
1633 984 1839 1040 circulo

254 1080 354 1127 seu
381 1069 645 1139 sphaera,
679 1070 835 1141 cujus
866 1073 1128 1128 medietas
1169 1072 1516 1130 constituitur
1542 1077 1585 1129 '.
1618 1075 1751 1131 Nam
1782 1083 1842 1133 et

253 1158 465 1216 denarii
490 1160 724 1228 numeri,
767 1161 932 1217 veluti
983 1163 1257 1233 cujusdam
1299 1164 1522 1233 circuli,
1554 1166 1840 1237 quinarius

255 1249 554 1307 diametros
567 1251 588 1283 ⁸
601 1259 705 1308 est.
721 1252 836 1309 Hac
850 1252 1031 1325 itaque
1047 1256 1256 1311 ratione
1268 1255 1529 1329 horologii
1555 1259 1841 1328 perspicue

252 1341 553 1409 intellecta,
582 1343 667 1399 vir
691 1344 902 1414 sagacis
926 1345 1127 1417 ingenii
1161 1346 1548 1427 Eratogthenes
1576 1348 1840 1404 ambitum

253 1435 428 1493 totius
448 1444 622 1494 teme
642 1436 825 1493 subtili
849 1437 1097 1509 indagine
1125 1437 1149 1471 ⁸
1175 1424 1472 1510 requisivit.
1494 1439 1572 1495 Ac
1603 1441 1839 1511 primum

251 1525 475 1599 quidem
504 1527 774 1597 cognovit,
804 1527 1065 1584 ambitum
1087 1529 1494 1596 aequinoctialis
1523 1530 1727 1589 circuli.
1747 1533 1841 1602 qui

254 1622 431 1673 totum
459 1617 644 1673 orbem
672 1626 975 1684 terrarum,
1010 1628 1287 1692 totamque
1319 1621 1607 1679 caelestem
1647 1625 1847 1693 sphaeb

252 1720 377 1762 ram
408 1706 463 1762 in
502 1707 638 1764 duas
662 1708 915 1779 aequales
940 1719 1089 1767 secat
1138 1721 1339 1781 partes,
1385 1704 1642 1770 trecentis
1685 1728 1843 1771 sexaa

251 1798 406 1870 ginta
434 1800 681 1870 partibus
712 1801 992 1871 compleri.
1026 1801 1267 1870 Quarum
1312 1803 1688 1862 duodecimam
1719 1820 1844 1878 por-

1940 613 2212 685 aequales,
2240 612 2618 668 incunctanter
2642 612 2974 683 dignoscere.
3000 611 3233 669 Proinde
3258 626 3358 683 per
3379 613 3515 670 Geo-

1939 705 2195 762 metricos
2212 706 2355 776 regis
2369 704 2690 770 Ptolemaei,
2701 712 2901 774 quanta
2914 705 3090 775 portio
3112 705 3315 761 telluris
3335 715 3478 762 esset
3488 705 3513 739 '

1939 799 2083 855 inter
2111 798 2326 854 Meroen
2359 805 2415 853 et
2452 792 2707 870 Siénem,
2729 797 2933 853 certior
2968 796 3143 852 factus
3167 796 3190 828 '
3214 812 3312 868 per
3330 796 3516 853 simili-

1940 890 2181 946 tudinem
2227 881 2472 955 ﬁmbrae,
2496 888 2838 946 meridionali
2867 897 3106 959 tempore
3143 888 3510 959 aequinoctia-

1940 983 2010 1039 lis
2033 983 2137 1038 diei
2170 983 2224 1037 in
2250 982 2604 1054 septingentis
2633 981 2825 1037 stadiis
2847 996 3010 1036 unam
3055 986 3265 1051 partem
3308 980 3514 1037 invenit

1943 1082 2296 1144 compertam.
2337 1073 2509 1141 Quam
2541 1073 2828 1128 trecenties
2860 1072 3136 1141 sexagies.
3161 1070 3265 1126 hoc
3292 1078 3394 1135 est,
3420 1078 3520 1143 per

1943 1167 2331 1240 longitudinem
2395 1163 2800 1237 aequinoctialis
2853 1164 3044 1220 circuli
3108 1162 3469 1233 multiplicans
3498 1204 3515 1230 ,

1946 1257 2152 1327 absque
2192 1256 2298 1311 ullo
2333 1271 2518 1311 errore
2568 1254 2971 1326 amplitudinem
3007 1254 3172 1310 totius
3221 1253 3424 1310 telluris
3460 1254 3519 1308 in

1946 1348 2197 1403 ducentis
2242 1347 2630 1418 quinquaginta
2681 1345 2891 1401 duobus
2947 1343 3179 1401 millibus
3226 1346 3520 1403 stadiorum

1948 1438 2170 1507 reperit.
2201 1436 2550 1508 Septingenta
2585 1448 2817 1507 namque
2843 1435 3013 1491 stadia
3044 1438 3331 1493 trecenties
3362 1452 3520 1493 sexa-

1945 1532 2064 1603 gies
2104 1532 2456 1602 multiplicata
2496 1531 2728 1586 ducenta
2768 1529 3153 1600 quinquaginta
3196 1529 3303 1586 duo
3358 1529 3524 1585 millia

1949 1623 2248 1680 stadiorum
2275 1622 2554 1693 colligunt.
2590 1622 2762 1688 Quem
2792 1634 3078 1677 numerum
3104 1621 3403 1689 aequaliter
3442 1622 3525 1678 di-.

1950 1714 2164 1779 ridens,
2191 1715 2537 1770 medietatem
2572 1713 2736 1778 illius,
2767 1712 2870 1767 hoc
2919 1721 3033 1776 est,
3065 1721 3284 1769 centum
3310 1712 3524 1783 'viginti

1950 1821 2046 1861 sex
2075 1805 2242 1862 millia
2273 1805 2570 1862 stadiorum
2600 1805 2653 1858 in
2690 1804 2956 1859 diametro
2986 1802 3212 1869 telluris,
3234 1803 3398 1872 inque
3447 1802 3527 1856 lu-

267 1889 497 1958 tionem,
528 1891 631 1948 hoc
653 1904 756 1959 est,
785 1895 1001 1965 triginta
1051 1908 1271 1966 partes,
1300 1898 1504 1955 duabus
1538 1900 1687 1957 horis
1708 1901 1846 1958 oriri
1877 1904 1926 1967 Β
1953 1913 2056 1955 nae
2116 1914 2181 1955 ac
2258 1906 2438 1954 terrae
2514 1896 2917 1967 intercapedine
2976 1894 3315 1950 intellexerat
3381 1909 3523 1950 esse.

252 1993 358 2038 seu
401 1982 667 2050 occidere,
711 1998 810 2040 seu
859 1984 881 2016 ⁸
919 1986 985 2041 de
1031 1985 1169 2052 loco,
1198 2003 1295 2058 per
1318 2004 1479 2060 quem
1518 2000 1844 2058 moventur,

257 2072 517 2130 recedere
580 2072 603 2106 ⁶
662 2073 1032 2133 indubitanter
1098 2078 1386 2135 intellexit.
1453 2081 1640 2153 itaque
1695 2084 1844 2152 quod

256 2166 454 2221 umbra
478 2166 532 2222 in
564 2166 841 2240 horologia
886 2171 1068 2226 sensui
1110 2171 1333 2239 indicat,
1374 2174 1477 2230 hoc
1529 2174 1845 2232 caelestium

257 2271 548 2328 corporum
574 2258 596 2291 ⁷
621 2258 996 2319 incessabilem
1027 2272 1232 2319 motum
1276 2263 1489 2321 ellicere
1536 2268 1675 2322 ratio
1714 2282 1845 2338 pro.

257 2347 376 2404 bat.
402 2347 517 2405 Non
538 2351 685 2409 enim
717 2353 904 2409 umbra
945 2354 1070 2426 styli
1096 2372 1192 2426 per
1213 2357 1520 2428 horologica
1561 2359 1845 2416 intervalla

259 2450 590 2507 moveretur,
623 2443 798 2500 sinon
828 2447 1128 2502 aetherium
1172 2463 1369 2518 corpus
1406 2466 1530 2506 cum
1577 2452 1848 2509 sideribus

258 2530 379 2588 suis
410 2524 553 2588 circa
591 2540 793 2589 terram
818 2535 1351 2595 circumvolveretur.
1370 2540 1522 2608 Quod
1547 2556 1679 2613 ergo
1705 2545 1851 2601 valet

256 2623 433 2682 moles
462 2633 640 2683 terrae
667 2627 722 2683 in
754 2630 933 2688 medio
959 2632 1170 2698 mundi,
1216 2633 1321 2690 hoc
1373 2634 1517 2692 valet
1561 2637 1736 2709 stylus
1787 2639 1849 2694 in

196 2782 200 2785 Α
261 2715 445 2771 medio
503 2715 788 2792 horologii.
841 2720 910 2777 Et
966 2724 1416 2792 quemadmodum
1470 2728 1662 2783 umbra
1719 2729 1850 2801 styli

261 2804 411 2863 circa
462 2807 700 2879 seipsum
748 2826 846 2882 per
875 2813 1136 2870 ambitum
1167 2817 1374 2886 scaphii
1399 2819 1848 2889 circumducitur,

264 2897 343 2954 ita
371 2915 499 2966 nox,
521 2916 660 2973 quae
685 2913 769 2959 est
802 2907 995 2961 umbra
1022 2918 1224 2974 terrae,
1249 2909 1396 2964 circa
1432 2911 1602 2980 ipsam
1644 2920 1851 2969 terram

266 2990 505 3062 undique
531 3007 630 3063 per
654 2995 825 3065 spatia
871 2997 1016 3055 aeris
1044 2999 1224 3055 lunam
1270 3016 1304 3055 a
1334 3009 1479 3057 terra
1518 3006 1853 3076 segregantis

264 3080 710 3145 circumvehitur.
760 3085 853 3143 Sol
895 3098 1075 3145 autem
1121 3090 1264 3146 idem
1314 3093 1381 3149 de
1426 3095 1747 3166 corporibus
1796 3100 1856 3154 et

269 3178 467 3239 terrae,
489 3183 543 3230 et
566 3176 693 3248 styli
716 3177 962 3234 umbram
983 3180 1138 3251 jacit.
1172 3179 1274 3249 Qui
1319 3183 1559 3255 quidem,
1607 3185 1747 3241 sicut
1797 3188 1854 3243 in

1950 1990 2159 2046 Exinde
2185 1998 2445 2060 quantum
2489 1986 2713 2059 perfecti
2764 1986 2973 2043 numeri
3030 1986 3083 2042 in
3136 1986 3222 2041 his
3279 1985 3531 2043 omnibus

1950 2081 2165 2148 visent,
2195 2079 2443 2135 senarius
2468 2077 2719 2132 videlicet
2748 2085 2803 2132 et
2832 2076 3169 2147 septenarius
3202 2082 3259 2132 et
3303 2086 3532 2132 octona-

1950 2173 2086 2237 rius,
2113 2173 2169 2228 in
2200 2173 2396 2242 quibus
2418 2172 2653 2227 maxima
2682 2171 2999 2243 symphonia
3039 2170 3278 2226 musicae
3302 2179 3528 2225 natura-

1952 2264 2079 2321 liter
2122 2262 2511 2329 constituitur,
2563 2276 2703 2333 quae
2735 2262 2996 2333 diapason
3041 2261 3304 2317 vocatur!
3362 2260 3534 2316 Habet

1951 2356 2100 2411 enim
2125 2363 2250 2411 octo
2276 2370 2460 2421 sonos,
2479 2364 2685 2424 septem
2711 2354 2905 2424 spatia,
2925 2366 3021 2410 sex
3050 2361 3228 2408 tonos.
3275 2351 3533 2407 Senarius

1952 2462 2189 2518 namque
2218 2461 2476 2502 numerus
2510 2458 2608 2517 per
2631 2447 2863 2516 seipsum
2898 2444 3302 2515 multiplicatus,
3344 2444 3396 2499 id
3429 2452 3532 2512 est,

1953 2552 2050 2594 sex
2077 2540 2274 2603 sexies,
2292 2539 2511 2610 triginta
2537 2552 2633 2594 sex
2661 2536 2839 2593 edicit.
2865 2536 2982 2605 Quo
3007 2550 3233 2593 numero
3256 2536 3299 2591 si
3324 2543 3531 2605 septem

1953 2630 2125 2686 millia
2152 2629 2625 2701 multiplicaveris,
2670 2631 2914 2686 invenies
2956 2628 3121 2685 totius
3170 2629 3316 2685 orbis
3368 2628 3537 2684 ambi-

1955 2732 2074 2779 tum
2104 2741 2120 2778 :
2150 2723 2414 2794 siquidem
2445 2730 2649 2793 septem
2698 2721 2865 2777 millia
2913 2721 3094 2777 tricies
3146 2735 3209 2777 ac
3250 2719 3294 2752 “
3333 2720 3533 2785 sexies,

1955 2823 2053 2869 aut
2110 2814 2332 2887 triginta
2388 2829 2482 2870 sex
2531 2814 2729 2885 septies
2780 2812 2973 2870 millies
3035 2812 3080 2846 “
3134 2810 3532 2883 multiplicata,

1957 2908 2189 2964 ducenta
2243 2908 2630 2979 quinquaginta
2680 2905 2789 2963 duo
2824 2904 2989 2962 millia
3028 2904 3076 2939 “
3116 2905 3413 2962 stadiorum
3458 2904 3539 2961 fa-

1959 3002 2148 3067 ciunt,
2176 3016 2285 3072 quo
2337 3010 2565 3057 numero
2612 3001 2778 3057 totius
2829 2998 3038 3057 telluris
3088 2998 3382 3070 amplitudo
3410 3013 3535 3055 con-

1959 3091 2197 3148 cluditur
2237 3091 2301 3147 “.
2348 3090 2407 3148 Si
2460 3100 2641 3147 autem
2692 3090 2963 3147 senarium
3007 3089 3090 3146 sui
3132 3088 3414 3153 diametri,
3445 3087 3541 3158 qui

1961 3192 2047 3240 est
2098 3181 2410 3248 ternarius,
2472 3180 2775 3252 quantitate
2831 3179 3299 3250 multiplicaveris,
3349 3177 3538 3234 decem

266 3266 637 3337 aequinoctio,
684 3269 984 3328 meridiano
1032 3281 1295 3344 tempore,
1341 3275 1397 3330 in
1448 3274 1556 3332 illis
1598 3275 1848 3347 partibus
1874 3268 1923 3337 C
1953 3285 2013 3332 et
2061 3283 2186 3333 octo
2244 3272 2457 3331 numeri
2509 3286 2779 3329 summam
2830 3272 3084 3330 conﬁcies
3137 3272 3212 3338 “,
3254 3285 3353 3342 per
3377 3286 3540 3341 quam

266 3355 418 3415 orbis
447 3362 730 3425 terrarum,
761 3375 905 3432 quae
924 3362 1306 3434 aequinoctiali
1333 3366 1541 3422 circqu
1562 3370 1856 3440 appropin-

267 3458 463 3539 quant,
486 3449 544 3505 in
571 3449 749 3539 Harpe
773 3453 896 3511 dico
918 3462 976 3512 et
1019 3454 1220 3528 Syene,
1268 3457 1518 3514 umbram
1567 3461 1857 3530 gnomonis

269 3538 409 3599 facit
436 3550 620 3600 tantae
648 3538 1011 3617 proceritatis,
1040 3540 1098 3606 ut
1144 3550 1469 3609 diametrum
1518 3553 1708 3624 ipsius,
1751 3555 1858 3611 hoc

267 3644 378 3702 est,
408 3636 750 3696 medietatem
771 3654 867 3696 seu
899 3641 1064 3712 paulo
1090 3643 1228 3714 plus,
1259 3644 1432 3715 possit
1465 3645 1754 3717 attingere,
1780 3649 1856 3704 ita

269 3742 342 3797 ex
362 3728 512 3784 omni
542 3728 686 3786 mole
714 3728 923 3789 telluris
954 3732 1154 3804 ubique
1195 3734 1443 3791 umbram
1469 3736 1765 3806 protendit,
1794 3747 1858 3795 ut

271 3816 345 3871 ad
372 3815 632 3873 circulum
672 3816 856 3887 lunae,
898 3835 991 3877 seu
1038 3820 1202 3893 paulo
1248 3824 1518 3895 superius,
1564 3827 1853 3883 exaltetur.

272 3906 431 3978 Quod
453 3909 622 3980 ipsius
648 3910 812 3970 lunae
832 3915 1027 3984 probat
1053 3913 1313 3973 defectus.
1346 3917 1403 3974 Si
1453 3920 1602 3974 enim
1647 3918 1857 3992 aliquae

270 3999 420 4061 tiens
448 4000 638 4059 umbra
668 4010 847 4060 terrae
874 4001 1012 4060 ultra
1053 4003 1299 4062 lunarem
1326 4006 1588 4064 circulum
1618 4024 1727 4066 non
1755 4025 1858 4066 ex-

272 4091 618 4159 tenderetur,
643 4107 753 4149 non
800 4092 1047 4152 fortassis
1084 4095 1277 4153 solaris
1320 4097 1460 4155 lueis
1510 4115 1695 4159 casum
1740 4101 1859 4172 ipsa

269 4179 402 4237 luna
430 4192 726 4254 pateretur.
762 4183 924 4254 Nam,
966 4194 1027 4243 ut
1072 4186 1224 4247 aiunt
1274 4188 1609 4262 philosophi,
1652 4192 1862 4251 lunaris

272 4274 468 4335 circuli
496 4285 742 4334 centrum
793 4285 939 4339 terra
986 4288 1103 4348 est;
1156 4282 1404 4351 quamvis
1455 4283 1746 4354 aliquando
1800 4285 1862 4342 in

272 4367 434 4440 signo
459 4370 600 4426 tauri
619 4368 781 4427 altius
809 4370 1085 4442 paululum
1109 4372 1354 4445 elongari
1383 4373 1454 4430 ab
1496 4391 1563 4432 eo
1604 4376 1860 4433 aestime-

275 4468 390 4527 tur,
426 4462 517 4518 ubi
543 4462 809 4521 altissima
836 4464 1015 4535 apsis,
1043 4466 1148 4523 hoc
1168 4473 1273 4531 est,
1299 4464 1526 4524 altitudo
1552 4468 1639 4524 atii
1668 4467 1861 4524 circuli

272 4559 501 4625 putatur
539 4567 683 4621 esse,
723 4554 954 4626 ideoque
978 4569 1087 4613 non
1131 4556 1483 4628 inaequalitas
1509 4559 1595 4615 sui
1623 4557 1863 4615 ambitus

1960 3374 2170 3438 septem
2235 3364 2400 3420 millia
2471 3363 2768 3419 stadiorum
2826 3362 3177 3433 multiplicata
3215 3360 3538 3417 diametrum

1966 3460 2131 3515 totius
2174 3467 2354 3515 terrae
2390 3464 2785 3514 consummant.
2808 3454 3030 3527 Septem
3074 3452 3338 3526 siquidem
3369 3451 3539 3508 millia

1962 3549 2146 3607 decies
2195 3556 2251 3604 et
2295 3548 2485 3612 octies,
2538 3559 2635 3601 seu
2671 3544 2857 3601 decem
2891 3551 2951 3598 et
2996 3550 3120 3599 octo
3157 3541 3361 3613 septies
3417 3541 3540 3597 mil-

1963 3643 2094 3707 lies,
2124 3648 2340 3697 centum
2378 3638 2567 3712 viginti
2608 3651 2704 3693 sex
2737 3635 2906 3693 millia
2940 3634 3147 3691 faciunt
3180 3634 3255 3701 l';
3296 3634 3388 3703 qui
3439 3648 3542 3688 nu-

1966 3749 2151 3791 merus
2170 3732 2473 3789 stadiorum
2503 3738 2559 3787 et
2586 3740 2766 3786 terrae
2794 3727 3116 3785 diametrum
3137 3767 3152 3795 ,
3197 3733 3252 3782 et
3279 3725 3438 3781 lunae
3461 3734 3545 3780 at-

1965 3840 2074 3896 que
2122 3822 2331 3878 telluris
2373 3818 2826 3890 intercapedinem
2870 3816 3115 3873 collocat.
3160 3814 3546 3877 ProindeJton

1968 3911 2415 3971 irrationabiliter
2442 3909 2603 3965 lunae
2641 3904 3317 3977 terraeque-intercapedo,
3351 3905 3544 3960 totius-

1966 4020 2075 4077 que
2112 4002 2319 4059 telluris
2338 3998 2667 4071 complexio,
2700 3997 2813 4052 toni
2852 3995 3195 4066 proportione
3215 3992 3481 4051 contineri
3509 4005 3544 4047 a

1967 4095 2306 4171 philosophis
2361 4080 2764 4165 pronuntiatur.
2803 4086 3247 4156 Quattuordccim
3311 4098 3545 4154 namque

1968 4188 2135 4247 millia
2169 4184 2498 4249 stadiorum,
2524 4182 2706 4238 decies
2746 4188 2803 4236 et
2839 4178 3009 4235 octies
3054 4174 3422 4247 multiplicata,
3447 4172 3544 4230 du-

1966 4290 2126 4339 centa
2138 4276 2525 4351 quinquaginta
2548 4274 2653 4331 duo
2675 4271 2837 4329 millia
2865 4269 3087 4334 faciunt,
3114 4267 3373 4323 ambitum
3393 4266 3546 4323 vide-

1969 4376 2096 4432 licet
2124 4380 2334 4437 terrae;
2376 4368 2699 4426 diametrum
2741 4378 2872 4421 vero
2904 4363 3053 4434 ejus,
3082 4359 3347 4430 lunaeque
3384 4358 3454 4415 ab
3480 4371 3546 4416 ea

1970 4461 2284 4523 distantiam
2301 4502 2319 4529 ,
2342 4468 2551 4533 septem
2579 4456 2748 4514 millia
2774 4453 3071 4512 stadiorum
3099 4451 3276 4507 decies
3298 4457 3358 4506 et
3377 4449 3548 4506 octies

1971 4553 2326 4627 multiplicata
2372 4557 2658 4623 peragunt.
2707 4546 2905 4603 Decem
2943 4551 3125 4599 autem
3146 4548 3204 4598 et
3225 4548 3365 4605 octo,
3395 4553 3547 4595 cont-

273 4624 428 4703 circa
455 4653 678 4715 terram,
721 4624 912 4704 verum
956 4649 1182 4708 umbrae
1234 4624 1462 4707 altitudo
1510 4666 1677 4708 causa
1722 4650 1861 4708 ecli-
1886 4624 1944 4688 D
1967 4624 2145 4724 parati
2180 4647 2255 4704 ad
2281 4648 2467 4703 decem
2496 4650 2554 4700 et
2594 4657 2721 4708 sex,
2762 4653 2898 4711 quos
2935 4636 3021 4694 bis
3054 4642 3180 4692 octo
3206 4640 3544 4697 mensuram,

272 4752 442 4811 pscos
461 4737 578 4809 ejus
599 4739 934 4797 aestimanda
956 4749 1063 4800 est.
1104 4739 1494 4800 Eratosthenes
1525 4743 1690 4812 igitur
1731 4760 1854 4799 um-

274 4831 417 4888 brae
443 4839 621 4888 terrae
648 4830 984 4889 altitudinem
1031 4847 1102 4895 ex
1145 4833 1430 4905 gnomonis
1485 4834 1555 4890 ad
1606 4834 1858 4891 umbram

275 4936 439 4991 suam
464 4923 866 4994 comparatione
893 4924 1247 4997 investigans,
1262 4938 1727 4998 cognoscensque,
1744 4942 1859 4985 non

276 5015 427 5077 ultra
459 5016 631 5087 ipsam
661 5026 837 5076 terrae
863 5019 1186 5077 diametrum
1216 5019 1465 5087 exaltari,
1512 5028 1661 5077 tanta
1707 5019 1858 5076 enim

277 5106 511 5171 altitudo
535 5108 711 5166 noctis
734 5121 853 5174 est,
876 5117 1078 5179 quanta
1112 5109 1403 5179 spissitudo
1452 5110 1656 5168 telluris
1708 5111 1861 5167 intra

278 5198 735 5271 aequinoctialem
765 5199 1025 5256 circulum
1052 5210 1432 5268 mensuratae,
1489 5203 1642 5277 prius
1687 5201 1863 5259 ambi—

277 5297 404 5377 ῃιὲ
427 5297 607 5349 terrae
628 5290 912 5362 quaesivit,
963 5301 1025 5349 ut
1064 5307 1135 5348 ex
1186 5307 1252 5350 eo
1307 5293 1632 5353 diametrum
1678 5301 1865 5367 posset

277 5380 552 5441 invenire.
579 5381 952 5455 Amplitudine
978 5383 1247 5456 siquidem
1273 5385 1465 5445 circuli
1482 5402 1578 5446 seu
1598 5387 1865 5460 sphaerae

1970 4740 2083 4798 toni
2133 4738 2378 4796 obtinent
2423 4732 2859 4807 proportionem;
2894 4726 3068 4797 maior
3098 4726 3243 4784 enim
3287 4738 3547 4780 numerus

1970 4842 2159 4889 tonum
2204 4830 2467 4885 minorem
2509 4822 2728 4893 colligit,
2777 4828 3133 4889 octavamque
3173 4815 3292 4886 ejus
3314 4823 3541 4886 partem,

1970 4923 2065 4995 qui
2089 4929 2173 4977 est
2189 4917 2451 4976 biuarius.
2478 4913 2611 4970 Nam
2637 4909 3088 4985 quemadmodum
3112 4922 3304 4965 novem
3326 4906 3396 4995 ad
3420 4913 3546 4959 octo

1968 4994 2319 5086 proportione
2344 5007 2603 5079 epogdoa,
2645 5005 2719 5061 ita
2742 5003 2928 5061 decem
2954 5010 3010 5057 et
3033 5013 3224 5056 novem
3254 4997 3322 5052 ad
3349 4994 3544 5086 decem

1972 5082 2030 5162 et
2049 5082 2142 5161 sex
2165 5099 2498 5158 harmonicis
2518 5093 2971 5168 speculationibus
2989 5096 3333 5160 coaptantur.
3352 5082 3544 5143 Omnis

1968 5196 2236 5268 siquidem
2263 5206 2521 5249 numerus
2543 5187 2715 5258 major
2738 5187 2805 5254 ιο,
2836 5186 3101 5241 minorem
3128 5196 3188 5237 se
3215 5186 3270 5234 et
3291 5184 3543 5268 octavam

1969 5267 2199 5348 minoris
2224 5296 2433 5359 partem
2459 5283 2763 5345 continens,
2790 5278 3063 5349 epogdoos
3088 5273 3145 5328 in
3182 5268 3446 5359 numeris,
3486 5267 3542 5322 in

1969 5381 2191 5438 musicis
2219 5357 2349 5435 rere
2371 5386 2530 5433 tonus
2552 5373 2595 5407 "
2618 5381 2858 5429 vocatur.
2889 5366 2984 5422 llis
3008 5376 3139 5435 ergo
3165 5357 3466 5416 rationibus
3489 5363 3546 5412 et

1552 5500 1810 5559 VARIAE
1855 5490 2259 5553 LECTIONES.

354 5610 392 5684 ’7
428 5609 477 5667 Α
521 5611 792 5684 diemet",
839 5605 920 5684 sic
967 5609 1083 5684 τειξε
1124 5608 1343 5684 ubique.
1441 5606 1464 5642 ⁸
1496 5611 1647 5684 cujus
1697 5607 1950 5663 medietas
1995 5602 2344 5684 constituitur.
2387 5610 2498 5684 om.
2866 5580 3279 5684 diarium”;

362 5771 426 5810 ac
446 5768 560 5810 om.
587 5752 651 5811 (Ξ.
724 5752 769 5786 ⁸⁸
797 5750 986 5808 millies
1033 5765 1144 5810 om.
1174 5750 1238 5809 C.
1312 5753 1362 5789 ⁸³
1380 5752 1550 5808 millia
1590 5765 1702 5808 om.

283 5838 556 5885 summ.
588 5902 597 5905 γ
628 5821 675 5860 ι’
695 5822 746 5885 Δ
773 5829 949 5883 tam.

2322 5669 2346 5701 ⁸
2385 5649 2603 5724 AHqu
2643 5658 2862 5716 telluris.
2961 5656 2986 5690 ⁸
3014 5655 3062 5709 Α
3109 5660 3280 5724 certus
3313 5649 3547 5724 eiectus.

1892 5716 2345 5802 ἵῗονξζξιζάεωη
2385 5716 2771 5807 ’ἶι“[σῃῑσίει.
2846 5725 2891 5762 ⁸⁸
2921 5725 2970 5783 Δ
2991 5724 3146 5797 ﬁunt.
3222 5720 3268 5754 ¹⁶
3302 5716 3553 5789 [ωαίον

1830 5894 2011 5910 μιαί-νυνι*
2066 5894 2123 5914 ,Α
