4064 6292
833 392 1012 411 evo-orr-
1037 393 1050 401 ο
1078 392 1118 398 κ’
1186 393 1194 401 ’μ
1239 391 1270 396 ·“

535 408 644 468 719

1930 396 2213 461 JOANNIS
2253 400 2451 460 SCOTI

3109 374 3242 386 mum”
3293 372 3332 384 E-

3259 395 3265 402 ο

3715 395 3832 458 1i“)

539 525 694 584 orbis
720 530 990 591 ambitus,
1038 522 1265 597 ejusque
1293 521 1608 587 diametros,
1639 527 1695 576 et
1721 518 1974 591 spatium,
2019 533 2127 590 quo
2156 525 2206 584 Α
2235 534 2357 574 rum
2380 587 2382 590 ν
2405 514 2758 586 amplitudine
2807 523 3054 573 terrenae
3099 514 3278 583 molis,
3310 515 3595 587 noctisque
3639 515 3835 571 altitu—

537 617 667 674 luna
713 617 879 674 distat
908 633 938 672 a
970 625 1141 682 terra,
1182 625 1238 672 et
1281 617 1461 671 noctis
1487 613 1713 670 altitudo
1750 613 2130 668 incunctanter

539 710 937 781 comprehensa
966 718 1112 764 sunt.
1146 706 1203 763 Si
1230 717 1410 764 autem
1451 721 1700 779 quaeras,
1733 721 1830 762 cur
1849 713 1903 760 et
1924 701 2131 758 Plinius

431 788 439 847 ῗ
538 804 835 870 secundus,
886 811 942 858 et
983 802 1348 869 Ptolemaeus,
1394 802 1448 857 in
1490 800 1861 872 Geographico
1904 813 2024 865 suo,
2071 805 2134 853 ut

539 893 842 951 Martianus
863 894 1076 961 scribit,
1116 909 1224 950 non
1258 893 1377 964 plus
1418 909 1579 964 quam
1620 893 1910 964 quingenta
1955 889 2131 946 stadia

537 986 768 1061 singulis
790 986 1040 1058 partibus
1061 985 1517 1056 distribuunt,qni
1541 1001 1821 1052 numerus,
1838 982 2133 1040 trecenties

540 1081 791 1149 sexagies
812 1079 1219 1151 multiplicatus,
1253 1081 1512 1135 ambitum
1537 1079 1740 1136 telluris
1754 1078 1909 1150 juxta
1938 1078 2133 1134 Erato-

538 1169 748 1226 sthenis
791 1170 1228 1242 supputationem
1267 1171 1725 1241 comprehendere
1764 1185 1869 1225 non
1911 1168 2130 1239 poterit,

538 1278 650 1318 non
682 1262 814 1319 milii
842 1263 1000 1320 facile
1026 1265 1287 1331 occurrit,
1315 1264 1444 1335 quid
1486 1264 1864 1337 respondeam.
1897 1263 1955 1319 Si
1985 1263 2130 1320 enim

537 1354 765 1422 dixero,
819 1355 1216 1412 Eratosthenen
1274 1355 1395 1426 plus
1453 1341 1632 1412 terrae
1675 1356 2130 1427 magnitudinem,

539 1447 777 1504 Plinium
824 1437 964 1506 vero
1000 1459 1054 1506 et
1099 1449 1465 1506 Ptolemaeum
1498 1450 1515 1481 ¹
1545 1451 1724 1505 minus
1765 1448 2129 1516 existimasse,

537 1555 646 1596 non
668 1539 942 1597 videbitur
968 1541 1285 1609 verisimile,
1314 1542 1460 1613 quod
1486 1542 1629 1597 inter
1670 1557 1910 1597 summos
1945 1549 2134 1596 aucto-

535 1647 629 1687 res
651 1633 956 1689 mundanae
981 1634 1280 1705 sapientiae
1303 1642 1450 1690 tanta
1478 1634 1809 1691 dissonantia
1837 1635 1925 1702 sit,
1952 1643 2012 1690 ut
2039 1633 2131 1690 alii

541 1723 950 1794 amplitudinem
1021 1733 1201 1783 terrae
1265 1725 1498 1782 ducenta
1572 1725 1964 1797 quinquaginta
2025 1725 2132 1782 duo

541 1813 714 1868 millia
745 1815 767 1845 '
792 1815 1120 1882 stadiorum,
1158 1816 1249 1872 alii
1278 1825 1496 1873 centum
1542 1817 1812 1888 octoginta
1845 1814 2010 1871 millia
2042 1831 2131 1870 ar-

2229 615 2380 682 dinc,
2409 630 2548 686 quae
2569 613 2810 684 ejusdem
2833 613 2855 646 ⁸
2887 629 3177 671 mensurae
3213 622 3322 681 est,
3351 613 3504 684 cujus
3529 614 3698 669 etiam
3730 613 3836 668 tel-

2229 704 2364 761 luris
2388 705 2684 760 diametros
2706 705 3012 761 rationabili
3050 706 3526 778 argumentatione
3562 705 3835 776 repertis,

2233 799 2468 855 ambitus
2495 798 2730 865 lunaris,
2768 799 2954 854 circuli
2995 803 3247 873 prompte
3294 801 3687 874 quaerentibus
3729 816 3837 856 oc-

2233 891 2423 948 currit.
2459 889 2754 962 Triplicata
2799 891 3067 961 siquidem
3097 894 3274 950 noctis
3316 893 3546 949 altitudo
3577 893 3770 949 circuli
3814 893 3841 928 ⁹

2233 986 2440 1042 lunaris
2472 1026 2487 1051 ,
2519 985 2842 1042 diametrum
2873 984 3037 1040 emcit
3063 1003 3077 1040 :
3107 995 3324 1043 centum
3366 1003 3603 1058 namque
3637 986 3838 1056 viginti

2233 1094 2329 1136 sex
2369 1079 2536 1135 millia
2572 1079 2869 1135 stadiorum
2891 1120 2906 1145 ,
2939 1080 3101 1137 tertio
3133 1082 3400 1152 repetita,
3427 1076 3835 1142 CCCLXXVIII

2232 1169 2400 1226 millia
2449 1168 2674 1226 faciunt.
2737 1169 2836 1226 Est
2889 1169 3055 1241 igitur
3102 1172 3145 1203 ³ο
3184 1170 3393 1229 lunaris
3436 1173 3679 1229 circulus
3705 1173 3750 1208 “
3781 1173 3839 1230 in

2233 1262 2470 1318 millibus
2525 1262 2826 1317 stadiorum
2883 1260 3296 1319 CCCLXXVIII.
3348 1261 3409 1319 Si
3467 1273 3652 1318 autem
3721 1263 3842 1326 dia-

2233 1363 2466 1410 metrum
2497 1353 2859 1425 duplicaveris
2880 1355 2950 1421 ι’,
2973 1355 3082 1410 erit
3105 1356 3271 1411 totius
3292 1354 3479 1412 circuli
3508 1354 3753 1411 ambitus
3780 1354 3837 1411 in

2234 1445 2289 1502 in
2319 1444 2568 1502 DCCLVI
2598 1445 2840 1502 millibus
2871 1446 3192 1503 stadiorum.
3241 1446 3318 1504 De
3361 1463 3616 1504 mensura
3650 1457 3838 1504 autem

2233 1537 2440 1593 lunaris
2469 1538 2714 1608 corporis
2759 1538 3053 1600 multorum
3095 1539 3248 1596 varia
3293 1541 3477 1611 opinio
3523 1549 3631 1596 est.
3680 1539 3839 1596 Multi

2234 1630 2380 1686 enim
2396 1630 2604 1698 dicunt,
2621 1630 2837 1704 globum
2860 1632 3020 1688 lunae
3041 1632 3248 1689 telluris
3268 1632 3612 1705 amplitudini
3629 1648 3839 1704 aequa-

2234 1720 2342 1776 lem
2374 1737 2530 1789 esse;
2563 1732 2616 1778 et
2643 1721 2748 1778 hoc
2769 1732 3224 1795 argumentantur
3243 1741 3310 1780 ex
3342 1723 3530 1794 eclipsi
3562 1724 3715 1791 solis,
3739 1739 3839 1796 pn-

2239 1823 2418 1871 tantes
2448 1815 2630 1870 lunam
2679 1815 2889 1873 solares
2932 1816 3121 1874 radios
3141 1818 3210 1874 ab
3239 1817 3385 1873 omni
3420 1827 3568 1874 terra
3619 1817 3840 1875 autem

537 1914 926 1974 gumententur
965 1906 1238 1978 amplecti.
1289 1907 1590 1977 Quingenta
1642 1906 1907 1977 siquidem
1955 1906 2132 1961 stadia
2158 1905 2208 1966 B
2235 1921 2415 1978 posse.
2458 1906 2564 1963 Sed
2598 1907 2980 1979 aequinoctiali
3003 1909 3206 1965 circulo
3229 1910 3840 1981 appropinquantes,de

537 1993 817 2051 tricenties
835 1996 1102 2068 sexagies,
1127 1995 1368 2053 CLXXX
1391 1996 1556 2052 millia
1577 1997 1875 2052 stadiorum
1901 1995 2126 2052 faciunt.

539 2083 643 2154 Qui
679 2086 890 2142 numeri
919 2102 949 2142 a
979 2102 1040 2142 se
1065 2087 1297 2144 invicem
1337 2087 1650 2159 discrepant
1675 2087 1866 2143 LXXII
1895 2088 2130 2145 millibus

535 2176 856 2232 stadiorum.
904 2176 1234 2234 Praesertim
1259 2194 1383 2234 cum
1420 2178 1688 2250 praedicti
1721 2179 2010 2248 sapientes,
2043 2193 2130 2234 so-

535 2265 929 2337 lertissimique
949 2277 1266 2323 naturarum
1299 2268 1668 2338 inquisitores,
1694 2269 1988 2323 innumero
2012 2283 2133 2339 par-

534 2358 674 2413 tium
696 2357 1130 2428 aequinoctialis,
1155 2374 1252 2415 seu
1275 2358 1493 2414 Zodiaci
1516 2359 1727 2426 circuli,
1752 2359 2128 2415 consentiant:

533 2461 726 2502 omnes
776 2447 921 2503 enim
978 2449 1308 2505 unanimiter
1348 2458 1621 2507 trecentas
1670 2451 1951 2523 sexaginta
2008 2465 2132 2522 pro-

535 2538 808 2594 nuntiant.
839 2538 898 2594 Si
929 2540 1138 2605 dixero,
1169 2542 1382 2598 minora
1407 2543 1580 2600 stadia
1617 2544 1782 2610 hunc,
1817 2543 2133 2600 Eratosthe—

534 2645 660 2686 nem
686 2631 828 2699 dico,
859 2647 1224 2703 mensurasse,
1260 2650 1324 2691 ac
1349 2650 1448 2705 per
1488 2637 1594 2692 hoc
1635 2635 1895 2707 majorem
1941 2650 2133 2691 nume-

534 2739 657 2780 rum
679 2724 905 2798 singulis
925 2728 1172 2798 partibus
1193 2729 1426 2796 dedisse,
1456 2729 1577 2784 illos
1597 2745 1728 2785 vero
1751 2729 1955 2799 majora
1982 2729 2132 2786 ideo-

533 2830 641 2886 que
668 2817 944 2887 pauciora,
973 2821 1246 2890 quomodo
1287 2823 1395 2878 hoc
1425 2822 1446 2854 ³
1472 2822 1754 2895 probabile
1774 2822 2129 2895 judicabitur?

532 2907 670 2965 Nam
716 2912 932 2983 utrique
987 2914 1223 2970 stadium
1273 2913 1465 2971 CXXV
1514 2915 1766 2995 passibus
1824 2915 2129 2971 mensurari

535 3004 883 3061 conllrmant.
916 3004 1260 3078 Mihi'itaque
1296 3007 1513 3064 videtur
1541 3007 1940 3080 inaequalitatis
1966 3008 2128 3078 hujus

536 3108 699 3151 causa
753 3097 1075 3167 quantitatis
1126 3114 1385 3170 passuum
1424 3101 1867 3173 inaequalitatem
1915 3103 2128 3160 subste-

541 3187 676 3242 tisse
705 3186 748 3240 ⁴.
788 3187 934 3244 Fieri
961 3190 1105 3245 enim
1131 3192 1327 3260 potuit,
1359 3200 1414 3247 ut
1446 3192 1468 3224 '
1498 3193 1635 3252 duos
1658 3209 1960 3262 mensores,
1990 3209 2125 3265 quo-

2233 2001 2607 2073 magnitudine
2651 2001 2834 2067 lunae,
2875 2011 2935 2058 ut
2989 2001 3287 2059 Martianus
3331 2001 3541 2068 scribit,
3566 2004 3840 2060 verisimi-

2231 2093 2368 2150 liora
2393 2094 2609 2150 tradunt
2647 2093 2711 2159 ",
2735 2103 2789 2150 et
2818 2110 2886 2151 ex
2912 2093 3122 2150 defeCIu
3149 2095 3280 2151 solis
3316 2095 3712 2151 rationabiliter
3742 2110 3840 2168 ap-

2230 2188 2481 2257 probant.
2525 2186 2718 2243 Dicunt
2769 2188 2936 2254 enim,
2985 2189 3234 2244 umbram
3267 2189 3312 2220 “
3346 2189 3529 2256 lunae,
3560 2199 3840 2248 momento

2233 2277 2426 2333 solaris
2483 2275 2757 2342 defectus,
2801 2276 3294 2334 duodevicesimam
3349 2278 3560 2336 telluris
3620 2291 3841 2350 partem

2232 2366 2506 2424 occultare
2539 2368 2602 2421 ¹⁸.
2629 2367 2697 2422 Et
2725 2367 2770 2399 “
2791 2367 2917 2437 quia
2947 2383 3108 2424 omne
3149 2383 3347 2441 corpus
3398 2371 3596 2442 triplici
3641 2371 3840 2427 umbra

2233 2474 2350 2527 sua,
2397 2476 2560 2532 quam
2608 2460 2882 2517 metaliter
2920 2462 3080 2533 jacit,
3111 2463 3289 2534 majus
3313 2472 3417 2530 est,
3445 2463 3605 2521 lunae
3635 2479 3842 2536 corpus

2233 2563 2445 2609 sextam
2479 2562 2657 2609 terrae
2700 2563 2910 2624 partem
2958 2555 3013 2610 in
3074 2556 3432 2628 amplitudine
3479 2575 3575 2614 sua
3631 2558 3842 2618 habere

2235 2647 2532 2720 colligitur.
2578 2645 2660 2704 Ac
2685 2662 2784 2720 per
2807 2648 2930 2716 hoc,
2957 2650 3215 2719 quoniam
3242 2651 3692 2718 duodevicesima,
3729 2653 3841 2712 hoc

2233 2749 2316 2795 est
2344 2747 2401 2794 et
2435 2739 2477 2771 "
2510 2748 2702 2796 octava
2733 2740 2944 2796 decima
2977 2741 3141 2797 totius
3158 2750 3343 2812 terrae
3389 2744 3587 2815 portio,
3635 2752 3722 2800 est
3784 2745 3841 2800 in

2233 2828 2351 2888 XIV
2383 2830 2427 2864 ¹⁸
2459 2829 2698 2887 millibus
2743 2830 3065 2898 stadiorum,
3094 2834 3362 2904 sequitur,
3384 2844 3444 2890 ut
3478 2835 3591 2905 ipsa
3631 2843 3840 2891 octava

2233 2921 2441 2979 decima
2488 2937 2615 2993 pars
2663 2921 2936 2993 triplicata
2975 2923 3386 2994 amplitudinem
3442 2925 3643 2980 lunaris
3676 2924 3842 2996 globi

2231 3012 2498 3084 perficiat.
2555 3012 2676 3067 XIV
2738 3023 2941 3080 autem,
3005 3023 3092 3070 ter
3157 3016 3338 3087 ducta,
3397 3017 3533 3072 XLII
3599 3017 3840 3076 faciunt.

2233 3103 2602 3178 Quadraginta
2667 3107 2836 3179 igitur
2886 3109 2992 3166 duo
3051 3109 3220 3165 millia
3282 3111 3583 3168 stadiorum
3631 3111 3843 3183 ampli-

2232 3195 2475 3252 tudinem
2535 3196 2695 3252 lunae
2749 3193 3238 3270 comprehendunt.
3291 3199 3396 3256 Tot
3455 3201 3596 3256 enim
3650 3201 3842 3258 millia

531 3293 659 3352 rum
703 3295 846 3336 unus
896 3289 1104 3337 statura
1149 3282 1343 3352 major,
1398 3285 1537 3342 alter
1576 3287 1777 3355 minor,
1831 3287 2129 3359 majoribus
2155 3276 2202 3342 C
2236 3289 2532 3345 stadiorum
2584 3297 2794 3344 sextam
2844 3296 3055 3348 terrae‘
3087 3291 3337 3348 obtinent
3401 3301 3625 3364 partem.
3668 3290 3843 3363 Qua-

534 3370 949 3442 minoribusque
997 3375 1250 3444 passibus
1299 3379 1535 3434 stadium
1578 3395 1745 3435 unum
1786 3395 2126 3450 mensurare,

529 3461 766 3532 indeque
808 3464 982 3518 stadia
1024 3463 1229 3533 majora
1273 3469 1554 3526 minorave
1581 3471 1635 3525 in
1683 3485 1935 3527 mensura
1967 3471 2129 3529 unius

529 3553 704 3621 partis
725 3555 1046 3624 computari.
1072 3557 1331 3626 Quisnam
1352 3577 1460 3618 non
1484 3563 1795 3628 crediderit,
1817 3563 2122 3634 Herculem,

533 3655 693 3710 quem
717 3646 953 3713 primum
977 3645 1135 3716 juxta
1163 3649 1448 3723 Olympum
1475 3661 1716 3710 montem
1755 3656 1989 3712 stadium
2019 3657 2128 3712 fer-

531 3743 623 3788 tur
652 3751 1024 3807 mensurasse,
1073 3740 1370 3811 majoribus
1413 3745 1912 3818 incomparabiliter
1952 3748 2129 3819 passi-

531 3824 634 3893 bus
661 3836 718 3883 et
750 3828 979 3899 pedibus
1017 3847 1326 3890 mensuram
1357 3836 1535 3893 stadio
1580 3838 1816 3906 dedisse,
1845 3855 2010 3911 quam
2037 3856 2128 3897 cc-

532 3918 656 3985 teri,
704 3921 796 3992 qui
851 3932 973 3994 post
1014 3939 1138 3981 eum
1188 3928 1362 3984 stadia
1414 3931 1837 3987 mensurabant?
1876 3931 2012 3987 Nam
2057 3946 2127 3989 ex

533 4014 842 4081 quantitate
868 4018 1059 4085 stadii,
1106 4022 1249 4090 quod
1298 4023 1414 4092 ipse
1448 4025 1655 4094 primus
1690 4034 2125 4092 mensuraverat,

526 4116 786 4172 passuum
817 4121 1209 4185 gressuumque
1237 4111 1452 4181 ejus.ac
1475 4115 1673 4184 pedum
1701 4116 2034 4185 magnitudo,
2057 4131 2127 4174 ex

527 4196 726 4266 pedum
755 4214 884 4255 vero
922 4202 1276 4272 amplitudine
1324 4206 1489 4263 totius
1537 4217 1783 4264 staturae
1815 4209 1960 4266 illius
2006 4210 2126 4266 alti-

530 4290 660 4346 tudo
691 4293 980 4350 aestimata
1003 4305 1105 4352 est.
1133 4296 1273 4364 Quid
1300 4315 1430 4368 ergo
1453 4301 1675 4367 mirum,
1701 4303 1747 4358 si
1774 4318 1880 4358 una
1908 4305 2129 4360 eadem-

528 4395 637 4453 que
669 4384 828 4441 unius
856 4384 1208 4458 ejusdemque
1247 4390 1418 4460 partis
1476 4393 1826 4464 intercapedo
1867 4403 1922 4450 et
1968 4395 2129 4464 quin-

532 4481 692 4544 genta
723 4476 905 4542 simul,
938 4487 990 4533 et
1031 4480 1373 4552 septingenta
1418 4484 1591 4539 stadia
1623 4485 1823 4555 capiat,
1851 4496 1906 4542 et
1934 4503 2129 4544 unum-

529 4565 784 4636 quodque
831 4569 1066 4625 stadium
1107 4572 1298 4628 eodem
1339 4589 1566 4632 numero
1601 4591 1855 4646 passuum
1894 4587 1951 4634 et
1977 4593 2128 4650 gres-

2231 3382 2480 3455 draginta
2529 3398 2764 3453 namque
2814 3383 2923 3440 duo
2953 3385 3121 3440 millia
3164 3385 3364 3453 sexies,
3396 3384 3480 3442 vel
3523 3400 3616 3442 sex
3645 3383 3840 3441 millia

2231 3474 2555 3545 quadragies
2572 3473 2677 3541 bis,
2696 3473 2872 3532 CCLII
2898 3475 3067 3532 millia
3097 3477 3396 3533 stadiorum
3434 3476 3731 3533 cumulant.
3767 3475 3840 3534 Et

2231 3565 2541 3632 miraberis,
2600 3566 2802 3622 senarii
2850 3567 3061 3624 numeri
3097 3578 3152 3624 et
3198 3569 3488 3640 septenarii
3543 3567 3838 3639 reciproca

2230 3655 2432 3712 virtute
2484 3655 2646 3712 lunae
2690 3665 2854 3727 atque
2891 3656 3098 3714 telluris
3141 3657 3544 3729 amplitudinem
3573 3671 3840 3728 compre-

2230 3746 2415 3802 hendi.
2469 3745 2687 3818 Septem
2733 3747 3003 3818 siquidem
3047 3749 3247 3816 sexies,
3298 3749 3383 3805 vel
3442 3763 3534 3805 sex
3583 3748 3836 3818 septies,

2230 3835 2392 3904 XLII,
2420 3836 2582 3893 lunae
2608 3839 2860 3896 videlicet
2884 3839 3136 3912 globum;
3160 3850 3216 3897 et
3239 3841 3435 3896 iterum
3459 3838 3594 3895 XLII
3612 3841 3835 3909 sexies,

2231 3927 2429 3996 CCLII,
2481 3938 2662 3986 terrae
2721 3931 2931 3988 scilicet
2965 3932 3223 4001 spatium,
3254 3931 3308 3987 in
3338 3947 3469 4004 gyro
3506 3930 3840 4001 amplexam

2233 4030 2340 4078 tur.
2385 4021 2604 4094 Hosque
2647 4038 2838 4080 omnes
2880 4041 3139 4083 numeros
3170 4025 3225 4081 in
3257 4025 3495 4082 millibus
3518 4023 3835 4084 stadiorum

2231 4115 2557 4186 computari,
2591 4114 2730 4170 ratio
2777 4115 3058 4184 indicavit,
3112 4117 3181 4173 ad
3232 4117 3505 4173 cumulum
3536 4117 3836 4190 perfectis-

2231 4207 2402 4263 simae
2447 4206 2779 4264 naturalium
2835 4208 3022 4262 mundi
3071 4222 3360 4280 corporum
3417 4209 3835 4269 constitutionis

2229 4299 2705 4357 manifestandum.
2723 4300 2914 4359 Omnis
2927 4301 3193 4370 siquidem
3209 4303 3251 4336 ¹⁹
3263 4302 3610 4374 perfectionis
3628 4303 3832 4362 cubita

2231 4391 2512 4464 solidaque
2534 4391 2825 4448 millenarii
2855 4393 3067 4449 numeri
3108 4392 3366 4450 formatio
3389 4393 3432 4425 ³⁸
3461 4381 3832 4466 signiﬁcatrix

2230 4493 2333 4540 est.
2368 4482 2556 4538 Status
2602 4483 2787 4556 itaque
2816 4491 3044 4540 naturae
3087 4485 3327 4552 senario,
3358 4493 3539 4542 motus
3571 4495 3832 4558 septena-

2231 4575 2332 4641 rio,
2380 4574 2667 4645 utriusque
2713 4583 2894 4630 autem
2943 4574 3301 4632 immutabilis
3335 4575 3475 4632 ratio
3514 4575 3830 4633 millenario

533 4671 713 4722 suum,
747 4659 1052 4732 pedumque
1091 4665 1415 4736 computari,
1441 4667 1585 4738 ipsos
1628 4677 1809 4724 autem
1839 4685 2030 4738 passus
2067 4679 2123 4728 et
2148 4658 2202 4718 D
2227 4666 2584 4738 signiﬁcatur.
2619 4666 2715 4724 Est
2755 4667 2899 4722 enim
2933 4682 3118 4724 rerum
3165 4667 3409 4723 omnium
3439 4676 3620 4724 status
3649 4669 3828 4733 mobie

529 4762 750 4820 gressus
778 4768 842 4809 ac
873 4754 894 4786 ‘
923 4757 1088 4826 pedes
1118 4774 1224 4815 non
1272 4760 1511 4831 ejusdem
1539 4763 1858 4832 quantitatis
1898 4779 2036 4832 esse,
2062 4767 2119 4822 in

525 4842 846 4912 quibusdam
885 4849 1105 4919 quidem
1136 4850 1389 4921 majores,
1437 4853 1490 4908 in
1527 4854 1850 4924 quibusdam
1879 4857 1900 4888 ⁷
1939 4857 2116 4913 mino-

523 4949 634 5004 res,
670 4939 743 4994 ita
772 4948 834 4995 ut
871 4942 1168 5013 majoribus
1195 4956 1531 5014 mensurata,
1581 4950 1752 5006 stadia
1797 4950 2112 5023 quingenta,

525 5030 830 5086 minoribus
863 5047 990 5090 vero
1019 5035 1354 5106 septingenta
1380 5055 1546 5094 unum
1568 5039 1620 5094 id
1648 5039 1934 5112 ipsumque
1958 5044 2117 5101 unius

520 5123 692 5190 partis
716 5125 948 5196 spatium
980 5127 1292 5198 implerent?
1309 5129 1480 5186 Habet
1504 5141 1685 5188 autem
1706 5133 1938 5191 stadium
1959 5135 2117 5206 juxta

523 5228 777 5283 graecam
812 5221 1244 5290 supputationem
1264 5215 1572 5294 jugeraVI,
1603 5227 1815 5284 cubitos
1836 5227 1897 5295 C,
1922 5244 2114 5299 passus

521 5303 736 5376 CXXV,
759 5324 980 5380 gressus
1015 5309 1226 5381 CCXL,
1249 5313 1404 5370 ulnas
1435 5313 1627 5384 CCCC,
1657 5318 1824 5376 uedes
1863 5319 1972 5376 DC.
2007 5318 2114 5376 Ve-

2227 4759 2316 4828 lis,
2352 4767 2407 4814 et
2433 4767 2613 4816 motus
2639 4759 2876 4828 stabilis,
2913 4760 3154 4817 aeternis
3183 4761 3486 4817 rationibus
3533 4761 3834 4832 perfectis-

2225 4856 2363 4913 sime
2392 4855 2742 4912 constitutus.
2784 4854 2895 4911 Nec
2944 4856 3062 4912 sine
3092 4854 3304 4911 ratione
3348 4855 3659 4927 philosophi
3688 4858 3826 4914 haec

2223 4949 2405 5006 omnia
2431 4949 2620 5006 stadiis
2643 4948 3028 5006 metiebantur.
3053 4947 3349 5017 Quinarius
3375 4964 3612 5020 namque
3633 4965 3828 5007 nume-

2225 5059 2320 5100 rus
2343 5044 2757 5105 ἁνακαταστικὸς
2782 5050 2866 5098 est
2886 5043 2950 5108 ’¹,
2976 5041 3080 5098 hoc
3103 5050 3206 5109 est,
3224 5042 3278 5097 iu
3297 5042 3536 5113 seipsum
3567 5043 3823 5115 rediens;

2225 5117 2691 5209 quotienscunque
2725 5134 3176 5206 multiplicaveris
3225 5149 3323 5206 per
3352 5135 3595 5206 seipsum
3625 5138 3825 5208 quina-

2222 5231 2389 5298 rium,
2417 5231 2472 5287 in
2501 5245 2561 5287 se
2582 5230 2756 5302 ipsum
2786 5229 2968 5286 redire
2992 5243 3218 5287 necesse
3247 5235 3350 5285 est.
3381 5227 3600 5287 Primus
3630 5229 3825 5308 itaque

2223 5323 2459 5396 quinarii
2513 5321 2738 5382 cubicus
2794 5330 2975 5380 motus
3021 5321 3257 5380 stadium
3287 5321 3334 5354 ²¹
3385 5320 3625 5393 perlicit,
3656 5323 3826 5394 quin-

1812 5459 2064 5519 VARIAE
2101 5463 2507 5525 LECTIONES.

594 5574 610 5604 ¹
635 5573 740 5648 Pro
771 5573 1008 5648 Plinium
1034 5593 1150 5632 vero
1179 5586 1227 5632 et
1257 5576 1617 5637 Ptolemaeum
1647 5582 1688 5638 C
1708 5599 1720 5636 :
1744 5581 2060 5642 Pliniumve.
2120 5588 2141 5620 '
2160 5587 2201 5644 C
2231 5589 2530 5646 sic:CC‘i'I
2561 5589 2606 5648 L
2630 5591 2834 5648 duobus
2856 5590 3087 5647 milibus.
3163 5587 3187 5622 ⁸
3207 5589 3306 5644 hoc
3326 5603 3436 5646 om.
3466 5588 3534 5646 Δ.
3614 5588 3638 5623 ⁵
3659 5589 3706 5644 Α
3733 5589 3819 5646 in-

519 5645 810 5734 aequalitas
837 5645 1018 5734 fuisse:
1097 5649 1432 5734 "yl‘OIll..A.
1633 5663 1702 5734 et_.
1779 5656 2039 5734 {quidem
2063 5689 2134 5699 —
2156 5662 2471 5734 quibusdam
2504 5645 2614 5718 om.
2634 5645 3054 5734 Kaiﬂ‘Anejtts.
3115 5662 3139 5696 ’
3175 5645 3411 5734 prompte
3442 5660 3820 5734 quaergnlibu

517 5744 590 5754 ——
620 5715 803 5770 circuli
838 5715 947 5773 0m.
980 5719 1042 5773 Α.
1124 5720 1166 5751 ¹⁰
1197 5720 1239 5774 Α
1271 5722 1427 5776 enim.
1508 5725 1550 5764 ιι
1572 5724 1617 5779 Α
1640 5715 1910 5781 circuitus.

1993 5728 2044 5802 ιζ.
2061 5733 2107 5784 Α
2131 5728 2583 5802 ίηὶιιιιίριὶιηαινετίσ.
2664 5736 2707 5767 ¹³
2731 5733 2773 5791 C
2800 5728 3096 5790 intendunt.
3176 5728 3221 5763 ίδ
3240 5733 3285 5786 Α
3302 5728 3508 5788 ἱὶηιὸνὶι.
3589 5729 3697 5786 "A
3718 5747 3818 5802 oc-

519 5785 859 5882 ξξιιέαξξλωὲ
883 5787 1008 5846 θεά·
1087 5792 1128 5825 ¹⁷
1156 5801 1202 5846 ει
1226 5791 1416 5849 θυι-Α.
1496 5796 1539 5877 ξ’
1563 5795 1604 5852 (1
1627 5797 1740 5854 sic:
1774 5795 1958 5855 XIIII
1993 5796 2044 5853 X
2067 5785 2299 5857 milibus:
2350 5785 2773 5875 iidemiidem:
2981 5785 3579 5882 conformatio_.n_v“eu
3604 5785 3814 5862 οώολο

517 5855 566 5885 ’⁸
591 5853 638 5909 Α
661 5865 874 5914 uatum.
1497 5872 1503 5877 '
