3952 5442
87 384 184 445 79.!

955 379 1046 439 nr:
1083 377 1422 439 DIVISIONE
1459 375 1812 440 NA'I‘URAE.
1851 409 1925 426 —
1960 379 2162 440 LIBER
2201 381 2519 445 manus.
3023 371 3054 378 “

3268 384 3379 446 7η

88 504 252 575 quies
303 513 543 572 qumque
569 496 861 570 quinquies
887 495 1077 553 CXXV
1118 511 1330 568 passus.
1359 498 1438 554 Ac
1461 513 1556 568 per
1579 499 1682 554 hoc
1711 503 1762 562 Α
1788 498 2039 570 phorum,
2064 507 2124 554 ut
2164 500 2336 566 aiunt,
2357 499 2696 573 Pythagoras
2734 500 3085 560 interstitium
3107 509 3283 559 terrae
3309 517 3379 564 ac

90 611 202 650 non
237 590 692 648 irrationabiliter
719 598 774 646 et
822 597 1003 646 motus
1043 589 1438 645 mundanorum
1491 605 1686 660 corpo-

94 700 221 740 rum
251 692 307 738 et
361 690 538 737 status
563 696 629 737 eo
655 695 880 736 numero
907 679 1216 751 colligitur;
1266 680 1358 751 qui
1387 689 1442 735 et
1467 679 1691 736 eubicus

93 786 202 844 est,
247 785 303 832 et
332 774 600 840 volubilis,
643 782 696 829 et
721 773 775 829 in
822 773 1060 844 seipsum
1112 781 1408 830 revertens.
1442 771 1587 828 Haec
1623 770 1691 828 de

93 868 289 942 epatiis
327 866 644 922 inferiorum
698 865 883 921 mundi
913 865 1149 936 partium
1179 865 1436 932 diximus,
1469 877 1690 936 magno.

93 977 219 1016 rum
247 961 693 1032 philosOphorum
722 957 1166 1013 ratiocinationes
1194 956 1388 1023 secuti,
1406 971 1512 1012 non
1545 955 1691 1012 afﬁr-

94 1060 312 1106 mantes
360 1050 775 1114 incunctanter,
809 1048 883 1102 ita
909 1063 968 1104 se
997 1048 1221 1112 habere,
1247 1047 1342 1102 sed
1370 1061 1506 1117 quae
1551 1047 1694 1104 veri-

94 1139 362 1196 similiora
416 1139 689 1212 certisque
719 1137 923 1208 regulis
973 1137 1358 1210 propinquiora
1411 1138 1527 1194 visa
1567 1147 1694 1194 sunt

95 1235 465 1307 proferentes,
492 1235 599 1290 tuis
620 1233 974 1304 petitionibus
999 1232 1368 1289 satisfaciendi
1392 1231 1688 1290 molimine.

97 1326 249 1381 Dtsc.
299 1325 431 1380 Mihi
469 1324 761 1393 sufﬁciunt,
814 1339 954 1395 quae
985 1339 1015 1378 a
1048 1333 1102 1379 te
1130 1325 1197 1380 de
1240 1323 1437 1380 talibus
1487 1323 1692 1394 prolata

99 1427 249 1474 sunt.
282 1416 538 1474 Ceterum
574 1417 660 1472 cui
708 1417 844 1472 haec
870 1415 955 1472 vel
1001 1431 1108 1472 non
1143 1415 1276 1472 satis
1304 1424 1442 1482 rata,
1471 1415 1555 1470 vel
1585 1430 1692 1470 non

98 1512 234 1569 satis
275 1511 550 1567 insinuata
597 1510 880 1578 videntur,
908 1508 1045 1565 alios
1075 1509 1304 1564 aliorum
1357 1517 1582 1578 quaerat
1610 1507 1694 1561 iu-

101 1604 372 1661 tellcctus.
421 1603 789 1674 Multipliciter
821 1602 967 1659 enim
995 1618 1062 1659 ex
1110 1603 1338 1658 diversis
1381 1600 1694 1656 auctoribus

101 1697 412 1752 mundanae
464 1695 864 1751 constitutionis
901 1695 1041 1750 ratio
1069 1702 1299 1750 tractata
1348 1701 1450 1748 est.
1491 1692 1694 1748 Verum

100 1792 230 1862 quia
274 1792 342 1847 de
372 1771 762 1862 magnitudine,
815 1788 991 1859 deque
1038 1786 1335 1843 intervallis
1374 1784 1693 1841 inferiorum

1791 591 1950 647 lunae
1979 592 2032 648 in
2086 591 2322 648 millibus
2349 593 2647 648 stadiorum
2675 591 2890 649 CXXVI
2919 594 3188 665 prodidit;
3230 593 3378 666 quod

1789 686 2155 754 postmodum,
2198 694 2257 740 ut
2299 685 2555 750 diximus,
2615 685 2998 744 Eratosthenes
3055 702 3122 742 ex
3173 687 3381 746 umbra

1793 783 1970 831 terrae
2021 774 2288 848 lunaeque
2345 775 2556 832 defectu
2615 777 2992 834 incunctanter
3037 779 3377 850 approbavit.

1791 865 1956 936 Cujus
2031 867 2311 925 interstitii
2375 869 2397 900 ’
2460 869 2655 940 duplici
2713 871 3061 942 proportione
3115 871 3286 928 solem
3347 887 3382 930 a

1793 960 1922 1016 luna
1951 961 2004 1017 in
2032 962 2201 1018 altum
2234 963 2496 1035 elongari,
2531 964 2671 1020 idem
2706 963 3042 1037 Pythagoras
3067 964 3241 1020 fertur
3265 974 3379 1021 tra-

1795 1051 2020 1109 didisse.
2057 1051 2161 1109 Sed
2218 1069 2325 1124 qua
2360 1055 2568 1110 ratione
2616 1052 2745 1108 illud
2793 1054 3212 1124 existimaverit,
3241 1052 3384 1113 mul-

1793 1151 1975 1199 torum
2001 1145 2216 1201 diversa
2239 1145 2509 1201 sententia
2533 1154 2637 1201 est.

1865 1256 1958 1313 34.
1987 1254 2354 1312 Veruntamcn
2391 1257 2648 1328 quoniam
2676 1257 2792 1329 ipse
2809 1256 2963 1330 juxta
2999 1257 3238 1314 rationes
3264 1273 3386 1314 mu-

1795 1347 1939 1404 sicas
1991 1349 2158 1404 totius
2188 1349 2374 1404 mundi
2431 1348 2694 1405 fabricam
2721 1361 2775 1406 ct
2816 1349 2957 1406 volvi
2982 1360 3036 1406 et
3079 1349 3386 1408 mensurari

1794 1439 1960 1494 certis
1980 1439 2536 1510 argumentationibus
2575 1448 2801 1497 conatus
2828 1451 2912 1498 est
2937 1457 3208 1510 asserere,
3242 1441 3388 1514 quod

1796 1543 1895 1583 nec
1921 1528 2104 1585 divina
2157 1539 2318 1601 negat
2367 1529 2670 1601 Scriptura,
2723 1531 2909 1588 dicens
2939 1551 2952 1587 :
2981 1531 3050 1586 Et
3081 1543 3388 1589 concentum

1795 1619 1926 1673 caeli
1951 1621 2067 1691 quis
2091 1620 2320 1676 dormire
2346 1621 2543 1691 faciet,
2592 1637 2880 1692 possumus
2916 1624 3232 1696 explorare,
3271 1641 3382 1681 non

1799 1711 1957 1766 aliam
1987 1713 2057 1767 ob
2085 1727 2306 1768 causam
2339 1713 2444 1770 hoc
2475 1713 2699 1780 dixisse,
2744 1715 2848 1771 nisi
2896 1724 2957 1771 ut
2991 1719 3303 1772 ostenderet
3331 1715 3388 1773 in

1799 1803 1992 1874 spatiis
2019 1803 2260 1859 siderum
2305 1805 2640 1860 musicorum
2680 1806 3060 1862 diastematum
3089 1807 3392 1864 rationabi-

99 1884 292 1939 mundi
344 1897 658 1953 corporum,
689 1881 848 1936 lunae
877 1881 999 1936 dico
1035 1895 1098 1934 ac
1129 1888 1330 1946 terrae,
1366 1893 1506 1949 quae
1535 1876 1695 1932 ratio-

1805 1895 1880 1953 les
1929 1898 2328 1968 proportiones.
2370 1897 2602 1955 Proinde
2652 1899 2706 1955 iu
2752 1899 2933 1955 medio
2987 1900 3150 1956 totius
3203 1899 3393 1971 spatii,

100 1975 158 2030 ni
187 1975 481 2030 convenire
524 1973 906 2044 inspiciuntur,
935 1971 1254 2042 investigata
1283 1980 1430 2036 sunt,
1481 1970 1546 2024 de
1574 1983 1700 2039 spa-

102 2065 197 2121 tiis
244 2065 485 2121 aetheris
533 2063 800 2135 quaedam
848 2063 1088 2119 breviter
1135 2062 1296 2116 velim
1363 2061 1572 2116 audire.
1616 2060 1694 2115 Ea

109 2158 385 2230 siquidem
435 2166 528 2213 aut
551 2157 688 2222 sola,
739 2165 833 2211 aut
857 2157 1112 2222 maxime,
1145 2157 1197 2210 in
1239 2155 1698 2226 speculationibus

103 2250 328 2306 divinae
359 2250 412 2304 in
449 2259 643 2320 quarta
676 2247 1000 2319 intelligibili
1025 2246 1114 2303 die
1158 2247 1489 2319 operationis
1511 2246 1696 2302 discu-

102 2343 289 2398 tienda
338 2356 500 2396 nemo
547 2341 790 2411 ambigit.
845 2338 983 2395 MAG.
1041 2338 1276 2394 Nimium
1331 2354 1610 2394 moramur
1647 2338 1700 2392 in

100 2445 304 2507 quarto
336 2435 441 2491 die.
467 2435 613 2490 Dtsc.
641 2433 819 2487 Minus
848 2431 1092 2494 eruditis,
1141 2431 1459 2500 discereque
1480 2429 1703 2500 cupien-

104 2529 275 2594 tibus,
313 2537 676 2598 naturamque
702 2541 884 2581 rerum
934 2523 1401 2595 investigantibus,
1459 2524 1502 2579 si
1563 2522 1702 2577 forte

102 2627 252 2681 hanc
301 2633 546 2680 nostram
593 2621 1014 2692 disputationem
1069 2617 1263 2674 lecturi
1318 2615 1539 2683 fuerint,
1592 2631 1700 2671 non

104 2719 274 2775 nimis
313 2718 607 2781 videbitur,
640 2724 700 2770 ut
726 2715 994 2779 arbitror,
1021 2712 1340 2784 praesertim
1379 2725 1502 2766 cum
1530 2709 1701 2764 ratio-

104 2812 164 2866 ni
219 2825 330 2866 non
381 2807 694 2876 conveniat,
737 2807 803 2862 de
858 2805 1209 2862 inferioribus
1237 2803 1422 2860 mundi
1461 2803 1704 2874 partibus

102 2904 378 2975 quaedam
429 2900 824 2957 rationabiliter
858 2902 876 2932 ⁸
909 2899 1174 2962 tractari,
1232 2897 1543 2968 superiores
1573 2911 1703 2952 vero

103 2995 334 3049 omnino
365 2994 602 3049 intactas
629 2991 880 3061 relinqui.
911 2990 1051 3047 Mtte.
1081 2989 1408 3044 Jam'dudum
1436 2989 1578 3044 inter
1607 3003 1704 3044 nos

105 3088 420 3145 confectum
460 3097 541 3143 est
569 3087 636 3144 de
662 3086 826 3143 solari
852 3085 1032 3158 globo,
1063 3085 1242 3140 medio
1267 3084 1551 3139 libramine
1580 3097 1705 3154 gra-

104 3185 370 3239 vissimae
396 3182 814 3251 levissimaeque
843 3189 1094 3246 naturae,
1125 3177 1377 3234 circulari
1410 3187 1580 3244 motu,
1607 3192 1706 3248 per

1802 1987 1946 2058 quod
1972 1995 2058 2042 est
2080 2003 2109 2041 a
2137 1997 2284 2043 terra
2313 2002 2486 2058 usque
2514 1989 2583 2044 ad
2606 1989 3051 2045 sublimissimam
3077 1991 3390 2060 sphaeram,

1801 2093 1908 2148 qua
1937 2077 2121 2133 omnia
2162 2077 2440 2134 sensibilia
2495 2078 3039 2145 circumscribuntur,
3069 2079 3200 2136 solis
3225 2079 3396 2136 ambi-

1803 2179 1915 2224 tum
1946 2184 2310 2240 cognoscens.
2359 2185 2520 2224 unam
2566 2169 2824 2242 diapason
2856 2187 2884 2226 a
2918 2179 3062 2228 terra
3103 2173 3168 2227 ad
3200 2172 3394 2242 solem,

1802 2261 2029 2317 alteram
2056 2277 2087 2316 a
2132 2261 2245 2318 sole
2268 2277 2439 2332 usque
2486 2262 2552 2317 ad
2575 2271 2882 2318 extremum
2913 2263 3101 2318 mundi
3130 2264 3394 2320 ambitum

1803 2371 1914 2411 non
1939 2355 2382 2411 irrationabiliter
2401 2355 2754 2410 existimavit.
2787 2356 3058 2428 Diapason
3085 2369 3265 2413 autem
3294 2357 3397 2412 du-

1806 2448 1880 2520 pli
1914 2450 2264 2520 proportione
2300 2448 2628 2504 modulatur.
2661 2445 2732 2504 Ut
2761 2465 2890 2521 ergo
2919 2449 2970 2504 in
3001 2449 3274 2505 diatonieo
3302 2464 3398 2521 ge-

1802 2559 1954 2610 nere,
1980 2543 2130 2598 verbi
2163 2543 2334 2612 gratia
2371 2543 2423 2598 in
2448 2542 2730 2598 harmonia
2769 2559 3025 2598 sonorum
3047 2583 3062 2609 ,
3094 2541 3399 2613 bis-diam.

1802 2650 1898 2691 sou
1923 2651 1990 2690 ex
2017 2633 2102 2690 bis
2151 2634 2193 2665 ¹⁰
2220 2634 2381 2705 duplo
2405 2643 2692 2706 coaptatur
2716 2652 2730 2701 ;
2763 2634 2937 2705 prima
2963 2634 3180 2705 quidem
3210 2633 3397 2705 diapa-

1802 2742 1900 2783 son
1928 2727 1966 2757 “
1995 2742 2026 2781 a
2053 2725 2338 2796 principali
2371 2726 2746 2797 principalium
2771 2741 2940 2796 usque
2962 2727 3028 2782 ad
3062 2726 3105 2758 "
3138 2728 3317 2798 μέσην,
3343 2723 3399 2782 id

1802 2827 1886 2873 est
1910 2818 2142 2873 mediam
2162 2859 2176 2884 ,
2234 2817 2470 2873 secunda
2495 2832 2624 2874 vero
2650 2831 2714 2872 ex
2738 2820 2870 2890 μὲση
2893 2834 3064 2889 usque
3093 2818 3159 2873 ad
3182 2815 3399 2883 verni“

1803 2912 2171 2980 ὑπερϐολαίων,
2195 2911 2298 2966 hoc
2322 2918 2406 2965 est
2429 2909 2672 2964 ultimam
2695 2909 3100 2975 excellentium,
3115 2907 3395 2980 protendi-

1804 3011 1926 3056 tur:
1953 3001 2025 3056 ita
2051 3009 2289 3056 ettotum
2312 3001 2544 3070 spatium
2569 3017 2598 3056 a
2623 3011 2767 3058 terra
2785 3003 2852 3058 ad
2875 3002 3042 3058 solent
3066 3003 3110 3033 “
3133 3002 3396 3072 diapason

1805 3091 2012 3148 ratione
2033 3099 2321 3163 coaptatur
2363 3092 2426 3157 “’,
2451 3092 2687 3148 medium
2725 3093 2923 3164 quippe
2959 3091 3041 3148 sol
3077 3093 3283 3148 obtinet
3317 3092 3399 3148 lo-

1809 3201 1932 3240 cum
1951 3185 2016 3251 ¹⁶,
2042 3193 2142 3239 eta
2160 3183 2275 3239 sole
2296 3182 2363 3238 ad
2382 3183 2666 3239 duodecim
2683 3184 2884 3249 sidera,
2905 3184 3008 3240 hoc
3022 3191 3123 3248 est,
3145 3185 3211 3239 ad
3228 3192 3402 3239 extre-

105 3277 349 3333 mediam
381 3275 624 3346 signiferi
656 3274 876 3340 lineam,
909 3273 1054 3329 circa
1088 3271 1343 3328 inferiora
1376 3270 1561 3326 mundi
1584 3285 1706 3340 spa-
1733 3244 1778 3307 C
1809 3293 1955 3332 mum
1995 3275 2270 3332 stellarum
2311 3285 2515 3332 motum
2553 3275 2658 3331 alia
2717 3276 2973 3347 diapason
3032 3275 3398 3348 conjungilur.

107 3370 187 3424 tia
229 3366 584 3424 aeterualitcr
613 3365 762 3422 ferri.
812 3365 960 3420 Dtsc.
1005 3363 1327 3420 Confectum
1382 3362 1559 3435 plane,
1586 3377 1706 3417 cer-

109 3461 292 3530 tisque
349 3458 652 3514 rationibus
694 3471 934 3523 suasum,
961 3471 1062 3512 nec
1111 3464 1339 3512 naturae
1367 3454 1501 3511 situs
1550 3452 1709 3508 aliter

105 3551 234 3607 ﬁeri
262 3551 414 3606 sinit.
441 3548 584 3606 MAG.
613 3549 687 3605 De
738 3547 1110 3620 magnitudine
1151 3546 1320 3617 ipsius
1359 3545 1555 3602 solaris
1595 3544 1710 3616 glo-

109 3640 171 3696 bi
205 3644 252 3714 ‘j
272 3656 450 3712 neque
494 3640 820 3696 secularium
853 3639 1136 3694 literarum
1168 3636 1396 3703 eruditi,
1428 3649 1602 3707 neque
1631 3635 1709 3690 di-

103 3733 366 3788 vittarum
401 3731 808 3803 Scripturarum
837 3729 1175 3800 expositores
1206 3737 1413 3784 certam
1439 3727 1710 3782 deﬁnitio-

105 3841 243 3882 nem
287 3824 519 3896 proferri
561 3825 903 3897 permittunt.
932 3821 1070 3877 Nam
1120 3829 1177 3876 et
1208 3820 1417 3875 Plinius
1439 3818 1707 3875 secundus

104 3920 166 3975 in
207 3916 447 3972 naturali
477 3917 705 3972 historia
730 3956 745 3980 ,
779 3925 835 3971 et
864 3923 1089 3969 sanctus
1108 3911 1339 3968 Basilius
1361 3911 1414 3965 itt
1441 3910 1708 3994 Exemero

101 4026 237 4076 suo,
281 4009 708 4082 magnitudinem
742 4007 874 4063 solis
903 4007 1127 4062 omnino
1148 4004 1440 4077 prohibent
1469 4002 1703 4060 deliniri.

101 4101 233 4159 Non
267 4102 412 4156 enim
461 4100 650 4156 umbra
682 4101 799 4172 ejus
825 4109 910 4156 est
940 4100 983 4166 ³,
1013 4100 1169 4170 cujus
1195 4105 1512 4170 argumento
1540 4111 1704 4166 expc-

101 4195 353 4251 rircmur
371 4194 415 4261 ⁸,
430 4203 666 4264 quantae
689 4195 760 4250 sit
784 4192 1191 4264 magnitudinis.
1215 4190 1350 4246 Nam
1369 4204 1545 4260 neque
1567 4189 1588 4220 '
1611 4188 1710 4244 tel-

102 4284 257 4342 luris
311 4284 541 4341 lunaeve
592 4284 890 4356 amplitudo
943 4283 1300 4347 inveniretur,
1355 4281 1457 4337 nisi
1515 4286 1708 4337 umbra

100 4393 325 4445 carum,
376 4376 645 4434 metaliter
679 4376 828 4448 jacta
861 4377 906 4444 ‘,
952 4378 1116 4433 certis
1163 4375 1706 4432 dimensionihuScx-

103 4469 457 4526 tenderetur.
481 4469 561 4524 Ac
587 4484 683 4540 per
717 4469 823 4525 hoc
847 4482 1046 4539 corpus
1071 4467 1272 4533 solare,
1303 4467 1561 4537 quoniam
1591 4465 1710 4520 nul-

1806 3358 2038 3438 ldeoque
2074 3367 2116 3400 ι’
2141 3367 2442 3422 rationibus
2465 3367 2805 3434 harmoniae,
2833 3381 2972 3438 quae
2993 3367 3192 3422 dicitur
3219 3365 3302 3421 bis
3331 3363 3402 3434 ⁸⁸,

1810 3459 2065 3529 diapason
2091 3457 2430 3513 intervallum
2451 3474 2482 3512 a
2506 3467 2650 3514 terra
2675 3458 2743 3513 ad
2769 3459 3058 3529 sphaeram
3080 3456 3121 3523 ι’
3142 3454 3406 3512 constitu-

1811 3561 1924 3608 tum
1952 3566 2070 3608 esse
2097 3551 2392 3608 arbitratus
2438 3559 2542 3608 est.
2571 3551 2652 3608 Ac
2697 3566 2797 3622 per
2842 3551 2946 3608 hoc
2994 3548 3298 3614 conﬁcitur,
3345 3546 3440 3606 ut‘

1809 3644 2103 3700 diametros
2140 3651 2338 3710 terrae,
2366 3643 2526 3700 tertio
2553 3643 2936 3715 multiplicata,
2968 3653 3146 3699 terrae
3169 3641 3407 3712 solisque

1810 3733 2224 3805 intereapedini,
2260 3733 2716 3806 quemadmodum
2751 3743 2807 3790 et
2833 3733 3040 3789 lunaris
3077 3731 3266 3788 circuli
3291 3729 3406 3788 dia-

1809 3835 2008 3891 metro,
2054 3824 2296 3896 aequalis
2339 3825 2428 3880 sit.
2458 3823 2692 3881 Proinde
2733 3833 2788 3881 et
2816 3824 2870 3879 itt
2899 3824 3168 3880 diametro
3193 3821 3406 3878 lunaris

1808 3917 2019 3983 circuli,
2071 3917 2235 3988 inque
2262 3927 2439 3976 terrae
2467 3934 2532 3974 ac
2576 3918 2706 3974 solis
2733 3918 3036 3981 interstitio
3064 3933 3230 3972 unum
3271 3924 3326 3972 et
3349 3913 3408 3972 id

1809 4009 1984 4079 ipsum
2015 4009 2249 4079 spatium
2275 4008 2696 4065 mensurabitur.
2721 4008 2777 4062 ln
2805 4019 3036 4078 utroque
3058 4007 3204 4062 enim
3236 4005 3405 4062 millia

1808 4097 2520 4176 stadioruijCCLXXVlll
2565 4107 2967 4168 computantur.
3013 4098 3199 4169 Itaque
3231 4095 3410 4169 dupli-

1810 4201 1933 4247 cato
1961 4191 2062 4247 hoc
2084 4205 2326 4256 numero,
2354 4189 2817 4261 intercapedinem
2851 4198 3028 4244 terrae
3054 4189 3402 4258 extimaeque

1809 4284 2074 4356 sphaerae
2103 4284 2342 4356 reperies
2381 4283 2435 4338 in
2468 4282 2704 4339 millibus
2726 4283 3032 4360 stadiorum
3055 4281 3230 4337 DCCL
3244 4281 3408 4347 Vl,'et

1810 4377 2094 4433 miraberis
2135 4385 2364 4432 naturae
2421 4375 2792 4432 concordiam.
2841 4373 2985 4442 Quot
3037 4373 3182 4429 enim
3237 4371 3406 4428 millia

1810 4470 2108 4527 stadiorum
2137 4476 2265 4524 sunt
2285 4468 2340 4524 in
2387 4465 2724 4540 longitudine
2751 4467 2797 4530 ³9
2828 4465 3036 4520 lunaris
3070 4463 3282 4529 circuli,
3329 4469 3411 4518 tot

99 4561 225 4617 lam
259 4560 504 4617 umbram
526 4561 577 4616 in
609 4562 880 4616 inﬁnitum
907 4561 1160 4632 progredi
1196 4559 1349 4626 sinit,
1375 4559 1468 4614 sed
1492 4575 1592 4630 pro
1622 4573 1709 4612 ra-
1733 4601 1789 4664 D
1813 4572 1942 4622 sum
1971 4564 2026 4618 in
2078 4562 2360 4618 altitudine
2389 4577 2420 4617 α
2467 4570 2609 4618 terra
2658 4575 2830 4630 usque
2853 4560 2897 4594 ιι
2930 4559 2996 4614 ad
3028 4559 3183 4629 signa
3213 4555 3406 4628 spatii:

101 4656 357 4713 tionibus
381 4672 693 4728 corporum,
725 4670 958 4728 quorum
1011 4655 1238 4710 umbrae
1266 4662 1413 4720 sunt,
1440 4653 1604 4710 certis
1631 4651 1711 4709 di-
1733 4647 1785 4664 ⁸’
1819 4659 1874 4714 in
1897 4657 2143 4728 utrisque
2165 4669 2398 4725 namque
2424 4652 2672 4712 DCCLVI
2717 4651 2882 4707 millia
2919 4649 3222 4707 stadiorum
3258 4647 3410 4703 colli-

99 4753 490 4811 mensionibus
528 4751 826 4818 concludit,
873 4765 1006 4806 suae
1053 4748 1442 4822 magnitudinis
1477 4747 1714 4804 inﬁnita-

96 4855 227 4904 tem
266 4843 713 4900 manifestissime
759 4842 957 4913 aperit.
995 4840 1143 4897 Dtsc.
1192 4839 1304 4896 Nec
1337 4840 1453 4913 hoc
1482 4853 1709 4909 quaero,

97 4954 295 5009 neque
323 4939 390 4994 ab
417 4938 602 5009 aliquo
626 4937 647 4968 ⁷
690 4934 1061 5006 quaerendum
1090 4933 1364 4990 existimo.
1417 4932 1536 4988 Non
1566 4931 1713 4988 enim

97 5032 392 5089 oculorum
441 5031 761 5102 conjectura
805 5027 1103 5099 praevalet,
1134 5025 1225 5083 ubi
1254 5027 1392 5084 ratio
1413 5026 1597 5083 sedem
1624 5039 1714 5080 ar-

97 5126 355 5199 gumenti
401 5141 508 5182 non
564 5123 755 5177 habet.
807 5121 1039 5199 Quanto
1073 5129 1253 5176 autem
1283 5121 1460 5192 spatio
1508 5133 1538 5173 a
1566 5125 1710 5172 terra

95 5193 412 5288 ξιοηεειυτ.
434 5218 585 5275 iuxta
609 5193 1054 5264 nhilnsnnhnrmii
1071 5211 1532 5259 existimatinnom
1547 5223 1710 5253 (non.

1820 4759 2038 4822 guntur.
2090 4746 2146 4803 Si
2189 4761 2320 4802 vero
2374 4745 2569 4802 solaris
2618 4743 2807 4799 circuli
2848 4743 3178 4798 diametrum
3200 4741 3284 4795 vis
3323 4754 3416 4795 co-

1819 4855 2104 4914 guoseere,
2154 4838 2362 4894 telluris
2401 4839 2725 4895 diametrum
2764 4834 2980 4890 CXXVI
3009 4831 3178 4890 millia
3219 4830 3419 4887 stadio-

1818 4948 1938 4989 rum
1976 4930 2176 5003 septies
2221 4927 2626 5001 multiplicabis,
2658 4934 2711 4981 et
2735 4926 2964 4983 habebis
3002 4917 3420 4980 DCCCLXXXII

1819 5025 1990 5081 millia
2016 5023 2314 5080 stadiorum
2366 5023 2426 5080 in
2466 5023 2733 5080 diametro
2762 5019 2958 5075 solaris
3008 5013 3148 5088 gyri.
3179 5011 3296 5088 Quo
3325 5024 3425 5062 nu-

1816 5131 1970 5172 mero
2011 5113 2096 5171 bis
2140 5111 2325 5178 ducto,
2382 5114 2558 5190 ipsius
2610 5109 2722 5180 gyri
2747 5108 3026 5182 longitudo
3058 5097 3426 5190 colligetur‘in

1810 5205 2051 5250 millihnc
2098 5184 2428 5248 ςιηιιςηηιηξ
2458 5202 2607 5249 muta
2647 5196 2842 5238 mana...
2891 5187 3184 5236 ncntXtv
3239 5184 3423 5226 millia-
