4064 6292
589 387 698 446 725

1966 381 2249 442 JOANNIS
2287 375 2484 440 SCOTI

3739 385 3856 444 ’ω

589 501 762 567 lestis,
799 499 892 557 tali
922 502 1160 571 reperies
1186 506 1521 571 argumento.
1574 497 1979 570 Longitudinem
2007 498 2161 553 luna-
2185 507 2236 566 Α
2260 496 2436 552 video.
2464 495 2598 551 Nam
2633 505 2687 552 et
2713 495 2981 554 Abraham
3029 513 3134 554 non
3162 514 3259 572 per
3289 497 3474 555 literas
3509 501 3850 570 scripturae,

590 595 668 652 ris
692 593 827 666 gyri,
860 594 963 648 hoc
983 602 1089 658 est,
1120 589 1365 646 θεριῑί
1392 590 1556 644 millia
1583 591 1880 645 stadiorum
1919 591 1936 621 ί
1981 589 2154 659 dupli-

588 687 775 752 cahis;
834 687 998 742 addes
1032 685 1053 717 ⁵
1108 683 1270 739 etiam
1324 683 1642 738 diametrum
1694 691 1890 747 terrae,
1947 679 2158 736 CXXVI

585 777 753 834 millia
781 777 1078 834 stadiorum
1107 793 1121 830 :
1155 785 1209 830 et
1233 774 1450 845 colliges
1479 773 1797 829 diametrum
1821 773 2078 842 sphaerae
2102 772 2156 826 in

589 870 824 925 millibus
851 871 1144 924 stadiorum
1170 867 1314 922 mille
1358 865 1552 920 millies
1578 863 1926 922 DCCXXXIV
1963 863 2154 919 millia.

585 962 704 1031 Quo
727 977 952 1019 numero
994 961 1075 1016 bis
1113 959 1274 1024 facto,
1318 958 1551 1014 ambitus
1577 958 1742 1013 totius
1764 956 1948 1012 mundi
1977 955 2160 1012 existi-

584 1065 765 1112 matur
817 1053 1197 1124 comprehendi
1249 1052 1302 1107 in
1358 1050 1591 1106 millibus
1659 1051 1953 1105 stadiorum
2012 1048 2159 1104 mille

586 1147 780 1202 millies
823 1155 928 1210 ter,
961 1147 1178 1214 insuper
1208 1145 1368 1199 etiam
1419 1142 1643 1213 adjectis
1670 1141 1691 1174 ³
1725 1141 1972 1198 CCLXVI
2000 1141 2160 1195 milii-

584 1235 686 1291 bus
705 1234 1020 1299 stadiorum,
1059 1234 1118 1288 ut
1161 1233 1362 1289 senarii
1394 1233 1602 1287 numeri
1663 1231 1991 1302 perfectione
2015 1240 2160 1286 totus

584 1329 815 1384 mundus
839 1326 1190 1384 concludatur
1213 1327 1259 1382 ⁸.
1303 1325 1572 1382 Hactenus
1625 1327 1694 1380 de
1733 1325 2156 1395 argumentatio-

583 1419 742 1474 nibus
791 1415 1195 1487 pltilosophicis,
1239 1417 1424 1470 mundi
1474 1415 1645 1484 spatia
1695 1415 2156 1484 iuvestigantibus.

583 1508 639 1562 Si
677 1508 763 1562 cui
822 1523 948 1562 vero
987 1509 1120 1562 haec
1157 1504 1422 1578 superﬂua
1482 1507 1754 1568 videntur,
1804 1520 1924 1559 cum
1970 1518 2158 1558 sacrae

583 1600 896 1672 Senpturae
930 1601 1251 1656 testimoniis
1275 1614 1372 1654 nec
1403 1599 1724 1653 roborentur
1748 1597 1794 1660 ⁸,
1819 1611 1916 1650 nec
1962 1596 2158 1650 tradita

580 1692 691 1746 sint
710 1691 754 1758 ⁸,
781 1708 885 1748 non
930 1707 1030 1748 nos
1083 1691 1458 1761 reprehendat.
1489 1689 1621 1744 Nam
1649 1698 1704 1744 et
1731 1689 1818 1744 ille
1849 1703 1952 1743 non
1983 1697 2159 1758 potest

578 1784 897 1854 approbare,
924 1785 1059 1839 haec
1094 1784 1165 1838 ita
1189 1796 1300 1837 non
1322 1798 1462 1849 esse,
1491 1785 1627 1838 sicut
1676 1797 1774 1838 nos
1794 1782 1814 1814 '
1841 1798 1946 1837 non
1969 1796 2159 1851 possu-

577 1891 700 1930 mus
727 1875 1016 1940 allirmare,
1047 1876 1118 1930 ita
1144 1890 1284 1930 esse.

647 1967 738 2022 55.
795 1967 862 2022 Ει
906 1967 1151 2036 quamvis
1197 1967 1248 2020 in
1302 1965 1498 2021 divinis
1530 1962 1825 2033 Scripturis
1854 1962 1920 2018 de
1955 1961 2150 2016 talibus

576 2061 970 2115 mundanorum
1015 2073 1302 2128 corporum
1347 2057 1769 2112 dimensionibus
1824 2055 2150 2125 magnitudi-

576 2167 706 2208 num
749 2162 804 2207 et
853 2151 1256 2207 intervallorum
1294 2150 1427 2204 nihil
1475 2148 1754 2203 definitum
1805 2147 2144 2216 reperiatur;

575 2245 928 2301 Ecclesiastes
946 2244 1088 2298 enim
1110 2242 1499 2302 :Altitudiuem,
1526 2239 1720 2308 inquit,
1744 2237 1871 2292 caeli
1893 2247 1940 2291 et
1973 2237 2150 2292 latitu-

575 2334 749 2388 dinem
772 2335 796 2366 ⁸
815 2342 982 2386 terrae
1004 2343 1050 2384 et
1087 2330 1404 2401 profundum
1435 2329 1607 2399 abyssi
1641 2328 1756 2398 quis
1805 2344 2011 2382 mensus
2037 2328 2152 2382 est?

575 2425 667 2482 ubi
710 2425 830 2496 plus
869 2425 1198 2494 allegoriam,
1229 2437 1388 2493 quam
1428 2422 1708 2477 historiam
1752 2420 2149 2492 intelligendam

575 2517 929 2574 existimarint
954 2532 968 2581 ;
1003 2531 1108 2570 nou
1137 2516 1279 2570 enim
1303 2515 1557 2570 mundum
1597 2515 1758 2569 istum
1789 2514 1928 2569 ultra
1957 2514 2152 2569 intelli-

576 2611 810 2684 gentiam
861 2609 1194 2664 rationabilis
1221 2617 1446 2664 naturae
1489 2608 1842 2664 constitutum
1893 2607 2148 2674 dixerim,

576 2718 698 2758 cum
731 2711 950 2773 propter
969 2717 1090 2758 eam
1119 2701 1293 2758 factus
1314 2702 1414 2758 sit:
1445 2702 1624 2756 divina
1656 2710 1832 2757 tamen
1856 2703 2150 2758 auctoritas

575 2796 810 2851 rationes
836 2809 1014 2849 rerum
1043 2793 1332 2850 visibilium
1390 2803 1445 2848 et
1470 2793 1814 2849 iuvisibilium
1845 2809 1950 2848 non
1975 2794 2149 2849 solum

575 2902 682 2942 non
733 2886 1001 2958 prohibet,
1066 2901 1254 2943 verum
1303 2886 1464 2941 etiam
1517 2887 1765 2942 hortatur
1813 2885 2145 2957 investigari.

575 2978 868 3035 Invisibilia
899 2981 1035 3034 enim
1053 2979 1191 3050 ejus,
1223 2970 1299 3034 ait
1319 2977 1629 3048 Apostolus,
1658 2997 1688 3033 a
1709 2991 1949 3033 creatura
1969 2978 2148 3033 mundi

573 3089 666 3143 per
689 3089 773 3136 ea,
803 3088 935 3143 quae
965 3074 1104 3143 facta
1134 3083 1278 3137 sunt,
1299 3071 1557 3127 intellecta
1588 3072 1997 3142 conspiciuntur.
2029 3069 2147 3125 Non

578 3181 776 3238 parvus
803 3167 982 3236 itaque
1008 3167 1204 3237 gradus
1228 3174 1331 3231 est,
1362 3165 1457 3221 sed
1487 3181 1710 3237 magnus
1735 3173 1790 3220 et
1814 3165 1971 3220 valde
2002 3165 2149 3221 utilis

579 3236 913 3314 sensibilium
956 3236 1134 3312 rerum
1159 3257 1349 3312 notitia
1400 3257 1467 3312 ad
1504 3236 1920 3327 intelligibilium
1952 3257 2151 3315 iutelli-
2177 3236 2224 3302 C

578 3351 831 3422 gentiam.
858 3347 928 3405 Ut
951 3349 1093 3404 enim
1119 3363 1216 3420 per
1235 3363 1453 3405 sensum
1479 3350 1794 3421 pervenitur
1836 3351 1904 3404 ad
1949 3350 2154 3406 intelle-

575 3451 725 3500 ctum
749 3485 765 3511 ,
792 3444 864 3498 ita
885 3457 982 3512 per
1007 3453 1311 3500 creaturam
1341 3443 1546 3499 reditur
1571 3445 1638 3500 ad
1661 3443 2000 3500 Deum.Nam
2022 3460 2150 3510 non,

575 3536 719 3590 sicut
773 3531 1163 3590 irrationabilia
1230 3535 1514 3603 animalia,
1581 3536 1749 3592 solam
1810 3538 2151 3606 superﬁciem

578 3639 761 3682 rerum
802 3625 1089 3682 visibilium
1129 3635 1342 3698 oportet
1387 3644 1488 3685 nos
1517 3628 1734 3694 intueri,
1757 3645 1943 3685 verum
1988 3631 2150 3686 etiam

577 3715 777 3782 dehis,
824 3731 963 3788 quae
987 3733 1244 3789 corporeo
1289 3734 1449 3776 sensu
1493 3720 1838 3792 percipimus,
1887 3722 2152 3778 rationem

580 3809 808 3865 reddere
857 3809 1135 3866 debemus.
1187 3812 1409 3866 Acutius
1471 3811 1616 3867 videt
1674 3813 1850 3882 aquila
1917 3815 2151 3884 speciem

575 3900 724 3968 solis,
747 3901 958 3957 acutius
978 3901 1122 3957 videt
1147 3905 1366 3974 sapiens
1391 3905 1552 3960 homo
1571 3905 1732 3961 situm
1762 3906 1920 3972 illius,
1953 3915 2008 3962 et
2033 3922 2152 3964 mo-

579 4000 694 4049 tum
737 4005 834 4063 per
856 3991 972 4049 loca
992 4002 1045 4049 et
1068 4001 1326 4064 tempora.
1351 3994 1491 4063 Quid
1517 3998 1539 4031 ⁹
1563 3996 1608 4052 si
1653 3997 1814 4052 homo
1834 4013 1939 4053 non
1966 4012 2152 4068 pecca-

577 4094 678 4150 ret,
704 4085 867 4156 inque
880 4085 1282 4142 similitudinem
1304 4086 1669 4158 iumentorum
1693 4090 1929 4155 caderet,
1956 4106 2083 4145 num
2105 4090 2150 4124 “

575 4177 934 4248 possessionis
959 4193 1106 4244 suae,
1137 4181 1320 4235 mundi
1352 4181 1531 4252 hujus,
1574 4180 1845 4252 perfectos
1891 4183 2151 4241 terminos

576 4267 869 4341 ignoraret,
896 4283 1032 4340 quos
1075 4278 1299 4326 naturae
1338 4270 1544 4343 legibus
1567 4271 1870 4343 iustissime
1897 4273 2154 4345 regeret?

573 4355 871 4430 Oportebat
894 4361 1037 4416 enim
1064 4361 1225 4415 alium
1245 4363 1492 4434 angelum
1519 4379 1661 4428 esse,
1690 4366 1779 4435 qui
1805 4365 1858 4420 in
1889 4366 2152 4422 creaturis

575 4449 920 4505 sensibilibus
968 4449 1136 4504 Deum
1170 4449 1431 4516 laudaret,
1479 4453 1570 4522 qui
1603 4467 1700 4509 nec
1730 4462 1850 4524 post
1895 4454 2150 4510 delictum

575 4547 802 4595 naturae
823 4539 1139 4609 dignitatem
1177 4543 1398 4598 omnino
1432 4543 1682 4611 perdidit.
1731 4544 1910 4602 Manet
1931 4546 2072 4601 enim
2097 4547 2150 4601 iu

2261 599 2398 660 quae
2444 591 2680 644 nondum
2729 591 2969 646 conlecta
3023 589 3218 658 fuerat,
3250 609 3436 648 verum
3481 596 3851 650 conversione

2259 679 2494 734 siderum
2525 677 2696 735 Deum
2745 683 3013 751 cognovit.
3039 682 3118 737 Au
3154 683 3291 739 forte
3321 683 3660 755 simpliciter,
3701 688 3853 739 sicut

2259 782 2313 827 et
2370 783 2547 828 cetera
2572 775 2850 841 animalia,
2875 775 3017 830 solas
3034 777 3240 847 Species
3264 777 3499 833 siderum
3516 779 3850 848 aspiciebat,

2259 879 2364 919 non
2395 874 2573 920 autem
2602 868 2836 922 rationes
2868 881 3051 922 eorum
3100 867 3401 940 intelligere
3426 879 3646 940 poterat
3666 869 3691 920 ἲ
3726 867 3848 922 Non

2259 963 2462 1012 temere
2492 957 2594 1014 hoc
2621 959 2686 1014 de
2734 974 2928 1027 magno
2953 970 3006 1014 et
3029 960 3255 1030 sapienti
3281 961 3527 1033 theologo
3556 962 3738 1016 ausim
3766 961 3851 1014 di-

2259 1061 2402 1102 cere.
2435 1047 2503 1103 Et
2549 1050 2591 1104 si
2629 1050 2750 1121 quis
2793 1049 2950 1107 nobis
2979 1051 3030 1106 in
3077 1051 3286 1123 culpam
3312 1053 3664 1124 reputaverit,
3692 1047 3849 1122 quod

2258 1137 2641 1210 pbilosophicis
2699 1142 3200 1199 ratiocinationibus
3249 1143 3330 1198 usi
3382 1159 3588 1210 sumus,
3655 1146 3849 1199 videat

2260 1231 2511 1302 populum
2560 1232 2652 1287 Dei
2700 1233 2942 1305 Aegypto
2991 1233 3321 1307 fugientem,
3377 1236 3601 1306 ejusque
3653 1237 3847 1291 divino

2258 1321 2482 1376 consilio
2524 1324 2854 1378 admonitum
2886 1326 3050 1393 Spolia
3081 1326 3362 1390 ferentem,
3389 1328 3625 1398 ipsisque
3650 1328 3846 1397 spoliis

2225 1411 2811 1482 .irreprehensibiliter
2846 1427 3104 1472 utentem.
3139 1416 3460 1474 Praesertim
3495 1435 3618 1474 cum
3653 1431 3709 1475 et
3745 1421 3860 1491 ipsi

2261 1509 2562 1562 mundanae
2590 1509 2886 1577 sapientiae
2908 1509 3064 1578 periti
3092 1526 3194 1564 non
3226 1511 3276 1564 in
3311 1511 3413 1566 hoc
3438 1513 3844 1581 reprehensibl-

2259 1595 2337 1650 les
2360 1596 2484 1650 facti
2538 1606 2683 1662 sunt,
2715 1600 2868 1669 quasi
2903 1599 2953 1652 in
2988 1599 3278 1655 rationibus
3314 1601 3538 1657 visibilis
3555 1612 3846 1656 creaturae

2258 1689 2511 1754 errariut,
2544 1691 2635 1744 sed
2679 1691 2803 1760 quia
2831 1699 3103 1744 auctorem
3137 1692 3301 1760 ipsius
3332 1701 3615 1747 creaturae
3653 1693 3700 1727 ¹²
3737 1709 3841 1746 non

2258 1780 2390 1835 satis
2425 1780 2562 1834 ultra
2592 1797 2710 1834 eam
2740 1783 3085 1852 quaesierint,
3115 1799 3234 1838 cum
3258 1783 3564 1840 Creatorem
3595 1803 3662 1839 ex
3685 1801 3843 1840 crea-

2181 1875 2228 1936 B
2259 1879 2378 1924 tura
2430 1871 2684 1926 deberent
2735 1873 3010 1939 invenire;
3062 1875 3203 1943 quod
3253 1875 3399 1930 solus
3439 1875 3588 1931 Plato
3638 1877 3842 1945 legitur

2257 1961 2469 2017 fecisse.
2517 1961 2574 2016 Si
2605 1977 2733 2018 vero
2758 1963 3032 2034 praefatae
3079 1968 3472 2022 mundanorum
3519 1985 3839 2037 corporum,

2255 2068 2551 2124 eorumque
2592 2055 3009 2110 interstitiorum
3041 2056 3402 2113 dimensiones
3432 2071 3718 2129 propterea
3757 2061 3841 2114 in-

2255 2143 2540 2200 credibiles
2754 2146 3027 2211 νὶιιιὶιιιιιι·4
3463 2163 3700 2223 corpora
3717 2165 3844 2206 ma-

2250 2237 2386 2307 joris
2411 2237 2777 2308 amplitudinis
2801 2255 2920 2295 esse
2963 2242 3268 2310 cogitantur
3293 2259 3322 2296 a
3354 2243 3544 2306 multis,
3576 2261 3751 2314 quam
3784 2253 3844 2300 nt

2255 2330 2545 2398 praedictis
2594 2330 2887 2385 stadiorum
2917 2333 3155 2388 numeris
3199 2334 3404 2404 possint
3429 2335 3845 2404 comprehendi,

2255 2422 2493 2478 intentus
2522 2423 2665 2492 legat
2719 2439 2878 2480 arcae
2923 2424 3033 2480 Noe
3080 2442 3378 2491 mensuras,
3415 2427 3563 2496 cujus
3611 2439 3846 2484 trees-rh

2257 2524 2430 2572 torum
2463 2517 2768 2571 cubitorum
2801 2525 2919 2572 erat
2942 2516 3238 2587 longitudo,
3268 2519 3641 2591 quinquaginta
3677 2522 3844 2576 cubi-

2257 2618 2430 2666 torum
2459 2609 2704 2676 latitudo,
2727 2610 2943 2682 triginta
2961 2611 3263 2666 cubitorum
3291 2613 3525 2676 altitudo,
3557 2614 3840 2676 etvideat,

2255 2705 2523 2776 quomodo
2541 2704 2592 2758 in
2611 2715 2718 2758 tam
2743 2718 2908 2772 parvo
2943 2704 3118 2774 spatio
3147 2705 3444 2760 cubitorum
3486 2720 3545 2760 ex
3572 2705 3841 2763 omnibus

2254 2795 2616 2850 animantibus
2635 2793 2844 2848 mundis
2869 2803 3090 2864 septena
3106 2801 3160 2849 et
3184 2805 3425 2863 septena,
3443 2809 3505 2849 ex
3529 2794 3839 2852 immundis

2253 2902 2383 2942 vero
2396 2887 2502 2942 duo
2525 2895 2578 2941 et
2605 2888 2708 2941 duo
2734 2894 2981 2958 poterant
3007 2887 3382 2956 comprehendi
3407 2903 3526 2943 cum
3553 2888 3842 2944 alimoniis

2255 2981 2384 3045 suis,
2417 2979 2635 3049 insuper
2667 2979 2830 3034 etiam
2861 2979 2972 3034 Noe
3018 2979 3064 3012 ¹³
3110 2995 3230 3035 cum
3283 2980 3405 3035 filiis
3449 2989 3502 3035 et
3544 2981 3836 3047 uxoribus,

2255 3075 2571 3145 praesertim
2612 3075 2655 3130 si
2692 3075 2803 3145 ipse
2847 3075 3060 3130 cubitus
3105 3084 3240 3131 teste
3285 3085 3466 3130 sancto
3506 3076 3837 3144 Augustino,

2255 3181 2362 3236 quo
2405 3173 2460 3221 et
2505 3181 2632 3221 arca
2659 3164 2790 3231 Noe,
2817 3174 2872 3221 et
2895 3181 3018 3221 area
3047 3163 3398 3230 Testameuti,
3427 3174 3481 3219 et
3511 3164 3841 3220 tabernacu-

2255 3255 2363 3310 lum
2413 3264 2698 3326 ceteraque
2749 3253 2946 3311 veteris
2997 3255 3322 3311 Testamenti
3391 3256 3607 3328 mystica
3660 3272 3839 3326 opera

2256 3355 2566 3403 mensurata
2610 3354 2757 3412 sunt,
2798 3361 2902 3401 non
2931 3344 3159 3418 amplius
3185 3360 3345 3418 quam
3373 3345 3590 3401 duarum
3617 3347 3837 3416 palma-

2255 3453 2374 3493 rum
2413 3438 2576 3494 semis
2619 3453 2926 3494 mensuram
2980 3438 3290 3503 obtinuerit,
3329 3437 3546 3508 ipsaque
3582 3435 3771 3507 palma
3805 3452 3841 3495 a

2255 3527 2566 3584 summitate
2585 3526 2794 3598 pollicis
2828 3541 2998 3598 usque
3023 3527 3090 3582 ad
3110 3527 3474 3584 summitatem
3499 3527 3710 3581 minimi
3756 3527 3845 3583 di-

2253 3619 2349 3692 giti
2391 3617 2437 3651 “
2480 3617 2911 3674 mensurabatur.
2961 3616 3085 3673 Plus
3113 3633 3240 3686 ergo
3279 3625 3425 3673 tenet
3455 3615 3632 3672 divina
3667 3617 3840 3674 virtus

2253 3720 2306 3765 et
2332 3719 2643 3766 naturarum
2672 3710 2842 3775 ratio,
2873 3723 3035 3779 quam
3061 3709 3204 3779 quod
3232 3707 3570 3764 machinatur
3595 3707 3836 3764 humana

2255 3802 2528 3872 cogitatio.
2569 3801 2636 3856 Et
2672 3815 2740 3856 ne
2777 3801 3058 3856 videamur
3086 3802 3154 3855 ad
3184 3799 3392 3856 divinae
3419 3799 3634 3853 virtutis
3670 3799 3838 3855 mira-

2255 3893 2375 3950 cula
2425 3892 2745 3964 confugere,
2803 3901 3057 3962 tanquam
3094 3905 3200 3946 non
3252 3889 3487 3946 valentes
3532 3890 3840 3946 rationibus

2254 3996 2501 4050 naturae,
2543 3985 2686 4054 quod
2719 3984 3024 4048 suademus,
3059 3979 3346 4046 allirmare,
3374 3996 3480 4036 non
3505 3980 3668 4037 aliter
3696 3982 3841 4052 cogi-

2255 4086 2358 4142 tas,
2391 4085 2450 4132 ut
2477 4075 2730 4143 arbitror,
2764 4085 2963 4131 terram
2995 4074 3047 4130 in
3080 4073 3258 4129 medio
3303 4073 3610 4129 mundanae
3645 4075 3844 4144 sphae-

2254 4185 2348 4226 rae
2378 4170 2628 4241 positam,
2653 4183 2812 4240 quam
2838 4168 2986 4224 vides
3007 4174 3254 4222 centrum
3283 4167 3334 4220 in
3366 4166 3528 4220 fundo
3549 4166 3835 4235 cujusdam

2253 4260 2442 4317 circuli
2492 4275 2584 4316 seu
2627 4259 2812 4330 globi;
2868 4259 3033 4313 imum
3083 4256 3344 4327 siquidem
3388 4257 3737 4328 mediumque
3782 4259 3833 4314 in

2256 4349 2519 4406 creaturis
2544 4348 2748 4404 obtinet
2769 4347 2962 4403 locum.
2989 4347 3133 4402 Disc.
3158 4345 3274 4402 Non
3305 4345 3476 4408 aliter,
3509 4361 3617 4400 una
3639 4361 3771 4401 vero
3792 4345 3836 4382 “

2257 4444 2548 4511 eademque
2563 4441 2789 4496 ratione.
2809 4439 2944 4495 Msa.
2964 4438 3073 4495 Nec
3090 4439 3194 4494 alio
3217 4438 3371 4493 modo
3390 4447 3575 4508 partes
3592 4436 3836 4511 signiferi

2259 4534 2448 4590 deduci
2466 4533 2532 4588 ad
2555 4543 2773 4597 terram,
2792 4531 2894 4586 nisi
2915 4546 3001 4596 eo,
3024 4545 3131 4601 quo
3151 4531 3321 4585 lineae
3340 4530 3392 4584 in
3408 4529 3616 4584 circulo
3632 4531 3701 4584 ad
3723 4545 3839 4586 cen-

567 4643 642 4687 ω
665 4596 1002 4687 rationabilis
1031 4641 1227 4698 motus,
1276 4596 1386 4704 quo
2183 4596 2230 4656 θ
2256 4636 2419 4680 trum.
2462 4625 2605 4679 Dtsc.
2639 4622 2860 4694 Aequali
2883 4621 3017 4693 lege.
3039 4596 3177 4677 bim.
3207 4621 3272 4676 Et
3289 4622 3536 4691 quamvis
3561 4636 3670 4677 non
3691 4623 3835 4692 ejus-

575 4737 749 4794 neque
771 4723 819 4759 “
867 4723 977 4780 falli
1006 4725 1137 4792 vult,
1179 4727 1429 4797 quamvis
1465 4729 1517 4781 in
1551 4726 1732 4782 multis
1774 4726 2006 4794 fallatur,
2039 4743 2145 4786 non

572 4822 751 4870 tamen
778 4815 830 4870 in
855 4815 1120 4872 omnibus.
1157 4816 1224 4872 Et
1242 4818 1287 4873 si
1317 4817 1424 4872 duo
1445 4817 1764 4874 vestimenta
1793 4818 1994 4875 Christi
2022 4827 2149 4875 sunt

574 4913 816 4976 tempore
860 4907 1348 4964 transformatiouis
1393 4907 1560 4978 ipsius
1583 4909 1813 4964 candida
1849 4910 1989 4966 sicut
2027 4911 2141 4977 nix,

572 4999 875 5055 divinorum
921 4997 1518 5069 videliceteloquiorum
1563 4999 1739 5067 litera,
1772 5009 1829 5056 et
1849 5000 2142 5056 visibilium

571 5101 753 5148 rerum
808 5091 1016 5162 species
1041 5091 1312 5147 sensibilis
1337 5109 1351 5146 :
1377 5107 1475 5147 cur
1495 5091 1750 5161 iubemur
1793 5107 1958 5147 unum
1982 5092 2145 5147 vesti-

569 5191 812 5238 entum
851 5183 1137 5254 diligenter
1164 5194 1404 5255 tangere,
1428 5193 1486 5238 ut
1505 5199 1650 5249 eum,
1676 5182 1830 5252 cujus
1857 5184 2146 5239 vestimen-

570 5283 685 5332 tum
716 5287 821 5342 est,
856 5291 1159 5332 mereamur
1185 5277 1458 5340 invenire,
1499 5277 1726 5331 alterum
1759 5291 1910 5338 vero,
1951 5275 2002 5328 id
2037 5282 2143 5341 est,

570 5375 879 5424 creaturam
899 5367 1184 5431 visibilem,
1214 5367 1565 5438 prohibemur
1591 5367 1902 5437 inquirere?
1925 5365 1989 5420 Et
2013 5379 2147 5435 quo-

571 5457 754 5526 modo,
777 5466 835 5515 et
856 5460 1052 5518 auibus
1080 5459 1382 5516 rationibus
1406 5467 1716 5515 contextum
1744 5459 1835 5524 sit,
1866 5473 1972 5514 non
2014 5455 2146 5514 satis

2255 4721 2374 4776 dem
2399 4717 2556 4789 spatii
2579 4717 2685 4773 sint
2711 4719 2764 4772 in
2791 4714 3048 4786 signifero
3075 4723 3127 4771 et
3156 4715 3209 4770 in
3240 4714 3446 4779 tellure,
3484 4716 3628 4771 idem
3657 4724 3838 4770 tamen

2251 4811 2442 4867 ductus
2472 4807 2866 4865 rationabilium
2889 4807 3151 4862 linearum
3169 4847 3184 4870 ,
3212 4814 3267 4862 et
3293 4807 3338 4841 “
3361 4807 3583 4864 eaedem
3605 4819 3791 4878 partes
3809 4823 3841 4862 a

2249 4915 2460 4958 Summo
2485 4916 2654 4970 usque
2669 4901 2938 4956 deorsum.
2965 4899 3109 4955 Disc.
3137 4897 3383 4955 Prorsus.
3404 4897 3545 4955 llas.
3575 4899 3730 4967 Quod
3745 4915 3843 4955 au-

2249 5003 2357 5049 tem
2381 4996 2448 5050 de
2477 4993 2720 5064 partibus
2744 4991 3075 5062 intelligitur,
3101 4992 3154 5047 id
3179 4992 3351 5062 ipsum
3373 4991 3439 5047 de
3465 4992 3653 5046 stadiis
3677 4993 3843 5048 aesti-

2248 5087 2498 5142 mandum
2520 5100 2624 5140 non
2662 5097 2843 5152 negas.
2883 5083 3024 5138 Dtsc.
3055 5082 3166 5137 lmo
3195 5097 3398 5137 assero.
3425 5080 3564 5137 Mss.
3595 5082 3649 5136 ln
3671 5097 3845 5152 quan-

2249 5189 2359 5236 tum
2377 5180 2420 5213 "
2431 5194 2559 5250 ergo
2571 5193 2662 5234 seu
2679 5187 2860 5247 partes
2872 5192 2964 5232 seu
2978 5175 3150 5231 stadia
3162 5187 3350 5232 centro
3366 5187 3540 5233 terrae
3553 5177 3847 5247 appropin-

2247 5281 2433 5342 quant,
2457 5271 2510 5329 in
2537 5279 2742 5326 tantum
2767 5270 2810 5304 “
2827 5269 3152 5340 angustioris
3175 5267 3470 5324 latitudinis
3488 5279 3612 5324 sunt
3629 5287 3644 5323 :
3659 5285 3691 5325 e
3713 5285 3847 5324 con-

2249 5365 2416 5420 trario
2435 5374 2614 5421 autem
2637 5363 2688 5417 in
2712 5372 2968 5432 quantum
2985 5361 3300 5433 elongantur
3320 5377 3350 5414 a
3377 5371 3543 5425 terra,
3559 5362 3610 5416 in
3628 5370 3845 5417 tantum

2248 5465 2615 5528 propagautur
2628 5455 2820 5526 spatia.
2839 5452 2986 5509 Dtsc.
3003 5451 3120 5508 Non
3136 5451 3294 5508 aliter
3317 5451 3599 5508 circularis
3621 5452 3749 5508 sinit
3779 5452 3846 5509 ll:

1862 5570 2118 5627 VARIAE
2153 5565 2554 5626 LECTIONES.

650 5703 669 5734 ⁸
718 5699 1008 5756 stadiorum
1052 5715 1163 5757 om.
1193 5697 1254 5755 C.

1353 5700 1374 5730 '
1413 5697 1652 5755 Cnddis.
1729 5697 1750 5728 ³
1801 5697 1839 5751 Α
1883 5697 2258 5767 superadjectis
2305 5698 2484 5752 etiam.

2579 5693 2602 5726 ⁸
2625 5693 2668 5750 C
2697 5693 3048 5750 concluditur.
3157 5692 3179 5726 ³
3220 5693 3268 5750 Α
3297 5692 3630 5747 roborantur.
3741 5684 3765 5718 '
3796 5685 3850 5744 Δ

572 5755 733 5830 sunt.
789 5755 812 5804 "
841 5755 934 5828 nos
961 5755 1075 5840 om.
1097 5771 1157 5825 C.
1233 5771 1255 5802 ⁸
1285 5770 1326 5824 Δ
1349 5769 1745 5840 longitudinem.
1820 5770 1842 5802 ο
1873 5755 2123 5840 Δρυοάῖ
2139 5837 2148 5840 _
2192 5768 2234 5800 “
2259 5767 2300 5823 C
2323 5783 2533 5840 nunc.”
2558 5766 2601 5840 ίξ
2630 5765 2673 5822 C
2695 5775 2744 5820 et
2775 5779 2969 5836 neque.
3045 5763 3092 5798 “
3119 5765 3166 5821 Δ
3192 5774 3436 5822 naturae.
3510 5759 3558 5797 “
3590 5759 3637 5818 Δ
3663 5755 3849 5820 Non.

578 5841 624 5877 ⁸⁸
660 5841 811 5916 digiti
835 5855 947 5899 om.
977 5839 1040 5899 C.
1116 5839 1162 5873 "
1196 5856 1315 5896 vero
1342 5836 1456 5897 om.
1481 5837 1545 5901 C.
1624 5837 1668 5871 ¹⁶
1706 5837 1965 5898 stom.C.
2044 5840 2085 5873 "
2123 5837 2416 5902 Auratum.
2491 5837 2538 5872 ⁸⁸
2571 5836 2619 5892 Δ
2657 5843 2933 5911 quantum.

1433 5988 1503 6006 ,Μ
