4064 6292
275 312 413 395 m,

1136 342 1225 397 DE
1262 340 1604 399 DlVlSlONE
1642 338 1990 398 NATURAE.
2031 371 2103 384 —
2133 336 2339 398 LIBER
2373 340 2688 429 TERTIUS.

3431 328 3537 395 τεο

277 464 436 525 gura.
460 450 600 508 Mss.
623 447 762 519 Quid
785 451 966 522 itaque
980 451 1075 507 tibi
1090 453 1303 508 videtur
1316 454 1382 509 de
1396 455 1733 531 men‘soribus
1755 464 1859 511 ter—
1882 460 1933 518 Α
1960 457 2220 512 montium
2250 456 2582 511 altitudinem
2606 454 2811 510 telluris
2833 453 3115 525 superﬁcie
3138 451 3407 526 elongata,
3426 468 3538 511 non

276 562 376 602 rae
406 561 505 617 per
533 554 711 616 partes
746 553 801 600 et
834 546 1004 600 stadia
1045 556 1333 615 ceteraque
1380 547 1688 612 intervalla,
1725 564 1861 618 quos
1953 549 2064 618 jam
2092 549 2276 603 stricta
2307 556 2362 603 et
2392 548 2457 602 ad
2487 544 2891 616 amplitudinem
2938 555 3183 602 terrenae
3229 544 3386 601 molis
3423 560 3540 600 am«

276 640 472 697 Graeci
489 638 844 707 geometricos
858 637 1535 707 vocant?Num‘arbitraris,
1551 654 1642 696 eos
1660 650 1858 695 terram

278 744 626 787 tneusurasse
645 728 887 799 pedibus,
910 740 998 782 aut
1020 730 1281 798 passibus,
1309 730 1573 792 cubitove,
1598 747 1690 785 seu
1713 732 1860 786 simi-

276 824 422 879 libus
445 820 749 876 mensuris?
771 820 913 875 Disc.
938 819 1051 875 Non
1078 820 1232 876 facile
1262 823 1363 877 hoc
1392 821 1710 877 crediderim
1745 820 1858 876 ﬁeri

1958 639 2207 695 biendam
2247 640 2609 703 incommoda,
2648 639 2765 703 sed,
2798 638 2923 693 dum
2959 639 3067 693 sint
3094 637 3284 695 eadem
3307 652 3363 693 et
3383 638 3539 710 juxta

1958 742 2183 795 terram,
2223 740 2276 785 et
2321 732 2389 788 ab
2426 747 2489 786 ea
2519 730 2731 800 longius
2759 729 3047 800 praedictis
3075 730 3262 801 spatiis
3310 739 3551 803 remota,

1960 823 2403 878 irrationabilium
2446 824 2828 895 cogitationum
2868 821 3001 876 falsa
3033 821 3413 893 imaginatione
3447 823 3543 889 ab-

276 928 440 984 posse
466 912 517 965 in
547 920 691 966 tanta
711 911 1022 965 diversitate
1041 912 1300 967 montium
1321 924 1375 966 et
1399 913 1635 968 vallium.
1655 911 1786 967 Nam
1806 919 1860 967 et
1951 914 2094 985 jecta
2132 914 2197 970 ad
2240 929 2546 970 mensuram
2606 925 2785 969 terrae
2833 911 2858 947 ⁸
2903 908 3191 969 sumciunt.
3250 911 3541 985 Hinc,"est,

277 1018 594 1073 camporum
640 1002 888 1072 planities
930 1010 1112 1059 tantae
1156 1004 1494 1073 aequalitatis
1521 1020 1625 1060 non
1651 1012 1765 1070 est,
1802 1012 1863 1058 ut

277 1096 445 1150 simili
483 1109 766 1166 progressu
808 1094 978 1165 possit
1021 1094 1341 1151 mensurari.
1382 1093 1547 1150 Terra
1598 1097 1859 1165 siquidem

278 1201 391 1241 non
414 1184 588 1240 solum
621 1186 886 1255 gravitate
932 1186 1206 1253 ponderis,
1251 1200 1435 1240 verum
1493 1164 1885 1242 etiamicausa‘

280 1275 683 1346 inaequalitatis
728 1277 961 1346 partium
1008 1277 1506 1332 suarunrintimum
1552 1277 1603 1331 in
1653 1278 1862 1334 naturis

276 1369 520 1439 possidet
558 1368 753 1423 locum.
812 1367 1116 1422 Similitudo
1163 1383 1394 1438 namque
1446 1371 1678 1439 partium
1732 1368 1861 1424 facit

277 1461 523 1515 ordinem
546 1458 962 1524 elementorum;
989 1459 1250 1514 similiora
1273 1461 1416 1514 enim
1442 1460 1543 1515 sibi
1565 1462 1676 1515 suis
1698 1463 1715 1492 ³
1738 1476 1862 1531 par-

283 1549 448 1614 tibus,
478 1548 668 1604 altiora
698 1557 824 1604 snnt
848 1550 1009 1603 etiam
1032 1550 1145 1604 suis
1165 1551 1398 1606 sedibus.
1422 1550 1557 1606 MAG.
1592 1551 1861 1609 Fortassis

278 1655 409 1711 ergo
447 1654 705 1710 corporeo
741 1640 896 1694 visu?
927 1641 1071 1697 Dtsc.
1099 1640 1177 1695 Ne
1201 1642 1252 1696 id
1273 1642 1526 1711 quidem;
1562 1641 1692 1696 fallit
1715 1644 1860 1698 enim

277 1732 505 1799 s‘ensus,
564 1733 785 1803 ejusque
824 1731 1026 1801 judicio
1079 1733 1212 1787 nihil
1267 1744 1349 1789 est.
1396 1735 1859 1790 committendum.

1960 984 2203 1077 quodet‘
2216 1004 2417 1061 Plinius
2436 1003 2836 1075 amplitudinem
2848 1013 3051 1069 terrae,
3068 1005 3226 1059 ducta
3243 984 3545 1085 rationabili

1960 1098 2119 1164 linea,
2152 1095 2504 1168 geographica
2529 1094 2916 1165 speculatione,
2947 1111 3047 1167 per
3077 1090 3370 1169 Cacumina"
3394 1094 3549 1150 altis-

1960 1193 2218 1248 simorum
2240 1183 2501 1245 inontium
2528 1188 2826 1245 trcnsurarl
2850 1188 2872 1221 "
2898 1190 3202 1253 existimat;
3228 1176 3385 1245 aliter
3402 1186 3548 1243 enim

1960 1281 2237 1338 circularis
2254 1280 2519 1335 dimensio
2540 1278 2746 1335 telluris
2762 1294 2867 1334 non
2887 1281 3193 1350 proveniret
3213 1279 3256 1333 ³.
3280 1279 3427 1334 Disc.
3448 1276 3551 1335 Sat

1961 1375 2029 1428 de
2054 1374 2139 1428 his
2163 1380 2243 1426 est
2273 1380 2469 1426 actum.
2495 1369 2633 1428 Mm.
2657 1370 2958 1426 Redeamus
2984 1372 3168 1441 itaque
3207 1371 3273 1426 ad
3302 1368 3551 1440 Scriptua-

1962 1481 2098 1521 ram.
2123 1464 2265 1520 DISC.
2293 1463 2528 1533 Tempus
2556 1463 2765 1517 invitat.
2792 1461 2931 1517 Msc.
2958 1458 3137 1527 Fiant,
3163 1458 3355 1531 inquit,
3396 1457 3553 1515 inuti-

1962 1558 2113 1611 naria
2136 1557 2189 1609 in
2216 1555 2542 1624 ﬁrmamento
2569 1552 2719 1622 caeli,
2742 1562 2789 1607 et
2811 1550 3046 1607 dividant
3076 1552 3214 1606 diem
3243 1569 3304 1608 ac
3328 1562 3547 1606 noctein.

1961 1649 2039 1704 Ac
2064 1650 2107 1703 si
2137 1649 2293 1719 plane
2318 1647 2588 1703 diceretur
2611 1661 2625 1700 :
2647 1646 3111 1715 luminaria,quae
3136 1644 3189 1699 in
3208 1643 3552 1699 ﬁrmamento

1965 1743 2096 1799 caeli
2114 1742 2249 1798 facta
2268 1752 2415 1806 sunt,
2433 1741 2671 1796 dividant
2685 1741 2896 1794 interse
2908 1740 3049 1794 diem
3068 1753 3132 1794 ac
3145 1745 3379 1793 noctem.
3394 1734 3554 1803 Quod

278 1823 535 1878 Exterior
568 1823 836 1892 siquidem
884 1838 1093 1886 sensus,
1134 1824 1381 1892 quamvis
1420 1825 1613 1879 rationi
1644 1841 1747 1879 non
1778 1838 1864 1879 re-
1892 1849 1937 1908 Β
1967 1832 2252 1889 Psalmista
2271 1827 3549 1900 declarat,dicens:Qui/‘ecitluminariarnagna,

277 1916 524 1979 nuntiat,
570 1916 672 1970 nisi
724 1917 864 1985 quod
906 1916 1245 1970 extrinsecus
1274 1915 1556 1986 patitur",
1588 1917 1864 1974 interioris

279 2016 459 2063 tamen
490 2007 750 2079 judicium
797 2011 862 2064 de
913 2008 1015 2071 his,
1071 2022 1209 2077 quae
1262 2024 1358 2078 per
1409 2024 1605 2079 corpus
1652 2010 1862 2079 recipit,

277 2100 596 2169 saepissime
623 2100 646 2132 ³
672 2099 895 2161 fallitur,
926 2100 1155 2156 fractum
1182 2101 1236 2153 in
1266 2116 1403 2171 aqua
1435 2118 1668 2167 remum,
1694 2101 1867 2172 dupli—

275 2208 396 2248 cem
424 2191 600 2245 lunam
626 2208 718 2247 seu
745 2193 1048 2256 candelam,
1081 2208 1172 2247 seu
1197 2192 1338 2247 aliud
1366 2193 1492 2263 quid
1522 2208 1618 2263 per
1644 2209 1868 2263 praeva-

276 2284 595 2339 ricationem
622 2299 832 2346 sensus,
857 2284 957 2339 hoc
978 2292 1079 2345 est,
1113 2301 1210 2354 per
1242 2285 1534 2349 radiorum,
1562 2286 1652 2354 qui
1683 2300 1747 2339 ex
1773 2300 1869 2355 pu-

272 2374 420 2443 pillis
435 2375 710 2430 oculorum
734 2384 1077 2445 sparguntur,
1095 2376 1523 2445 segregationem
1540 2375 1868 2445 geminatum

273 2467 613 2521 existimans.
656 2464 793 2521 MAG.
822 2465 1100 2534 Quomodo
1133 2481 1260 2536 ergo
1297 2465 1692 2520 metiebantur?
1725 2465 1867 2521 DlSC.

273 2554 442 2628 Virga
459 2557 628 2626 prius,
645 2567 702 2611 ut
718 2557 888 2620 aiunt,
903 2558 1249 2628 geometrica,
1273 2572 1430 2625 quam
1445 2556 1635 2612 Graeci
1664 2558 1870 2611 radium

272 2660 473 2705 vocant
490 2667 505 2715 ;
523 2664 658 2720 quae
672 2648 906 2720 quinque
917 2665 1109 2721 passus
1122 2649 1312 2704 cubico
1328 2660 1470 2704 motu
1490 2649 1871 2720 multiplicans,

277 2740 383 2794 hoc
417 2748 499 2796 est
537 2741 820 2811 quinquies
842 2741 1076 2811 quinque
1101 2741 1387 2810 quinquies
1407 2781 1419 2804 ,
1449 2755 1612 2795 unum
1637 2740 1875 2795 stadium

278 2835 648 2887 mensurabat.
688 2829 808 2888 Uno
843 2842 1023 2888 autem
1061 2833 1236 2887 stadio
1267 2843 1502 2902 reperto,
1545 2832 1702 2888 facile
1726 2840 1867 2898 erat,

277 2928 446 2982 multa
465 2929 637 2983 stadia
662 2942 757 2997 per
777 2923 932 3000 plana
957 2927 1203 2999 Aegypti,
1234 2942 1371 2997 quae
1396 2935 1570 2982 mater
1590 2926 1777 2982 talium
1798 2926 1874 2981 di-

278 3021 616 3076 mensionum
643 3020 855 3085 dicitur,
894 3021 1154 3075 invenire.
1193 3019 1330 3074 MAG.
1362 3018 1640 3086 Quomodo
1662 3025 1875 3087 praeter

277 3114 581 3185 Aegyptum
630 3122 809 3169 terrae
874 3124 1099 3185 partes,
1160 3123 1308 3168 tanta
1370 3113 1753 3183 inaequalitate
1803 3112 1871 3167 ad

280 3204 704 3261 mensurandnm
736 3204 997 3271 dilliciles,
1027 3204 1420 3276 explorabant?
1458 3205 1600 3260 Dtsc.
1638 3204 1777 3269 Non,
1809 3213 1869 3259 ut
1897 3211 1945 3276 C
1977 3207 2046 3261 tia
2080 3202 2360 3261 revocatus
2396 3201 2629 3260 naturali
2674 3200 2881 3257 dierum
2928 3210 3300 3268 annorumque
3345 3195 3560 3252 revolu-

280 3298 454 3361 aiunt,
486 3298 728 3369 pedibus,
764 3312 937 3367 neque
965 3298 1144 3355 radiis.
1182 3298 1275 3353 sed
1307 3297 1421 3353 sola
1454 3296 1681 3352 rationis
1701 3312 1868 3369 argu-

281 3383 637 3450 mentatione,
663 3384 954 3453 horologiis
988 3383 1256 3446 videlicet,
1281 3397 1349 3437 ex
1374 3383 1686 3437 umbrarum
1717 3379 1868 3436 simi-

279 3473 532 3541 litudine,
566 3474 900 3547 singularum
931 3475 1167 3544 partium
1194 3474 1649 3545 intercapedinem
1682 3474 1871 3529 incun-

283 3579 500 3625 ctanter
537 3568 892 3624 invenientes.
934 3567 1165 3622 Tantum
1199 3581 1430 3636 namque
1460 3583 1561 3622 una
1594 3581 1740 3637 pars,
1766 3565 1870 3623 hoc

281 3670 414 3728 est,
459 3661 804 3731 quotidianus
848 3659 976 3715 solis
1027 3660 1081 3715 in
1138 3658 1393 3730 signifero
1440 3674 1758 3730 progressus
1814 3658 1869 3713 in

283 3763 432 3809 terra
462 3761 630 3823 patet,
661 3762 919 3822 quantum
943 3749 1239 3807 similitudo
1265 3751 1575 3805 umbrarum
1602 3749 1867 3819 horologii

282 3844 513 3902 obtinet.
547 3843 687 3899 MAG.
711 3842 1071 3898 Latitudinem
1094 3857 1221 3913 ergo
1244 3842 1476 3911 partium
1498 3849 1555 3895 et
1574 3841 1869 3895 stadiorum

283 3951 358 3991 ex
386 3949 657 3993 mensura.
676 3950 780 4004 qua
806 3943 1004 3987 terram
1029 3931 1331 4002 attingunt,
1356 3930 1695 4002 colligebant.
1720 3930 1867 3987 Dtsc.

282 4024 400 4082 Nec
425 4026 504 4080 sic
529 4025 945 4090 existimabant;
979 4024 1072 4079 sed
1100 4024 1329 4094 primum
1352 4022 1640 4078 altissimos
1661 4031 1871 4078 montes

282 4124 683 4180 mensurantes,
715 4122 846 4183 quot
876 4110 1109 4168 millibus
1133 4112 1432 4168 stadiorum
1457 4127 1523 4167 ex
1558 4120 1732 4167 terrae
1754 4111 1870 4181 pla-

280 4206 422 4263 nitie
450 4206 502 4261 in
532 4206 698 4261 altum
729 4207 1098 4277 erigerentur;
1140 4203 1285 4260 verbi
1338 4204 1513 4275 gratia
1558 4202 1866 4276 Olympum,

282 4294 442 4363 cujus
461 4297 716 4352 verticem
741 4298 925 4354 decem
950 4295 1184 4352 millibus
1205 4294 1502 4351 stadiorum
1546 4293 1569 4327 ‘
1589 4302 1871 4349 autumant

281 4390 587 4457 sublimari,
608 4390 857 4469 Pindum,
887 4389 1203 4469 Rhodopen,
1229 4389 1654 4469 Acroceraunia,
1684 4387 1871 4469 Atlan-

282 4491 421 4544 tem,
467 4480 630 4536 veluti
678 4464 874 4535 lineam
925 4462 1192 4550 quandam
1243 4465 1548 4534 rationabili
1598 4462 1870 4533 ductu‘h'da

1964 1923 2190 1979 solemin
2205 1932 2503 1990 potestatem
2528 1919 2652 1983 diei,
2678 1918 2857 1973 lunam
2886 1929 2932 1973 et
2960 1918 3139 1974 stellas
3163 1920 3218 1973 in
3248 1926 3553 1990 potestatem

1967 1996 2148 2069 noctis.
2175 2011 2290 2067 Non
2319 2013 2460 2081 quod
2481 2011 2594 2067 dies
2607 2020 2660 2065 et
2673 2026 2778 2065 nox
2794 2022 3009 2080 semper
3028 2024 3132 2065 non
3150 2009 3261 2064 sint
3271 2010 3416 2065 circa
3438 2018 3556 2063 am-

1966 2106 2135 2161 bitum
2159 2103 2384 2165 telluris,
2407 2101 2499 2157 sed
2522 2100 2685 2172 quod,
2714 2101 3023 2169 ubicunque
3047 2099 3126 2155 sol
3163 2110 3419 2170 praesens
3447 2104 3552 2165 est,

1966 2214 2177 2269 semper
2189 2192 2520 2251 illuminandi
2534 2201 2854 2264 potestatem
2873 2191 3149 2257 habet;ubi
3166 2200 3345 2246 autem
3359 2189 3557 2245 absens

1968 2300 2069 2355 est,
2102 2289 2259 2345 lunae
2292 2287 2676 2355 stellarumque
2712 2285 2966 2357 splendor
3006 2284 3319 2340 umbrarum
3361 2281 3554 2352 caligi-

1968 2398 2113 2444 nem,
2144 2397 2213 2437 ne
2235 2381 2457 2436 omnino
2482 2375 2797 2432 animalium
2826 2375 3103 2431 obtutibus
3133 2371 3559 2445 impenetrabilis

1970 2473 2070 2534 sit,
2125 2487 2303 2527 raram
2350 2470 2740 2540 lugubremque
2786 2466 2935 2523 facit.
2967 2464 3036 2522 Et
3080 2468 3184 2522 sint
3228 2469 3287 2523 in
3314 2467 3468 2537 signa
3505 2469 3557 2520 et

1972 2574 2227 2632 tempora,
2255 2570 2301 2617 et
2331 2561 2442 2615 dies
2481 2570 2529 2615 et
2576 2574 2761 2614 annos.
2795 2557 2959 2630 Signa
2993 2557 3341 2629 intelligimus
3370 2559 3424 2611 in
3457 2556 3560 2613 hoc

1974 2656 2091 2711 loco
2122 2670 2225 2710 non
2256 2655 2467 2719 sidera,
2489 2653 2583 2709 sed
2614 2651 2893 2724 praesagia
2922 2651 3183 2720 quaedam
3225 2650 3440 2705 futurae
3467 2663 3557 2705 se.
3613 2720 3617 2726 ι

1973 2746 2218 2804 renitatis
2237 2787 2251 2811 ,
2282 2759 2375 2801 seu
2425 2743 2792 2814 tempestatis;
2827 2755 2968 2812 quae
2998 2741 3233 2797 maxime
3260 2755 3331 2797 ex
3354 2736 3557 2796 colori-

1974 2840 2075 2895 bus
2112 2836 2424 2892 caelestium
2474 2834 2820 2890 lnminarium
2869 2831 3045 2889 solent
3093 2831 3296 2888 habere
3341 2830 3557 2901 experi-

1976 2937 2237 2984 mentum.
2266 2924 2530 2996 Tempora
2572 2932 2754 2980 autem
2795 2932 2952 2978 vocat
2993 2921 3318 2993 generaliter
3359 2935 3554 2979 cursus

1974 3030 2030 3077 et
2081 3020 2285 3077 reditus
2318 3019 2590 3083 siderum,
2619 3017 2784 3073 certis
2813 3028 3086 3070 morarum
3118 3012 3452 3080 intervallis,
3487 3004 3599 3093 ad"

1977 3116 2206 3170 eundem
2244 3122 2448 3168 motum
2486 3112 2760 3181 situmque
2787 3108 3029 3164 locorum
3056 3106 3236 3163 divina
3268 3105 3557 3177 providen-

1972 3297 2138 3354 tione.
2177 3293 2244 3350 Et
2274 3293 2481 3349 luceant
2506 3293 2561 3346 in
2589 3290 2916 3361 ﬁrmamento
2944 3288 3094 3343 caeli.
3127 3285 3406 3359 Siquidem
3436 3284 3555 3341 nul-

1972 3387 2083 3442 lum
2114 3387 2264 3442 sidus
2288 3384 2559 3441 delectum
2585 3383 2666 3439 sui
2708 3381 2926 3437 luminis
2969 3380 3191 3452 patitur,
3220 3380 3313 3436 sed
3336 3386 3558 3450 seraper

1971 3478 2153 3533 omnia
2182 3477 2236 3532 in
2265 3474 2532 3531 aethereis
2561 3472 2752 3543 spatiis
2771 3473 2974 3542 absque
3007 3470 3115 3526 ulla
3142 3459 3571 3527 obumbratiouo'

1971 3570 2260 3644 refulgent,
2284 3578 2512 3640 excepto
2533 3570 2694 3625 lunae
2715 3567 2894 3641 globo,
2920 3568 3032 3638 qui,
3056 3566 3273 3638 quando
3296 3566 3350 3622 in
3382 3565 3560 3638 regio.

1972 3681 2093 3722 nem
2118 3665 2342 3720 umbrae
2362 3662 2660 3727 descendit,
2686 3661 2848 3718 solari
2876 3661 3029 3718 radio
3050 3661 3319 3726 desertus,
3341 3656 3559 3715 videtur

1958 3753 2269 3812 obscurari.
2301 3751 2592 3822 Propterea
2622 3750 2699 3804 ait
2730 3767 2743 3805 :
2774 3748 2842 3804 Et
2883 3750 3090 3804 luceant
3130 3750 3187 3804 in
3224 3748 3559 3819 ﬁrmamento

1972 3844 2121 3909 caeli,
2145 3854 2192 3898 et
2219 3842 2509 3897 illuminent
2536 3850 2750 3896 terrans.
2780 3838 2851 3895 Et
2880 3840 3077 3909 factum
3104 3849 3180 3893 est
3206 3839 3282 3894 ita
3303 3838 3392 3892 :in
3420 3851 3555 3892 cau-

1972 3937 2048 3991 sis
2073 3932 2324 3989 videlicet
2349 3930 2702 4001 originalibus
2718 3969 2734 3997 ,
2759 3943 2827 3984 ex
2852 3929 3048 4000 quibus
3094 3930 3148 3983 in
3192 3928 3403 3997 species
3428 3940 3559 3997 pro~

1971 4027 2151 4097 prias,
2195 4034 2255 4081 et
2293 4022 2657 4094 quantitates,
2687 4029 2745 4078 et
2793 4021 3113 4086 intervalla,
3140 4028 3217 4076 aet
3258 4027 3459 4084 motus,
3497 4025 3558 4076 et

1972 4117 2287 4188 splendores
2332 4122 2667 4180 processere.
2692 4108 2923 4165 Proinde
2940 4111 2962 4153 ο
2984 4110 3228 4179 sequitur
3254 4108 3309 4164 in
3337 4107 3550 4178 species

1970 4218 2259 4265 causarum
2288 4201 2587 4275 processio.
2613 4199 2864 4272 Fecitque
2886 4198 3026 4255 Deus
3046 4200 3156 4257 duo
3181 4214 3372 4269 magna
3397 4196 3557 4252 lustio

1972 4299 2146 4362 naria,
2173 4295 2431 4350 luminare
2461 4293 2656 4363 majus,
2685 4300 2741 4346 ut
2766 4300 3024 4363 praeesset
3042 4288 3372 4356 diei,‘soleut
3397 4287 3554 4344 Vith-

1973 4389 2136 4455 licet,
2162 4386 2319 4457 cujus
2355 4384 2660 4456 praesentia
2700 4383 2844 4439 diem
2868 4381 3062 4448 eﬂcit,
3087 4391 3137 4437 et
3160 4380 3556 4437 luminare.“

1972 4496 2100 4543 nus,
2147 4478 2332 4534 lunam
2379 4476 2511 4532 dicit
2541 4476 2606 4542 ι’,
2636 4476 2791 4547 cuius
2834 4484 2894 4531 et
2920 4474 3202 4548 quantitas
3235 4482 3292 4533 et
3329 4476 3423 4537 las
3466 4474 3555 4531 in-

282 4570 689 4628 summitatibus
729 4571 990 4626 montium
1030 4570 1083 4625 in
1121 4571 1263 4625 aeris
1297 4569 1471 4640 spatia
1498 4576 1866 4639 porrectorum
1896 4567 1946 4627 D
1971 4567 2407 4639 comparabiliter
2444 4582 2476 4621 a
2506 4566 2620 4622 sole
2662 4575 2970 4637 superatur,
3002 4575 3057 4620 ut
3082 4575 3344 4637 praeesset
3387 4564 3552 4621 uoci.

282 4661 580 4718 extendere
630 4659 987 4723 inchoabant,
1040 4673 1267 4728 eamque
1317 4659 1528 4727 aequali
1575 4672 1789 4727 semper
1837 4672 1868 4713 a

282 4757 438 4807 terra
463 4747 770 4815 intervallo,
796 4750 970 4804 instar
1002 4748 1374 4804 rotundissimi
1403 4748 1608 4816 circuli,
1639 4748 1871 4805 circum.

280 4841 547 4905 ferentes,
592 4840 765 4896 donec
802 4840 872 4896 ad
918 4839 1144 4896 eundem
1193 4840 1390 4905 locum,
1441 4856 1551 4911 quo
1594 4850 1868 4912 coeperat,

282 4933 616 5003 perveniret,
647 4934 835 5003 aequis
864 4932 1099 5002 undique
1133 4933 1323 5003 spatiis
1353 4932 1558 4988 telluris
1604 4933 1866 4989 ambitum

287 5023 489 5079 mentis
520 5024 762 5079 contuitu
791 5038 1132 5094 perspexere.
1170 5023 1311 5079 MAG.
1346 5024 1716 5079 Dimensiones
1739 5039 1867 5094 geo-

282 5113 546 5168 metricas
571 5112 766 5170 talibus
788 5115 1120 5183 argumentis
1155 5115 1226 5170 ita
1273 5115 1449 5185 primo
1490 5124 1733 5184 repertas
1763 5130 1868 5173 non

286 5202 731 5260 contradixerim.
769 5205 851 5260 Ac
878 5220 975 5275 per
1001 5207 1104 5263 hoc
1145 5205 1318 5262 stadia
1361 5205 1472 5271 illa,
1520 5220 1660 5276 quae
1703 5221 1870 5278 prope

286 5301 499 5351 terrm
550 5294 716 5353 veluti
756 5305 986 5370 angusta
1026 5298 1375 5371 putabantur,
1415 5299 1669 5371 paulatim
1707 5300 1865 5369 juxta

1975 4659 2125 4714 Luna
2177 4658 2442 4729 siquidem
2473 4658 2540 4713 ab
2565 4666 2757 4713 octava
2802 4673 2972 4727 usque
3014 4658 3081 4713 ad
3112 4656 3425 4713 vicesimam
3464 4669 3557 4715 sse

1974 4749 2204 4805 cunilam
2229 4788 2245 4814 ,
2292 4757 2387 4805 aut
2431 4757 2599 4804 totam
2641 4757 2853 4804 noctem
2900 4748 3048 4804 circa
3096 4746 3449 4818 plenilunium
3497 4746 3554 4801 in

1973 4841 2353 4913 aequinoctiis,
2382 4850 2698 4912 autpartem
2718 4839 2836 4909 eius
2855 4841 3051 4898 ceteris
3074 4840 3407 4912 temporibus
3433 4837 3555 4895 illi»

1977 4934 2168 4988 minat.
2198 4933 2464 5000 Quoniam
2494 4949 2655 4999 vero,
2681 4935 2809 4991 dum
2855 4934 2925 4991 sit
2972 4934 3027 4991 in
3076 4934 3222 4991 coitu
3262 4933 3427 4997 solis,
3457 4940 3557 4989 sus

1975 5026 2102 5082 hinc
2135 5025 2260 5081 inde
2287 5026 2602 5097 propinquis
2638 5025 2915 5097 partibus,
2949 5026 3128 5082 noctis
3152 5024 3405 5081 tenebras
3429 5021 3554 5078 luco

1974 5134 2072 5176 sua
2104 5128 2389 5189 penetrare
2416 5135 2524 5175 non
2553 5121 2746 5175 sinitur
2764 5158 2782 5187 ,
2812 5125 3137 5176 succurrunt
3164 5116 3383 5180 stellae,
3408 5129 3552 5185 qus-

1972 5224 2093 5264 rum
2119 5209 2368 5266 claritate
2387 5211 2698 5267 umbrarum
2720 5211 2959 5266 densitas
2986 5209 3232 5265 rarescit.
3258 5208 3552 5278 Propterea

1972 5301 2110 5358 dixit
2133 5302 2209 5357 “z
2239 5311 2288 5358 et
2312 5299 2571 5359 luminare
2590 5302 2784 5369 asinus,
2809 5311 2866 5356 ut
2888 5309 3147 5373 praeesset
3170 5298 3333 5365 nocti,
3361 5307 3410 5355 et
3435 5296 3554 5354 sub

1580 5497 1833 5555 VARIAE
1860 5498 2267 5558 LECTIONES.

371 5684 394 5719 ⁸
417 5684 477 5740 Α
500 5684 610 5740 suis
640 5683 760 5739 sibi.
835 5682 858 5713 ²
894 5681 936 5735 Α
969 5682 1218 5743 patiatur.
1298 5681 1317 5712 ³
1356 5682 1399 5736 Α
1429 5699 1598 5749 saepe.
1673 5682 1696 5712 ⁵
1725 5679 1766 5737 C
1787 5682 1991 5737 stadiis.

2085 5682 2108 5715 '
2164 5683 2233 5735 ad
2265 5696 2559 5737 mensuram
2584 5688 2753 5733 terrae
2779 5693 2889 5733 om.
2919 5680 2985 5736 Α.
3062 5681 3084 5715 ⁸
3105 5691 3153 5738 et
3178 5697 3288 5740 om.
3315 5681 3380 5738 Α.
3454 5678 3475 5713 ’
3504 5680 3551 5740 Δ

295 5756 726 5816 Mummiam.
800 5754 824 5789 ⁸
858 5751 1199 5827 Cproveniet.
1276 5750 1297 5784 ⁹
1334 5752 1381 5807 Δ
1420 5750 1725 5829 Propterea.
1801 5752 1845 5786 ⁸⁸
1879 5752 1927 5809 Α
1962 5753 2144 5809 lunam
2181 5751 2415 5809 videlicet
2453 5750 2600 5808 dicit.
2679 5749 2721 5781 “
2758 5752 2805 5806 Α
2842 5751 2986 5810 dicit.

1724 5896 1759 5910 ᾳ
