4028 6282
481 300 588 360 731

1867 297 2147 360 JOANNIS
2183 297 2384 358 SCOTl

3380 277 3464 290 κιο·

3657 304 3770 361 7?.8

483 420 588 484 las,
633 426 681 474 et
722 413 897 490 posuit
939 431 1050 484 eas,
1081 411 1287 484 stellas}
1311 412 1598 480 videlicet,
1639 415 1696 469 in
1737 413 2068 484 [irritamento
2096 421 2147 481 Α
2173 421 2355 468 menta
2401 411 2561 484 hujus
2601 411 2823 479 mundi,
2865 410 3076 470 caelum
3105 411 3227 470 dico
3261 425 3385 469 cum
3425 413 3542 470 suis
3572 415 3771 480 astris,

483 508 635 566 caeli.
680 507 760 564 Ac
803 507 846 564 si
896 507 1144 573 dixisset,
1179 505 1297 561 fixit
1329 521 1422 563 eas
1451 506 1504 561 in
1537 505 1880 562 firmamento
1910 508 2066 563 caeli.

484 601 560 658 De
591 600 773 657 choris
800 614 1033 670 namque
1059 599 1295 654 siderum
1328 599 1429 653 hoc
1453 598 1655 653 dictum
1685 598 2068 669 intelligimus;

484 695 577 764 qui
625 694 871 765 quamvis
914 708 1037 747 cum
1089 689 1290 746 mundo
1336 689 1627 746 volvuntur
1664 690 1702 757 ί,
1750 690 1843 744 ﬁxi
1890 699 2071 745 tamen

489 788 543 842 in
592 787 783 842 iisdem
834 768 1054 842 sedibus
1120 799 1334 856 semper
1379 791 1599 839 manent
1642 785 1688 848 ’,
1738 784 1840 838 etsi
1895 791 2074 839 stante

484 880 687 934 mundo
729 878 882 934 chori
908 878 1146 933 siderum
1169 875 1508 932 solummodo
1531 876 1551 907 ³
1573 875 2070 942 circumvebantur,

485 980 545 1027 ut
579 973 600 1003 ⁸
627 972 847 1043 quidam
887 971 1329 1042 philosophorum
1365 969 1582 1036 volunt;
1629 969 1763 1026 ordo
1821 961 2001 1025 tamen
2027 969 2070 1035 ',

486 1079 551 1118 ac
574 1064 746 1118 series
777 1061 1078 1130 stellarum,
1105 1061 1425 1133 stabilisque
1449 1062 1647 1133 positio
1672 1077 1778 1118 non
1807 1071 2074 1118 transmu-

488 1163 634 1208 tatur
659 1154 702 1207 ⁸.
735 1152 806 1209 Ut
846 1154 1075 1210 lacerent
1113 1170 1270 1224 super
1318 1163 1534 1208 terram.
1565 1151 1802 1209 Naturae
1827 1153 2073 1209 ordinem

484 1244 709 1317 pulchre
737 1245 996 1302 describit
1025 1243 1332 1318 Scriptura.
1360 1243 1618 1314 Quamvis
1646 1244 1789 1300 enim
1817 1243 2074 1301 caelestia

484 1335 772 1392 luminaria
801 1337 904 1394 sub
931 1338 1090 1393 terris
1120 1337 1302 1394 lucere
1333 1337 1574 1393 humana
1601 1337 1855 1410 opinione
1883 1347 2075 1409 puten«

485 1435 594 1493 tur,
627 1443 806 1484 rerum
837 1436 1014 1484 tamen
1043 1428 1183 1486 ratio
1211 1429 1593 1485 incunctanter
1619 1428 1834 1495 edocet,
1867 1428 2074 1484 nullam

484 1528 735 1573 naturam
767 1526 913 1574 terra
944 1517 1260 1576 inferiorem
1284 1535 1444 1591 posse
1477 1535 1619 1577 esse.
1649 1520 1882 1576 Medium
1905 1520 2074 1591 siqui-

483 1611 607 1667 dem
638 1611 992 1683 intimumque
1019 1612 1184 1669 totius
1213 1614 1521 1671 mundanae
1544 1614 1948 1671 constitutionis
1973 1615 2075 1669 ob-

487 1701 621 1758 tinet
644 1701 844 1771 locum,
872 1719 937 1760 ac
959 1718 1058 1774 per
1077 1705 1180 1760 hoc
1202 1703 1347 1759 nulla
1377 1719 1636 1776 corporea
1652 1713 1905 1762 creatura
1930 1704 2072 1760 infra

2174 504 2502 574 aetheraque
2541 518 2662 560 cum
2709 504 2972 574 planetis,
3017 516 3144 559 aera
3184 519 3308 560 cum
3339 503 3453 560 suis
3502 504 3767 568 nubibus,

2173 604 2566 667 ventorumque
2585 597 2882 666 spiritibus,
2903 597 3200 668 fulgoribus
3237 598 3423 664 etiam,
3454 599 3771 668 ceterisque

2171 688 2697 760 perturbationibus,
2737 705 2930 760 aquam
2961 705 3196 761 quoque,
3241 701 3557 760 motumque
3592 679 3792 759 ipsiusl

2173 779 2516 853 lluctivagum
2539 821 2555 849 ,
2600 789 2799 837 terram
2844 781 3096 837 similiter
3123 797 3247 837 cum
3292 781 3546 837 omnibus
3578 778 3775 836 herbis

2175 873 2588 943 arboribusque,
2619 887 2725 928 non
2757 871 2928 927 solum
2959 873 3168 938 anima,
3199 887 3387 928 verum
3414 872 3582 928 etiam
3610 867 3776 926 omni

2174 965 2354 1035 specie
2396 964 2541 1019 vitae
2587 964 2808 1020 omnino
2852 979 3057 1020 carere.
3097 963 3360 1036 Ideoque,
3386 971 3448 1018 ut
3491 963 3687 1028 aiunt,
3716 961 3778 1020 in

2173 1055 2428 1129 operibus
2458 1065 2716 1128 quattuor
2749 1057 3048 1128 primorum
3088 1057 3298 1113 dierum
3325 1057 3524 1113 nullius
3551 1056 3783 1114 anima

2177 1165 2272 1207 seu
2312 1150 2458 1206 vitae
2489 1149 2813 1223 significatio
2849 1150 3230 1206 introducitur.
3269 1149 3424 1206 Plato
3448 1166 3599 1218 vero,
3637 1146 3778 1222 plli-

2173 1245 2520 1314 losophorum
2558 1258 2837 1312 summus,
2876 1253 2933 1301 et
2967 1245 3060 1316 qui
3095 1246 3245 1302 circa
3290 1260 3416 1302 eum
3453 1254 3612 1313 sunt,
3659 1259 3782 1302 non

2173 1336 2346 1392 solum
2385 1335 2691 1408 generalem
2750 1335 2934 1391 mundi
2977 1337 3142 1392 vitam
3179 1336 3224 1370 ¹⁰
3263 1346 3534 1404 asserunt,
3573 1351 3780 1394 verum

2175 1426 2337 1482 etiam
2397 1425 2599 1481 nullam
2665 1426 2899 1496 speciem
2965 1427 3284 1500 corporibus
3337 1430 3780 1496 adhaerentem,

2175 1533 2349 1590 neque
2379 1518 2547 1574 ullum
2581 1534 2777 1590 corpus
2805 1519 2914 1574 vita
2939 1519 3140 1589 privari
3180 1520 3434 1587 fatentur,
3477 1523 3780 1594 ipsamque

2173 1612 2364 1676 vitam,
2395 1627 2489 1666 seu
2505 1609 2832 1681 generalem,
2855 1625 2949 1666 seu
2976 1610 3286 1681 specialem,
3317 1625 3507 1667 vocare
3525 1613 3780 1668 animam

2178 1701 2500 1758 fiducialitcr
2529 1701 2647 1757 ausi
2668 1709 2811 1756 sunt.
2843 1700 3086 1768 Quorum
3115 1703 3416 1758 sententiae
3445 1703 3644 1759 summi
3681 1719 3786 1760 e1-

481 1807 601 1850 eam
624 1793 960 1867 intelligitur.
987 1794 1222 1852 Proinde
1243 1795 1426 1852 omnia
1456 1796 1640 1852 mundi
1672 1796 1844 1869 spatia
1875 1805 1929 1851 et
1954 1810 2072 1850 cor-
2101 1785 2151 1846 B
2177 1795 2444 1867 positores
2471 1794 2687 1850 divinae
2712 1792 3028 1865 Scripturae
3054 1793 3258 1860 favent,
3281 1795 3495 1862 herbas,
3517 1804 3571 1851 et
3597 1795 3783 1868 ligna,

480 1901 636 1957 pora,
666 1902 806 1957 quae
840 1888 985 1944 circa
1028 1896 1233 1945 terram
1265 1887 1504 1960 undique
1534 1897 1684 1956 sunt,
1715 1889 1828 1944 sive
1857 1886 2074 1944 mobilia

482 1979 608 2043 sint,
632 1979 747 2035 sive
770 1980 992 2048 stantia,
1027 1995 1193 2051 super
1216 1995 1337 2036 eam
1361 1979 1682 2037 naturaliter
1699 1988 1883 2036 creata
1909 1987 2033 2035 sum
2055 1995 2071 2046 ;

482 2072 715 2144 ideoque
761 2073 839 2129 ait
881 2091 895 2129 :
942 2082 1000 2128 ut
1038 2071 1270 2129 lacerent
1316 2090 1473 2145 super
1500 2085 1717 2128 terram.
1754 2073 2076 2144 Ubicunque

481 2166 628 2222 enim
665 2165 900 2222 luxerint
929 2207 944 2232 ,
993 2167 1109 2222 sive
1159 2165 1301 2221 infra
1349 2167 1690 2223 horizontem
1741 2167 1794 2222 in
1830 2167 2077 2223 inferiori

484 2254 905 2326 hemiSphaerio,
929 2265 990 2312 ut
1011 2256 1281 2312 humanus
1301 2257 1578 2313 existimat
1598 2273 1748 2324 usus,
1771 2257 1887 2314 sive
1913 2273 2076 2328 supra

486 2345 824 2402 horizontem
874 2347 929 2402 in
973 2347 1240 2418 superiori
1290 2347 1723 2419 hemisphaerio,
1769 2349 1912 2420 quod
1955 2349 2076 2406 ideo

486 2437 735 2509 superius
763 2438 983 2505 dicitur,
1013 2439 1139 2510 quia
1174 2439 1227 2494 in
1259 2454 1324 2495 eo
1353 2439 1531 2496 sidera
1557 2441 1869 2497 hominibus
1907 2456 2074 2512 appa—

488 2537 644 2595 rent,
675 2530 907 2586 naturali
944 2546 1126 2588 rerum
1165 2531 1272 2587 situ
1325 2547 1487 2603 super
1517 2543 1719 2588 terram
1763 2533 1962 2591 lucent.
2003 2535 2075 2590 Et

489 2631 784 2692 praeessent
813 2621 918 2676 diei
944 2631 993 2676 et
1024 2623 1184 2678 nocti.
1214 2621 1330 2679 Hoc
1363 2624 1614 2694 superius
1641 2626 1945 2696 expositum
1970 2635 2069 2684 est.

487 2711 557 2767 Et
588 2713 872 2769 dividerent
899 2713 1068 2770 lucem
1096 2732 1128 2769 a
1159 2715 1406 2783 tenebris,
1433 2715 1486 2771 id
1511 2725 1614 2783 est,
1637 2725 1699 2772 ut
1729 2728 2078 2790 segregarem

485 2811 698 2860 noctem
729 2813 785 2859 et
813 2804 987 2872 diem,
1031 2813 1092 2861 ut
1121 2805 1233 2862 sole
1262 2816 1557 2878 apparente
1586 2807 1703 2864 dies
1727 2817 1907 2876 esset,
1950 2809 2077 2864 luna

484 2907 616 2949 vero
661 2909 728 2950 ac
757 2895 778 2926 "
809 2895 982 2952 stellis
1009 2910 1137 2952 nox.
1189 2897 1255 2952 Et
1301 2899 1632 2966 notandum,
1687 2899 1830 2970 quod
1883 2899 2076 2956 divisio

485 2983 588 3052 ista
617 2986 639 3017 ⁸
667 2985 804 3044 lucis
855 2996 1018 3058 atque
1048 2989 1394 3044 tenebrarum
1419 3005 1525 3046 non
1553 2990 1608 3044 in
1635 2991 1766 3062 ipsis
1797 2990 2079 3046 luminari-

484 3076 588 3134 bus
611 3079 710 3146 sit,
740 3078 833 3135 sed
870 3079 924 3136 in
951 3089 1096 3136 terra
1127 3081 1516 3139 habitantibus.
1547 3082 1639 3138 illa
1669 3082 1815 3138 enim
1862 3098 2076 3153 semper

2180 1899 2485 1959 cunctaque
2513 1890 2580 1944 de
2611 1896 2756 1943 terra
2783 1887 3016 1943 orientia
3054 1888 3236 1944 vivere
3281 1888 3628 1944 affirmantes.
3662 1887 3783 1946 Ne-

2179 1999 2283 2054 que
2313 1983 2470 2037 aliter
2494 1996 2673 2038 rerum
2699 1990 2893 2037 natura
2922 1981 3074 2036 sinit.
3110 1980 3166 2036 Si
3191 1982 3336 2038 enim
3365 1981 3503 2037 nulla
3534 1982 3787 2040 materia

2177 2083 2280 2142 est,
2307 2089 2448 2145 quae
2483 2074 2602 2130 sine
2629 2074 2811 2145 specie
2838 2089 3034 2144 corpus
3059 2071 3254 2129 elliciat
3271 2114 3287 2141 ,
3314 2083 3368 2129 et
3393 2074 3532 2128 nulla
3555 2075 3786 2145 species

2178 2167 2294 2222 sine
2323 2166 2624 2222 substantia
2669 2165 2885 2236 propria
2915 2164 3189 2230 subsistit,
3235 2164 3382 2220 nulla
3425 2174 3593 2220 autem
3627 2168 3781 2220 sub-

2177 2257 2374 2312 stantia
2401 2256 2583 2312 vitalis
2607 2265 2786 2312 motus
2820 2256 2884 2322 “,
2917 2256 3012 2326 qui
3042 2271 3160 2312 eam
3191 2256 3483 2323 contineat,
3511 2265 3563 2311 et
3585 2257 3791 2312 subsi-

2178 2353 2322 2402 stere
2352 2345 2536 2412 faciat,
2570 2361 2766 2416 expers
2811 2360 2933 2402 esse
2970 2355 3181 2416 potest;
3230 2362 3391 2402 omne
3435 2347 3593 2412 enim,
3621 2347 3788 2417 quod

2178 2438 2499 2494 naturaliter
2553 2445 2836 2504 movetur,
2894 2453 2962 2494 ex
3016 2439 3127 2494 vita
3187 2439 3414 2508 quadam
3460 2446 3635 2494 motus
3696 2439 3789 2495 sui

2177 2528 2502 2600 principium
2559 2529 2726 2588 sumit
2774 2547 2788 2583 :
2840 2528 3147 2585 necessario
3193 2529 3455 2599 sequitur,
3501 2537 3557 2584 ut
3583 2530 3792 2586 omnis

2179 2629 2429 2675 creatura
2457 2628 2550 2675 aut
2579 2635 2679 2691 per
2723 2620 2953 2691 seipsam
2985 2620 3094 2676 vita
3136 2621 3228 2686 sit,
3270 2630 3366 2676 aut
3409 2621 3544 2676 vitae
3587 2621 3786 2690 parti-

2179 2727 2330 2784 ceps,
2351 2721 2406 2768 et
2436 2713 2837 2783 quodammodo
2863 2713 3071 2777 vivens,
3099 2713 3216 2769 sive
3237 2712 3293 2768 in
3321 2727 3385 2768 ea
3413 2721 3581 2768 motus
3616 2713 3787 2771 vitae

2179 2803 2467 2860 manifeste
2504 2813 2783 2874 appareat,
2811 2805 2924 2860 sive
2951 2821 3059 2860 non
3087 2815 3378 2877 appareat;
3421 2813 3790 2863 veruntameu

2180 2896 2413 2951 latenter
2464 2895 2833 2951 administrari
2881 2911 2978 2966 per
3000 2896 3166 2950 vitam
3179 2896 3389 2967 species
3409 2896 3519 2967 ipsa
3537 2897 3790 2952 sensibi-

2178 2987 2246 3042 lis
2260 2986 2483 3043 indicat.
2501 2987 2638 3042 Audi
2652 2988 3009 3058 Augustinum
3031 2989 3238 3045 inlibro
3257 2989 3324 3045 de
3337 3004 3462 3045 vera
3475 2989 3780 3060 religione:

2181 3077 2239 3132 Si
2250 3078 2542 3147 quaeritur,
2559 3077 2755 3149 inquit,
2770 3079 2885 3149 quis
2905 3079 3186 3133 instituerit
3214 3096 3422 3150 corpus,
3444 3079 3528 3133 ille
3543 3096 3792 3151 quaera-

487 3166 688 3236 lucent,
725 3179 782 3225 et
826 3185 1043 3242 seraper
1092 3171 1172 3227 eis
1216 3171 1330 3228 dies
1363 3181 1478 3240 est,
1525 3172 1836 3243 nullamque
1868 3181 2081 3228 noctem
2110 3161 2156 3225 C
2187 3178 2295 3234 tur,
2319 3169 2496 3239 quiest
2520 3169 2751 3223 omnium
2773 3170 3212 3240 speciosissimus.
3228 3171 3410 3227 Omnis
3427 3173 3561 3227 enim
3579 3176 3790 3243 species

485 3263 787 3333 patiuntur.
839 3264 1008 3320 Sedes
1036 3279 1272 3336 namque
1297 3281 1510 3332 eorum,
1540 3265 1748 3336 absque
1776 3265 1882 3321 ulla
1917 3267 2083 3322 inter-

489 3353 770 3420 missione,
799 3364 854 3410 et
880 3370 976 3411 sua
1005 3363 1062 3412 et
1096 3355 1259 3412 solari
1288 3357 1409 3413 luce
1437 3357 1814 3428 resplendent,
1845 3371 1948 3413 nec
1977 3358 2082 3413 mi-

488 3459 592 3501 nus
627 3444 861 3502 inte‘rdiu
888 3487 904 3513 ,
957 3463 1118 3519 quam
1153 3457 1313 3505 noctu
1359 3449 1632 3515 claritatis
1667 3465 1800 3506 suae
1851 3450 2083 3524 gratiam

489 3536 694 3593 mundo
723 3537 1122 3596 distribuentia.
1158 3540 1414 3599 Terrenis
1444 3543 1639 3620 itaque
1659 3544 2078 3612 habitatoribus,

490 3626 687 3697 quibus
711 3644 810 3700 per
831 3629 1238 3691 vicissitudines
1264 3635 1381 3692 dies
1410 3645 1707 3709 noctesque
1733 3638 2082 3709 proveniunt,

493 3718 750 3775 caelestia
797 3720 1083 3780 luminaria
1130 3724 1308 3782 lucem
1355 3727 1658 3784 dividunta
1689 3729 1943 3785 tenebris.
1977 3730 2084 3786 As-

492 3809 646 3866 sidua
677 3827 913 3884 namque
955 3815 1437 3875 circumvolutione
1467 3819 1613 3876 circa
1660 3819 1879 3877 telluris-
1906 3819 2085 3876 ambi-

490 3911 606 3959 tum
635 3903 764 3963 alibi
795 3905 971 3964 lucem
1012 3919 1332 3979 praestant,
1365 3910 1491 3968 alibi
1520 3912 1792 3969 auferunt.
1823 3912 1896 3969 Ut
1939 3914 2085 3970 enim

491 3994 567 4052 nil
596 3997 742 4054 aliud
769 4007 855 4056 est
878 4001 1017 4068 dies,
1048 4003 1151 4059 nisi
1180 4002 1318 4060 lucis
1344 4006 1653 4084 praesentia
1696 4006 1774 4061 ita
1816 4005 1894 4062 nil
1940 4004 2086 4061 aliud

490 4105 600 4148 nox
644 4101 864 4164 praeter
904 4093 1074 4166 ipsius
1105 4095 1432 4154 absentiam.
1476 4098 1708 4170 Ideoque
1739 4099 1905 4156 etiam
1951 4099 2087 4157 luci-

491 4183 714 4243 dissima
740 4202 870 4254 nox,
901 4189 1155 4258 quoniam
1182 4204 1290 4246 non
1319 4191 1542 4246 omnino
1569 4191 1821 4247 tenebras
1843 4190 2085 4261 expellit,

491 4276 668 4332 noctis
697 4291 896 4334 nomen
924 4293 1032 4334 non
1062 4279 1284 4336 amittit.
1317 4278 1423 4336 Sed
1443 4278 1590 4349 jam,
1615 4288 1878 4351 quantum
1909 4279 2088 4336 brevi-

493 4372 580 4423 tas
606 4367 810 4439 exigit,
858 4368 926 4424 de
954 4379 1151 4439 quarta
1183 4370 1269 4426 die
1309 4370 1444 4426 satis
1489 4379 1574 4427 est
1600 4371 1824 4427 dictum.
1855 4370 2087 4442 ideoque

2185 3261 2249 3316 ab
2274 3260 2366 3315 illo
2400 3271 2510 3329 est;
2536 3264 2653 3334 quis
2679 3272 2753 3317 est
2783 3273 2956 3318 autem
2991 3264 3033 3296 “
3063 3264 3147 3319 hic
3177 3266 3283 3320 nisi
3319 3283 3453 3320 unus
3481 3264 3647 3332 Deus,
3674 3284 3785 3323 una

2184 3354 2400 3420 ueritas,
2430 3373 2538 3410 una
2559 3355 2704 3410 salus
2727 3358 2984 3424 omnium,
3012 3369 3062 3412 et
3087 3359 3259 3429 prima
3280 3368 3438 3431 atque
3462 3376 3673 3414 summa
3697 3377 3788 3416 es-

2183 3447 2374 3513 sentia,
2405 3463 2469 3502 ex
2488 3465 2592 3519 qua
2614 3459 2688 3503 est
2715 3465 2884 3514 omne,
2914 3450 3164 3522 quicquid
3189 3460 3287 3517 est,
3314 3452 3369 3506 in
3396 3462 3657 3522 quantum
3684 3463 3782 3518 est,

2182 3540 2308 3611 quia
2340 3541 2395 3594 in
2420 3549 2676 3612 quantum
2696 3551 2792 3607 est,
2815 3543 3064 3614 quicquid
3088 3552 3184 3608 est,
3208 3543 3398 3598 bonum
3422 3555 3497 3598 est
3517 3543 3544 3598 .’
3569 3542 3643 3598 Et
3663 3544 3786 3599 ideo

2184 3647 2249 3686 ea:
2271 3630 2382 3685 Deo
2411 3647 2516 3685 non
2555 3640 2632 3686 est
2657 3647 2820 3686 mors.
2870 3631 2998 3686 Non
3032 3632 3171 3686 enim
3201 3631 3342 3687 Deus
3383 3641 3604 3687 mortem
3635 3632 3784 3702 fecit,

2186 3739 2278 3778 nec
2307 3721 2539 3776 laetatur
2566 3723 2623 3776 in
2644 3723 2937 3792 perditione
2981 3723 3240 3789 vivorum,
3266 3722 3516 3794 quoniam
3571 3739 3788 3779 sum

2185 3813 2407 3868 essentia
2441 3812 2564 3882 fecit
2601 3828 2773 3878 omne,
2813 3812 2953 3883 quod
2983 3821 3079 3877 est,
3120 3813 3258 3866 unde
3293 3825 3342 3867 et
3387 3812 3619 3867 essentia
3647 3813 3789 3869 dici-

2187 3913 2296 3970 tur,
2341 3919 2482 3957 mors
2507 3913 2680 3958 autem
2725 3919 2831 3958 non
2878 3920 2986 3958 esse
3036 3903 3197 3974 cogit,
3229 3901 3486 3974 quidquid
3531 3903 3786 3959 moritur.

2189 3993 2332 4048 Nam
2369 3996 2414 4050 si
2457 4011 2542 4060 ea,
2569 4011 2703 4065 quae
2731 3994 3051 4060 moriuntur,
3081 3994 3287 4065 penitus
3314 4004 3670 4061 morerentur,
3717 3992 3790 4050 ad

2189 4082 2409 4139 nihilum
2423 4085 2533 4138 sine
2552 4083 2712 4138 dubio
2734 4085 3095 4155 pervenirent;
3117 4083 3208 4139 sed
3221 4092 3426 4138 tantum
3451 4087 3784 4153 moriuntur,

2187 4187 2383 4248 quanto
2418 4179 2591 4232 minus
2623 4177 2878 4232 essentiae
2905 4177 3248 4248 participant.
3280 4177 3433 4245 Quod
3461 4177 3690 4234 brevius
3711 4177 3788 4233 ita

2188 4279 2295 4337 dici
2336 4289 2552 4352 potest:
2585 4289 2735 4337 tanto
2766 4281 2938 4351 magis
2977 4279 3310 4348 moriuntur,
3351 4288 3558 4350 quanto
3600 4279 3788 4336 minus

2189 4381 2334 4429 sunt.
2372 4373 2582 4446 Corpus
2601 4383 2781 4430 autem
2810 4374 2990 4429 minus
3016 4383 3121 4440 est,
3145 4387 3309 4444 quam
3335 4373 3448 4428 vita
3476 4370 3786 4441 quaelibet,

493 4457 563 4514 de
618 4457 873 4529 operibus
937 4457 959 4489 '
1017 4459 1238 4530 quintae
1307 4460 1660 4533 intelligibilis
1685 4484 1696 4496 -
1721 4462 1856 4519 lucis
1923 4480 2089 4534 quae-
2113 4532 2156 4541 ᾳ
2191 4471 2472 4541 quoniam,
2500 4468 3040 4540 quantulumcunque
3068 4476 3254 4524 manet
3280 4467 3334 4522 in
3365 4465 3569 4538 specie,
3596 4480 3696 4536 per
3713 4465 3788 4520 vi-

494 4546 620 4603 dam
645 4548 870 4606 dicenda
898 4558 1044 4606 sunt.
1084 4549 1231 4608 Disc.
1267 4550 1346 4608 Ita
1374 4532 1711 4625 consequens
1738 4556 1874 4613 ordo
1904 4532 2085 4613 rerum
2112 4532 2166 4595 D
2192 4532 2302 4618 tam
2329 4532 2535 4629 manet,
2567 4561 2681 4618 sive
2710 4577 2816 4632 qua
2841 4532 3266 4631 unumquodque
3295 4532 3516 4620 animal,
3541 4532 3660 4612 sive
3677 4570 3786 4626 qua

495 4644 721 4714 expetit.

565 4733 658 4791 36.
697 4735 838 4796 Mss.
870 4739 1018 4796 Dixit
1060 4741 1223 4798 etiam
1252 4743 1395 4800 Deus
1421 4761 1434 4798 :
1462 4732 1969 4818 Producuntlaquae
2008 4763 2089 4802 re-

492 4826 620 4900 ptile
648 4829 858 4886 animae
889 4832 1124 4901 viventis,
1150 4843 1198 4889 et
1226 4835 1436 4891 volatile
1463 4852 1622 4907 super
1649 4845 1843 4891 terram
1872 4838 1968 4892 sub
1993 4839 2090 4908 ﬁr-

496 4934 758 4980 mamento
789 4925 941 4982 caeli.
983 4926 1283 4985 Praedictis
1313 4938 1569 5001 quattuor
1599 4929 1790 4986 diebus
1819 4931 2086 4986 conditio-

498 5015 586 5070 nis
616 5025 938 5073 naturarum
969 5017 1116 5073 nulla
1144 5020 1590 5076 commemoratio
1620 5020 1836 5075 animae
1865 5019 2084 5092 legitur,

497 5121 676 5180 neque
720 5111 1038 5182 simpliciter
1075 5121 1284 5169 tantum
1326 5123 1383 5170 et
1427 5114 1700 5182 absolute,
1746 5129 1921 5184 neque
1964 5128 2088 5168 cum

499 5200 878 5261 additamenta
911 5206 1160 5262 viventis.
1214 5205 1282 5261 Et
1324 5221 1425 5262 cur
1469 5207 1609 5274 hoc,
1661 5223 1767 5263 non
1818 5205 2090 5261 immerito

500 5295 799 5363 quaeritur.
846 5297 1092 5367 Denique
1142 5297 1209 5352 de
1257 5297 1359 5354 hac
1408 5313 1590 5354 rerum
1633 5298 1840 5355 theoria
1877 5299 2091 5354 diversa

500 5382 796 5443 multorum
825 5388 1096 5445 sententia
1122 5397 1218 5446 est.
1259 5388 1579 5456 Suntenim,
1612 5391 1705 5462 qui
1739 5390 1945 5459 dicunt,
1976 5389 2091 5447 ele-

2193 4654 2446 4711 universa
2472 4664 2665 4710 natura
2697 4653 2884 4710 mundi
2921 4653 3356 4709 administratur.
3385 4650 3456 4706 Ut
3481 4649 3630 4706 enim
3662 4647 3788 4704 nul-

2190 4747 2301 4802 lum
2329 4761 2526 4817 corpus
2545 4755 2644 4810 est,
2681 4746 2824 4817 quod
2856 4743 3072 4816 propria
3096 4742 3277 4814 specie
3311 4757 3418 4797 non
3450 4740 3786 4805 continetur,
3811 4751 3844 4822 χ

2189 4837 2266 4893 ita
2306 4806 2450 4893 nulla
2494 4806 2715 4908 species.
2743 4806 2872 4903 est;
2897 4806 3038 4906 quae
3078 4806 3379 4906 cuiuspiam
3409 4832 3559 4887 vitae
3585 4832 3790 4888 virtute
3811 4806 3838 4850 ’ἱ

2191 4947 2298 4986 non
2334 4931 2833 5003 regilur._Proinde
2874 4931 2919 4988 si
2962 4930 3144 4986 omnia
3193 4943 3422 5001 corpora
3461 4927 3790 4984 naturaliter

2195 5023 2485 5078 constituta
2516 5023 2749 5093 quadam
2777 5023 2963 5095 specie
2996 5023 3140 5078 vitae
3163 5022 3638 5087 administrantur,
3667 5036 3787 5076 om-

2193 5115 2387 5185 nisque
2416 5115 2626 5184 species
2651 5130 2823 5185 genus
2846 5130 3002 5171 suum
3033 5114 3258 5186 appetit,
3286 5128 3447 5170 omne
3473 5122 3656 5167 autem
3687 5127 3786 5184 ge-

2192 5221 2296 5262 nus
2325 5223 2357 5262 a
2387 5206 2793 5278 generalissima
2821 5207 3120 5264 substantia
3163 5191 3424 5279 originem
3465 5204 3638 5270 ducit,
3669 5219 3792 5259 om-

2193 5312 2317 5353 nem
2344 5299 2580 5370 speciem
2613 5299 2756 5355 vitae
2774 5340 2788 5367 ,
2818 5315 2957 5372 quae
2989 5299 3328 5356 diversorum
3357 5310 3647 5369 corporum
3677 5310 3786 5349 nu-

2194 5391 2564 5449 merositatem
2602 5393 2878 5461 continet,
2921 5392 2991 5449 ad
3024 5389 3486 5466 generalissimam
3507 5385 3788 5461 quandam

1790 5565 2045 5622 VARIAE
2085 5565 2489 5624 LECTIONES.

579 5717 600 5754 ⁸
639 5720 685 5776 Δ
718 5720 1008 5778 volvantur.
1083 5723 1104 5757 ⁸
1142 5722 1190 5778 Α
1227 5732 1551 5778 permanent.
1647 5721 1667 5754 ³
1704 5722 1752 5778 Α
1787 5721 1978 5778 solum.

1259 5732 1551 5779 ermanent.

1042 5936 1193 5956 .O-d“

2090 5720 2114 5754 δ

579 5722 600 5754 ⁸
639 5722 685 5776 Δ
718 5722 1008 5778 volvantur.
1083 5723 1104 5757 ⁸
1142 5722 1190 5778 Α
1259 5732 1551 5779 ermanent.
1647 5722 1667 5754 ³
1704 5722 1752 5778 Α
1787 5722 1978 5778 solum.
2090 5722 2114 5754 ⁸
2146 5732 2202 5776 ut
2239 5739 2347 5779 om.
2388 5722 2448 5779 C.
2545 5725 2566 5757 ⁵
2599 5723 2644 5778 Α
2685 5735 2877 5781 autem.

509 5786 538 5828 ⁸
571 5791 617 5849 Α
649 5792 749 5848 ista
787 5794 991 5850 divisio.
1066 5793 1087 5827 ⁹
1123 5795 1169 5852 Δ
1205 5741 1272 5853 cie
1305 5795 1658 5866 opinionibus.
1735 5792 1779 5829 ¹⁰
1816 5794 1860 5852 Α
1896 5793 2054 5852 vitam
2090 5795 2292 5851 mundi.
2370 5794 2413 5828 “
2447 5795 2496 5855 Δ
2535 5796 2683 5853 uitali
2714 5807 2877 5855 motu.

2545 5725 2566 5757 ⁵
2599 5723 2644 5778 Α
2685 5735 2879 5781 autem.
2955 5723 2976 5759 ⁸
3013 5725 3054 5782 Α
3095 5725 3503 5782 transmittatur.
3579 5719 3602 5758 ⁷
3628 5719 3675 5782 (Ξ
3708 5728 3782 5781 et.

2965 5798 3009 5832 “
3045 5796 3092 5856 Δ
3117 5809 3291 5855 autem
3319 5807 3418 5852 est.
3736 5803 3738 5806 ’
