4028 6282
204 315 316 376 719

1057 306 1150 364 DE
1186 301 1532 365 DIVISIONE
1567 299 1926 360 NATUBAE.
1965 329 2036 342 —
2071 298 2276 358 LIBER
2313 298 2639 360 TERTIUS.

3391 309 3500 368 7-30

200 430 372 489 vitam
421 438 704 485 recurrere
746 436 968 481 necesse
1011 431 1114 488 est,
1170 419 1325 492 cujus
1376 418 1791 493 participatione
1819 419 1870 481 Α
1897 423 1996 472 εει.
2030 414 2165 471 Nam
2186 425 2242 473 ει
2267 433 2466 491 corpus
2489 419 2818 489 humanum,
2845 420 2961 480 sive
2988 420 3193 489 vivum,
3214 423 3329 481 sive
3357 441 3501 484 mor-

199 520 567 595 specilicatur.
581 517 728 574 Haec
741 513 1356 585 autem.,generalissima
1386 513 1497 568 vita
1523 527 1553 566 a
1581 511 1798 582 sapien-

200 614 350 670 tibus
381 609 571 668 mundi
590 607 1056 664 umversalissima
1079 605 1285 670 anima,
1304 611 1474 660 totum
1489 602 1631 674 quod
1651 603 1797 659 intra

131 682 142 693 ’
199 704 452 764 caelestis
465 703 729 776 sphaerae
751 700 1014 757 ambitum
1037 698 1533 770 comprehenditur,
1550 711 1649 769 per
1674 712 1798 769 spe-

198 803 316 861 cies
344 814 472 857 suas
496 797 838 863 ministrans,
869 805 1129 861 vocatur;
1172 793 1389 850 divinae
1417 806 1547 847 vero
1570 792 1796 864 sophiae

197 893 574 969 speculatores
610 905 936 946 communem
962 889 1122 944 vitam
1159 886 1452 960 appellant.
1481 885 1631 954 Quae
1665 887 1792 941 dum

197 987 275 1045 sit
295 984 592 1058 .particeps
647 981 796 1039 illius
839 980 1002 1038 unius
1031 981 1048 1013 ‘
1080 980 1247 1046 vitae,
1272 992 1413 1050 quae
1449 991 1547 1048 per
1575 991 1634 1032 se
1663 975 1792 1032 sub-

198 1074 470 1135 stantialis
513 1067 618 1140 est,
668 1071 955 1144 omnisque
989 1071 1135 1127 vitae
1163 1069 1285 1126 l'ons
1323 1076 1379 1124 et
1417 1069 1655 1125 creatrix
1683 1067 1796 1124 suis

197 1165 559 1224 divisionibus
605 1162 901 1221 visibilium
945 1171 1002 1218 et
1039 1159 1392 1219 invisibilium
1420 1161 1441 1192 '
1468 1160 1610 1216 vitas
1637 1159 1794 1231 juxta

197 1257 442 1315 divinam
465 1253 867 1311 ordinationem
911 1250 1206 1317 distribuit,
1230 1247 1683 1322 quemadmodum
1715 1248 1796 1306 sol

196 1350 306 1409 iste
332 1348 586 1407 sensibus
610 1356 774 1403 notus
798 1345 981 1402 radios
1001 1358 1130 1400 suos
1155 1343 1355 1414 ubique
1383 1341 1654 1409 diffundit,
1685 1357 1795 1398 non

197 1449 386 1497 tamen
425 1438 501 1494 ita
526 1437 638 1492 vita
682 1436 740 1492 in
782 1435 964 1492 omnia
1000 1434 1268 1508 pervenit,
1302 1434 1444 1489 sicut
1467 1433 1672 1490 solares
1700 1449 1792 1489 ra-

198 1533 298 1590 dii.
341 1533 423 1589 llli
469 1529 736 1603 siquidem
776 1544 887 1587 non
935 1530 1119 1586 omnia
1164 1539 1483 1602 penetrant;
1535 1528 1796 1585 interiora

198 1623 406 1681 etenim
431 1621 726 1678 multorum
747 1635 1033 1692 corporum
1051 1635 1158 1678 non
1182 1620 1648 1678 transeunt.Vitae
1665 1635 1794 1677 vero

197 1715 349 1774 nulla
371 1723 642 1780 creatura,
670 1727 765 1770 seu
794 1712 1072 1769 sensibilis
1091 1754 1106 1780 ,
1148 1727 1244 1769 seu
1275 1712 1630 1784 intelligibilis
1650 1753 1665 1779 ,
1699 1728 1796 1768 ex-

197 1901 357 1959 sibus
378 1899 631 1956 videntur
651 1895 819 1953 veluti
847 1907 1082 1965 mortua,
1106 1913 1212 1954 non
1243 1898 1468 1954 omnino
1486 1899 1598 1954 vita
1628 1897 1796 1954 relin-

199 1999 464 2063 quuntur.
492 1988 564 2046 Ut
588 1988 736 2046 enim
763 1987 981 2045 illorum
1006 1989 1326 2060 compesitio
1352 1998 1515 2060 atque
1544 1987 1798 2046 formatio

198 2081 676 2139 administratione
703 2081 956 2155 propriae
985 2081 1148 2148 vitae,
1187 2081 1265 2137 ita
1309 2081 1474 2137 etiam
1517 2080 1714 2138 solutio
1741 2088 1797 2137 et

197 2171 496 2232 inﬁrmitas
524 2180 580 2228 et
601 2173 809 2230 reditus
847 2173 901 2229 in
927 2187 992 2229 ea
1015 2211 1031 2239 ,
1072 2187 1142 2228 ex
1164 2173 1363 2243 quibus
1387 2172 1620 2229 deducta
1645 2181 1793 2240 sunt,

197 2263 445 2336 ejusdem
468 2265 731 2338 obsequio
747 2266 1045 2338 peragitur.
1067 2251 1287 2321 Semina
1304 2266 1595 2338 siquidem,
1618 2274 1796 2323 terrae

199 2358 600 2424 commendata,
629 2358 733 2413 nisi
774 2359 923 2430 prius
944 2359 1268 2425 moriantur,
1314 2375 1416 2413 non
1448 2359 1793 2425 reviviscunt,

202 2457 262 2504 et
303 2463 454 2505 mors
496 2463 686 2506 eorum
730 2447 752 2481 ³
793 2448 992 2507 solutio
1042 2450 1306 2506 materiae
1349 2458 1405 2505 et
1449 2450 1647 2521 speciei
1691 2457 1797 2518 est,

201 2539 504 2610 eademque
524 2540 658 2607 vita,
691 2554 830 2611 quae
856 2540 1097 2597 vivilieat
1141 2541 1252 2598 vim
1298 2540 1588 2610 seminum,
1621 2549 1676 2597 et
1699 2556 1798 2613 per

170 2681 174 2685 .
201 2635 318 2690 vim
350 2634 580 2702 semina,
611 2635 928 2708 priusquam
971 2635 1276 2701 solvantur,
1318 2637 1370 2691 in
1396 2635 1665 2691 solutione
1690 2650 1800 2692 non

202 2724 428 2793 deserit,
448 2727 545 2783 sed
563 2725 632 2782 iis
661 2739 876 2796 semper
893 2725 1180 2794 adhaeret,
1203 2726 1313 2782 imo
1333 2727 1508 2804 etiam]
1523 2741 1587 2782 ea
1616 2725 1797 2793 solvit,

203 2833 464 2890 moxque,
492 2817 639 2874 nulla
666 2831 822 2874 mora
848 2819 1195 2885 interstante,
1221 2817 1498 2874 viviﬁcare
1517 2857 1533 2884 ,
1562 2817 1668 2873 hoc
1692 2825 1796 2884 est,

204 2912 265 2968 in
287 2911 519 2968 eandem
549 2910 784 2988 speciem
824 2925 1084 2967 revocare
1107 2909 1312 2981 incipit.
1350 2907 1452 2966 Ubi
1478 2909 1624 2966 enim
1655 2917 1802 2965 esset

203 3004 299 3061 illa
325 3005 439 3060 vita
459 3002 744 3061 solutionis
783 3017 1079 3076 corporum
1108 3001 1132 3034 ⁸
1158 3009 1426 3073 tempore,
1449 3001 1554 3057 nisi
1598 3000 1654 3056 in
1683 3001 1800 3074 ipso

163 3135 168 3140 -
202 3097 420 3156 soluto?
451 3096 520 3154 Ut
537 3098 682 3154 enim
709 3097 798 3155 illa
827 3111 951 3154 cum
972 3105 1254 3170 compacto
1279 3112 1386 3153 non
1412 3096 1796 3169 compingitur,
1831 3110 1840 3116 ’

1903 520 2077 578 tuum,
2107 526 2304 584 corpus
2332 512 2570 568 hominis
2595 521 2698 569 est.
2729 511 2989 571 Similiter
3017 515 3199 570 anima
3230 517 3499 587 humana,

1901 609 2016 665 sive
2055 621 2254 680 corpus
2299 622 2457 663 suum
2509 607 2670 664 simul
2718 608 3004 665 collectum
3053 618 3226 682 regat,
3277 613 3394 668 sive
3444 614 3502 670 in

1898 705 2084 771 partes
2111 697 2452 764 dissolutum,
2473 706 2534 753 ut
2557 698 2804 766 videtur,
2843 699 3094 756 sensibus
3133 715 3324 771 regere
3357 703 3502 760 desi-

1897 799 2017 858 nat,
2057 791 2242 846 anima
2283 797 2464 845 tamen
2502 791 2737 847 hominis
2769 806 2891 848 esse
2931 807 3038 848 non
3066 801 3264 849 cessat.
3284 793 3373 852 ~Ae
3396 807 3500 868 per

1897 885 2006 941 hoc
2027 885 2187 940 datur
2209 883 2431 956 intelligi
2463 883 2642 940 altiori
2667 899 2849 941 rerum
2873 884 3235 953 intimatione,
3260 901 3371 944 non
3391 886 3498 945 mi-

1897 995 2002 1036 nus
2028 995 2152 1036 eam
2177 978 2560 1034 administrare
2586 993 2786 1049 corpus
2828 993 2925 1050 per
2965 978 3236 1036 elementa
3278 981 3495 1053 disper-

1898 1088 2040 1140 sum,
2064 1087 2226 1143 quam
2254 1085 2360 1127 una
2386 1071 2704 1142 compagine
2725 1071 3096 1128 membrorum
3119 1071 3496 1143 conjunctum.

1882 1154 2050 1234 Quod
2111 1179 2242 1222 vera
2292 1165 2432 1220 ratio
2495 1163 2866 1219 indubitanter
2920 1163 3133 1220 edocet.
3215 1161 3275 1218 Si
3349 1162 3498 1217 enim

1897 1260 2080 1316 anima
2129 1258 2352 1332 spiritus
2413 1265 2516 1323 est,
2573 1271 2671 1328 per
2710 1271 2769 1312 se
2819 1256 2966 1312 omni
3025 1269 3292 1328 corporea
3345 1269 3497 1310 cras-

1895 1353 2133 1410 situdine
2187 1366 2402 1418 carens,
2455 1350 2570 1421 ipsa
2619 1363 2835 1420 quoque
2890 1349 3180 1414 elementa,
3241 1348 3296 1402 in
3356 1360 3499 1418 quae

1896 1461 2093 1518 corpus
2137 1443 2406 1509 solvitur,
2453 1447 2714 1512 quantum
2757 1455 2858 1511 per
2901 1454 2961 1496 se
3014 1427 3334 1510 simpliciter
3366 1436 3500 1493 sub-

1895 1538 2134 1604 sistunt,
2198 1533 2464 1608 spirituali
2519 1543 2746 1590 naturae
2804 1533 3053 1605 proxima
3120 1539 3247 1588 sunt
3299 1549 3312 1586 :
3371 1529 3503 1601 quid

1895 1632 2119 1698 mirum,
2151 1631 2198 1688 si
2249 1631 2569 1701 incorporea
2603 1629 2782 1684 anima
2823 1638 3008 1698 partes
3053 1625 3299 1696 corporis
3327 1623 3410 1681 sui
3444 1626 3500 1680 in

1895 1723 2161 1797 proximis
2191 1723 2213 1756 ⁵
2243 1723 2348 1778 sibi
2381 1720 2593 1776 naturis
2641 1719 2946 1776 custoditas
2991 1715 3234 1773 rexerit?
3261 1713 3502 1772 Facilius

105 1802 108 1805 ’
199 1821 334 1882 pers
361 1821 484 1866 esse
509 1813 708 1878 potest.
740 1803 876 1861 Nam
907 1813 962 1860 et
981 1819 1210 1876 corpora
1230 1845 1245 1872 ,
1277 1819 1416 1876 quae
1440 1804 1643 1861 nostris
1671 1819 1796 1861 sen-

1898 1817 2042 1874 enim
2073 1815 2272 1873 similia
2311 1812 2436 1880 sibi,
2464 1827 2629 1884 quam
2670 1810 2952 1868 dissimilia
2992 1816 3176 1882 potest
3205 1808 3497 1879 attingere.

1865 1910 2190 1972 _Dissimilia
2223 1918 2405 1966 autem
2450 1917 2577 1966 sunt
2621 1908 2725 1965 sibi
2754 1921 2972 1973 crassa,
3024 1914 3080 1962 et
3128 1901 3502 1976 corruptibilia

1898 2018 2159 2076 corpora;
2216 2002 2414 2058 similia
2466 2016 2599 2058 vero
2651 1997 2996 2065 tenuissima,"
3041 2006 3097 2054 et
3147 1997 3294 2054 nullo
3340 1995 3501 2051 modo

1899 2094 2234 2165 corruptioni
2260 2094 2516 2150 obnoxia.
2545 2092 2662 2149 Non
2697 2107 2843 2148 enim
2880 2089 3208 2146 credendum
3240 2096 3345 2156 est,
3380 2101 3503 2144 cor-

1897 2200 2093 2258 poreas
2128 2193 2334 2257 partes,
2366 2200 2432 2240 ex
2469 2177 2790 2256 compagine
2828 2181 2988 2254 Spissi
3031 2181 3291 2252 corporis
3320 2179 3502 2237 disso-

1901 2278 2065 2344 lutas,
2097 2278 2151 2333 in
2185 2278 2318 2350 ipsis
2351 2277 2656 2343 elementis,
2700 2275 2756 2330 in
2796 2274 2993 2346 quibus
3019 2273 3319 2342 salvantur,
3349 2288 3502 2330 cras-

1899 2370 2196 2426 situdinem
2245 2384 2401 2426 suam
2434 2384 2543 2424 non
2596 2367 2871 2434 deserere,
2921 2378 3114 2423 etnon
3165 2368 3220 2422 in
3261 2367 3502 2438 ipsorum

1861 2459 2293 2534 _elementorum
2339 2457 2646 2515 levissimas
2717 2456 3140 2530 spiritualesque
3208 2457 3502 2529 qualitates

1903 2554 2152 2617 transire,
2197 2567 2305 2608 non
2344 2563 2405 2607 ut
2443 2551 2661 2622 penitus
2697 2566 2805 2607 non
2837 2565 3099 2621 corporea
3145 2549 3198 2617 ⁸,
3238 2549 3333 2606 sed
3380 2560 3441 2605 ut
3491 2573 3497 2582 -

1901 2644 2199 2717 spiritualia
2224 2658 2476 2715 corpora,
2502 2643 2642 2698 sicut
2669 2649 2726 2697 et
2747 2641 2864 2712 ipsa
2894 2641 3003 2697 sint
3023 2641 3315 2698 elementa.
3348 2640 3504 2710 Quod

1902 2737 2066 2794 etiam
2092 2735 2326 2792 viventis
2362 2734 2542 2790 adhuc
2577 2723 2822 2805 corporis
2865 2741 3186 2806 argumento
3211 2733 3505 2805 promptis—

1902 2829 2040 2885 sime
2091 2827 2242 2882 vales
2304 2825 2630 2898 approbare.
2691 2823 2935 2880 Partium
3004 2825 3273 2896 siquidem
3331 2825 3502 2898 ipsius

1903 2918 2168 2990 quaedam
2214 2916 2434 2993 quidem
2464 2915 2804 2988 ponderosae
2853 2923 3000 2983 sunt,
3038 2925 3094 2971 et
3140 2915 3195 2972 in
3238 2918 3500 2973 crassitu-

1903 3010 2083 3066 dinem
2112 2995 2394 3073 denSatae,
2422 3014 2482 3062 ut
2513 2996 2640 3061 sunt
2663 3018 2811 3072 ossa,
2840 3019 3056 3072 carnes,
3079 3009 3233 3062 nervi
3262 3021 3500 3078 quoque,

1904 3118 1970 3158 ac
1997 3117 2194 3168 venae,
2225 3114 2416 3156 omnes
2452 3085 2619 3155 etiam
2648 3097 2926 3165 humores,
2966 3098 3165 3170 quibus
3195 3098 3366 3154 moles
3389 3106 3503 3154 tota

203 3191 284 3248 ita
315 3206 441 3247 cum
467 3189 646 3247 soluto
673 3205 784 3247 non
820 3189 1084 3257 solvitur,
1112 3204 1289 3261 neque
1321 3204 1446 3245 cum
1478 3195 1800 3244 renascente
1905 3191 2195 3264 irrigatur,
2251 3199 2308 3247 et
2359 3176 2628 3257 nutritur,
2680 3198 2736 3246 et
2786 3187 3123 3256 fabricatur;
3176 3189 3312 3246 haec
3356 3190 3502 3246 enim

161 3317 166 3321 -
202 3283 528 3349 renascitur,
553 3297 655 3340 nec
667 3283 787 3355 plus
810 3289 1025 3356 vegetat
1046 3289 1218 3339 totum
1240 3280 1402 3338 simul
1427 3278 1799 3350 coniunctum,

202 3391 372 3449 quam
400 3377 455 3434 in
481 3385 664 3448 partes
688 3375 1041 3446 disiunctum,
1066 3389 1246 3447 neque
1269 3371 1461 3444 major,
1486 3374 1542 3430 id
1567 3381 1671 3440 est,
1699 3388 1796 3444 po-

203 3467 412 3524 tentior
437 3468 492 3523 in
523 3475 667 3535 toto,
693 3481 858 3540 quam
887 3467 942 3523 in
967 3474 1162 3539 parte;
1201 3480 1302 3522 nec
1327 3465 1528 3532 minor,
1556 3465 1662 3521 hoc
1690 3472 1798 3532 est,

202 3559 556 3633 impotentior
591 3560 645 3616 in
677 3569 834 3631 parte
874 3574 1040 3632 quam
1087 3559 1143 3615 in
1185 3566 1320 3616 toto.
1366 3557 1515 3616 Haec
1558 3557 1800 3630 ejusdem

203 3667 446 3724 namque
474 3653 757 3726 regiminis
777 3661 862 3710 est
889 3653 944 3708 in
970 3651 1202 3709 cunctis.
1230 3651 1351 3724 Ipsa
1381 3652 1546 3708 etiam
1577 3651 1797 3719 solutio,

199 3759 348 3817 quae
367 3760 516 3803 mors
542 3745 789 3819 corporis
816 3746 1058 3812 dicitur,
1080 3745 1285 3801 nostris
1316 3745 1564 3801 sensibus
1586 3754 1643 3801 et
1679 3759 1798 3800 ma-

203 3839 382 3895 teriae
406 3837 605 3896 solutio
628 3847 734 3906 est,
757 3853 866 3896 non
888 3839 992 3910 ipsi
1021 3847 1266 3913 naturae,
1290 3854 1431 3912 quae
1460 3839 1801 3910 inseparabi-

201 3931 275 3988 lis
303 3932 463 3989 estin
492 3934 692 4005 seipsa,
715 3933 768 3990 ei
797 3934 959 3990 simul
998 3941 1054 3989 et
1087 3949 1302 4004 semper
1329 3943 1411 3990 est
1429 3974 1445 3999 ,
1479 3948 1579 3988 nec
1605 3933 1798 4003 spatiis

202 4022 452 4081 locorum
485 4033 541 4081 et
571 4025 896 4097 temporum
919 4035 1258 4097 segregatur.
1311 4023 1484 4080 Homo
1529 4023 1798 4095 siquidem

201 4131 317 4173 non
349 4116 547 4174 desinit
565 4131 687 4174 esse
711 4116 893 4173 homo.
919 4116 1094 4173 Homo
1115 4125 1296 4173 autem
1321 4131 1517 4189 corpus
1535 4125 1590 4172 et
1616 4115 1798 4173 anima

202 4215 312 4265 est.
347 4207 406 4264 Si
427 4219 608 4265 autem
635 4220 848 4280 semper
877 4207 1062 4275 homo,
1095 4221 1311 4278 semper
1335 4206 1498 4279 igitur
1530 4205 1712 4262 anima
1741 4212 1798 4261 et

201 4313 426 4372 corpus.
453 4298 522 4356 Et
543 4299 791 4372 quamvis
827 4307 1013 4370 partes
1039 4298 1276 4356 hominis
1307 4314 1337 4354 a
1364 4313 1423 4354 se
1449 4298 1681 4354 invicem
1709 4313 1798 4356 se-

201 4398 536 4465 gregentur;
559 4391 742 4447 anima
772 4391 917 4448 enim
955 4390 1160 4447 deserit
1184 4390 1444 4447 usitatum
1477 4399 1604 4462 post
1633 4405 1796 4464 gene-

201 4483 474 4540 rationem
509 4483 594 4540 sui
637 4484 884 4555 corporis
914 4484 1153 4554 regimen
1177 4523 1193 4551 ,
1225 4499 1332 4554 qua
1355 4483 1641 4541 deserente
1668 4499 1796 4542 cor-

201 4591 310 4650 pus
335 4576 584 4646 solvitur,
609 4588 900 4650 partesque
934 4578 1077 4636 illius
1125 4579 1362 4653 propriis
1400 4579 1794 4638 elementorum

201 4668 428 4726 sedibus
449 4669 750 4726 redduntur
782 4688 796 4725 :
829 4670 1062 4726 naturali
1091 4679 1271 4728 tamen
1300 4672 1513 4729 ratione
1531 4682 1588 4728 et
1610 4683 1794 4745 partes

200 4762 276 4819 ad
291 4770 474 4819 totum
505 4761 699 4820 referri
727 4780 834 4820 non
857 4764 1116 4822 desinunt
1137 4781 1355 4836 semper
1377 4776 1432 4822 et
1454 4767 1794 4840 inseparabi-

200 4854 353 4923 liter,
377 4864 433 4912 et
457 4863 628 4912 totum
667 4857 734 4912 ad
769 4865 988 4928 partes;
1020 4857 1299 4913 relationis
1338 4857 1604 4929 siquidem
1651 4859 1794 4915 ratio

199 4961 484 5018 nunquam
515 4956 695 5019 potest
727 4949 927 5019 perire.
960 4949 1193 5006 Proinde
1219 4949 1363 5020 quod
1389 4966 1648 5020 corporeo
1671 4967 1794 5008 sen-

197 5039 290 5099 sui
337 5039 552 5097 videtur
603 5041 909 5113 segregari,
970 5041 1147 5096 altiori
1199 5057 1380 5097 rerum
1431 5043 1797 5113 speculatione

195 5147 424 5205 smper
467 5131 630 5190 simul
673 5141 731 5191 et
781 5131 1210 5190 inseparabiliter
1250 5133 1543 5192 subsistere
1575 5149 1798 5193 necesse
1850 5138 1854 5142 “

1820 4545 1876 4608 D

1902 3285 2085 3342 omnia
2116 3299 2185 3340 ex
2230 3284 2476 3356 aquatili,
2509 3294 2835 3356 terrenaque
2858 3283 3121 3355 qualitate
3149 3283 3205 3340 in
3235 3285 3502 3341 constitu-

1902 3380 2104 3436 tionem
2160 3379 2406 3451 corporis
2463 3386 2792 3444 sumuntur;
2840 3376 3108 3448 quaedam
3161 3393 3295 3434 vero
3340 3377 3504 3434 levis-

1901 3473 2096 3538 simae,
2146 3471 2403 3543 nulloque
2432 3469 2736 3542 gravitatis,
2789 3484 2885 3527 seu
2934 3469 3312 3526 crassitudinis
3361 3485 3502 3543 pon-

1901 3564 2030 3620 dere
2052 3562 2366 3634 impeditae,
2389 3575 2602 3632 quaqua
2621 3575 2862 3627 versum,
2877 3569 3040 3632 prout
3061 3561 3241 3616 anima
3254 3559 3499 3631 jusserit,

1900 3653 2048 3712 nulla
2093 3669 2248 3710 mora
2290 3653 2618 3709 interstante
2663 3652 2948 3709 confestim
2997 3653 3322 3725 perveniunt
3365 3652 3413 3721 ⁸,
3442 3662 3505 3709 ιιι

1900 3755 1986 3805 εει
2007 3746 2178 3813 visus,
2205 3754 2262 3801 et
2286 3745 2525 3802 auditus.
2567 3744 2714 3812 Quas
2745 3753 2932 3816 partes
2976 3746 3222 3816 corporis
3249 3760 3370 3802 esse
3387 3746 3411 3780 ⁸
3430 3759 3501 3801 ex

1900 3839 2025 3912 igne
2055 3847 2110 3894 et
2138 3852 2264 3894 aere
2299 3837 2579 3904 deductas,
2610 3852 2772 3893 nemo
2818 3847 2966 3894 recte
3003 3836 3501 3909 philosophantium

1901 3929 2184 4002 almegarit
2227 3927 2290 3983 ιο.
2325 3929 2422 3985 Est
2461 3927 2628 3995 enim,
2677 3935 2737 3982 ut
2763 3928 2840 3982 ait
2884 3938 3108 3985 sanctus
3131 3929 3500 4000 Augustinus,

1900 4001 2220 4075 luminosum
2237 4018 2439 4090 aliquid
2459 4019 2516 4072 in
2551 4017 2751 4083 oculis,
2794 4033 3005 4073 aereum
3026 4017 3280 4089 quiddam
3310 4018 3502 4076 mobile

1899 4124 1947 4170 et
1977 4130 2230 4169 sonorum
2263 4114 2315 4168 in
2348 4113 2586 4168 auribus.
2622 4113 2787 4169 Visus
2815 4111 3083 4183 siquidem
3105 4121 3189 4168 est
3215 4112 3304 4168 lux
3333 4127 3502 4184 quae-

1901 4206 2050 4276 dam,
2083 4221 2153 4262 ex
2182 4206 2366 4262 cordis
2391 4206 2514 4277 igne
2543 4205 2779 4277 primum
2819 4220 3075 4274 nascens,
3110 4205 3412 4276 deindeque
3438 4206 3497 4264 in

1899 4299 2273 4356 summitatem
2327 4299 2554 4355 verticis
2604 4287 2932 4368 ascendens,
2975 4299 3030 4356 in
3073 4284 3501 4360 eamfvidelicet

1898 4399 2133 4464 partem,
2149 4405 2289 4462 quae
2303 4406 2334 4446 a
2355 4389 2582 4449 Graecis
2607 4391 2807 4448 dicitur
2824 4395 3004 4468 μήνιγξ
3024 4393 3091 4460 ιι,
3105 4409 3135 4449 a
3148 4392 3359 4451 Latinis
3369 4409 3500 4453 vero

1899 4484 2297 4552 membranula,
2329 4500 2437 4557 qua
2468 4484 2760 4542 cerebrum
2803 4494 2860 4542 et
2895 4485 3135 4542 ambitur
3167 4494 3222 4543 et
3262 4487 3500 4546 custodi-

1905 4593 2015 4653 tur,
2066 4600 2166 4656 per
2203 4583 2466 4656 quosdam
2515 4598 2680 4655 poros
2719 4583 2789 4640 ad
2834 4582 3124 4656 supercilia
3155 4583 3502 4656 pupillasque

1903 4677 2184 4735 oculorum
2213 4677 2478 4746 derivata,
2522 4678 2667 4734 unde
2691 4676 3036 4733 velocissimo
3076 4677 3305 4749 impetu,
3349 4677 3498 4735 sola-

1904 4771 2044 4826 rium
2069 4771 2344 4826 radiorum
2369 4770 2562 4836 instar,
2587 4768 2742 4827 foras
2760 4770 3069 4841 prosiliens,
3097 4770 3249 4842 prius
3273 4771 3498 4844 propin-

1904 4878 2011 4935 qua
2035 4863 2151 4918 loca
2174 4870 2230 4920 et
2261 4877 2511 4933 corpora,
2536 4877 2630 4919 seu
2653 4863 2965 4935 longissime
2992 4864 3311 4930 conSIituta,
3346 4872 3498 4921 tanta

1903 4953 2188 5010 velocitate
2215 4954 2460 5024 attingit,
2495 4969 2659 5025 quam
2687 4954 2943 5026 palpebra
2973 4954 3251 5011 oculorum
3279 4963 3334 5010 et
3376 4963 3497 5010 tau-

1906 5045 2048 5102 tonis
2074 5057 2101 5087 ει
2133 5045 2442 5118 supercilia.
2475 5045 2707 5102 Auditus
2736 5060 2951 5118 quoque
2990 5055 3075 5102 est
3104 5045 3497 5102 subtilissimus

1905 5139 2124 5211 quidam
2177 5138 2430 5208 tinnitus,
2466 5139 2560 5212 qui
2607 5153 2673 5197 ex
2729 5155 3045 5214 pumunum
3090 5140 3287 5214 spiritu
3315 5140 3497 5213 primo

1502 5282 1758 5341 vanus
1795 5262 2198 5344 LECTIONES.

278 5395 300 5430 ⁸
337 5395 496 5450 unius
521 5410 634 5453 om.
664 5394 732 5452 Α.
841 5395 863 5429 ’
899 5404 949 5451 et
996 5396 1337 5453 invisibiiium
1387 5411 1496 5453 om.
1524 5398 1590 5452 Α.

1703 5398 1725 5429 ³
1763 5398 1807 5452 Α
1838 5399 2053 5456 illorum

2165 5395 2187 5432 ‘
2223 5416 2274 5476 re
2308 5416 2563 5471 corporis.
2641 5401 2662 5433 ⁸
2696 5399 2741 5457 Α
2792 5400 2996 5474 primis.
3109 5400 3130 5432 ⁸
3167 5399 3212 5458 Α
3243 5416 3484 5476 corpora.

193 5465 223 5504 ⁷
258 5475 323 5526 ιιι
367 5481 478 5523 om.
508 5467 570 5524 C.
679 5465 700 5498 ⁸
735 5465 776 5523 C
805 5469 1137 5541 proveniunt.
1211 5472 1231 5504 ’
1267 5486 1379 5526 esse
1430 5468 1635 5542 om..C.
1715 5469 1758 5501 ¹⁰
1797 5468 2158 5542 Calmegaret.
2235 5471 2278 5503 ¹¹
2318 5465 2556 5529 MENIKA.

1733 5613 1985 5673 NOTAE.

279 5741 308 5772 ι
339 5727 605 5801 Teutones
633 5728 672 5785 i.
698 5743 747 5785 e.
776 5729 1069 5801 palpebrae,
1103 5729 1198 5799 pili
1227 5727 1772 5801 palpebraruszoni

202 5799 453 5874 magistri
467 5800 628 5873 gloss.
649 5803 702 5860 in
721 5797 1071 5858 Prudentium
1089 5797 1253 5856 {setas
1278 5797 1424 5857 vocat
1443 5799 1612 5867 cilios,
1635 5799 1774 5872 quod
1881 5797 2122 5858 Glossar.

1883 5743 1978 5783 nos
2021 5729 2179 5783 etiam

2231 5737 2472 5804 tantone:
2518 5729 2726 5800 proprie
2758 5744 3023 5800 vocamus.
3056 5729 3139 5792 Cf.
3173 5732 3255 5794 Du
3302 5733 3488 5807 Gange
