4028 6282
603 214 705 279 πί

1975 200 2263 263 JOANNIS
2301 199 2502 261 SCOTI

3752 203 3871 261 732

603 311 920 402 precanum,
949 312 1274 397 sursumque
1308 320 1362 378 in
1390 317 1723 390 praedictam
1751 315 1943 387 capitis
1966 325 2177 387 partem
2205 316 2250 376 Α
2280 314 2372 384 qui
2424 312 2656 384 primum
2704 326 2972 368 occurrnn
3059 308 3395 402 phantasiis,
3450 323 3653 384 easque
3708 314 3866 368 reci-

602 433 960 491 consurgens,
1001 432 1099 491 per
1144 430 1273 473 suos
1311 412 1553 469 occultos
1599 419 1809 469 meatus
1858 410 1912 464 in
1967 408 2175 462 aurium

601 511 813 571 cocleas
857 508 1105 576 diﬂusus,
1144 507 1288 567 foras
1316 506 1572 577 erumpit,
1603 503 1900 575 vicinisque
1932 503 2176 573 partibus

599 600 746 661 aeris
771 615 869 657 seu
896 599 1109 673 longius
1146 597 1335 671 positis
1363 611 1422 652 se
1454 596 1707 661 miscens,
1736 594 1989 665 quicquid
2018 595 2069 649 in
2112 608 2177 650 eo

600 692 867 757 senuerit,
893 691 1101 767 absque
1125 688 1232 743 ulla
1250 689 1501 745 tarditate
1526 687 1769 758 recipere
1793 684 2033 741 festinat.
2066 685 2174 741 Has

596 784 785 854 itaque
800 791 986 855 partes
1009 782 1251 851 corporis
1272 778 1673 841 subtilissimas,
1702 776 2176 848 spiritualibusque

598 874 807 932 naturis
825 873 1054 937 vicinas,
1075 870 1320 943 quamvis
1340 886 1407 925 ex
1431 868 1774 925 interioribus
1796 870 1999 939 spissae
2023 869 2176 925 molis

596 964 861 1036 Originem
909 961 1205 1027 attrabant,
1244 957 1388 1014 foras
1437 967 1614 1013 tamen
1645 960 1699 1013 in
1748 967 1953 1013 tantum
2004 957 2175 1028 porri-

599 1063 819 1129 guntur,
852 1060 913 1107 ut
952 1051 1110 1122 longe
1154 1060 1307 1107 extra
1351 1064 1472 1106 eam
1516 1049 1867 1105 aestimentur
1912 1048 2171 1120 separari.

562 1205 566 1209 t
598 1143 924 1205 Extenditur
946 1143 1094 1198 enim
1122 1141 1270 1198 visus
1309 1140 1377 1196 ad
1416 1141 1752 1212 recipiendas
1777 1140 2064 1197 visibilium
2092 1153 2175 1194 re-

597 1250 721 1293 rum
775 1232 1098 1291 colorabiles
1150 1232 1358 1303 species
1411 1250 1424 1286 :
1481 1233 1789 1288 extenditur
1844 1233 2055 1287 auditus
2108 1234 2175 1288 ad

596 1339 792 1381 vocum
846 1339 938 1381 seu
994 1323 1221 1379 aliorum
1286 1323 1553 1379 sonituum
1583 1365 1599 1389 ,
1645 1323 1990 1394 percussione
2034 1323 2174 1378 aeris

594 1417 1027 1488 erumpentium,
1071 1415 1384 1488 prosodias,
1434 1430 1569 1487 quas
1607 1414 1809 1471 formas
1859 1416 2175 1485 coloresque

598 1524 790 1566 vocum
817 1508 1045 1564 dicimus
1088 1508 1142 1563 in
1168 1523 1227 1564 se
1256 1507 1646 1580 imaginandas.
1689 1506 1866 1563 Ceteri
1892 1508 2033 1563 enim
2066 1517 2174 1562 tres

596 1612 788 1657 sensus
825 1598 963 1654 intra
995 1598 1252 1654 terminos
1302 1599 1547 1669 corporis
1584 1599 1850 1654 contineri
1901 1599 2172 1663 videntur,

595 1688 840 1756 quamvis
864 1686 1148 1744 olfaciendi
1174 1703 1365 1744 sensus
1390 1688 1521 1743 foris
1549 1689 1797 1759 protendi
1853 1705 1957 1743 non
1983 1690 2171 1744 incon-
2205 1666 2252 1726 Β

594 1796 751 1853 grue,
781 1789 841 1833 ut
867 1780 1126 1846 arbitror,
1168 1779 1528 1836 existimetur.
1570 1780 1683 1835 Hoc
1711 1789 1889 1835 autem
1923 1789 2091 1834 totum
2121 1782 2175 1836 in

594 1872 770 1945 seipsa
798 1872 1050 1943 simplex,
1076 1872 1332 1943 omnique
1359 1872 1623 1943 corporali
1649 1874 1973 1943 quantitate,
2000 1872 2178 1928 locali-

540 2038 545 2041 _
592 1965 798 2039 busque
820 1967 1008 2038 spatiis
1036 1967 1214 2022 anima
1241 1982 1458 2032 carens,
1488 1967 1541 2021 in
1572 1981 1820 2036 corpore,
1845 1967 1987 2036 quod
2014 1967 2174 2035 regit,

595 2075 693 2117 sua
720 2061 1029 2131 praesentia
1060 2060 1286 2132 peragit.
1322 2059 1388 2113 Et
1422 2060 1548 2115 dum
1578 2059 1693 2131 ipsa
1726 2059 1873 2113 nullo
1902 2060 2021 2114 loco
2048 2074 2177 2115 con-

595 2152 849 2217 tineatur,
882 2150 1080 2207 locales
1107 2162 1287 2207 tamen
1313 2161 1497 2222 partes
1539 2152 1620 2206 sui
1656 2152 1918 2222 corporis,
1950 2151 2176 2206 ubicun-

595 2258 701 2315 que
724 2243 855 2308 sint,
883 2243 1310 2312 viviﬁcatratque
1338 2243 1619 2313 gubernat.
1653 2241 1768 2296 Non
1795 2242 1938 2297 enim
1962 2241 2177 2297 cumulo

596 2333 894 2395 carnalium
944 2334 1309 2389 membrtirum
1377 2332 1619 2388 localiter
1668 2333 2021 2397 concluditur,
2077 2347 2178 2387 nec

596 2442 719 2483 cum
773 2427 1021 2483 sensibus
1074 2425 1220 2482 foras
1264 2426 1525 2496 porrectis
1569 2424 1809 2480 localiter
1860 2423 2173 2496 porrigitur.

595 2518 763 2574 Adest
788 2530 968 2573 autem
999 2516 1361 2588 potentialiter
1382 2516 1451 2571 ad
1480 2514 1813 2585 recipiendas
1837 2515 2175 2585 phantasias,

534 2604 539 2609 ’
595 2596 735 2679 quae
782 2607 834 2662 in
865 2623 1117 2663 sensuum
1161 2621 1382 2662 suorum
1424 2606 1816 2666 instrumentis,
1869 2603 2179 2672 ubicunque

595 2696 725 2763 sint,
752 2694 1074 2752 formantur.
1094 2695 1212 2765 Quo
1239 2703 1555 2769 argumento
1580 2694 1837 2750 naturalis
1860 2695 2075 2750 virtutis
2097 2694 2180 2765 ip-

594 2789 728 2855 sius,
755 2800 811 2844 et
869 2790 1196 2846 illocalitatis
1242 2789 1258 2821 ¹
1302 2789 1615 2860 magnitudo
1656 2789 2019 2859 cognoscitur.
2061 2786 2180 2844 Uno

596 2879 862 2950 siquidem
892 2880 1189 2952 eodemque
1224 2880 1482 2949 temporis
1522 2887 1813 2945 momento,
1846 2887 1901 2934 et
1938 2878 2180 2933 siderum

594 2971 649 3025 in
681 2971 846 3027 radiis
869 2971 1147 3027 oculorum
1184 2986 1286 3045 per
1314 2973 1535 3027 aethera
1561 2970 1782 3041 sparsis,
1809 2978 1866 3025 et
1895 2985 2087 3024 vocum
2122 2970 2177 3024 in

594 3067 779 3123 auditu
826 3083 925 3140 per
967 3084 1092 3124 aera
1137 3067 1352 3134 ditl'uso,
1401 3077 1457 3124 et
1504 3069 1725 3125 odorum
1760 3068 1813 3123 in
1845 3066 2043 3123 olfactu
2081 3084 2177 3125 seu

596 3161 736 3217 intra
766 3177 963 3232 corpus
983 3177 1080 3217 seu
1107 3171 1282 3229 extra,
1302 3170 1357 3218 et
1386 3166 1635 3233 Saporum
1666 3162 1719 3216 in
1747 3169 1928 3232 gustu,
1953 3162 2004 3215 in
2029 3169 2178 3216 tactu

596 3268 816 3325 quoque
843 3253 1108 3319 omnium,
1144 3268 1287 3324 quae
1317 3253 1478 3308 tactui
1522 3253 1790 3317 accidunt,
1839 3252 2176 3321 phantasias,

597 3346 700 3400 hoc
726 3353 814 3400 est.
841 3345 1120 3416 imagines,
1152 3346 1387 3415 primum
1422 3344 1638 3416 quidem
1687 3344 1846 3398 nullis
1877 3353 2178 3414 temporum

598 3434 829 3492 morulis
859 3435 1091 3491 mirabili
1122 3435 1401 3491 celeritate
1433 3452 1501 3491 ex
1546 3435 1914 3505 corporalibus
1938 3437 2180 3491 numeris

597 3525 653 3580 in
680 3526 1024 3605 sensualibus
1061 3525 1319 3584 formatas
1348 3527 1531 3593 sentit,
1560 3541 1658 3597 per
1689 3541 2003 3583 occursorcs
2041 3528 2180 3583 reci-

596 3616 695 3688 pit,
728 3631 825 3687 per
848 3631 1223 3688 progressores
1280 3616 1575 3673 introducit
1604 3617 1647 3682 ',
1679 3630 1777 3687 per
1814 3616 2179 3674 recordabiles

599 3707 896 3764 memoriae
930 3708 1291 3772 commendat,
1329 3723 1427 3779 per
1454 3706 1799 3763 rationabiles
1824 3708 2055 3773 ordinat,
2086 3720 2182 3779 per

519 3800 526 3807 '
599 3797 989 3855 intellectuales
1027 3798 1287 3870 approbat
1320 3807 1413 3855 aut
1443 3799 1730 3871 improbat,
1762 3800 2055 3854 secundum
2095 3814 2182 3855 re-

598 3889 754 3963 gulas
801 3889 1104 3946 divinorum
1136 3905 1507 3957 numerorum,
1541 3890 1634 3961 qui
1679 3905 1839 3961 supra
1870 3905 1986 3944 eam
2032 3900 2178 3946 sunt.

598 3978 840 4047 Quorum
864 3981 1194 4052 exemplaria
1221 3982 1575 4054 perspiciens,
1602 3992 1657 4039 et
1682 3983 1748 4037 de
1779 3984 2019 4038 numeris
2041 3984 2182 4039 intra

599 4072 834 4143 seipsam
881 4074 1191 4129 constitutis
1228 4072 1455 4143 judicat,
1505 4074 1681 4145 deque
1721 4074 2094 4144 corporalibus
2124 4082 2181 4130 et

599 4163 961 4231 sensualibus,
991 4166 1084 4235 qui
1127 4165 1345 4235 utrique
1373 4175 1527 4221 extra
1568 4180 1625 4221 se
1657 4174 1800 4221 sunt.
1833 4164 1968 4222 Octo
2008 4167 2180 4236 siqui-

599 4254 721 4310 dem
776 4268 1122 4312 numerorum
1186 4258 1405 4313 ordines
1455 4258 1593 4313 ratio
1655 4259 1876 4313 invenit.
1939 4259 2180 4327 Quorum

600 4346 805 4417 primus
830 4355 886 4403 et
912 4361 1155 4403 summus
1191 4354 1273 4402 est
1302 4362 1465 4417 supra
1495 4348 1823 4403 intellectum
1861 4349 1912 4403 in
1943 4350 2182 4404 aeternis

600 4436 802 4500 causis,
835 4439 1129 4492 secundum
1174 4450 1337 4508 quem
1384 4439 1647 4494 discernit
1690 4440 1867 4493 anima
1900 4441 2180 4498 rationalis

600 4526 804 4592 omnia,
834 4527 971 4582 sicut
999 4528 1075 4583 ait
1097 4528 1385 4600 Apostolus
1415 4548 1429 4584 :
1460 4528 1764 4601 Spiritualis
1794 4531 1948 4587 homo
1970 4533 2179 4602 judicat

2283 406 2466 476 piunt;
2503 413 2625 476 post
2668 404 2766 459 hos
2798 414 3190 475 progressores,
3232 400 3400 458 veluti
3441 404 3604 460 duces
3631 405 3866 475 quidn-

2283 498 2350 551 ad
2380 497 2564 552 urbem
2595 498 2917 562 memoriae;
2948 497 3014 550 ad
3038 511 3199 565 quam
3234 496 3361 551 dum
3392 497 3707 567 phantasiae

2281 589 2567 655 venerint,
2616 603 2647 642 a
2697 587 3119 644 recordabilibus
3162 587 3612 655 introducantur;
3661 589 3867 646 deinde

2281 680 2630 738 rationabiles
2697 697 2794 753 per
2866 681 3055 736 urbem
3118 680 3482 748 distribuunt,
3545 690 3714 753 prout
3780 682 3866 737 in—

2282 776 2610 832 tellectuales
2652 774 2933 844 iusserint.
2961 768 3160 828 Tui-ma
3206 773 3473 844 siquidem
3511 775 3865 845 phantasia

2281 875 2502 928 veniens
2528 888 2623 943 per
2647 873 2819 926 visum
2864 869 3169 941 specialiter
3209 868 3263 924 in
3305 868 3567 924 memoria
3615 867 3868 938 mea

2280 961 2474 1018 locum.
2511 961 2770 1017 Similiter
2805 972 2903 1032 per
2931 961 3171 1015 auditum
3199 966 3515 1029 ceterosque
3540 972 3740 1016 senm
3782 960 3864 1015 il-

2282 1061 2507 1118 trantes,
2533 1054 2644 1109 suis
2679 1051 2896 1107 sedibus
2931 1051 2987 1106 in
3012 1050 3197 1106 eadem
3225 1052 3359 1106 urbe
3391 1050 3754 1121 recipiuntur.
3787 1049 3864 1108 De

2280 1146 2474 1217 quibus
2517 1144 2766 1200 omnibus
2811 1142 3057 1214 quisquis
3105 1140 3315 1213 plenius
3366 1140 3509 1197 seire
3552 1140 3861 1205 desiderat,

2279 1235 2423 1306 legat
2453 1250 2705 1305 maguum
2734 1233 3089 1303 Augustinum
3110 1232 3164 1286 in
3191 1241 3336 1285 sexto
3364 1232 3429 1285 de
3454 1230 3684 1300 Issico,
3717 1241 3783 1289 et
3810 1232 3863 1289 ia

2279 1324 2425 1379 libris
2454 1322 2884 1394 Confessionum;
2941 1336 3301 1393 magnumque
3352 1319 3673 1393 Gregorium
3726 1322 3867 1396 Ny.-

2281 1434 2462 1475 saeum
2497 1418 2549 1471 in
2578 1432 2812 1471 sermone
2845 1430 2909 1469 ae
2950 1414 3194 1484 imagine.
3235 1413 3374 1481 Quid
3402 1428 3531 1485 ergo
3558 1415 3792 1477 mirum,
3820 1416 3862 1470 ἀ

2279 1513 2457 1567 anima
2505 1510 2801 1572 rationalis,
2830 1519 2952 1578 post
2988 1508 3307 1563 solutionem
3354 1507 3596 1577 corporis
3637 1509 3761 1570 sui,
3812 1509 3863 1562 in

2280 1606 2525 1680 partibus
2550 1604 2667 1672 ejus
2693 1617 2790 1674 per
2813 1601 3075 1656 elementa
3118 1597 3323 1661 dimisis
3351 1598 3549 1669 aliquid
3598 1610 3740 1670 agat
3776 1614 3866 1656 οδ

2279 1698 2420 1753 culta
2471 1694 2702 1751 naturali
2755 1692 3253 1756 administratione,
3303 1690 3557 1761 omnique
3592 1706 3865 1762 corporeo

2279 1804 2437 1845 sensu
2479 1794 2704 1850 remota,
2757 1783 3190 1856 quandoquidem
3220 1788 3276 1837 et
3315 1783 3369 1836 in
3419 1782 3623 1836 vivente
3680 1783 3863 1837 adhuc

2250 1874 2506 1954 corpore
2549 1880 2816 1950 simulque
2870 1878 3121 1941 collecto,
3175 1885 3435 1947 quantum
3482 1873 3742 1930 sensibus
3796 1876 3864 1930 vi-

2279 1966 2407 2032 dere
2431 1976 2474 2040 ⁵,
2513 1990 2616 2029 non
2678 1972 2850 2028 solum
2886 1971 2939 2025 in
2978 1968 3193 2025 cumulo
3236 1966 3614 2030 membrorum,
3668 1981 3861 2021 verum

2277 2067 2440 2122 etiam
2484 2065 2537 2120 in
2579 2065 2825 2120 sensibus
2854 2062 3011 2133 longe
3042 2062 3110 2116 ab
3140 2061 3255 2131 ipso
3282 2057 3545 2129 porrectis
3574 2058 3864 2129 regiminis

2278 2159 2359 2214 sui
2391 2158 2643 2212 virtutem
2673 2163 2911 2211 exercet.

2348 2251 2439 2305 3'7.
2480 2248 2587 2305 Sed
2619 2251 2903 2304 redeamus
2933 2247 2999 2301 ad
3027 2258 3466 2316 generaussimae
3489 2243 3633 2298 vitae
3673 2243 3862 2299 consi-

2278 2343 2637 2406 derationem,
2664 2340 2818 2409 cujus
2856 2337 3286 2394 manifestandae
3324 2336 3601 2407 potestatis
3638 2335 3703 2389 in
3746 2348 3865 2390 eor-

2278 2434 2500 2505 poribus
2549 2434 2723 2503 gratia
2760 2434 2891 2487 haec
2930 2432 3231 2484 introducta
3277 2438 3402 2483 sunt
3444 2429 3507 2483 de
3549 2429 3861 2484 rationabili

2278 2526 2415 2590 vita,
2447 2540 2551 2578 non
2580 2534 2757 2578 antem
2786 2522 2852 2575 de
2883 2536 3031 2575 omm
3079 2521 3214 2584 vita,
3268 2534 3610 2590 quaecunque
3657 2533 3861 2590 corpus

2280 2612 2650 2666 administrat.
2702 2609 2813 2664 Hoc
2866 2618 3043 2662 autem
3076 2608 3196 2662 dico
3248 2617 3467 2678 propter
3510 2608 3863 2663 irrationabi-

2236 2714 2239 2719 ‘
2280 2701 2409 2755 lium
2441 2700 2753 2754 animalium
2793 2699 3022 2759 animas,
3053 2697 3118 2778 de
3156 2697 3349 2768 quibus
3385 2697 3678 2752 multorum
3716 2701 3861 2756 varia

2204 3017 2252 3085 C

2280 2791 2545 2847 sententia
2576 2801 2676 2847 est.
2709 2790 2811 2844 Alii
2842 2803 3076 2860 namque
3101 2789 3306 2853 dicunt,
3336 2803 3430 2844 eas
3465 2798 3585 2859 post
3611 2792 3861 2861 conteris

2284 2880 2557 2935 interitum
2580 2880 2784 2943 vivere,
2813 2879 2900 2933 alii
2928 2893 3077 2942 vero,
3103 2892 3224 2933 eum
3266 2879 3583 2946 corporibus
3608 2879 3859 2945 interire,

2284 2988 2383 3029 nec
2406 2974 2605 3028 diutius
2634 2986 2870 3027 manere.
2918 2972 2992 3027 De
3020 2987 3123 3041 qua
3151 2972 3467 3042 quaestione
3492 2987 3672 3042 pauca
3702 2973 3860 3044 paulo

2281 3075 2403 3135 post
2424 3065 2690 3120 dicemus.
2721 3063 3141 3119 Generalissime
3170 3062 3333 3132 igitur
3354 3064 3501 3117 vitae
3542 3063 3723 3134 prim
3755 3081 3861 3120 rua-

2281 3156 2535 3224 ximaque
2564 3154 2756 3209 divisio
2786 3164 2869 3209 est
2899 3155 3098 3208 in'eam
3121 3151 3504 3216 tliﬂ'erentiam,
3527 3169 3677 3223 quae
3705 3157 3861 3211 ratio—

2282 3246 2514 3302 nabilem
2546 3246 2613 3301 ab
2647 3244 3011 3300 irrationabili
3050 3252 3316 3317 segregat.
3346 3244 3414 3301 Et
3441 3245 3861 3317 rationalisan

2283 3338 2403 3392 dem
2444 3337 2554 3390 vita
2596 3336 2800 3408 angelis
2835 3335 3251 3405 hominibusque
3296 3334 3584 3390 distributa
3628 3348 3745 3402 est;
3771 3337 3859 3393 sed

2283 3429 2336 3483 in
2367 3427 2593 3498 angelis,
2624 3426 2790 3483 veluti
2823 3427 3075 3497 specialis
3105 3426 3516 3498 signiﬁcationis
3555 3442 3746 3493 causa,
3782 3428 3862 3483 in-

2282 3520 2599 3577 tellectualis
2652 3520 2870 3582 dicitur,
2914 3518 2966 3573 in
3008 3518 3317 3575 horninibus
3370 3531 3503 3573 vero
3564 3517 3857 3575 ratio-ﬁ.

2287 3610 2647 3667 Veruntamen
2691 3610 2935 3666 consulta
2975 3610 3224 3675 veritate,
3258 3617 3314 3665 et
3348 3608 3402 3663 in
3441 3609 3676 3679 angelis,
3719 3619 3776 3667 et
3806 3611 3859 3666 in

2225 3716 2231 3720 ’
2283 3703 2592 3758 hominibus
2640 3700 3023 3757 intellectualis
3055 3709 3113 3756 et
3167 3700 3445 3759 rationalis
3483 3709 3607 3767 es;
3642 3702 3861 3773 ideoque

602 4615 800 4684 omnia,
831 4616 940 4687 ipse
960 4625 1133 4672 autem
1168 4635 1201 4672 a
1234 4620 1436 4673 nemine
1475 4618 1769 4689 judicatur.
1808 4620 1927 4673 Duo
1967 4636 2181 4690 quoque
2214 4649 2221 4655 ι

602 4708 823 4763 omnino
848 4717 903 4764 et
925 4717 1077 4764 extra
1105 4717 1162 4764 et
1186 4708 1327 4765 infra
1358 4710 1592 4764 animam
1619 4719 1765 4776 sunt,
1799 4725 2027 4780 quorum
2057 4711 2179 4781 qui-

603 4800 728 4857 dem
768 4816 908 4857 unus
949 4811 1005 4857 et
1030 4802 1265 4857 extimus
1304 4801 1360 4855 in
1397 4801 1719 4873 corporibus
1759 4811 1864 4869 est,
1894 4818 1960 4857 ex
1987 4802 2181 4871 quibus

602 4892 850 4963 corporei
906 4905 1097 4948 sensus
1146 4891 1470 4957 formantur,
1521 4893 1577 4948 in
1619 4893 1818 4962 quibus
1863 4895 2180 4963 phantasiae

605 4983 760 5050 fiunt,
781 4982 920 5039 alter
940 4983 993 5038 in
1018 4984 1150 5056 ipsis
1173 4985 1452 5056 corporeis
1476 4983 1725 5040 sensibus
1769 4984 2033 5039 formatur
2057 4984 2102 5051 ³,
2126 4994 2182 5041 et

603 5075 721 5146 ipse
742 5084 828 5132 est
853 5061 1262 5147 phantasiarum
1293 5076 1507 5148 primus
1527 5076 1682 5142 ordo,
1716 5076 1771 5131 in
1809 5076 2183 5132 instrumentis

603 5181 863 5224 sensuum
888 5167 1210 5224 constitutus
1229 5207 1246 5234 ,
1289 5169 1342 5222 in
1368 5168 1538 5225 oculis
1564 5168 1685 5223 dico
1709 5175 1763 5224 et
1789 5167 2011 5223 auribus
2034 5176 2182 5222 cete-

606 5259 790 5330 risque
814 5274 1073 5316 sensuum
1095 5261 1349 5337 sedibus.‘
1364 5260 1423 5316 ln
1447 5262 1560 5331 ipsa
1592 5276 1722 5316 vero
1743 5260 1924 5314 anima
1945 5261 2185 5330 quinque

512 5368 513 5373 π
606 5349 819 5407 numeri
848 5358 1233 5421 computantur
1261 5350 1584 5407 naturaliter
1611 5351 1761 5407 insiti
1795 5369 1809 5405 :
1841 5352 2191 5418 occursuros,

2284 3795 2645 3849 communiter
2675 3794 2738 3849 de
2783 3794 2850 3849 iis
2891 3793 3237 3863 praedicatur
3264 3791 3369 3848 vita
3411 3792 3861 3850 inteﬂectuaiiset

2284 3882 2583 3938 rationalis.
2615 3882 2696 3937 Ad
2718 3880 3077 3938 differentiam
3105 3890 3285 3939 tamen
3311 3880 3732 3951 reiiuquiturmt
3754 3883 3862 3954 ipsa

2285 3975 2391 4029 vita
2440 3974 2743 4030 intellectus
2775 3975 2828 4029 in
2858 3972 3080 4045 angelis,
3114 3976 3167 4029 in
3201 3972 3510 4029 horninibus
3544 3974 3731 4029 anima
3772 3986 3860 4027 ro-

2283 4066 2500 4122 citetur.
2558 4064 2673 4121 Non
2713 4066 2858 4121 enim
2897 4065 3047 4120 alia'
3075 4064 3214 4121 ratio
3256 4063 3386 4120 mihi
3429 4063 3694 4123 oecttrrit.
3731 4078 3863 4135 quae

2282 4155 2589 4228 prohibeat,
2612 4156 2910 4227 angelicam
2936 4156 3104 4212 vitam
3132 4154 3368 4213 animam
3404 4153 3589 4208 vocari
3634 4155 3864 4213 annna—

2283 4248 2425 4317 lem;
2457 4249 2911 4319 quemadmodum
2936 4262 3044 4301 nou
3069 4246 3340 4316 prohibet,
3366 4244 3671 4301 humanam
3712 4246 3862 4300 ratio-

2284 4341 2462 4397 nalem
2503 4340 2854 4404 intellectum,
2881 4340 3199 4410 praesertim
3227 4339 3355 4394 dum
3391 4337 3568 4410 angeli
3615 4337 3867 4393 caelestia

2285 4449 2382 4489 sua
2414 4448 2667 4502 corpora,
2700 4432 2757 4486 in
2783 4433 2981 4502 quibus
3023 4444 3187 4501 saepe
3232 4436 3513 4501 apparent,
3563 4429 3864 4497 possideat.

2287 4524 2364 4579 Ae
2406 4538 2504 4594 per
2538 4525 2661 4589 hoc,
2701 4525 2748 4579 si
2789 4537 3014 4593 corpora
3065 4522 3265 4579 habere
3309 4519 3690 4590 perhibentur,
3738 4519 3869 4588 quid

2285 4618 2490 4680 obstet,
2530 4630 2597 4670 ne
2643 4616 2855 4671 illorum
2884 4618 2993 4671 vita
3017 4616 3195 4671 anima
3228 4615 3460 4681 dicatur,
3510 4613 3729 4683 ignoro,
3765 4611 3869 4667 nisi

2286 4706 2419 4770 sola,
2452 4715 2511 4761 ut
2535 4707 2903 4777 praediximus
2924 4705 2965 4771 ⁸,
2989 4704 3367 4761 vocabulorum
3388 4702 3717 4771 dinei-entia,
3730 4717 3870 4775 quo-

2287 4800 2446 4855 modo
2468 4808 2519 4854 et
2548 4801 2768 4871 angelos
2795 4800 2865 4855 ad
2906 4799 3190 4868 imaginem
3232 4798 3326 4852 Dei
3375 4795 3547 4855 factos
3569 4811 3683 4851 non
3710 4794 3875 4849 dulii-

2287 4899 2486 4946 tamus.
2520 4888 2623 4947 Ubi
2651 4890 2796 4946 enim
2821 4898 2906 4946 est
2937 4890 3073 4945 ratio
3101 4896 3159 4945 et
3197 4886 3517 4949 intellectus.
3559 4885 3639 4941 ibi
3676 4882 3875 4955 imagi-

2289 4998 2415 5038 nem
2453 4981 2548 5037 Dei
2577 4981 2769 5039 deesse
2800 4980 2948 5036 nullo
2986 4981 3143 5036 modo
3186 4978 3530 5036 crediderim.
3560 4975 3753 5033 Solum
3793 4985 3876 5030 ta-

2289 5090 2413 5131 men
2434 5077 2695 5131 hominem
2714 5075 2784 5129 ad
2812 5075 3093 5145 imaginem
3114 5073 3208 5128 Dei
3245 5073 3443 5143 factum
3470 5069 3763 5127 manifeste
3791 5067 3877 5123 di-

2291 5166 2412 5221 vina
2441 5167 2691 5236 perhibet
2714 5165 3016 5235 Scriptura.
3046 5163 3122 5218 De
3146 5162 3369 5217 Platone
3395 5159 3553 5224 sileo,
3584 5172 3651 5212 ne
3676 5157 3880 5212 videar

2289 5265 2491 5311 sectam
2520 5256 2663 5311 illius
2684 5256 2857 5326 sequi,
2881 5255 2972 5326 qui
2999 5254 3206 5317 deﬁnit,
3238 5251 3450 5323 angelos
3478 5265 3591 5305 esse
3608 5244 3883 5302 cuin-En

2290 5348 2625 5404 rationabiiia
2660 5345 3002 5403 ﬂammise.
3052 5345 3139 5401 Ad
3183 5343 3541 5403 ὤσει-θαλίαι)
3590 5355 3729 5412 ergo
3772 5339 3885 5396 hl-

1896 5462 2151 5518 VARIAE
2189 5458 2596 5517 LECTIONES.

681 5553 701 5587 ¹
734 5552 777 5613 C
805 5552 1164 5627 aliosalitatis.
1238 5556 1261 5588 ²
1286 5555 1362 5627 _A'
1376 5555 1593 5612 inducit.
1672 5555 1694 5587 ⁸
1726 5555 1783 5609 in
1810 5555 1998 5613 auibus
2026 5585 2099 5597 —
2123 5552 2433 5627 phantasiam
2464 5551 2727 5620 formatur
2758 5563 2867 5606 om.
2908 5546 2972 5605 C.
3020 5544 3071 5580 ’⁸
3095 5546 3143 5603 Δ
3168 5546 3390 5603 videtur.

550 5646 557 5651 '
612 5625 701 5690 ΡΛ
730 5634 785 5681 ω
810 5625 1185 5692 praeditum“,
1216 5625 1353 5683 tota.

3485 5544 3509 5578 ⁸
3525 5542 3635 5599 alia
3655 5557 3781 5600 om.
3801 5532 3899 5601 Δςε
