4028 6282
183 330 294 398 755

1031 322 1124 382 DE
1157 317 1498 382 DIVISIONE
1534 318 1888 380 NATURAE.
1927 347 2001 361 —
2033 314 2242 374 LIBER
2276 313 2602 374 TERTIUS.

3353 313 3461 378 75d

185 457 383 503 manas
419 449 650 497 naturae
679 438 750 496 ab
786 434 1031 510 angelica
1059 433 1361 492 substantia
1393 432 1612 490 relictae
1648 439 1778 487 sunt
1798 438 1850 496 Α
1875 431 2038 497 lium,
2081 445 2236 486 suam
2279 427 2756 485 rationabilitatetn
2795 441 2902 484 non
2929 426 3216 494 deserens;
3254 430 3458 498 nutrit,

187 538 294 592 hae
340 530 790 604 signiﬁcationes,
843 529 1025 588 anima
1080 525 1329 582 videlicet
1379 523 1678 588 rationalis,
1719 530 1776 578 et

187 627 372 696 imago
408 624 525 682 Dei.
566 620 956 681 lrrationabilis
999 626 1179 676 autem
1211 617 1320 671 vita
1351 615 1608 672 dividitur
1655 616 1674 646 ⁸
1718 613 1775 668 in

186 731 336 781 eam,
379 728 518 784 quae
551 726 770 768 sensum
794 708 1102 784 participat,
1143 707 1303 776 inque
1351 721 1496 770 eam,
1541 719 1682 774 quae
1707 717 1778 760 eo

193 815 364 862 :aret.
394 805 459 860 Et
485 819 591 862 una
619 802 838 872 quidem
864 801 1120 856 omnibus
1150 798 1471 856 animalibus
1509 796 1776 853 sentiendi

182 895 449 952 virtutem
479 891 808 950 habentibus
831 890 1193 954 diatribuitur,
1237 889 1407 945 altera
1451 904 1580 944 vero
1629 887 1776 946 omni

119 985 138 1060 ᾖ
189 1003 355 1048 sensu
385 985 700 1044 carentibus
743 985 1010 1048 materiis,
1047 997 1186 1054 quae
1213 983 1422 1052 species
1464 982 1608 1038 vitae
1643 981 1775 1060 her-

187 1079 389 1144 barum
420 1077 799 1150 lignorumque
847 1074 1156 1130 dominari’
1185 1073 1513 1144 perhibetur,
1545 1080 1601 1128 et
1639 1070 1778 1128 infra

189 1186 362 1244 quam
397 1169 602 1226 nullam
637 1168 874 1240 speciem
899 1166 1042 1222 vitae
1087 1167 1227 1226 ratio
1273 1165 1497 1220 invenit.
1548 1163 1781 1220 Proinde

191 1271 413 1324 creatae
441 1261 584 1317 vitae
611 1269 868 1332 quattuor
901 1257 1236 1316 differentiae
1277 1256 1330 1309 in
1367 1263 1620 1326 quattuor
1659 1269 1781 1325 spe.

193 1355 382 1412 ciebus
423 1352 796 1423 colliguntur:
845 1347 1225 1406 intellectualis
1269 1346 1324 1400 in
1359 1345 1582 1415 angelis,
1621 1345 1760 1400 ratio

195 1447 335 1510 nalis
357 1444 379 1477 ⁸
402 1446 458 1502 in
482 1443 809 1506 hominibus,
833 1438 1098 1496 sensualis
1122 1437 1174 1492 in
1218 1435 1428 1500 bestiis,
1454 1434 1782 1490 insensualis

193 1537 252 1593 in
284 1535 618 1605 germinibus
655 1532 961 1602 ceterisque
990 1527 1328 1597 corporibus,
1356 1526 1412 1580 in
1442 1526 1638 1596 quibus
1667 1525 1782 1580 sola

193 1627 406 1699 Species
446 1623 730 1694 vestigium
761 1622 906 1677 vitae
939 1619 1272 1682 manifestat,
1293 1625 1354 1672 ut
1375 1625 1501 1672 sunt
1528 1625 1782 1687 quattuor

193 1718 384 1776 mundi
431 1716 717 1781 elementa,
761 1712 874 1769 sive
931 1709 1196 1780 simplicia
1258 1709 1369 1764 sint
1404 1723 1500 1779 per
1543 1722 1624 1773 se,
1667 1708 1781 1762 sive

1873 532 1928 579 et
1954 535 2116 594 auget
2141 523 2162 556 ⁸
2191 537 2387 593 corpus
2439 536 2618 583 suum,
2655 529 2714 574 ut
2752 519 2874 585 illa,
2915 536 3055 592 quae
3083 537 3248 578 sensu
3271 531 3456 588 caret,

1874 613 2175 682 herbasque
2197 627 2263 668 ac
2299 611 2440 683 ligna
2474 617 2749 681 penetrat;
2780 609 2980 680 ubique
3004 611 3058 668 in
3085 627 3144 670 se
3168 612 3289 684 ipsa
3315 621 3464 683 tota,

1873 713 1928 761 et
1972 705 2026 760 in
2065 705 2316 759 omnibus
2341 710 2490 770 tota,
2535 711 2677 758 totos
2708 717 2902 758 sensus
2945 718 3074 759 suos
3105 704 3358 760 custodit.
3398 705 3458 760 la

1874 795 2089 852 ossibus
2117 809 2270 864 ergo,
2296 803 2350 850 et
2389 793 2678 864 unguibus,
2709 803 2766 848 et
2792 793 2999 864 capillis
3024 795 3132 850 vim
3155 795 3468 866 germinalis

1876 885 2025 941 vitae
2052 885 2262 954 aperit;
2301 900 2440 954 quae
2475 893 2656 956 partes
2697 885 2866 963 nostri
2905 886 3182 956 corporis,
3209 887 3467 957 quoniam

1877 979 1989 1036 aeri
2017 979 2232 1050 perviae
2254 993 2362 1034 non
2395 985 2539 1043 sunt,
2564 977 2768 1036 nullum
2783 992 3002 1034 sensum
3031 977 3377 1048 particlpant.
3405 977 3468 1037 In

1877 1069 2313 1140 quinquepertito
2362 1083 2617 1124 sensuum
2687 1068 3050 1128 instrumento
3109 1068 3468 1127 irrationabili

1877 1162 2022 1218 vitae
2057 1160 2454 1226 communicat,
2485 1175 2622 1230 quae
2665 1159 2982 1218 animalium
3020 1161 3234 1220 ratione
3270 1176 3466 1219 caren-

1879 1255 2011 1310 tium
2042 1253 2258 1324 propria
2287 1253 2551 1308 subsistit.
2581 1253 2640 1312 In
2673 1253 2758 1308 his
2781 1251 3032 1308 omnibus
3061 1266 3163 1322 per
3198 1267 3259 1309 se
3292 1252 3464 1324 ipsam

1878 1345 2127 1416 quamvis
2152 1359 2315 1414 saepe
2341 1343 2788 1401 irrationabiliter
2805 1352 3110 1410 moveatur,
3139 1346 3347 1401 ratione
3369 1359 3467 1401 sua

1879 1450 2070 1494 carere
2108 1443 2299 1490 natura
2347 1450 2454 1490 non
2491 1435 2639 1491 sinit.
2669 1432 2841 1490 Omne
2883 1442 3094 1500 autem,
3125 1435 3270 1506 quod
3293 1443 3474 1506 potest

1879 1535 2096 1598 praeter
2139 1525 2237 1581 has
2279 1525 2583 1596 praedictas
2618 1526 2874 1590 virtutes,
2924 1525 3229 1584 viviﬁcandi
3267 1526 3474 1586 scilicet

1882 1619 2263 1688 nutriendique
2317 1634 2382 1674 ac
2428 1619 2692 1673 sentiendi
2739 1634 2835 1688 per
2885 1633 3110 1682 sensus,
3161 1618 3275 1674 sive
3317 1629 3472 1691 agat,

1883 1709 1998 1768 sive
2027 1710 2282 1780 patiatur,
2307 1718 2462 1764 extra
2488 1724 2687 1779 corpus
2708 1725 2860 1764 suum
2893 1724 3053 1780 agere
3076 1709 3162 1765 vel
3185 1711 3296 1779 pati
3323 1722 3473 1767 recta

194 1806 497 1877 composita
529 1821 542 1858 :
576 1814 772 1859 terram
811 1802 952 1866 dico,
981 1815 1200 1870 aquam,
1231 1807 1286 1854 et
1314 1799 1335 1828 δ
1365 1813 1514 1864 aera,
1541 1799 1782 1854 aethera—
1811 1791 1859 1853 B
1890 1801 2100 1858 ratione
2119 1801 2482 1870 cognoscitur.
2509 1799 2603 1854 His
2630 1802 2810 1870 itaque
2833 1801 2898 1855 de
2921 1801 3272 1858 divisionibus
3298 1802 3474 1871 deque

195 1912 324 1970 que.
366 1896 444 1950 Ac
466 1909 562 1966 per
584 1894 686 1948 hoc
728 1907 832 1947 non
861 1891 1130 1947 immerito
1161 1889 1360 1944 dicitur
1384 1889 1547 1944 homo
1581 1897 1784 1942 creatu-

196 2001 381 2039 rarum
407 1984 639 2038 omnium
667 1981 904 2051 ofﬁcina,
936 1980 1190 2050 quoniam
1226 1979 1278 2032 in
1316 1979 1432 2049 ipso
1466 1976 1787 2033 universalis

193 2084 448 2132 creatura
494 2075 816 2132 continetur.
865 2073 1118 2144 lntelligit
1169 2072 1386 2142 quidem
1435 2081 1494 2127 ut
1539 2073 1786 2144 angelus,

196 2167 558 2224 ratiocinator
587 2176 647 2221 ut
676 2167 857 2229 homo,
886 2165 1050 2220 sentit
1097 2173 1156 2218 ut
1198 2164 1396 2219 animal
1451 2165 1788 2230 irrationale,

194 2259 333 2313 vivit
365 2266 422 2310 ut
444 2271 687 2329 germen,
716 2271 944 2326 corpore
965 2256 1254 2325 animaque
1293 2257 1560 2322 subsistit,
1589 2257 1787 2314 nullius

127 2368 137 2375 '
197 2357 486 2406 creaturae
531 2362 740 2417 expers.
771 2347 936 2400 Extra
983 2347 1118 2402 haec
1157 2347 1302 2400 enim
1352 2346 1551 2400 nullam
1582 2360 1788 2403 creatu-

195 2456 320 2496 ram
357 2441 586 2495 invenis.
619 2438 725 2496 Sed
767 2438 1014 2495 fortassis
1037 2439 1160 2510 quis
1187 2440 1404 2505 dixerit,
1445 2442 1582 2496 haec
1607 2444 1787 2498 omnia

198 2529 260 2585 in
287 2529 477 2601 angelo
504 2544 717 2600 quoque
759 2530 1045 2584 contineri.
1075 2528 1172 2584 Cui
1206 2531 1526 2600 respondeo,
1567 2547 1785 2589 sensum

197 2622 528 2677 animalibus
585 2622 929 2677 distributum
972 2638 1076 2676 non
1132 2638 1290 2691 posse
1337 2623 1653 2687 subsistere,
1685 2626 1786 2679 nisi

199 2712 260 2769 in
289 2728 516 2784 corpore
565 2727 632 2768 ex
685 2721 941 2782 quattuor
987 2713 1269 2768 elementis
1314 2715 1629 2770 constituto.
1671 2715 1786 2769 Non

198 2807 349 2863 etiim
374 2805 396 2836 ⁸
422 2806 525 2859 erit
579 2805 746 2863 visus.
781 2805 872 2859 ubi
905 2819 1007 2858 non
1036 2814 1119 2860 est
1149 2805 1309 2873 ignis,
1351 2820 1524 2874 neque
1552 2807 1787 2871 auditus,

199 2897 251 2951 si
292 2911 388 2951 aer
422 2895 592 2959 desit;
625 2895 849 2949 humore
889 2894 1168 2949 subtracto
1201 2910 1300 2950 nec
1335 2894 1570 2950 olfactus
1612 2911 1789 2950 rema-

202 2985 357 3044 nebit
387 2999 486 3040 nec
510 2995 728 3058 gustus;
782 2993 956 3039 terrae
1001 2985 1244 3038 absentia
1298 2993 1466 3038 totum
1521 2986 1790 3040 abstrahit

203 3087 434 3133 tactum.
489 3076 724 3148 Corpora
770 3093 899 3132 vero
929 3076 1171 3148 angelica
1218 3077 1487 3148 simplicia
1529 3080 1786 3149 Spiritua-

1886 1892 2205 1952 diiferetitiis
2267 1892 2710 1963 generalissimae
2757 1891 2900 1946 vitae
2952 1893 3314 1962 praecognitis
3401 1893 3472 1948 ad

1886 1984 2200 2056 praedictae
2222 1983 2555 2053 quaestionis
2577 1982 2994 2047 reserationem,
3025 1991 3285 2052 quantum
3318 1984 3479 2040 datur

1888 2075 2046 2130 nobis
2073 2074 2336 2144 intelligi,
2367 2075 2680 2139 redeamus,
2708 2075 2963 2144 quoniam
2995 2074 3163 2145 ipsius
3189 2076 3478 2134 occasione

1887 2168 2024 2222 haec
2051 2169 2116 2221 de
2138 2167 2372 2238 generali
2399 2167 2575 2222 anima
2607 2183 2702 2222 seu
2732 2168 2838 2221 vita
2867 2167 3188 2237 interposita
3216 2178 3361 2223 sunt.

1957 2258 2047 2314 58.
2092 2259 2185 2312 Est
2211 2258 2354 2313 enim
2385 2259 2719 2328 quaesitum,
2753 2273 2920 2327 quare
2952 2258 3004 2311 in
3035 2259 3294 2329 operibus
3319 2269 3479 2331 quat-

1895 2361 2016 2408 tuor
2041 2351 2469 2422 primordialium
2497 2351 2706 2407 dierum
2738 2349 2936 2404 nullius
2966 2353 3108 2406 vitae
3143 2366 3237 2406 seu
3263 2352 3477 2409 animae

1891 2443 2330 2498 commemoratio
2381 2441 2519 2497 facta
2572 2444 2673 2505 sit,
2720 2443 2910 2512 quinto
2950 2453 3129 2500 autem
3167 2446 3256 2500 die
3297 2445 3478 2503 subito

1891 2551 2180 2604 erumpens
2231 2533 2509 2602 Scriptura
2559 2551 2572 2586 :
2623 2531 2924 2587 Producant
2957 2574 2972 2597 ,
3027 2533 3234 2604 inquit,
3313 2553 3483 2607 aquae

1891 2625 2070 2696 reptile
2112 2626 2318 2679 animae
2355 2626 2590 2678 viventis.
2651 2624 2760 2680 Nec
2799 2625 3118 2694 simpliciter
3161 2627 3296 2683 dixit
3333 2629 3353 2659 τ
3397 2645 3480 2683 re-

1890 2715 2014 2784 ptile
2053 2717 2295 2779 animae,
2348 2715 2441 2770 sed
2485 2730 2604 2768 cum
2653 2715 3021 2772 additamento
3057 2717 3284 2778 viventis.
3325 2719 3481 2788 quasi

1891 2809 2071 2862 anima
2097 2822 2201 2860 non
2226 2808 2295 2862 sit
2318 2807 2524 2861 vivens.
2551 2807 2614 2861 Et
2635 2814 2718 2862 est
2741 2823 2924 2871 causa,
2950 2817 3008 2862 ut
3029 2810 3246 2876 opinor,
3267 2812 3481 2880 species

1895 2897 2013 2960 illa,
2049 2912 2209 2967 quam
2243 2898 2295 2951 in
2341 2897 2694 2952 divisionibus
2727 2897 2996 2966 generalis
3039 2899 3184 2954 vitae
3219 2902 3479 2960 extimam

1892 2990 2190 3060 posuimus.
2247 2989 2314 3044 Et
2369 2989 2594 3053 merito,
2644 2988 2898 3058 quoniam
2949 2990 3126 3046 omnis
3180 2991 3483 3047 intellectus

1893 3091 1949 3136 et
1989 3079 2211 3135 rationis
2266 3095 2460 3151 expers
2499 3081 2519 3111 ⁸
2559 3081 2738 3136 subtili
2781 3066 3096 3138 naturarum
3143 3083 3484 3156 indagatione

202 3170 386 3240 linque
415 3177 555 3230 sunt,
597 3170 851 3239 omnique
881 3170 1134 3223 exteriori
1183 3185 1348 3225 sensu
1377 3172 1637 3225 carentia.
1673 3171 1786 3225 Non
1817 3159 1864 3222 C
1899 3172 2196 3240 reperitur;
2249 3185 2312 3224 ac
2364 3170 2530 3224 veluti
2582 3171 2726 3224 nulla
2780 3172 2920 3238 vita,
2975 3189 3068 3229 seu
3124 3175 3336 3240 anima,
3387 3192 3484 3234 seu

202 3261 356 3317 enim
409 3260 739 3315 sensibilium
787 3275 967 3314 rerum
1027 3262 1275 3316 notitiam
1324 3276 1422 3332 per
1479 3264 1790 3333 phantasias

204 3367 495 3422 corporum
524 3351 812 3422 accipiunt,
855 3352 947 3405 sed
971 3366 1187 3406 omnem
1213 3351 1549 3422 corporalem
1580 3364 1792 3408 creatu-

206 3461 328 3501 ram
361 3445 412 3498 in
438 3445 622 3506 causis
657 3445 771 3500 suis
803 3443 1176 3514 spiritualibus
1203 3445 1555 3516 spiritualiter
1583 3446 1792 3516 perspi-

207 3540 383 3605 ciunt,
423 3538 872 3610 quemadmodum
915 3537 1078 3592 visuri
1107 3552 1313 3600 sumus,
1344 3553 1464 3594 cum
1496 3539 1563 3591 ad
1599 3553 1796 3598 aequa-

206 3630 418 3685 litatem
451 3639 675 3684 naturae
702 3645 888 3684 eorum
935 3629 1433 3684 trausmutabimur.
1477 3627 1652 3685 Sensu
1696 3631 1796 3686 ita-

207 3738 318 3793 que
343 3737 604 3792 corporeo
638 3729 823 3778 carent
850 3720 1045 3794 angeli,
1072 3723 1196 3788 quia
1224 3735 1387 3790 super
1419 3721 1591 3798 ipsum
1631 3730 1790 3786 sunt;

208 3829 273 3868 ac
307 3829 403 3884 per
432 3814 532 3868 hoc
563 3813 726 3868 totius
756 3811 1137 3868 irrationabilis
1183 3812 1326 3867 vitae
1367 3821 1637 3882 expertes,
1681 3813 1795 3868 sive

207 3905 502 3969 scnsualis,
529 3889 642 3961 sive
667 3907 812 3960 omni
855 3919 1016 3958 sensu
1043 3903 1306 3974 privatae,
1337 3903 1652 3973 compositis
1676 3919 1798 3959 cor-

209 3998 662 4070 ruptibilibusque
691 3997 1009 4068 corporibus
1057 4011 1162 4051 non
1206 4005 1517 4068 gravantur.
1564 3995 1796 4050 Proinde

208 4092 384 4148 multa
410 4092 646 4164 reperies
674 4091 727 4146 in
773 4091 1010 4154 homine,
1041 4106 1180 4161 quae
1223 4105 1564 4160 nequaquam
1605 4100 1796 4143 natura

208 4184 408 4254 recipit
425 4184 696 4256 angelica;
731 4199 834 4237 non
865 4191 1042 4236 autem
1065 4181 1309 4236 subsistit
1334 4181 1387 4235 in
1409 4179 1602 4251 angelo
1627 4195 1719 4234 seu
1744 4180 1798 4234 in

209 4275 323 4332 alia
341 4284 608 4339 creatura,
631 4274 773 4346 quod
791 4274 1110 4329 naturaliter
1128 4273 1330 4328 homini
1353 4289 1455 4328 non
1479 4273 1624 4327 insit.
1647 4271 1712 4326 Et
1733 4286 1800 4326 ne

210 4369 388 4432 dicas,
407 4369 598 4439 siergo
629 4369 805 4427 omnis
833 4368 1038 4438 species
1070 4368 1210 4422 vitae
1241 4368 1292 4421 in
1323 4366 1539 4421 homine
1561 4374 1664 4431 est,
1692 4381 1800 4422 non

211 4478 406 4529 unam,
433 4463 524 4518 sed
555 4461 771 4526 multas,
799 4469 853 4518 et
889 4476 918 4515 a
950 4476 1008 4516 se
1031 4458 1340 4516 dillerentes
1366 4459 1505 4516 vitas
1533 4460 1797 4523 continet,

213 4556 426 4614 habens
450 4553 809 4609 irrationalem
837 4563 891 4610 et
919 4553 1261 4618 rationalem,
1293 4552 1598 4608 sensualem
1641 4553 1799 4608 simul

211 4656 276 4706 et
305 4646 652 4717 gerininalem
677 4665 689 4698 :
716 4647 925 4702 intuere
950 4647 1256 4718 diligentius
1296 4648 1566 4701 humanae
1589 4647 1801 4702 animae

213 4738 508 4814 potentias,
529 4752 667 4805 quae
695 4738 820 4791 dum
853 4737 924 4791 sit
957 4737 1117 4793 unius
1142 4735 1490 4806 ejusdemque
1514 4735 1806 4794 subsisten-

215 4827 350 4889 tiae,
378 4836 431 4880 et
457 4826 691 4887 virtutis,
723 4835 777 4882 et
799 4827 1125 4896 operationis
1151 4826 1206 4882 in
1227 4825 1476 4880 omnibus
1499 4825 1655 4881 simul
1682 4841 1800 4880 cor-

213 4916 443 4990 poribus
492 4916 743 4972 bumanis
786 4925 840 4972 et
869 4916 1212 4990 generaliter,
1241 4925 1294 4970 et
1323 4915 1379 4970 in
1419 4915 1644 4986 singulis
1676 4929 1802 4984 spe-

215 5006 453 5072 cialiter,
477 5020 702 5064 cunctos
738 5016 918 5065 tamen
947 5007 1138 5062 vitales
1168 5005 1809 5072 motus,administratio«

215 5113 430 5168 nesque
455 5098 510 5152 in
531 5113 761 5168 corpore
787 5114 912 5164 suo,
943 5100 1082 5155 intra
1121 5113 1215 5155 seu
1256 5109 1410 5154 extra
1462 5106 1639 5169 potest
1683 5113 1808 5168 per-

217 5204 406 5262 agere.
439 5189 718 5260 Siquidem
746 5190 886 5246 ultra
913 5206 1202 5261 corporeos
1229 5205 1423 5246 sensus
1443 5198 1497 5243 et
1518 5190 1808 5246 ratiocina—

218 5293 320 5339 ωι-
341 5291 396 5336 et
423 5283 697 5356 intelligit,
728 5293 789 5339 ut
823 5284 1062 5356 angelica
1087 5284 1228 5349 vita;
1259 5283 1312 5339 in
1341 5281 1590 5339 sensibus
1612 5297 1807 5353 corpo-

187 5431 190 5434 .
220 5375 341 5433 reis
367 5376 631 5432 sentiendi
657 5392 766 5433 vnn
797 5384 1012 5434 exercet
1057 5375 1411 5432 similitudine
1464 5375 1808 5432 irrationabi-

1895 3265 2083 3320 vivens
2103 3263 2281 3316 anima
2315 3263 2400 3324 sit,
2436 3262 2626 3316 siletur
2646 3277 2676 3316 a
2701 3262 3004 3334 Scriptura,
3037 3274 3096 3320 ttt
3126 3266 3490 3338 intelligamus

1897 3371 2014 3412 eam
2039 3355 2382 3410 novissimam
2413 3369 2477 3409 ac
2500 3354 2521 3385 '
2548 3355 3072 3426 imperfectissimam
3123 3361 3488 3418 essentialiter

1896 3456 2110 3503 creatae
2141 3447 2282 3501 vitae
2311 3448 2800 3517 participationem.
2833 3451 2910 3507 Ac
2945 3467 3040 3521 per
3071 3451 3172 3508 hoc
3199 3453 3320 3525 plus
3347 3457 3488 3512 inter

1897 3540 2211 3610 corporales
2240 3555 2524 3606 numeros,
2566 3557 2730 3611 quam
2777 3543 2919 3600 inter
2965 3545 3157 3600 vitales
3197 3561 3490 3604 connume-

1899 3632 2126 3695 randum
2180 3631 2361 3686 divina
2407 3633 2588 3686 sanxit
2641 3633 2955 3690 auctoritas.
3003 3634 3170 3698 Recte
3229 3637 3394 3708 igitur
3433 3639 3487 3695 in

1898 3721 2155 3792 operibus
2189 3731 2449 3793 quattuor
2489 3725 2695 3780 dierum
2719 3765 2735 3790 ,
2764 3725 2818 3780 in
2853 3725 3048 3797 quibus
3078 3730 3287 3800 species
3309 3731 3489 3788 caele-

1899 3813 2062 3867 stium
2093 3813 2543 3884 terrestriumque
2572 3817 2932 3874 essentiarum
2960 3833 3024 3873 ex
3054 3821 3237 3876 causis
3260 3822 3490 3892 primorv

1901 3901 2132 3958 dialibus
2179 3905 2552 3974 producuntur
2594 3907 2648 3960 in
2689 3918 2971 3978 apertum,
3010 3919 3070 3967 et
3103 3911 3490 3980 perfectionem

1901 4009 2034 4050 suae
2086 3994 2426 4050 formationis
2478 3995 2787 4067 accipiunt,
2843 3999 3002 4070 hujus
3063 4001 3246 4058 vitalis
3311 4011 3492 4059 motus

1899 4085 2045 4140 nulla
2069 4085 2392 4156 signiﬁcatio
2419 4085 2737 4156 interposita
2761 4096 2860 4144 est.
2891 4087 3023 4142 Nam
3053 4099 3110 4145 et
3136 4091 3188 4157 in
3221 4092 3380 4148 tertia
3402 4092 3491 4154 die

1903 4176 2113 4244 siletur,
2143 4177 2196 4230 in
2217 4192 2322 4246 qua
2351 4177 2642 4234 herbarum
2673 4178 3052 4251 lignorumque
3077 4183 3403 4253 germinatio
3424 4187 3492 4246 de

1905 4263 2050 4334 terra
2096 4271 2446 4341 praecipitur,
2491 4271 2543 4326 in
2587 4272 2783 4342 quibus
2829 4275 3313 4334 administrationis
3354 4293 3490 4338 suae

1904 4365 2156 4421 virtutem
2201 4364 2480 4436 corporeis
2525 4365 2776 4423 sensibus
2814 4367 3144 4428 manifestat.
3187 4369 3304 4428 Non
3343 4374 3488 4442 quod

1905 4459 2021 4530 ipsa
2059 4458 2266 4527 species
2294 4458 2434 4512 vitae
2480 4457 2538 4515 in
2565 4465 2760 4514 natura
2801 4475 2978 4516 rerum
3018 4462 3492 4532 proportionaliter

1904 4547 2232 4604 subsistendi
2260 4547 2435 4603 locum
2459 4563 2564 4602 non
2588 4549 2864 4615 obtineat;
2898 4565 3006 4606 non
3030 4552 3176 4606 enim
3205 4554 3493 4622 parvipen-

1905 4637 2078 4693 denda
2109 4646 2193 4692 est
2217 4639 2298 4694 vis
2322 4637 2407 4692 illa
2434 4640 2694 4694 naturalis
2711 4680 2726 4706 ,
2759 4657 2898 4710 quae
2921 4643 3122 4706 omnia,
3153 4658 3292 4713 quae
3316 4654 3494 4702 terrae

1908 4729 2167 4784 radicitus
2200 4728 2505 4793 inhaerent,
2536 4738 2590 4782 et
2621 4746 2686 4785 ex
2717 4739 2860 4784 terra
2890 4733 3162 4796 oriuntur,
3191 4735 3488 4792 secundum

1907 4820 2174 4874 inﬁnitam
2224 4823 2668 4878 numerositatem
2709 4825 3050 4882 surculorum
3093 4828 3494 4901 herbarumque

1907 4922 1962 4969 et
2014 4912 2184 4966 nutrit
2219 4922 2275 4967 et
2314 4923 2503 4984 auget,
2555 4915 2717 4985 inque
2767 4917 2976 4985 species
3017 4921 3289 4990 proprias,
3334 4919 3492 4988 juxta

1911 5005 2244 5077 singulorum
2299 5023 2556 5078 generum
2601 5008 3041 5078 similitudinem,
3089 5020 3146 5066 et
3189 5012 3490 5067 naturalem

1911 5098 2351 5168 consequentiam
2403 5097 2626 5166 ﬂorum,
2683 5099 2994 5168 fructuum,
3045 5103 3345 5167 seminum,
3393 5118 3491 5173 per

1911 5202 2167 5246 numeros
2220 5187 2458 5243 locorum
2505 5196 2560 5243 et
2608 5199 2909 5260 temporum
2960 5191 3224 5262 producit.
3288 5191 3491 5248 Verum

1912 5271 2352 5352 quoniam'extra
2376 5294 2572 5350 corpus
2597 5280 2674 5336 nil
2697 5295 2859 5354 agere
2884 5283 3184 5353 praevalet.
3228 5298 3329 5340 nec
3366 5301 3492 5356 per-

1912 5370 2088 5427 tectae
2124 5369 2300 5437 vitae,
2339 5369 2765 5442 corporibusque
2801 5372 3100 5438 absolutae,
3141 5373 3393 5432 virtutem
3437 5374 3491 5432 in

1506 5547 1762 5603 VARIAE
1795 5544 2191 5603 LECTIONES.

305 5685 321 5716 ¹
352 5686 397 5740 Α
434 5688 786 5743 distribuitur.
891 5687 912 5717 ²
937 5687 979 5741 Δ
1008 5687 1218 5742 donari.
1319 5687 1340 5719 ³
1365 5686 1406 5742 C
1438 5685 1788 5742 rationabilis.

225 5757 252 5790 ⁸
282 5756 328 5815 Δ
359 5771 556 5829 expers
583 5776 728 5826 esse;
761 5758 804 5816 (Ξ
827 5767 902 5814 est
923 5757 1085 5814 lineis
1113 5757 1332 5816 delevit.
1405 5755 1428 5788 '
1463 5756 1510 5812 Δ
1536 5767 1608 5812 et.

1889 5683 1912 5717 ⁸
1935 5694 1983 5740 et
2029 5702 2135 5745 om.
2168 5689 2238 5743 Α.
2338 5686 2515 5743 'enim
2543 5701 2655 5748 om.
2675 5685 2737 5744 (Ξ.
2844 5685 2866 5718 ⁸
2895 5686 2936 5744 C
2965 5688 3119 5760 riget.
3216 5692 3238 5724 '-
3267 5693 3312 5762 (ξ,
3339 5695 3490 5750 dicit.
