  <div class='ocr_page' id='page_1' title='image "/cluster/home/n/w/nwhite01/storage/ocr_20150623/122/hvd.32044015471659/405.png"; bbox 0 0 4028 6282; ppageno 0'>
   <div class='ocr_carea' id='block_1_1' title="bbox 516 207 630 285">
    <p class='ocr_par' dir='ltr' id='par_1_1' title="bbox 516 207 630 285">
     <span class='ocr_line' id='line_1_1' title="bbox 516 207 630 285; baseline 0 -16"><span class='ocrx_word' id='word_1_1' title='bbox 516 207 630 285; x_wconf 71' lang='lat' dir='ltr'><strong>iss</strong></span> 
     </span>
    </p>
   </div>
   <div class='ocr_carea' id='block_1_2' title="bbox 1914 184 2439 263">
    <p class='ocr_par' dir='ltr' id='par_1_2' title="bbox 1914 184 2439 263">
     <span class='ocr_line' id='line_1_2' title="bbox 1914 184 2439 263; baseline -0.004 0"><span class='ocrx_word' id='word_1_2' title='bbox 1914 199 2035 263; x_wconf 75' lang='grc' dir='ltr'><strong>ιοΑ</strong></span> <span class='ocrx_word' id='word_1_3' title='bbox 2043 200 2200 261; x_wconf 85' lang='lat' dir='ltr'><strong>NNIS</strong></span> <span class='ocrx_word' id='word_1_4' title='bbox 2240 184 2439 262; x_wconf 74' lang='lat' dir='ltr'><strong>SCOTl</strong></span> 
     </span>
    </p>
   </div>
   <div class='ocr_carea' id='block_1_3' title="bbox 3708 211 3828 269">
    <p class='ocr_par' dir='ltr' id='par_1_3' title="bbox 3708 211 3828 269">
     <span class='ocr_line' id='line_1_3' title="bbox 3708 211 3828 269; baseline 0.025 -3"><span class='ocrx_word' id='word_1_5' title='bbox 3708 211 3828 269; x_wconf 73' lang='lat'><strong>736</strong></span> 
     </span>
    </p>
   </div>
   <div class='ocr_carea' id='block_1_4' title="bbox 521 299 3829 398">
    <p class='ocr_par' dir='ltr' id='par_1_4' title="bbox 521 299 3829 398">
     <span class='ocr_line' id='line_1_4' title="bbox 521 299 3829 398; baseline 0 -18"><span class='ocrx_word' id='word_1_6' title='bbox 521 337 584 380; x_wconf 86' lang='lat' dir='ltr'><strong>se</strong></span> <span class='ocrx_word' id='word_1_7' title='bbox 626 324 971 385; x_wconf 84' lang='lat' dir='ltr'><strong>manttestat;</strong></span> <span class='ocrx_word' id='word_1_8' title='bbox 1013 315 1069 373; x_wconf 90' lang='lat' dir='ltr'><strong>in</strong></span> <span class='ocrx_word' id='word_1_9' title='bbox 1119 313 1364 374; x_wconf 83' lang='lat' dir='ltr'><strong>numeris</strong></span> <span class='ocrx_word' id='word_1_10' title='bbox 1402 313 1701 387; x_wconf 81' lang='lat' dir='ltr'><strong>corporalis</strong></span> <span class='ocrx_word' id='word_1_11' title='bbox 1744 317 1972 372; x_wconf 83' lang='lat' dir='ltr'><strong>naturae</strong></span> <span class='ocrx_word' id='word_1_12' title='bbox 2023 331 2120 388; x_wconf 89' lang='lat' dir='ltr'><strong>po-</strong></span> <span class='ocrx_word' id='word_1_13' title='bbox 2146 299 2347 391; x_wconf 67' lang='lat' dir='ltr'><strong>Aquia</strong></span> <span class='ocrx_word' id='word_1_14' title='bbox 2381 318 2436 375; x_wconf 87' lang='lat' dir='ltr'><strong>in</strong></span> <span class='ocrx_word' id='word_1_15' title='bbox 2474 328 2812 391; x_wconf 78' lang='lat' dir='ltr'><strong><em>augmentum</em></strong></span> <span class='ocrx_word' id='word_1_16' title='bbox 2862 321 2980 393; x_wconf 87' lang='lat' dir='ltr'><strong>ejus</strong></span> <span class='ocrx_word' id='word_1_17' title='bbox 3023 320 3068 391; x_wconf 80' lang='lat'><strong>&#39;,</strong></span> <span class='ocrx_word' id='word_1_18' title='bbox 3097 324 3237 394; x_wconf 86' lang='lat' dir='ltr'><strong>quod</strong></span> <span class='ocrx_word' id='word_1_19' title='bbox 3273 323 3521 391; x_wconf 73' lang='lat' dir='ltr'><strong><em>nutritur,</em></strong></span> <span class='ocrx_word' id='word_1_20' title='bbox 3564 326 3829 398; x_wconf 69' lang='lat' dir='ltr'><strong>quiequid</strong></span> 
     </span>
    </p>
   </div>
   <div class='ocr_carea' id='block_1_5' title="bbox 523 407 2122 483">
    <p class='ocr_par' dir='ltr' id='par_1_5' title="bbox 523 407 2122 483">
     <span class='ocr_line' id='line_1_5' title="bbox 523 407 2122 483; baseline -0.003 -13"><span class='ocrx_word' id='word_1_21' title='bbox 523 413 655 480; x_wconf 85' lang='lat' dir='ltr'><strong>tius,</strong></span> <span class='ocrx_word' id='word_1_22' title='bbox 692 425 854 483; x_wconf 92' lang='lat' dir='ltr'><strong>quam</strong></span> <span class='ocrx_word' id='word_1_23' title='bbox 896 411 951 466; x_wconf 91' lang='lat' dir='ltr'><strong>in</strong></span> <span class='ocrx_word' id='word_1_24' title='bbox 999 409 1284 480; x_wconf 85' lang='lat' dir='ltr'><strong>speciebus</strong></span> <span class='ocrx_word' id='word_1_25' title='bbox 1313 407 1584 481; x_wconf 77' lang='lat' dir='ltr'><strong>generalis</strong></span> <span class='ocrx_word' id='word_1_26' title='bbox 1613 408 1778 474; x_wconf 94' lang='lat' dir='ltr'><strong>vitae,</strong></span> <span class='ocrx_word' id='word_1_27' title='bbox 1822 408 2028 475; x_wconf 89' lang='lat' dir='ltr'><strong>divina,</strong></span> <span class='ocrx_word' id='word_1_28' title='bbox 2061 417 2122 465; x_wconf 91' lang='lat' dir='ltr'><strong>ut</strong></span> 
     </span>
    </p>
   </div>
   <div class='ocr_carea' id='block_1_6' title="bbox 520 499 2120 581">
    <p class='ocr_par' dir='ltr' id='par_1_6' title="bbox 520 499 2120 581">
     <span class='ocr_line' id='line_1_6' title="bbox 520 499 2120 581; baseline -0.006 -18"><span class='ocrx_word' id='word_1_29' title='bbox 520 503 934 581; x_wconf 65' lang='lat' dir='ltr'><strong>praediximus,</strong></span> <span class='ocrx_word' id='word_1_30' title='bbox 976 501 1301 558; x_wconf 91' lang='lat' dir='ltr'><strong>auctoritate</strong></span> <span class='ocrx_word' id='word_1_31' title='bbox 1340 501 1594 573; x_wconf 84' lang='lat' dir='ltr'><strong>deputata</strong></span> <span class='ocrx_word' id='word_1_32' title='bbox 1629 508 1734 557; x_wconf 88' lang='lat' dir='ltr'><strong>est.</strong></span> <span class='ocrx_word' id='word_1_33' title='bbox 1773 499 1840 556; x_wconf 86' lang='lat' dir='ltr'><strong>Et</strong></span> <span class='ocrx_word' id='word_1_34' title='bbox 1868 500 2120 571; x_wconf 90' lang='lat' dir='ltr'><strong>quoniam</strong></span> 
     </span>
    </p>
   </div>
   <div class='ocr_carea' id='block_1_7' title="bbox 521 587 2125 670">
    <p class='ocr_par' dir='ltr' id='par_1_7' title="bbox 521 587 2125 670">
     <span class='ocr_line' id='line_1_7' title="bbox 521 587 2125 670; baseline -0.005 -14"><span class='ocrx_word' id='word_1_35' title='bbox 521 596 640 670; x_wconf 87' lang='lat' dir='ltr'><strong>ipsa</strong></span> <span class='ocrx_word' id='word_1_36' title='bbox 666 610 762 668; x_wconf 87' lang='lat' dir='ltr'><strong>per</strong></span> <span class='ocrx_word' id='word_1_37' title='bbox 788 608 847 650; x_wconf 89' lang='lat' dir='ltr'><strong>se</strong></span> <span class='ocrx_word' id='word_1_38' title='bbox 869 636 884 660; x_wconf 98' lang='lat'><strong>,</strong></span> <span class='ocrx_word' id='word_1_39' title='bbox 901 587 1241 667; x_wconf 72' lang='lat' dir='ltr'><strong>&#39;germinalis</strong></span> <span class='ocrx_word' id='word_1_40' title='bbox 1269 593 1527 649; x_wconf 81' lang='lat' dir='ltr'><strong>videlicet</strong></span> <span class='ocrx_word' id='word_1_41' title='bbox 1567 592 1677 648; x_wconf 89' lang='lat' dir='ltr'><strong>vita</strong></span> <span class='ocrx_word' id='word_1_42' title='bbox 1699 632 1716 659; x_wconf 92' lang='lat'><strong>,</strong></span> <span class='ocrx_word' id='word_1_43' title='bbox 1755 591 1871 648; x_wconf 88' lang='lat' dir='ltr'><strong>sine</strong></span> <span class='ocrx_word' id='word_1_44' title='bbox 1917 591 2125 648; x_wconf 83' lang='lat' dir='ltr'><strong>altioris</strong></span> 
     </span>
    </p>
   </div>
   <div class='ocr_carea' id='block_1_8' title="bbox 522 681 2124 758">
    <p class='ocr_par' dir='ltr' id='par_1_8' title="bbox 522 681 2124 758">
     <span class='ocr_line' id='line_1_8' title="bbox 522 681 2124 758; baseline -0.001 -13"><span class='ocrx_word' id='word_1_45' title='bbox 522 689 689 755; x_wconf 86' lang='lat' dir='ltr'><strong>vitae,</strong></span> <span class='ocrx_word' id='word_1_46' title='bbox 721 686 986 744; x_wconf 87' lang='lat' dir='ltr'><strong>sensualis</strong></span> <span class='ocrx_word' id='word_1_47' title='bbox 1015 685 1139 742; x_wconf 88' lang='lat' dir='ltr'><strong>dico</strong></span> <span class='ocrx_word' id='word_1_48' title='bbox 1167 695 1222 743; x_wconf 89' lang='lat' dir='ltr'><strong>et</strong></span> <span class='ocrx_word' id='word_1_49' title='bbox 1249 686 1532 744; x_wconf 86' lang='lat' dir='ltr'><strong>rationalis</strong></span> <span class='ocrx_word' id='word_1_50' title='bbox 1552 727 1568 754; x_wconf 91' lang='lat'><strong>,</strong></span> <span class='ocrx_word' id='word_1_51' title='bbox 1612 681 1998 744; x_wconf 78' lang='lat' dir='ltr'><strong>communione</strong></span> <span class='ocrx_word' id='word_1_52' title='bbox 2027 701 2124 758; x_wconf 80' lang='lat' dir='ltr'><strong>po-</strong></span> 
     </span>
    </p>
   </div>
   <div class='ocr_carea' id='block_1_9' title="bbox 525 777 2122 850">
    <p class='ocr_par' dir='ltr' id='par_1_9' title="bbox 525 777 2122 850">
     <span class='ocr_line' id='line_1_9' title="bbox 525 777 2122 850; baseline -0.001 -14"><span class='ocrx_word' id='word_1_53' title='bbox 525 785 632 836; x_wconf 84' lang='lat' dir='ltr'><strong>test</strong></span> <span class='ocrx_word' id='word_1_54' title='bbox 663 777 922 849; x_wconf 90' lang='lat' dir='ltr'><strong>intelligi,</strong></span> <span class='ocrx_word' id='word_1_55' title='bbox 948 777 1227 834; x_wconf 82' lang='lat' dir='ltr'><strong>rationalis</strong></span> <span class='ocrx_word' id='word_1_56' title='bbox 1255 793 1387 835; x_wconf 91' lang='lat' dir='ltr'><strong>vero</strong></span> <span class='ocrx_word' id='word_1_57' title='bbox 1413 787 1468 835; x_wconf 90' lang='lat' dir='ltr'><strong>et</strong></span> <span class='ocrx_word' id='word_1_58' title='bbox 1493 778 1759 835; x_wconf 88' lang='lat' dir='ltr'><strong>sensualis</strong></span> <span class='ocrx_word' id='word_1_59' title='bbox 1790 778 1996 850; x_wconf 85' lang='lat' dir='ltr'><strong>absque</strong></span> <span class='ocrx_word' id='word_1_60' title='bbox 2031 779 2122 835; x_wconf 89' lang='lat' dir='ltr'><strong>illa</strong></span> 
     </span>
    </p>
   </div>
   <div class='ocr_carea' id='block_1_10' title="bbox 524 861 2125 945">
    <p class='ocr_par' dir='ltr' id='par_1_10' title="bbox 524 861 2125 945">
     <span class='ocr_line' id='line_1_10' title="bbox 524 861 2125 945; baseline 0 -16"><span class='ocrx_word' id='word_1_61' title='bbox 524 872 733 934; x_wconf 86' lang='lat' dir='ltr'><strong>nullum</strong></span> <span class='ocrx_word' id='word_1_62' title='bbox 764 886 962 942; x_wconf 86' lang='lat' dir='ltr'><strong>corpus</strong></span> <span class='ocrx_word' id='word_1_63' title='bbox 997 879 1249 945; x_wconf 87' lang='lat' dir='ltr'><strong>vegetare</strong></span> <span class='ocrx_word' id='word_1_64' title='bbox 1281 872 1603 929; x_wconf 84' lang='lat' dir='ltr'><strong>naturaliter</strong></span> <span class='ocrx_word' id='word_1_65' title='bbox 1635 872 1912 940; x_wconf 87' lang='lat' dir='ltr'><strong>sinuntur,</strong></span> <span class='ocrx_word' id='word_1_66' title='bbox 1951 861 2125 929; x_wconf 85' lang='lat' dir='ltr'><strong>donec</strong></span> 
     </span>
    </p>
   </div>
   <div class='ocr_carea' id='block_1_11' title="bbox 525 967 2126 1038">
    <p class='ocr_par' dir='ltr' id='par_1_11' title="bbox 525 967 2126 1038">
     <span class='ocr_line' id='line_1_11' title="bbox 525 967 2126 1038; baseline -0.002 -12"><span class='ocrx_word' id='word_1_67' title='bbox 525 968 582 1026; x_wconf 93' lang='lat' dir='ltr'><strong>in</strong></span> <span class='ocrx_word' id='word_1_68' title='bbox 627 967 999 1038; x_wconf 85' lang='lat' dir='ltr'><strong>superioribus</strong></span> <span class='ocrx_word' id='word_1_69' title='bbox 1051 968 1354 1024; x_wconf 88' lang='lat' dir='ltr'><strong>animarum</strong></span> <span class='ocrx_word' id='word_1_70' title='bbox 1386 968 1680 1025; x_wconf 81' lang='lat' dir='ltr'><strong>viventium</strong></span> <span class='ocrx_word' id='word_1_71' title='bbox 1744 967 1936 1024; x_wconf 80' lang='lat' dir='ltr'><strong>formis</strong></span> <span class='ocrx_word' id='word_1_72' title='bbox 1991 967 2126 1023; x_wconf 90' lang='lat' dir='ltr'><strong>insi-</strong></span> 
     </span>
    </p>
   </div>
   <div class='ocr_carea' id='block_1_12' title="bbox 526 1043 2126 1132">
    <p class='ocr_par' dir='ltr' id='par_1_12' title="bbox 526 1043 2126 1132">
     <span class='ocr_line' id='line_1_12' title="bbox 526 1043 2126 1132; baseline -0.001 -17"><span class='ocrx_word' id='word_1_73' title='bbox 526 1067 768 1115; x_wconf 90' lang='lat' dir='ltr'><strong>nuantur</strong></span> <span class='ocrx_word' id='word_1_74' title='bbox 795 1059 837 1126; x_wconf 76' lang='lat'><strong>‘,</strong></span> <span class='ocrx_word' id='word_1_75' title='bbox 856 1074 885 1112; x_wconf 90' lang='lat' dir='ltr'><strong>a</strong></span> <span class='ocrx_word' id='word_1_76' title='bbox 910 1074 1065 1115; x_wconf 88' lang='lat' dir='ltr'><strong>sacra</strong></span> <span class='ocrx_word' id='word_1_77' title='bbox 1089 1060 1366 1132; x_wconf 87' lang='lat' dir='ltr'><strong>Scriptura</strong></span> <span class='ocrx_word' id='word_1_78' title='bbox 1393 1067 1666 1117; x_wconf 89' lang='lat' dir='ltr'><strong>reservata</strong></span> <span class='ocrx_word' id='word_1_79' title='bbox 1689 1043 1829 1116; x_wconf 64' lang='lat' dir='ltr'><strong>est”.</strong></span> <span class='ocrx_word' id='word_1_80' title='bbox 1845 1059 2036 1114; x_wconf 79' lang='lat' dir='ltr'><strong>Anima</strong></span> <span class='ocrx_word' id='word_1_81' title='bbox 2051 1057 2126 1115; x_wconf 90' lang='lat' dir='ltr'><strong>si-</strong></span> 
     </span>
    </p>
   </div>
   <div class='ocr_carea' id='block_1_13' title="bbox 530 1150 2126 1222">
    <p class='ocr_par' dir='ltr' id='par_1_13' title="bbox 530 1150 2126 1222">
     <span class='ocr_line' id='line_1_13' title="bbox 530 1150 2126 1222; baseline 0.001 -17"><span class='ocrx_word' id='word_1_82' title='bbox 530 1150 751 1220; x_wconf 88' lang='lat' dir='ltr'><strong>quidem</strong></span> <span class='ocrx_word' id='word_1_83' title='bbox 776 1150 1110 1207; x_wconf 72' lang='lat' dir='ltr'><strong>omnisensu</strong></span> <span class='ocrx_word' id='word_1_84' title='bbox 1133 1165 1349 1219; x_wconf 90' lang='lat' dir='ltr'><strong>carens,</strong></span> <span class='ocrx_word' id='word_1_85' title='bbox 1373 1160 1521 1208; x_wconf 90' lang='lat' dir='ltr'><strong>motu</strong></span> <span class='ocrx_word' id='word_1_86' title='bbox 1551 1165 1765 1222; x_wconf 90' lang='lat' dir='ltr'><strong>quoque</strong></span> <span class='ocrx_word' id='word_1_87' title='bbox 1789 1150 1938 1206; x_wconf 83' lang='lat' dir='ltr'><strong>vitali</strong></span> <span class='ocrx_word' id='word_1_88' title='bbox 1963 1150 2126 1206; x_wconf 85' lang='lat' dir='ltr'><strong>veluti</strong></span> 
     </span>
    </p>
   </div>
   <div class='ocr_carea' id='block_1_14' title="bbox 525 1239 2128 1312">
    <p class='ocr_par' dir='ltr' id='par_1_14' title="bbox 525 1239 2128 1312">
     <span class='ocr_line' id='line_1_14' title="bbox 525 1239 2128 1312; baseline 0 -15"><span class='ocrx_word' id='word_1_89' title='bbox 525 1239 754 1297; x_wconf 88' lang='lat' dir='ltr'><strong>omnino</strong></span> <span class='ocrx_word' id='word_1_90' title='bbox 779 1255 967 1297; x_wconf 87' lang='lat' dir='ltr'><strong>carere</strong></span> <span class='ocrx_word' id='word_1_91' title='bbox 987 1240 1220 1297; x_wconf 88' lang='lat' dir='ltr'><strong>videtur.</strong></span> <span class='ocrx_word' id='word_1_92' title='bbox 1269 1241 1348 1296; x_wconf 83' lang='lat' dir='ltr'><strong>Ac</strong></span> <span class='ocrx_word' id='word_1_93' title='bbox 1369 1255 1470 1312; x_wconf 90' lang='lat' dir='ltr'><strong>per</strong></span> <span class='ocrx_word' id='word_1_94' title='bbox 1492 1242 1596 1298; x_wconf 87' lang='lat' dir='ltr'><strong>hoc</strong></span> <span class='ocrx_word' id='word_1_95' title='bbox 1622 1241 1802 1296; x_wconf 89' lang='lat' dir='ltr'><strong>anima</strong></span> <span class='ocrx_word' id='word_1_96' title='bbox 1829 1240 2128 1297; x_wconf 82' lang='lat' dir='ltr'><strong>solummo-</strong></span> 
     </span>
    </p>
   </div>
   <div class='ocr_carea' id='block_1_15' title="bbox 525 1327 2119 1396">
    <p class='ocr_par' dir='ltr' id='par_1_15' title="bbox 525 1327 2119 1396">
     <span class='ocr_line' id='line_1_15' title="bbox 525 1327 2119 1396; baseline -0.002 -9"><span class='ocrx_word' id='word_1_97' title='bbox 525 1327 598 1387; x_wconf 86' lang='lat' dir='ltr'><strong>do</strong></span> <span class='ocrx_word' id='word_1_98' title='bbox 617 1329 834 1396; x_wconf 90' lang='lat' dir='ltr'><strong>dicitur,</strong></span> <span class='ocrx_word' id='word_1_99' title='bbox 864 1346 970 1386; x_wconf 90' lang='lat' dir='ltr'><strong>non</strong></span> <span class='ocrx_word' id='word_1_100' title='bbox 1001 1338 1181 1385; x_wconf 90' lang='lat' dir='ltr'><strong>autem</strong></span> <span class='ocrx_word' id='word_1_101' title='bbox 1197 1329 1386 1386; x_wconf 86' lang='lat' dir='ltr'><strong>vivens</strong></span> <span class='ocrx_word' id='word_1_102' title='bbox 1412 1330 1612 1386; x_wconf 87' lang='lat' dir='ltr'><strong>anima.</strong></span> <span class='ocrx_word' id='word_1_103' title='bbox 1636 1327 1748 1388; x_wconf 85' lang='lat' dir='ltr'><strong>Nec</strong></span> <span class='ocrx_word' id='word_1_104' title='bbox 1775 1331 1879 1386; x_wconf 87' lang='lat' dir='ltr'><strong>hoc</strong></span> <span class='ocrx_word' id='word_1_105' title='bbox 1900 1330 2119 1386; x_wconf 92' lang='lat' dir='ltr'><strong>mirum.</strong></span> 
     </span>
    </p>
   </div>
   <div class='ocr_carea' id='block_1_16' title="bbox 527 1419 2127 1494">
    <p class='ocr_par' dir='ltr' id='par_1_16' title="bbox 527 1419 2127 1494">
     <span class='ocr_line' id='line_1_16' title="bbox 527 1419 2127 1494; baseline -0.001 -14"><span class='ocrx_word' id='word_1_106' title='bbox 527 1419 588 1480; x_wconf 83' lang='lat' dir='ltr'><strong>Si</strong></span> <span class='ocrx_word' id='word_1_107' title='bbox 617 1422 760 1479; x_wconf 87' lang='lat' dir='ltr'><strong>enim</strong></span> <span class='ocrx_word' id='word_1_108' title='bbox 787 1423 839 1476; x_wconf 92' lang='lat' dir='ltr'><strong>in</strong></span> <span class='ocrx_word' id='word_1_109' title='bbox 873 1421 1171 1478; x_wconf 81' lang='lat' dir='ltr'><strong>infantibus</strong></span> <span class='ocrx_word' id='word_1_110' title='bbox 1194 1422 1250 1478; x_wconf 93' lang='lat' dir='ltr'><strong>in</strong></span> <span class='ocrx_word' id='word_1_111' title='bbox 1279 1430 1434 1478; x_wconf 86' lang='lat' dir='ltr'><strong>utero</strong></span> <span class='ocrx_word' id='word_1_112' title='bbox 1459 1423 1736 1494; x_wconf 88' lang='lat' dir='ltr'><strong>conceptis</strong></span> <span class='ocrx_word' id='word_1_113' title='bbox 1765 1430 1858 1477; x_wconf 88' lang='lat' dir='ltr'><strong>aut</strong></span> <span class='ocrx_word' id='word_1_114' title='bbox 1875 1437 1943 1476; x_wconf 85' lang='lat' dir='ltr'><strong>ex</strong></span> <span class='ocrx_word' id='word_1_115' title='bbox 1967 1430 2127 1478; x_wconf 88' lang='lat' dir='ltr'><strong>utero</strong></span> 
     </span>
    </p>
   </div>
   <div class='ocr_carea' id='block_1_17' title="bbox 526 1513 2129 1588">
    <p class='ocr_par' dir='ltr' id='par_1_17' title="bbox 526 1513 2129 1588">
     <span class='ocr_line' id='line_1_17' title="bbox 526 1513 2129 1588; baseline -0.001 -18"><span class='ocrx_word' id='word_1_116' title='bbox 526 1515 926 1588; x_wconf 70' lang='lat' dir='ltr'><strong>egredientibus</strong></span> <span class='ocrx_word' id='word_1_117' title='bbox 956 1514 1078 1570; x_wconf 89' lang='lat' dir='ltr'><strong>talis</strong></span> <span class='ocrx_word' id='word_1_118' title='bbox 1109 1515 1290 1570; x_wconf 89' lang='lat' dir='ltr'><strong>anima</strong></span> <span class='ocrx_word' id='word_1_119' title='bbox 1314 1514 1676 1578; x_wconf 84' lang='lat' dir='ltr'><strong>existimatur,</strong></span> <span class='ocrx_word' id='word_1_120' title='bbox 1707 1514 1871 1569; x_wconf 86' lang='lat' dir='ltr'><strong>veluti</strong></span> <span class='ocrx_word' id='word_1_121' title='bbox 1899 1513 2129 1570; x_wconf 89' lang='lat' dir='ltr'><strong>rationis</strong></span> 
     </span>
    </p>
   </div>
   <div class='ocr_carea' id='block_1_18' title="bbox 527 1606 2129 1680">
    <p class='ocr_par' dir='ltr' id='par_1_18' title="bbox 527 1606 2129 1680">
     <span class='ocr_line' id='line_1_18' title="bbox 527 1606 2129 1680; baseline -0.001 -16"><span class='ocrx_word' id='word_1_122' title='bbox 527 1606 1027 1680; x_wconf 88' lang='lat' dir='ltr'><strong>intelligentiaeque</strong></span> <span class='ocrx_word' id='word_1_123' title='bbox 1055 1607 1276 1663; x_wconf 92' lang='lat' dir='ltr'><strong>omnino</strong></span> <span class='ocrx_word' id='word_1_124' title='bbox 1302 1622 1520 1678; x_wconf 84' lang='lat' dir='ltr'><strong>expers,</strong></span> <span class='ocrx_word' id='word_1_125' title='bbox 1549 1623 1671 1663; x_wconf 88' lang='lat' dir='ltr'><strong>cum</strong></span> <span class='ocrx_word' id='word_1_126' title='bbox 1697 1616 1755 1662; x_wconf 89' lang='lat' dir='ltr'><strong>et</strong></span> <span class='ocrx_word' id='word_1_127' title='bbox 1793 1606 2129 1663; x_wconf 83' lang='lat' dir='ltr'><strong>rationabilis</strong></span> 
     </span>
    </p>
   </div>
   <div class='ocr_carea' id='block_1_19' title="bbox 2226 412 3824 488">
    <p class='ocr_par' dir='ltr' id='par_1_19' title="bbox 2226 412 3824 488">
     <span class='ocr_line' id='line_1_19' title="bbox 2226 412 3824 488; baseline 0.005 -23"><span class='ocrx_word' id='word_1_128' title='bbox 2226 412 2533 466; x_wconf 74' lang='lat' dir='ltr'><strong>conveniens</strong></span> <span class='ocrx_word' id='word_1_129' title='bbox 2562 422 2670 480; x_wconf 89' lang='lat' dir='ltr'><strong>est,</strong></span> <span class='ocrx_word' id='word_1_130' title='bbox 2699 413 2877 484; x_wconf 68' lang='lat' dir='ltr'><strong>alfert.</strong></span> <span class='ocrx_word' id='word_1_131' title='bbox 2909 413 3038 484; x_wconf 84' lang='lat' dir='ltr'><strong>Ipsa</strong></span> <span class='ocrx_word' id='word_1_132' title='bbox 3067 415 3225 470; x_wconf 88' lang='lat' dir='ltr'><strong>etiam</strong></span> <span class='ocrx_word' id='word_1_133' title='bbox 3255 417 3560 487; x_wconf 87' lang='lat' dir='ltr'><strong>germinalis</strong></span> <span class='ocrx_word' id='word_1_134' title='bbox 3589 420 3824 488; x_wconf 65' lang='lat' dir='ltr'><strong>dicitur,</strong></span> 
     </span>
    </p>
   </div>
   <div class='ocr_carea' id='block_1_20' title="bbox 2227 502 3824 572">
    <p class='ocr_par' dir='ltr' id='par_1_20' title="bbox 2227 502 3824 572">
     <span class='ocr_line' id='line_1_20' title="bbox 2227 502 3824 572; baseline 0.006 -16"><span class='ocrx_word' id='word_1_135' title='bbox 2227 510 2273 556; x_wconf 86' lang='lat' dir='ltr'><strong>et</strong></span> <span class='ocrx_word' id='word_1_136' title='bbox 2302 502 2444 556; x_wconf 88' lang='lat' dir='ltr'><strong>circa</strong></span> <span class='ocrx_word' id='word_1_137' title='bbox 2484 502 2723 572; x_wconf 85' lang='lat' dir='ltr'><strong>germina</strong></span> <span class='ocrx_word' id='word_1_138' title='bbox 2765 504 3174 571; x_wconf 81' lang='lat' dir='ltr'><strong>consideratur;</strong></span> <span class='ocrx_word' id='word_1_139' title='bbox 3227 522 3434 562; x_wconf 88' lang='lat' dir='ltr'><strong>necesse</strong></span> <span class='ocrx_word' id='word_1_140' title='bbox 3469 518 3544 562; x_wconf 87' lang='lat' dir='ltr'><strong>est</strong></span> <span class='ocrx_word' id='word_1_141' title='bbox 3577 509 3622 540; x_wconf 83' lang='grc'><strong>¹⁶</strong></span> <span class='ocrx_word' id='word_1_142' title='bbox 3675 511 3824 565; x_wconf 61' lang='lat' dir='ltr'><strong>enim</strong></span> 
     </span>
    </p>
   </div>
   <div class='ocr_carea' id='block_1_21' title="bbox 2225 594 3826 668">
    <p class='ocr_par' dir='ltr' id='par_1_21' title="bbox 2225 594 3826 668">
     <span class='ocr_line' id='line_1_21' title="bbox 2225 594 3826 668; baseline 0.004 -19"><span class='ocrx_word' id='word_1_143' title='bbox 2225 594 2384 649; x_wconf 89' lang='lat' dir='ltr'><strong>etiam</strong></span> <span class='ocrx_word' id='word_1_144' title='bbox 2412 594 2470 648; x_wconf 88' lang='lat' dir='ltr'><strong>in</strong></span> <span class='ocrx_word' id='word_1_145' title='bbox 2498 594 2819 665; x_wconf 88' lang='lat' dir='ltr'><strong>germinibus</strong></span> <span class='ocrx_word' id='word_1_146' title='bbox 2839 595 3046 652; x_wconf 78' lang='lat' dir='ltr'><strong>vitalem</strong></span> <span class='ocrx_word' id='word_1_147' title='bbox 3074 598 3341 668; x_wconf 82' lang='lat' dir='ltr'><strong>quandam</strong></span> <span class='ocrx_word' id='word_1_148' title='bbox 3363 599 3606 654; x_wconf 72' lang='lat' dir='ltr'><strong>virtutem</strong></span> <span class='ocrx_word' id='word_1_149' title='bbox 3625 618 3826 656; x_wconf 78' lang='lat' dir='ltr'><strong>sensus</strong></span> 
     </span>
    </p>
   </div>
   <div class='ocr_carea' id='block_1_22' title="bbox 2226 685 3831 762">
    <p class='ocr_par' dir='ltr' id='par_1_22' title="bbox 2226 685 3831 762">
     <span class='ocr_line' id='line_1_22' title="bbox 2226 685 3831 762; baseline 0.004 -20"><span class='ocrx_word' id='word_1_150' title='bbox 2226 694 2489 758; x_wconf 77' lang='lat' dir='ltr'><strong>expertem</strong></span> <span class='ocrx_word' id='word_1_151' title='bbox 2538 685 2781 758; x_wconf 80' lang='lat' dir='ltr'><strong>intelligi.</strong></span> <span class='ocrx_word' id='word_1_152' title='bbox 2821 688 3002 743; x_wconf 79' lang='lat' dir='ltr'><strong>Altera</strong></span> <span class='ocrx_word' id='word_1_153' title='bbox 3043 705 3162 744; x_wconf 83' lang='lat' dir='ltr'><strong>vero</strong></span> <span class='ocrx_word' id='word_1_154' title='bbox 3199 698 3409 760; x_wconf 87' lang='lat' dir='ltr'><strong>praeter</strong></span> <span class='ocrx_word' id='word_1_155' title='bbox 3445 692 3583 745; x_wconf 83' lang='lat' dir='ltr'><strong>hanc</strong></span> <span class='ocrx_word' id='word_1_156' title='bbox 3614 694 3831 762; x_wconf 82' lang='lat' dir='ltr'><strong>species</strong></span> 
     </span>
    </p>
   </div>
   <div class='ocr_carea' id='block_1_23' title="bbox 2226 770 3831 854">
    <p class='ocr_par' dir='ltr' id='par_1_23' title="bbox 2226 770 3831 854">
     <span class='ocr_line' id='line_1_23' title="bbox 2226 770 3831 854; baseline 0.003 -20"><span class='ocrx_word' id='word_1_157' title='bbox 2226 779 2366 834; x_wconf 79' lang='lat' dir='ltr'><strong>vitae</strong></span> <span class='ocrx_word' id='word_1_158' title='bbox 2391 787 2491 845; x_wconf 86' lang='lat' dir='ltr'><strong>est,</strong></span> <span class='ocrx_word' id='word_1_159' title='bbox 2521 795 2654 850; x_wconf 90' lang='lat' dir='ltr'><strong>quae</strong></span> <span class='ocrx_word' id='word_1_160' title='bbox 2680 788 2730 834; x_wconf 91' lang='lat' dir='ltr'><strong>et</strong></span> <span class='ocrx_word' id='word_1_161' title='bbox 2758 770 2857 834; x_wconf 81' lang='lat' dir='ltr'><strong>hoc</strong></span> <span class='ocrx_word' id='word_1_162' title='bbox 2884 780 3061 848; x_wconf 81' lang='lat' dir='ltr'><strong>habet,</strong></span> <span class='ocrx_word' id='word_1_163' title='bbox 3090 782 3229 852; x_wconf 88' lang='lat' dir='ltr'><strong>quod</strong></span> <span class='ocrx_word' id='word_1_164' title='bbox 3256 783 3526 852; x_wconf 86' lang='lat' dir='ltr'><strong>praedicta</strong></span> <span class='ocrx_word' id='word_1_165' title='bbox 3552 783 3831 854; x_wconf 79' lang='lat' dir='ltr'><strong>possidet,</strong></span> 
     </span>
    </p>
   </div>
   <div class='ocr_carea' id='block_1_24' title="bbox 2226 871 3835 947">
    <p class='ocr_par' dir='ltr' id='par_1_24' title="bbox 2226 871 3835 947">
     <span class='ocr_line' id='line_1_24' title="bbox 2226 871 3835 947; baseline 0.005 -21"><span class='ocrx_word' id='word_1_166' title='bbox 2226 871 2440 944; x_wconf 89' lang='lat' dir='ltr'><strong>insuper</strong></span> <span class='ocrx_word' id='word_1_167' title='bbox 2468 873 2626 928; x_wconf 88' lang='lat' dir='ltr'><strong>etiam</strong></span> <span class='ocrx_word' id='word_1_168' title='bbox 2654 889 2748 942; x_wconf 90' lang='lat' dir='ltr'><strong>per</strong></span> <span class='ocrx_word' id='word_1_169' title='bbox 2777 889 2985 929; x_wconf 87' lang='lat' dir='ltr'><strong>sensum</strong></span> <span class='ocrx_word' id='word_1_170' title='bbox 3016 874 3380 929; x_wconf 71' lang='lat' dir='ltr'><strong>administrari</strong></span> <span class='ocrx_word' id='word_1_171' title='bbox 3405 877 3626 947; x_wconf 88' lang='lat' dir='ltr'><strong>accepit.</strong></span> <span class='ocrx_word' id='word_1_172' title='bbox 3675 874 3835 943; x_wconf 61' lang='lat' dir='ltr'><strong>Quae</strong></span> 
     </span>
    </p>
   </div>
   <div class='ocr_carea' id='block_1_25' title="bbox 2228 969 3832 1045">
    <p class='ocr_par' dir='ltr' id='par_1_25' title="bbox 2228 969 3832 1045">
     <span class='ocr_line' id='line_1_25' title="bbox 2228 969 3832 1045; baseline 0.002 -21"><span class='ocrx_word' id='word_1_173' title='bbox 2228 970 2424 1041; x_wconf 78' lang='lat' dir='ltr'><strong>species</strong></span> <span class='ocrx_word' id='word_1_174' title='bbox 2467 970 2523 1024; x_wconf 88' lang='lat' dir='ltr'><strong>in</strong></span> <span class='ocrx_word' id='word_1_175' title='bbox 2554 979 2748 1024; x_wconf 88' lang='lat' dir='ltr'><strong>natura</strong></span> <span class='ocrx_word' id='word_1_176' title='bbox 2771 985 2946 1026; x_wconf 90' lang='lat' dir='ltr'><strong>rerum</strong></span> <span class='ocrx_word' id='word_1_177' title='bbox 2973 970 3492 1045; x_wconf 81' lang='lat' dir='ltr'><strong>“irrationabilium</strong></span> <span class='ocrx_word' id='word_1_178' title='bbox 3535 981 3630 1026; x_wconf 87' lang='lat' dir='ltr'><strong>est.</strong></span> <span class='ocrx_word' id='word_1_179' title='bbox 3684 969 3832 1027; x_wconf 67' lang='lat' dir='ltr'><strong>Nam</strong></span> 
     </span>
    </p>
   </div>
   <div class='ocr_carea' id='block_1_26' title="bbox 2230 1061 3831 1135">
    <p class='ocr_par' dir='ltr' id='par_1_26' title="bbox 2230 1061 3831 1135">
     <span class='ocr_line' id='line_1_26' title="bbox 2230 1061 3831 1135; baseline -0.001 -16"><span class='ocrx_word' id='word_1_180' title='bbox 2230 1079 2333 1119; x_wconf 90' lang='lat' dir='ltr'><strong>non</strong></span> <span class='ocrx_word' id='word_1_181' title='bbox 2363 1061 2535 1117; x_wconf 88' lang='lat' dir='ltr'><strong>solum</strong></span> <span class='ocrx_word' id='word_1_182' title='bbox 2565 1063 2726 1117; x_wconf 78' lang='lat' dir='ltr'><strong>nutrit</strong></span> <span class='ocrx_word' id='word_1_183' title='bbox 2757 1073 2806 1118; x_wconf 90' lang='lat' dir='ltr'><strong>et</strong></span> <span class='ocrx_word' id='word_1_184' title='bbox 2837 1073 2992 1135; x_wconf 88' lang='lat' dir='ltr'><strong>auget</strong></span> <span class='ocrx_word' id='word_1_185' title='bbox 3011 1103 3026 1130; x_wconf 95' lang='lat'><strong>,</strong></span> <span class='ocrx_word' id='word_1_186' title='bbox 3057 1062 3151 1118; x_wconf 86' lang='lat' dir='ltr'><strong>sed</strong></span> <span class='ocrx_word' id='word_1_187' title='bbox 3176 1063 3335 1118; x_wconf 88' lang='lat' dir='ltr'><strong>etiam</strong></span> <span class='ocrx_word' id='word_1_188' title='bbox 3363 1064 3669 1119; x_wconf 79' lang='lat' dir='ltr'><strong>sensualem</strong></span> <span class='ocrx_word' id='word_1_189' title='bbox 3701 1081 3831 1135; x_wconf 59' lang='lat' dir='ltr'><strong>ape-</strong></span> 
     </span>
    </p>
   </div>
   <div class='ocr_carea' id='block_1_27' title="bbox 2229 1151 3832 1225">
    <p class='ocr_par' dir='ltr' id='par_1_27' title="bbox 2229 1151 3832 1225">
     <span class='ocr_line' id='line_1_27' title="bbox 2229 1151 3832 1225; baseline 0.001 -17"><span class='ocrx_word' id='word_1_190' title='bbox 2229 1155 2486 1210; x_wconf 87' lang='lat' dir='ltr'><strong>rationem</strong></span> <span class='ocrx_word' id='word_1_191' title='bbox 2524 1155 3004 1225; x_wconf 87' lang='lat' dir='ltr'><strong>perceptionemque</strong></span> <span class='ocrx_word' id='word_1_192' title='bbox 3027 1153 3074 1186; x_wconf 82' lang='grc'><strong>¹³</strong></span> <span class='ocrx_word' id='word_1_193' title='bbox 3105 1153 3280 1209; x_wconf 80' lang='lat' dir='ltr'><strong>habet.</strong></span> <span class='ocrx_word' id='word_1_194' title='bbox 3323 1151 3570 1222; x_wconf 74' lang='lat' dir='ltr'><strong>Perfecta</strong></span> <span class='ocrx_word' id='word_1_195' title='bbox 3607 1171 3742 1209; x_wconf 68' lang='lat' dir='ltr'><strong>vero</strong></span> <span class='ocrx_word' id='word_1_196' title='bbox 3778 1156 3832 1210; x_wconf 74' lang='lat' dir='ltr'><strong>in</strong></span> 
     </span>
    </p>
   </div>
   <div class='ocr_carea' id='block_1_28' title="bbox 2228 1244 3835 1317">
    <p class='ocr_par' dir='ltr' id='par_1_28' title="bbox 2228 1244 3835 1317">
     <span class='ocr_line' id='line_1_28' title="bbox 2228 1244 3835 1317; baseline 0.001 -17"><span class='ocrx_word' id='word_1_197' title='bbox 2228 1261 2447 1317; x_wconf 89' lang='lat' dir='ltr'><strong>corpore</strong></span> <span class='ocrx_word' id='word_1_198' title='bbox 2475 1245 2580 1301; x_wconf 80' lang='lat' dir='ltr'><strong>vita</strong></span> <span class='ocrx_word' id='word_1_199' title='bbox 2615 1246 2674 1300; x_wconf 89' lang='lat' dir='ltr'><strong>in</strong></span> <span class='ocrx_word' id='word_1_200' title='bbox 2713 1244 3050 1311; x_wconf 84' lang='lat' dir='ltr'><strong>rationabili,</strong></span> <span class='ocrx_word' id='word_1_201' title='bbox 3090 1247 3328 1300; x_wconf 82' lang='lat' dir='ltr'><strong>humana</strong></span> <span class='ocrx_word' id='word_1_202' title='bbox 3365 1245 3516 1313; x_wconf 90' lang='lat' dir='ltr'><strong>dico,</strong></span> <span class='ocrx_word' id='word_1_203' title='bbox 3557 1246 3835 1316; x_wconf 69' lang='lat' dir='ltr'><strong>[armatur</strong></span> 
     </span>
    </p>
   </div>
   <div class='ocr_carea' id='block_1_29' title="bbox 2230 1337 3833 1405">
    <p class='ocr_par' dir='ltr' id='par_1_29' title="bbox 2230 1337 3833 1405">
     <span class='ocr_line' id='line_1_29' title="bbox 2230 1337 3833 1405; baseline 0.002 -14"><span class='ocrx_word' id='word_1_204' title='bbox 2230 1346 2457 1403; x_wconf 89' lang='lat' dir='ltr'><strong>natura,</strong></span> <span class='ocrx_word' id='word_1_205' title='bbox 2505 1347 2554 1392; x_wconf 90' lang='lat' dir='ltr'><strong>et</strong></span> <span class='ocrx_word' id='word_1_206' title='bbox 2604 1337 2856 1393; x_wconf 85' lang='lat' dir='ltr'><strong>nutritiva</strong></span> <span class='ocrx_word' id='word_1_207' title='bbox 2904 1346 3018 1405; x_wconf 90' lang='lat' dir='ltr'><strong>est,</strong></span> <span class='ocrx_word' id='word_1_208' title='bbox 3060 1346 3110 1392; x_wconf 86' lang='lat' dir='ltr'><strong>et</strong></span> <span class='ocrx_word' id='word_1_209' title='bbox 3149 1337 3444 1405; x_wconf 83' lang='lat' dir='ltr'><strong>sensualis&#39;,</strong></span> <span class='ocrx_word' id='word_1_210' title='bbox 3475 1349 3524 1394; x_wconf 86' lang='lat' dir='ltr'><strong>et</strong></span> <span class='ocrx_word' id='word_1_211' title='bbox 3561 1339 3833 1394; x_wconf 71' lang='lat' dir='ltr'><strong>rationein</strong></span> 
     </span>
    </p>
   </div>
   <div class='ocr_carea' id='block_1_30' title="bbox 2229 1429 3832 1502">
    <p class='ocr_par' dir='ltr' id='par_1_30' title="bbox 2229 1429 3832 1502">
     <span class='ocr_line' id='line_1_30' title="bbox 2229 1429 3832 1502; baseline 0.001 -17"><span class='ocrx_word' id='word_1_212' title='bbox 2229 1432 2534 1502; x_wconf 85' lang='lat' dir='ltr'><strong>participat,</strong></span> <span class='ocrx_word' id='word_1_213' title='bbox 2565 1440 2613 1485; x_wconf 90' lang='lat' dir='ltr'><strong>et</strong></span> <span class='ocrx_word' id='word_1_214' title='bbox 2640 1431 2816 1486; x_wconf 90' lang='lat' dir='ltr'><strong>animo</strong></span> <span class='ocrx_word' id='word_1_215' title='bbox 2845 1429 2888 1462; x_wconf 85' lang='grc'><strong>¹³</strong></span> <span class='ocrx_word' id='word_1_216' title='bbox 2911 1431 3196 1486; x_wconf 86' lang='lat' dir='ltr'><strong>ministrat.</strong></span> <span class='ocrx_word' id='word_1_217' title='bbox 3225 1431 3372 1488; x_wconf 86' lang='lat' dir='ltr'><strong>Idem</strong></span> <span class='ocrx_word' id='word_1_218' title='bbox 3402 1432 3455 1488; x_wconf 93' lang='lat' dir='ltr'><strong>in</strong></span> <span class='ocrx_word' id='word_1_219' title='bbox 3480 1431 3682 1488; x_wconf 87' lang='lat' dir='ltr'><strong>eodem</strong></span> <span class='ocrx_word' id='word_1_220' title='bbox 3715 1447 3832 1487; x_wconf 82' lang='lat' dir='ltr'><strong>ser-</strong></span> 
     </span>
    </p>
   </div>
   <div class='ocr_carea' id='block_1_31' title="bbox 2231 1522 3836 1596">
    <p class='ocr_par' dir='ltr' id='par_1_31' title="bbox 2231 1522 3836 1596">
     <span class='ocr_line' id='line_1_31' title="bbox 2231 1522 3836 1596; baseline -0.001 -18"><span class='ocrx_word' id='word_1_221' title='bbox 2231 1536 2424 1588; x_wconf 86' lang='lat' dir='ltr'><strong>mone,</strong></span> <span class='ocrx_word' id='word_1_222' title='bbox 2464 1522 2656 1593; x_wconf 90' lang='lat' dir='ltr'><strong>quinto</strong></span> <span class='ocrx_word' id='word_1_223' title='bbox 2692 1523 2904 1579; x_wconf 86' lang='lat' dir='ltr'><strong>decimo</strong></span> <span class='ocrx_word' id='word_1_224' title='bbox 2939 1523 3150 1594; x_wconf 89' lang='lat' dir='ltr'><strong>capite:</strong></span> <span class='ocrx_word' id='word_1_225' title='bbox 3195 1522 3358 1590; x_wconf 83' lang='lat' dir='ltr'><strong>Tres,</strong></span> <span class='ocrx_word' id='word_1_226' title='bbox 3400 1523 3605 1596; x_wconf 87' lang='lat' dir='ltr'><strong>inquit,</strong></span> <span class='ocrx_word' id='word_1_227' title='bbox 3649 1539 3836 1578; x_wconf 74' lang='lat' dir='ltr'><strong>secun-</strong></span> 
     </span>
    </p>
   </div>
   <div class='ocr_carea' id='block_1_32' title="bbox 2198 1613 3835 1685">
    <p class='ocr_par' dir='ltr' id='par_1_32' title="bbox 2198 1613 3835 1685">
     <span class='ocr_line' id='line_1_32' title="bbox 2198 1613 3835 1685; baseline 0 -16"><span class='ocrx_word' id='word_1_228' title='bbox 2198 1615 2359 1670; x_wconf 83' lang='lat' dir='ltr'><strong>-dum</strong></span> <span class='ocrx_word' id='word_1_229' title='bbox 2405 1614 2614 1670; x_wconf 82' lang='lat' dir='ltr'><strong>vitalem</strong></span> <span class='ocrx_word' id='word_1_230' title='bbox 2663 1615 2904 1670; x_wconf 81' lang='lat' dir='ltr'><strong>uirtutem</strong></span> <span class='ocrx_word' id='word_1_231' title='bbox 2955 1615 3284 1685; x_wconf 77' lang='lat' dir='ltr'><strong>di/ferentias</strong></span> <span class='ocrx_word' id='word_1_232' title='bbox 3335 1616 3472 1670; x_wconf 88' lang='lat' dir='ltr'><strong>ratio</strong></span> <span class='ocrx_word' id='word_1_233' title='bbox 3520 1616 3727 1670; x_wconf 74' lang='lat' dir='ltr'><strong>invenit</strong></span> <span class='ocrx_word' id='word_1_234' title='bbox 3749 1613 3835 1669; x_wconf 73' lang='grc' dir='ltr'><strong>⁸⁵ε</strong></span> 
     </span>
    </p>
   </div>
   <div class='ocr_carea' id='block_1_33' title="bbox 525 1698 3834 1779">
    <p class='ocr_par' dir='ltr' id='par_1_33' title="bbox 525 1698 3834 1779">
     <span class='ocr_line' id='line_1_33' title="bbox 525 1698 3834 1779; baseline 0.003 -24"><span class='ocrx_word' id='word_1_235' title='bbox 525 1708 583 1756; x_wconf 88' lang='lat' dir='ltr'><strong>et</strong></span> <span class='ocrx_word' id='word_1_236' title='bbox 611 1698 990 1756; x_wconf 81' lang='lat' dir='ltr'><strong>intellectualis</strong></span> <span class='ocrx_word' id='word_1_237' title='bbox 1020 1699 1042 1731; x_wconf 84' lang='grc'>⁸</span> <span class='ocrx_word' id='word_1_238' title='bbox 1073 1699 1178 1766; x_wconf 89' lang='lat' dir='ltr'><strong>sit,</strong></span> <span class='ocrx_word' id='word_1_239' title='bbox 1203 1699 1449 1770; x_wconf 85' lang='lat' dir='ltr'><strong>quamvis</strong></span> <span class='ocrx_word' id='word_1_240' title='bbox 1471 1700 1700 1756; x_wconf 88' lang='lat' dir='ltr'><strong>rationis</strong></span> <span class='ocrx_word' id='word_1_241' title='bbox 1737 1709 1791 1757; x_wconf 91' lang='lat' dir='ltr'><strong>et</strong></span> <span class='ocrx_word' id='word_1_242' title='bbox 1823 1701 2131 1757; x_wconf 88' lang='lat' dir='ltr'><strong>intellectus</strong></span> <span class='ocrx_word' id='word_1_243' title='bbox 2157 1700 2206 1762; x_wconf 89' lang='lat' dir='ltr'><strong>B</strong></span> <span class='ocrx_word' id='word_1_244' title='bbox 2233 1707 2459 1778; x_wconf 88' lang='lat' dir='ltr'><strong>primam</strong></span> <span class='ocrx_word' id='word_1_245' title='bbox 2479 1706 2689 1779; x_wconf 81' lang='lat' dir='ltr'><strong>quidem</strong></span> <span class='ocrx_word' id='word_1_246' title='bbox 2713 1706 3018 1761; x_wconf 82' lang='lat' dir='ltr'><strong>nutritivam</strong></span> <span class='ocrx_word' id='word_1_247' title='bbox 3034 1747 3048 1771; x_wconf 95' lang='lat'><strong>,</strong></span> <span class='ocrx_word' id='word_1_248' title='bbox 3074 1708 3188 1761; x_wconf 86' lang='lat' dir='ltr'><strong>sine</strong></span> <span class='ocrx_word' id='word_1_249' title='bbox 3207 1707 3695 1771; x_wconf 81' lang='lat' dir='ltr'><strong>sensu.secundam</strong></span> <span class='ocrx_word' id='word_1_250' title='bbox 3717 1721 3834 1763; x_wconf 76' lang='lat' dir='ltr'><strong>vero</strong></span> 
     </span>
    </p>
   </div>
   <div class='ocr_carea' id='block_1_34' title="bbox 524 1789 2126 1863">
    <p class='ocr_par' dir='ltr' id='par_1_34' title="bbox 524 1789 2126 1863">
     <span class='ocr_line' id='line_1_34' title="bbox 524 1789 2126 1863; baseline -0.001 -15"><span class='ocrx_word' id='word_1_251' title='bbox 524 1789 725 1848; x_wconf 88' lang='lat' dir='ltr'><strong>indicia</strong></span> <span class='ocrx_word' id='word_1_252' title='bbox 778 1791 833 1847; x_wconf 91' lang='lat' dir='ltr'><strong>in</strong></span> <span class='ocrx_word' id='word_1_253' title='bbox 875 1791 1184 1848; x_wconf 85' lang='lat' dir='ltr'><strong>recentibus</strong></span> <span class='ocrx_word' id='word_1_254' title='bbox 1214 1792 1391 1847; x_wconf 82' lang='lat' dir='ltr'><strong>adhuc</strong></span> <span class='ocrx_word' id='word_1_255' title='bbox 1420 1801 1476 1846; x_wconf 90' lang='lat' dir='ltr'><strong>et</strong></span> <span class='ocrx_word' id='word_1_256' title='bbox 1505 1791 1838 1863; x_wconf 80' lang='lat' dir='ltr'><strong>imperfectis</strong></span> <span class='ocrx_word' id='word_1_257' title='bbox 1881 1792 2126 1863; x_wconf 81' lang='lat' dir='ltr'><strong>corporis</strong></span> 
     </span>
    </p>
   </div>
   <div class='ocr_carea' id='block_1_35' title="bbox 525 1881 2127 1956">
    <p class='ocr_par' dir='ltr' id='par_1_35' title="bbox 525 1881 2127 1956">
     <span class='ocr_line' id='line_1_35' title="bbox 525 1881 2127 1956; baseline 0.001 -18"><span class='ocrx_word' id='word_1_258' title='bbox 525 1881 810 1956; x_wconf 86' lang='lat' dir='ltr'><strong>particulis</strong></span> <span class='ocrx_word' id='word_1_259' title='bbox 865 1897 974 1938; x_wconf 92' lang='lat' dir='ltr'><strong>non</strong></span> <span class='ocrx_word' id='word_1_260' title='bbox 1038 1883 1209 1954; x_wconf 88' lang='lat' dir='ltr'><strong>possit</strong></span> <span class='ocrx_word' id='word_1_261' title='bbox 1254 1882 1644 1940; x_wconf 81' lang='lat' dir='ltr'><strong>manifestare:</strong></span> <span class='ocrx_word' id='word_1_262' title='bbox 1694 1891 1898 1954; x_wconf 89' lang='lat' dir='ltr'><strong>quanto</strong></span> <span class='ocrx_word' id='word_1_263' title='bbox 1951 1883 2127 1956; x_wconf 82' lang='lat' dir='ltr'><strong>magis</strong></span> 
     </span>
    </p>
   </div>
   <div class='ocr_carea' id='block_1_36' title="bbox 523 1975 2128 2049">
    <p class='ocr_par' dir='ltr' id='par_1_36' title="bbox 523 1975 2128 2049">
     <span class='ocr_line' id='line_1_36' title="bbox 523 1975 2128 2049; baseline 0.002 -17"><span class='ocrx_word' id='word_1_264' title='bbox 523 1975 709 2032; x_wconf 72' lang='lat' dir='ltr'><strong>anima</strong></span> <span class='ocrx_word' id='word_1_265' title='bbox 737 1975 848 2044; x_wconf 86' lang='lat' dir='ltr'><strong>illa,</strong></span> <span class='ocrx_word' id='word_1_266' title='bbox 880 1976 1270 2049; x_wconf 79' lang='lat' dir='ltr'><strong>intelligentiae</strong></span> <span class='ocrx_word' id='word_1_267' title='bbox 1295 1978 1500 2034; x_wconf 91' lang='lat' dir='ltr'><strong>viribus</strong></span> <span class='ocrx_word' id='word_1_268' title='bbox 1523 1986 1578 2034; x_wconf 90' lang='lat' dir='ltr'><strong>et</strong></span> <span class='ocrx_word' id='word_1_269' title='bbox 1601 1978 1829 2036; x_wconf 90' lang='lat' dir='ltr'><strong>rationis</strong></span> <span class='ocrx_word' id='word_1_270' title='bbox 1853 1987 1910 2036; x_wconf 90' lang='lat' dir='ltr'><strong>et</strong></span> <span class='ocrx_word' id='word_1_271' title='bbox 1933 1995 2128 2036; x_wconf 87' lang='lat' dir='ltr'><strong>sensus</strong></span> 
     </span>
    </p>
   </div>
   <div class='ocr_carea' id='block_1_37' title="bbox 524 2067 2122 2136">
    <p class='ocr_par' dir='ltr' id='par_1_37' title="bbox 524 2067 2122 2136">
     <span class='ocr_line' id='line_1_37' title="bbox 524 2067 2122 2136; baseline 0.003 -12"><span class='ocrx_word' id='word_1_272' title='bbox 524 2067 845 2124; x_wconf 86' lang='lat' dir='ltr'><strong>naturaliter</strong></span> <span class='ocrx_word' id='word_1_273' title='bbox 875 2067 1133 2124; x_wconf 88' lang='lat' dir='ltr'><strong>destituta</strong></span> <span class='ocrx_word' id='word_1_274' title='bbox 1154 2109 1170 2136; x_wconf 97' lang='lat'><strong>,</strong></span> <span class='ocrx_word' id='word_1_275' title='bbox 1203 2084 1308 2125; x_wconf 92' lang='lat' dir='ltr'><strong>non</strong></span> <span class='ocrx_word' id='word_1_276' title='bbox 1343 2069 1615 2126; x_wconf 91' lang='lat' dir='ltr'><strong>immerito</strong></span> <span class='ocrx_word' id='word_1_277' title='bbox 1647 2071 1862 2127; x_wconf 90' lang='lat' dir='ltr'><strong>animae</strong></span> <span class='ocrx_word' id='word_1_278' title='bbox 1887 2072 2122 2128; x_wconf 82' lang='lat' dir='ltr'><strong>viventis</strong></span> 
     </span>
    </p>
   </div>
   <div class='ocr_carea' id='block_1_38' title="bbox 523 2156 2124 2233">
    <p class='ocr_par' dir='ltr' id='par_1_38' title="bbox 523 2156 2124 2233">
     <span class='ocr_line' id='line_1_38' title="bbox 523 2156 2124 2233; baseline 0.003 -19"><span class='ocrx_word' id='word_1_279' title='bbox 523 2156 790 2215; x_wconf 83' lang='lat' dir='ltr'><strong>vocabulo</strong></span> <span class='ocrx_word' id='word_1_280' title='bbox 819 2173 927 2213; x_wconf 89' lang='lat' dir='ltr'><strong>non</strong></span> <span class='ocrx_word' id='word_1_281' title='bbox 958 2158 1144 2215; x_wconf 90' lang='lat' dir='ltr'><strong>debuit</strong></span> <span class='ocrx_word' id='word_1_282' title='bbox 1189 2159 1244 2215; x_wconf 89' lang='lat' dir='ltr'><strong>in</strong></span> <span class='ocrx_word' id='word_1_283' title='bbox 1291 2160 1572 2233; x_wconf 89' lang='lat' dir='ltr'><strong>Scriptura</strong></span> <span class='ocrx_word' id='word_1_284' title='bbox 1609 2162 1940 2233; x_wconf 78' lang='lat' dir='ltr'><strong>significari?</strong></span> <span class='ocrx_word' id='word_1_285' title='bbox 1978 2165 2124 2220; x_wconf 86' lang='lat' dir='ltr'><strong>Dtsc.</strong></span> 
     </span>
    </p>
   </div>
   <div class='ocr_carea' id='block_1_39' title="bbox 526 2244 2126 2328">
    <p class='ocr_par' dir='ltr' id='par_1_39' title="bbox 526 2244 2126 2328">
     <span class='ocr_line' id='line_1_39' title="bbox 526 2244 2126 2328; baseline 0.003 -20"><span class='ocrx_word' id='word_1_286' title='bbox 526 2244 684 2308; x_wconf 79' lang='lat' dir='ltr'><strong>Hunc</strong></span> <span class='ocrx_word' id='word_1_287' title='bbox 721 2264 942 2305; x_wconf 88' lang='lat' dir='ltr'><strong>sensum</strong></span> <span class='ocrx_word' id='word_1_288' title='bbox 978 2251 1252 2322; x_wconf 88' lang='lat' dir='ltr'><strong>approbo,</strong></span> <span class='ocrx_word' id='word_1_289' title='bbox 1292 2260 1347 2307; x_wconf 92' lang='lat' dir='ltr'><strong>et</strong></span> <span class='ocrx_word' id='word_1_290' title='bbox 1388 2263 1612 2311; x_wconf 88' lang='lat' dir='ltr'><strong>naturae</strong></span> <span class='ocrx_word' id='word_1_291' title='bbox 1642 2270 1826 2310; x_wconf 90' lang='lat' dir='ltr'><strong>rerum</strong></span> <span class='ocrx_word' id='word_1_292' title='bbox 1847 2257 2126 2328; x_wconf 83' lang='lat' dir='ltr'><strong>propheti-</strong></span> 
     </span>
    </p>
   </div>
   <div class='ocr_carea' id='block_1_40' title="bbox 525 2343 2128 2418">
    <p class='ocr_par' dir='ltr' id='par_1_40' title="bbox 525 2343 2128 2418">
     <span class='ocr_line' id='line_1_40' title="bbox 525 2343 2128 2418; baseline 0.003 -19"><span class='ocrx_word' id='word_1_293' title='bbox 525 2343 716 2413; x_wconf 86' lang='lat' dir='ltr'><strong>cisque</strong></span> <span class='ocrx_word' id='word_1_294' title='bbox 741 2343 1086 2399; x_wconf 88' lang='lat' dir='ltr'><strong>sermonibus</strong></span> <span class='ocrx_word' id='word_1_295' title='bbox 1113 2345 1405 2402; x_wconf 91' lang='lat' dir='ltr'><strong>convenire</strong></span> <span class='ocrx_word' id='word_1_296' title='bbox 1433 2347 1723 2418; x_wconf 89' lang='lat' dir='ltr'><strong>perspicio.</strong></span> <span class='ocrx_word' id='word_1_297' title='bbox 1761 2348 2128 2404; x_wconf 83' lang='lat' dir='ltr'><strong>Veruntamen</strong></span> 
     </span>
    </p>
   </div>
   <div class='ocr_carea' id='block_1_41' title="bbox 526 2430 2130 2510">
    <p class='ocr_par' dir='ltr' id='par_1_41' title="bbox 526 2430 2130 2510">
     <span class='ocr_line' id='line_1_41' title="bbox 526 2430 2130 2510; baseline 0.004 -24"><span class='ocrx_word' id='word_1_298' title='bbox 526 2432 784 2504; x_wconf 90' lang='lat' dir='ltr'><strong>quoniam</strong></span> <span class='ocrx_word' id='word_1_299' title='bbox 839 2430 994 2506; x_wconf 89' lang='lat' dir='ltr'><strong>multi</strong></span> <span class='ocrx_word' id='word_1_300' title='bbox 1046 2442 1203 2500; x_wconf 88' lang='lat' dir='ltr'><strong>sunt,</strong></span> <span class='ocrx_word' id='word_1_301' title='bbox 1259 2435 1351 2506; x_wconf 85' lang='lat' dir='ltr'><strong>qui</strong></span> <span class='ocrx_word' id='word_1_302' title='bbox 1404 2435 1700 2493; x_wconf 83' lang='lat' dir='ltr'><strong>herbarum</strong></span> <span class='ocrx_word' id='word_1_303' title='bbox 1750 2437 2130 2510; x_wconf 85' lang='lat' dir='ltr'><strong>lignorumque</strong></span> 
     </span>
    </p>
   </div>
   <div class='ocr_carea' id='block_1_42' title="bbox 527 2521 2125 2592">
    <p class='ocr_par' dir='ltr' id='par_1_42' title="bbox 527 2521 2125 2592">
     <span class='ocr_line' id='line_1_42' title="bbox 527 2521 2125 2592; baseline 0.003 -14"><span class='ocrx_word' id='word_1_304' title='bbox 527 2533 816 2592; x_wconf 78' lang='lat' dir='ltr'><strong>corporeus</strong></span> <span class='ocrx_word' id='word_1_305' title='bbox 842 2521 1011 2578; x_wconf 90' lang='lat' dir='ltr'><strong>moles</strong></span> <span class='ocrx_word' id='word_1_306' title='bbox 1033 2523 1256 2579; x_wconf 90' lang='lat' dir='ltr'><strong>omnino</strong></span> <span class='ocrx_word' id='word_1_307' title='bbox 1302 2525 1521 2581; x_wconf 87' lang='lat' dir='ltr'><strong>vitalem</strong></span> <span class='ocrx_word' id='word_1_308' title='bbox 1552 2536 1759 2584; x_wconf 90' lang='lat' dir='ltr'><strong>motum</strong></span> <span class='ocrx_word' id='word_1_309' title='bbox 1787 2543 1894 2584; x_wconf 88' lang='lat' dir='ltr'><strong>non</strong></span> <span class='ocrx_word' id='word_1_310' title='bbox 1921 2528 2125 2584; x_wconf 89' lang='lat' dir='ltr'><strong>habere</strong></span> 
     </span>
    </p>
   </div>
   <div class='ocr_carea' id='block_1_43' title="bbox 528 2611 2129 2689">
    <p class='ocr_par' dir='ltr' id='par_1_43' title="bbox 528 2611 2129 2689">
     <span class='ocr_line' id='line_1_43' title="bbox 528 2611 2129 2689; baseline 0.005 -21"><span class='ocrx_word' id='word_1_311' title='bbox 528 2611 888 2679; x_wconf 83' lang='lat' dir='ltr'><strong>contendunt,</strong></span> <span class='ocrx_word' id='word_1_312' title='bbox 913 2613 1155 2670; x_wconf 86' lang='lat' dir='ltr'><strong>dicentes</strong></span> <span class='ocrx_word' id='word_1_313' title='bbox 1182 2615 1430 2684; x_wconf 85' lang='lat' dir='ltr'><strong>humore,</strong></span> <span class='ocrx_word' id='word_1_314' title='bbox 1460 2633 1567 2689; x_wconf 91' lang='lat' dir='ltr'><strong>quo</strong></span> <span class='ocrx_word' id='word_1_315' title='bbox 1587 2619 1885 2686; x_wconf 88' lang='lat' dir='ltr'><strong>virescunt,</strong></span> <span class='ocrx_word' id='word_1_316' title='bbox 1909 2629 1963 2676; x_wconf 90' lang='lat' dir='ltr'><strong>et</strong></span> <span class='ocrx_word' id='word_1_317' title='bbox 1983 2621 2129 2676; x_wconf 86' lang='lat' dir='ltr'><strong>nulla</strong></span> 
     </span>
    </p>
   </div>
   <div class='ocr_carea' id='block_1_44' title="bbox 526 2703 2128 2784">
    <p class='ocr_par' dir='ltr' id='par_1_44' title="bbox 526 2703 2128 2784">
     <span class='ocr_line' id='line_1_44' title="bbox 526 2703 2128 2784; baseline 0.004 -22"><span class='ocrx_word' id='word_1_318' title='bbox 526 2703 632 2762; x_wconf 80' lang='lat' dir='ltr'><strong>alia</strong></span> <span class='ocrx_word' id='word_1_319' title='bbox 658 2706 769 2761; x_wconf 89' lang='lat' dir='ltr'><strong>vita</strong></span> <span class='ocrx_word' id='word_1_320' title='bbox 800 2707 1062 2779; x_wconf 80' lang='lat' dir='ltr'><strong>vegetari,</strong></span> <span class='ocrx_word' id='word_1_321' title='bbox 1095 2716 1242 2765; x_wconf 80' lang='lat' dir='ltr'><strong>luant</strong></span> <span class='ocrx_word' id='word_1_322' title='bbox 1269 2710 1602 2782; x_wconf 88' lang='lat' dir='ltr'><strong>praedictam</strong></span> <span class='ocrx_word' id='word_1_323' title='bbox 1632 2713 1698 2767; x_wconf 90' lang='lat' dir='ltr'><strong>de</strong></span> <span class='ocrx_word' id='word_1_324' title='bbox 1724 2713 1827 2768; x_wconf 87' lang='lat' dir='ltr'><strong>hac</strong></span> <span class='ocrx_word' id='word_1_325' title='bbox 1859 2728 1916 2770; x_wconf 89' lang='lat' dir='ltr'><strong>re</strong></span> <span class='ocrx_word' id='word_1_326' title='bbox 1944 2714 2128 2784; x_wconf 86' lang='lat' dir='ltr'><strong>dispu-</strong></span> 
     </span>
    </p>
   </div>
   <div class='ocr_carea' id='block_1_45' title="bbox 528 2798 2126 2876">
    <p class='ocr_par' dir='ltr' id='par_1_45' title="bbox 528 2798 2126 2876">
     <span class='ocr_line' id='line_1_45' title="bbox 528 2798 2126 2876; baseline 0.006 -21"><span class='ocrx_word' id='word_1_327' title='bbox 528 2798 970 2871; x_wconf 78' lang='lat' dir='ltr'><strong>tatiattenLgravi</strong></span> <span class='ocrx_word' id='word_1_328' title='bbox 999 2802 1233 2872; x_wconf 88' lang='lat' dir='ltr'><strong>quadam</strong></span> <span class='ocrx_word' id='word_1_329' title='bbox 1275 2805 1600 2863; x_wconf 86' lang='lat' dir='ltr'><strong>auctoritate</strong></span> <span class='ocrx_word' id='word_1_330' title='bbox 1634 2805 1796 2864; x_wconf 86' lang='lat' dir='ltr'><strong>velim</strong></span> <span class='ocrx_word' id='word_1_331' title='bbox 1836 2808 2082 2865; x_wconf 88' lang='lat' dir='ltr'><strong>roborari</strong></span> <span class='ocrx_word' id='word_1_332' title='bbox 2110 2850 2126 2876; x_wconf 93' lang='lat'><strong>,</strong></span> 
     </span>
    </p>
   </div>
   <div class='ocr_carea' id='block_1_46' title="bbox 530 2894 2132 2970">
    <p class='ocr_par' dir='ltr' id='par_1_46' title="bbox 530 2894 2132 2970">
     <span class='ocr_line' id='line_1_46' title="bbox 530 2894 2132 2970; baseline 0.007 -26"><span class='ocrx_word' id='word_1_333' title='bbox 530 2905 672 2962; x_wconf 89' lang='lat' dir='ltr'><strong>quae</strong></span> <span class='ocrx_word' id='word_1_334' title='bbox 706 2901 894 2963; x_wconf 89' lang='lat' dir='ltr'><strong>aperte</strong></span> <span class='ocrx_word' id='word_1_335' title='bbox 926 2894 1334 2964; x_wconf 88' lang='lat' dir='ltr'><strong>pronuntiaret,</strong></span> <span class='ocrx_word' id='word_1_336' title='bbox 1367 2895 1567 2954; x_wconf 85' lang='lat' dir='ltr'><strong>herbas</strong></span> <span class='ocrx_word' id='word_1_337' title='bbox 1601 2898 1929 2970; x_wconf 88' lang='lat' dir='ltr'><strong>arboresque</strong></span> <span class='ocrx_word' id='word_1_338' title='bbox 1957 2899 2132 2970; x_wconf 90' lang='lat' dir='ltr'><strong>quali-</strong></span> 
     </span>
    </p>
   </div>
   <div class='ocr_carea' id='block_1_47' title="bbox 529 2985 2132 3057">
    <p class='ocr_par' dir='ltr' id='par_1_47' title="bbox 529 2985 2132 3057">
     <span class='ocr_line' id='line_1_47' title="bbox 529 2985 2132 3057; baseline 0.007 -18"><span class='ocrx_word' id='word_1_339' title='bbox 529 2997 762 3056; x_wconf 87' lang='lat' dir='ltr'><strong>cumque</strong></span> <span class='ocrx_word' id='word_1_340' title='bbox 806 2985 986 3057; x_wconf 86' lang='lat' dir='ltr'><strong>specie</strong></span> <span class='ocrx_word' id='word_1_341' title='bbox 1031 2987 1176 3043; x_wconf 90' lang='lat' dir='ltr'><strong>vitae</strong></span> <span class='ocrx_word' id='word_1_342' title='bbox 1228 2987 1250 3018; x_wconf 74' lang='grc'><strong>⁸</strong></span> <span class='ocrx_word' id='word_1_343' title='bbox 1293 2988 1683 3046; x_wconf 90' lang='lat' dir='ltr'><strong>administrari.</strong></span> <span class='ocrx_word' id='word_1_344' title='bbox 1721 2991 1861 3048; x_wconf 77' lang='lat' dir='ltr'><strong>MAG.</strong></span> <span class='ocrx_word' id='word_1_345' title='bbox 1908 2991 2025 3049; x_wconf 87' lang='lat' dir='ltr'><strong>Non</strong></span> <span class='ocrx_word' id='word_1_346' title='bbox 2078 3001 2132 3050; x_wconf 92' lang='lat' dir='ltr'><strong>te</strong></span> 
     </span>
    </p>
   </div>
   <div class='ocr_carea' id='block_1_48' title="bbox 530 3077 2130 3156">
    <p class='ocr_par' dir='ltr' id='par_1_48' title="bbox 530 3077 2130 3156">
     <span class='ocr_line' id='line_1_48' title="bbox 530 3077 2130 3156; baseline 0.005 -21"><span class='ocrx_word' id='word_1_347' title='bbox 530 3077 696 3148; x_wconf 85' lang='lat' dir='ltr'><strong>latet,</strong></span> <span class='ocrx_word' id='word_1_348' title='bbox 728 3086 788 3133; x_wconf 93' lang='lat' dir='ltr'><strong>ut</strong></span> <span class='ocrx_word' id='word_1_349' title='bbox 807 3079 1066 3148; x_wconf 90' lang='lat' dir='ltr'><strong>arbitror,</strong></span> <span class='ocrx_word' id='word_1_350' title='bbox 1096 3081 1339 3138; x_wconf 91' lang='lat' dir='ltr'><strong>omnium</strong></span> <span class='ocrx_word' id='word_1_351' title='bbox 1361 3083 1805 3156; x_wconf 82' lang='lat' dir='ltr'><strong>philosophorum</strong></span> <span class='ocrx_word' id='word_1_352' title='bbox 1833 3087 1900 3142; x_wconf 91' lang='lat' dir='ltr'><strong>de</strong></span> <span class='ocrx_word' id='word_1_353' title='bbox 1926 3087 2130 3143; x_wconf 90' lang='lat' dir='ltr'><strong>mundo</strong></span> 
     </span>
    </p>
   </div>
   <div class='ocr_carea' id='block_1_49' title="bbox 532 3172 2132 3245">
    <p class='ocr_par' dir='ltr' id='par_1_49' title="bbox 532 3172 2132 3245">
     <span class='ocr_line' id='line_1_49' title="bbox 532 3172 2132 3245; baseline 0.004 -16"><span class='ocrx_word' id='word_1_354' title='bbox 532 3172 923 3245; x_wconf 88' lang='lat' dir='ltr'><strong>disputantium</strong></span> <span class='ocrx_word' id='word_1_355' title='bbox 957 3173 1025 3228; x_wconf 89' lang='lat' dir='ltr'><strong>de</strong></span> <span class='ocrx_word' id='word_1_356' title='bbox 1065 3173 1167 3229; x_wconf 87' lang='lat' dir='ltr'><strong>hac</strong></span> <span class='ocrx_word' id='word_1_357' title='bbox 1205 3184 1360 3245; x_wconf 89' lang='lat' dir='ltr'><strong>parte</strong></span> <span class='ocrx_word' id='word_1_358' title='bbox 1404 3184 1633 3231; x_wconf 89' lang='lat' dir='ltr'><strong>naturae</strong></span> <span class='ocrx_word' id='word_1_359' title='bbox 1661 3179 1973 3235; x_wconf 88' lang='lat' dir='ltr'><strong>unanimem</strong></span> <span class='ocrx_word' id='word_1_360' title='bbox 2013 3194 2132 3236; x_wconf 91' lang='lat' dir='ltr'><strong>esse</strong></span> 
     </span>
    </p>
   </div>
   <div class='ocr_carea' id='block_1_50' title="bbox 531 3265 2131 3341">
    <p class='ocr_par' dir='ltr' id='par_1_50' title="bbox 531 3265 2131 3341">
     <span class='ocr_line' id='line_1_50' title="bbox 531 3265 2131 3341; baseline 0.003 -18"><span class='ocrx_word' id='word_1_361' title='bbox 531 3265 880 3323; x_wconf 88' lang='lat' dir='ltr'><strong>sententiam.</strong></span> <span class='ocrx_word' id='word_1_362' title='bbox 907 3265 1075 3322; x_wconf 87' lang='lat' dir='ltr'><strong>Aiunt</strong></span> <span class='ocrx_word' id='word_1_363' title='bbox 1105 3268 1249 3322; x_wconf 91' lang='lat' dir='ltr'><strong>enim</strong></span> <span class='ocrx_word' id='word_1_364' title='bbox 1268 3308 1281 3332; x_wconf 92' lang='lat'><strong>,</strong></span> <span class='ocrx_word' id='word_1_365' title='bbox 1310 3269 1491 3323; x_wconf 89' lang='lat' dir='ltr'><strong>omnia</strong></span> <span class='ocrx_word' id='word_1_366' title='bbox 1537 3284 1786 3341; x_wconf 88' lang='lat' dir='ltr'><strong>corpora,</strong></span> <span class='ocrx_word' id='word_1_367' title='bbox 1819 3286 1960 3341; x_wconf 88' lang='lat' dir='ltr'><strong>quae</strong></span> <span class='ocrx_word' id='word_1_368' title='bbox 1988 3273 2131 3328; x_wconf 89' lang='lat' dir='ltr'><strong>intra</strong></span> 
     </span>
    </p>
   </div>
   <div class='ocr_carea' id='block_1_51' title="bbox 531 3355 2133 3428">
    <p class='ocr_par' dir='ltr' id='par_1_51' title="bbox 531 3355 2133 3428">
     <span class='ocr_line' id='line_1_51' title="bbox 531 3355 2133 3428; baseline 0.004 -16"><span class='ocrx_word' id='word_1_369' title='bbox 531 3355 679 3412; x_wconf 84' lang='lat' dir='ltr'><strong>hunc</strong></span> <span class='ocrx_word' id='word_1_370' title='bbox 715 3357 975 3412; x_wconf 89' lang='lat' dir='ltr'><strong>mundum</strong></span> <span class='ocrx_word' id='word_1_371' title='bbox 1015 3357 1329 3414; x_wconf 86' lang='lat' dir='ltr'><strong>sensibilem</strong></span> <span class='ocrx_word' id='word_1_372' title='bbox 1373 3360 1740 3428; x_wconf 88' lang='lat' dir='ltr'><strong>continentur,</strong></span> <span class='ocrx_word' id='word_1_373' title='bbox 1784 3363 1930 3418; x_wconf 85' lang='lat' dir='ltr'><strong>vitali</strong></span> <span class='ocrx_word' id='word_1_374' title='bbox 1979 3373 2133 3419; x_wconf 89' lang='lat' dir='ltr'><strong>motu</strong></span> 
     </span>
    </p>
   </div>
   <div class='ocr_carea' id='block_1_52' title="bbox 533 3445 2134 3514">
    <p class='ocr_par' dir='ltr' id='par_1_52' title="bbox 533 3445 2134 3514">
     <span class='ocr_line' id='line_1_52' title="bbox 533 3445 2134 3514; baseline 0.004 -12"><span class='ocrx_word' id='word_1_375' title='bbox 533 3445 822 3512; x_wconf 87' lang='lat' dir='ltr'><strong>contineri,</strong></span> <span class='ocrx_word' id='word_1_376' title='bbox 856 3446 972 3502; x_wconf 91' lang='lat' dir='ltr'><strong>sive</strong></span> <span class='ocrx_word' id='word_1_377' title='bbox 998 3447 1054 3501; x_wconf 91' lang='lat' dir='ltr'><strong>in</strong></span> <span class='ocrx_word' id='word_1_378' title='bbox 1085 3454 1228 3503; x_wconf 89' lang='lat' dir='ltr'><strong>statu</strong></span> <span class='ocrx_word' id='word_1_379' title='bbox 1254 3448 1392 3514; x_wconf 91' lang='lat' dir='ltr'><strong>sint,</strong></span> <span class='ocrx_word' id='word_1_380' title='bbox 1421 3450 1534 3505; x_wconf 89' lang='lat' dir='ltr'><strong>sive</strong></span> <span class='ocrx_word' id='word_1_381' title='bbox 1555 3451 1609 3506; x_wconf 92' lang='lat' dir='ltr'><strong>in</strong></span> <span class='ocrx_word' id='word_1_382' title='bbox 1638 3459 1806 3508; x_wconf 91' lang='lat' dir='ltr'><strong>motu.</strong></span> <span class='ocrx_word' id='word_1_383' title='bbox 1833 3453 1981 3510; x_wconf 84' lang='lat' dir='ltr'><strong>DISC.</strong></span> <span class='ocrx_word' id='word_1_384' title='bbox 2005 3453 2134 3510; x_wconf 87' lang='lat' dir='ltr'><strong>Om-</strong></span> 
     </span>
    </p>
   </div>
   <div class='ocr_carea' id='block_1_53' title="bbox 532 3535 2134 3614">
    <p class='ocr_par' dir='ltr' id='par_1_53' title="bbox 532 3535 2134 3614">
     <span class='ocr_line' id='line_1_53' title="bbox 532 3535 2134 3614; baseline 0.004 -20"><span class='ocrx_word' id='word_1_385' title='bbox 532 3535 696 3594; x_wconf 88' lang='lat' dir='ltr'><strong>nibus</strong></span> <span class='ocrx_word' id='word_1_386' title='bbox 718 3535 1223 3608; x_wconf 79' lang='lat' dir='ltr'><strong>pltilosopltantibus</strong></span> <span class='ocrx_word' id='word_1_387' title='bbox 1272 3553 1338 3594; x_wconf 90' lang='lat' dir='ltr'><strong>ac</strong></span> <span class='ocrx_word' id='word_1_388' title='bbox 1381 3539 1402 3572; x_wconf 83' lang='grc'><strong><em>³</em></strong></span> <span class='ocrx_word' id='word_1_389' title='bbox 1441 3539 1792 3613; x_wconf 84' lang='lat' dir='ltr'><strong>philosophos</strong></span> <span class='ocrx_word' id='word_1_390' title='bbox 1831 3542 2134 3614; x_wconf 82' lang='lat' dir='ltr'><strong>legentibus</strong></span> 
     </span>
    </p>
   </div>
   <div class='ocr_carea' id='block_1_54' title="bbox 533 3627 2134 3704">
    <p class='ocr_par' dir='ltr' id='par_1_54' title="bbox 533 3627 2134 3704">
     <span class='ocr_line' id='line_1_54' title="bbox 533 3627 2134 3704; baseline 0.006 -19"><span class='ocrx_word' id='word_1_391' title='bbox 533 3627 664 3685; x_wconf 90' lang='lat' dir='ltr'><strong>illud</strong></span> <span class='ocrx_word' id='word_1_392' title='bbox 703 3627 1044 3684; x_wconf 91' lang='lat' dir='ltr'><strong>notissimum</strong></span> <span class='ocrx_word' id='word_1_393' title='bbox 1083 3637 1187 3686; x_wconf 88' lang='lat' dir='ltr'><strong>est.</strong></span> <span class='ocrx_word' id='word_1_394' title='bbox 1240 3629 1374 3686; x_wconf 88' lang='lat' dir='ltr'><strong>Nam</strong></span> <span class='ocrx_word' id='word_1_395' title='bbox 1420 3641 1476 3688; x_wconf 90' lang='lat' dir='ltr'><strong>et</strong></span> <span class='ocrx_word' id='word_1_396' title='bbox 1511 3632 1664 3689; x_wconf 89' lang='lat' dir='ltr'><strong>Plato</strong></span> <span class='ocrx_word' id='word_1_397' title='bbox 1703 3634 1756 3689; x_wconf 91' lang='lat' dir='ltr'><strong>in</strong></span> <span class='ocrx_word' id='word_1_398' title='bbox 1797 3633 2042 3704; x_wconf 77' lang='lat' dir='ltr'><strong>Timaeo,</strong></span> <span class='ocrx_word' id='word_1_399' title='bbox 2077 3645 2134 3695; x_wconf 85' lang='lat' dir='ltr'><strong>et</strong></span> 
     </span>
    </p>
   </div>
   <div class='ocr_carea' id='block_1_55' title="bbox 531 3722 2134 3794">
    <p class='ocr_par' dir='ltr' id='par_1_55' title="bbox 531 3722 2134 3794">
     <span class='ocr_line' id='line_1_55' title="bbox 531 3722 2134 3794; baseline 0.006 -14"><span class='ocrx_word' id='word_1_400' title='bbox 531 3722 741 3780; x_wconf 89' lang='lat' dir='ltr'><strong>Plinius</strong></span> <span class='ocrx_word' id='word_1_401' title='bbox 771 3724 1038 3780; x_wconf 85' lang='lat' dir='ltr'><strong>secundus</strong></span> <span class='ocrx_word' id='word_1_402' title='bbox 1063 3724 1114 3779; x_wconf 91' lang='lat' dir='ltr'><strong>in</strong></span> <span class='ocrx_word' id='word_1_403' title='bbox 1131 3722 1377 3780; x_wconf 88' lang='lat' dir='ltr'><strong>Naturali</strong></span> <span class='ocrx_word' id='word_1_404' title='bbox 1404 3724 1666 3794; x_wconf 82' lang='lat' dir='ltr'><strong>Historia,</strong></span> <span class='ocrx_word' id='word_1_405' title='bbox 1693 3729 2134 3790; x_wconf 79' lang='lat' dir='ltr'><strong>manifestissime</strong></span> 
     </span>
    </p>
   </div>
   <div class='ocr_carea' id='block_1_56' title="bbox 533 3808 2134 3887">
    <p class='ocr_par' dir='ltr' id='par_1_56' title="bbox 533 3808 2134 3887">
     <span class='ocr_line' id='line_1_56' title="bbox 533 3808 2134 3887; baseline 0.005 -17"><span class='ocrx_word' id='word_1_406' title='bbox 533 3812 698 3870; x_wconf 87' lang='lat' dir='ltr'><strong>dehis</strong></span> <span class='ocrx_word' id='word_1_407' title='bbox 719 3828 817 3870; x_wconf 93' lang='lat' dir='ltr'><strong>nos</strong></span> <span class='ocrx_word' id='word_1_408' title='bbox 835 3813 1081 3870; x_wconf 89' lang='lat' dir='ltr'><strong>edocent.</strong></span> <span class='ocrx_word' id='word_1_409' title='bbox 1097 3813 1238 3870; x_wconf 78' lang='lat' dir='ltr'><strong>MAG.</strong></span> <span class='ocrx_word' id='word_1_410' title='bbox 1259 3813 1315 3870; x_wconf 91' lang='lat' dir='ltr'><strong>Si</strong></span> <span class='ocrx_word' id='word_1_411' title='bbox 1353 3816 1535 3887; x_wconf 88' lang='lat' dir='ltr'><strong>itaque</strong></span> <span class='ocrx_word' id='word_1_412' title='bbox 1573 3827 1882 3875; x_wconf 89' lang='lat' dir='ltr'><strong>sanctorum</strong></span> <span class='ocrx_word' id='word_1_413' title='bbox 1909 3808 2134 3877; x_wconf 82' lang='lat' dir='ltr'><strong>Patrum</strong></span> 
     </span>
    </p>
   </div>
   <div class='ocr_carea' id='block_1_57' title="bbox 536 3899 2134 3977">
    <p class='ocr_par' dir='ltr' id='par_1_57' title="bbox 536 3899 2134 3977">
     <span class='ocr_line' id='line_1_57' title="bbox 536 3899 2134 3977; baseline 0.006 -19"><span class='ocrx_word' id='word_1_414' title='bbox 536 3899 848 3958; x_wconf 76' lang='lat' dir='ltr'><strong>testimbnia</strong></span> <span class='ocrx_word' id='word_1_415' title='bbox 875 3904 1120 3973; x_wconf 90' lang='lat' dir='ltr'><strong>quaeris,</strong></span> <span class='ocrx_word' id='word_1_416' title='bbox 1139 3905 1264 3960; x_wconf 92' lang='lat' dir='ltr'><strong>audi</strong></span> <span class='ocrx_word' id='word_1_417' title='bbox 1287 3905 1681 3962; x_wconf 91' lang='lat' dir='ltr'><strong>nobilissimum</strong></span> <span class='ocrx_word' id='word_1_418' title='bbox 1695 3908 1976 3977; x_wconf 88' lang='lat' dir='ltr'><strong>Basilium,</strong></span> <span class='ocrx_word' id='word_1_419' title='bbox 2001 3911 2134 3967; x_wconf 83' lang='lat' dir='ltr'><strong>Cae-</strong></span> 
     </span>
    </p>
   </div>
   <div class='ocr_carea' id='block_1_58' title="bbox 531 3996 2133 4075">
    <p class='ocr_par' dir='ltr' id='par_1_58' title="bbox 531 3996 2133 4075">
     <span class='ocr_line' id='line_1_58' title="bbox 531 3996 2133 4075; baseline 0.004 -21"><span class='ocrx_word' id='word_1_420' title='bbox 531 4011 728 4054; x_wconf 83' lang='lat' dir='ltr'><strong>sareae</strong></span> <span class='ocrx_word' id='word_1_421' title='bbox 755 3996 1131 4070; x_wconf 88' lang='lat' dir='ltr'><strong>Cappadociae</strong></span> <span class='ocrx_word' id='word_1_422' title='bbox 1168 3999 1498 4068; x_wconf 88' lang='lat' dir='ltr'><strong>antistitem,</strong></span> <span class='ocrx_word' id='word_1_423' title='bbox 1539 4003 1593 4058; x_wconf 92' lang='lat' dir='ltr'><strong>in</strong></span> <span class='ocrx_word' id='word_1_424' title='bbox 1639 4004 1867 4075; x_wconf 91' lang='lat' dir='ltr'><strong>septima</strong></span> <span class='ocrx_word' id='word_1_425' title='bbox 1907 4005 2133 4060; x_wconf 76' lang='lat' dir='ltr'><strong>ltomilia</strong></span> 
     </span>
    </p>
   </div>
   <div class='ocr_carea' id='block_1_59' title="bbox 534 4089 2136 4167">
    <p class='ocr_par' dir='ltr' id='par_1_59' title="bbox 534 4089 2136 4167">
     <span class='ocr_line' id='line_1_59' title="bbox 534 4089 2136 4167; baseline 0.003 -20"><span class='ocrx_word' id='word_1_426' title='bbox 534 4091 590 4147; x_wconf 90' lang='lat' dir='ltr'><strong>in</strong></span> <span class='ocrx_word' id='word_1_427' title='bbox 605 4089 840 4148; x_wconf 87' lang='lat' dir='ltr'><strong>Genesin</strong></span> <span class='ocrx_word' id='word_1_428' title='bbox 870 4109 882 4147; x_wconf 88' lang='lat'><strong>:</strong></span> <span class='ocrx_word' id='word_1_429' title='bbox 912 4089 1158 4148; x_wconf 86' lang='lat' dir='ltr'><strong>Educant</strong></span> <span class='ocrx_word' id='word_1_430' title='bbox 1180 4109 1368 4164; x_wconf 86' lang='lat' dir='ltr'><strong>aquae,</strong></span> <span class='ocrx_word' id='word_1_431' title='bbox 1395 4094 1590 4165; x_wconf 87' lang='lat' dir='ltr'><strong>inquit,</strong></span> <span class='ocrx_word' id='word_1_432' title='bbox 1613 4095 1818 4167; x_wconf 85' lang='lat' dir='ltr'><strong>reptilia</strong></span> <span class='ocrx_word' id='word_1_433' title='bbox 1835 4098 2136 4153; x_wconf 87' lang='lat' dir='ltr'><strong>animarum</strong></span> 
     </span>
    </p>
   </div>
   <div class='ocr_carea' id='block_1_60' title="bbox 532 4182 2131 4254">
    <p class='ocr_par' dir='ltr' id='par_1_60' title="bbox 532 4182 2131 4254">
     <span class='ocr_line' id='line_1_60' title="bbox 532 4182 2131 4254; baseline 0.004 -16"><span class='ocrx_word' id='word_1_434' title='bbox 532 4182 790 4238; x_wconf 73' lang='lat' dir='ltr'><strong>vivarum.</strong></span> <span class='ocrx_word' id='word_1_435' title='bbox 834 4182 994 4237; x_wconf 87' lang='lat' dir='ltr'><strong>Nunc</strong></span> <span class='ocrx_word' id='word_1_436' title='bbox 1035 4185 1262 4254; x_wconf 80' lang='lat' dir='ltr'><strong>primunt</strong></span> <span class='ocrx_word' id='word_1_437' title='bbox 1307 4187 1600 4241; x_wconf 89' lang='lat' dir='ltr'><strong>animatum</strong></span> <span class='ocrx_word' id='word_1_438' title='bbox 1651 4187 1853 4243; x_wconf 90' lang='lat' dir='ltr'><strong>animal</strong></span> <span class='ocrx_word' id='word_1_439' title='bbox 1897 4199 2131 4244; x_wconf 84' lang='lat' dir='ltr'><strong>creatur.</strong></span> 
     </span>
    </p>
   </div>
   <div class='ocr_carea' id='block_1_61' title="bbox 535 4270 2132 4352">
    <p class='ocr_par' dir='ltr' id='par_1_61' title="bbox 535 4270 2132 4352">
     <span class='ocr_line' id='line_1_61' title="bbox 535 4270 2132 4352; baseline 0.004 -24"><span class='ocrx_word' id='word_1_440' title='bbox 535 4270 784 4330; x_wconf 80' lang='lat' dir='ltr'><strong>Germiita</strong></span> <span class='ocrx_word' id='word_1_441' title='bbox 813 4276 950 4330; x_wconf 89' lang='lat' dir='ltr'><strong>enim</strong></span> <span class='ocrx_word' id='word_1_442' title='bbox 984 4283 1034 4330; x_wconf 89' lang='lat' dir='ltr'><strong>et</strong></span> <span class='ocrx_word' id='word_1_443' title='bbox 1063 4276 1298 4343; x_wconf 86' lang='lat' dir='ltr'><strong>arbores,</strong></span> <span class='ocrx_word' id='word_1_444' title='bbox 1330 4278 1428 4332; x_wconf 86' lang='lat' dir='ltr'><strong>etsi</strong></span> <span class='ocrx_word' id='word_1_445' title='bbox 1454 4279 1620 4334; x_wconf 87' lang='lat' dir='ltr'><strong>vivere</strong></span> <span class='ocrx_word' id='word_1_446' title='bbox 1643 4279 1892 4334; x_wconf 85' lang='lat' dir='ltr'><strong>dicantur</strong></span> <span class='ocrx_word' id='word_1_447' title='bbox 1915 4289 2132 4352; x_wconf 82' lang='lat' dir='ltr'><strong>propter</strong></span> 
     </span>
    </p>
   </div>
   <div class='ocr_carea' id='block_1_62' title="bbox 459 4365 2135 4440">
    <p class='ocr_par' dir='ltr' id='par_1_62' title="bbox 459 4365 2135 4440">
     <span class='ocr_line' id='line_1_62' title="bbox 459 4365 2135 4440; baseline 0.006 -21"><span class='ocrx_word' id='word_1_448' title='bbox 459 4399 462 4402; x_wconf 63' lang='grc' dir='ltr'><strong><em>η</em></strong></span> <span class='ocrx_word' id='word_1_449' title='bbox 534 4365 994 4437; x_wconf 87' lang='lat' dir='ltr'><strong>participationem</strong></span> <span class='ocrx_word' id='word_1_450' title='bbox 1045 4368 1326 4422; x_wconf 85' lang='lat' dir='ltr'><strong>nutritivae</strong></span> <span class='ocrx_word' id='word_1_451' title='bbox 1363 4379 1410 4423; x_wconf 91' lang='lat' dir='ltr'><strong>et</strong></span> <span class='ocrx_word' id='word_1_452' title='bbox 1450 4371 1687 4426; x_wconf 84' lang='lat' dir='ltr'><strong>auctiuae</strong></span> <span class='ocrx_word' id='word_1_453' title='bbox 1714 4367 1736 4403; x_wconf 78' lang='grc'><em>⁸</em></span> <span class='ocrx_word' id='word_1_454' title='bbox 1777 4373 2013 4440; x_wconf 82' lang='lat' dir='ltr'><strong>virtutis,</strong></span> <span class='ocrx_word' id='word_1_455' title='bbox 2052 4385 2135 4430; x_wconf 87' lang='lat' dir='ltr'><strong>ast</strong></span> 
     </span>
    </p>
   </div>
   <div class='ocr_carea' id='block_1_63' title="bbox 535 4459 2132 4540">
    <p class='ocr_par' dir='ltr' id='par_1_63' title="bbox 535 4459 2132 4540">
     <span class='ocr_line' id='line_1_63' title="bbox 535 4459 2132 4540; baseline 0.006 -25"><span class='ocrx_word' id='word_1_456' title='bbox 535 4473 644 4515; x_wconf 79' lang='lat' dir='ltr'><strong>non</strong></span> <span class='ocrx_word' id='word_1_457' title='bbox 682 4459 844 4513; x_wconf 89' lang='lat' dir='ltr'><strong>etiam</strong></span> <span class='ocrx_word' id='word_1_458' title='bbox 882 4459 1174 4526; x_wconf 86' lang='lat' dir='ltr'><strong>animalia,</strong></span> <span class='ocrx_word' id='word_1_459' title='bbox 1216 4477 1378 4531; x_wconf 89' lang='lat' dir='ltr'><strong>neque</strong></span> <span class='ocrx_word' id='word_1_460' title='bbox 1430 4465 1667 4519; x_wconf 87' lang='lat' dir='ltr'><strong>animata</strong></span> <span class='ocrx_word' id='word_1_461' title='bbox 1733 4476 1874 4521; x_wconf 87' lang='lat' dir='ltr'><strong>sunt.</strong></span> <span class='ocrx_word' id='word_1_462' title='bbox 1925 4467 2132 4540; x_wconf 82' lang='lat' dir='ltr'><strong>Grego-</strong></span> 
     </span>
    </p>
   </div>
   <div class='ocr_carea' id='block_1_64' title="bbox 537 4549 2136 4622">
    <p class='ocr_par' dir='ltr' id='par_1_64' title="bbox 537 4549 2136 4622">
     <span class='ocr_line' id='line_1_64' title="bbox 537 4549 2136 4622; baseline 0.007 -16"><span class='ocrx_word' id='word_1_463' title='bbox 537 4551 652 4606; x_wconf 84' lang='lat' dir='ltr'><strong>rius</strong></span> <span class='ocrx_word' id='word_1_464' title='bbox 684 4550 813 4605; x_wconf 89' lang='lat' dir='ltr'><strong>item</strong></span> <span class='ocrx_word' id='word_1_465' title='bbox 849 4549 1123 4622; x_wconf 86' lang='lat' dir='ltr'><strong>Nyssaeus</strong></span> <span class='ocrx_word' id='word_1_466' title='bbox 1148 4551 1192 4617; x_wconf 81' lang='grc'><strong>⁷,</strong></span> <span class='ocrx_word' id='word_1_467' title='bbox 1223 4553 1314 4622; x_wconf 85' lang='lat' dir='ltr'><strong>qui</strong></span> <span class='ocrx_word' id='word_1_468' title='bbox 1359 4553 1522 4610; x_wconf 89' lang='lat' dir='ltr'><strong>etiam</strong></span> <span class='ocrx_word' id='word_1_469' title='bbox 1563 4554 1937 4615; x_wconf 78' lang='lat' dir='ltr'><strong>Nazianzenus</strong></span> <span class='ocrx_word' id='word_1_470' title='bbox 1976 4575 2136 4617; x_wconf 89' lang='lat' dir='ltr'><strong>voca-</strong></span> 
     </span>
    </p>
   </div>
   <div class='ocr_carea' id='block_1_65' title="bbox 535 4641 2138 4718">
    <p class='ocr_par' dir='ltr' id='par_1_65' title="bbox 535 4641 2138 4718">
     <span class='ocr_line' id='line_1_65' title="bbox 535 4641 2138 4718; baseline 0.007 -19"><span class='ocrx_word' id='word_1_471' title='bbox 535 4651 627 4700; x_wconf 90' lang='lat' dir='ltr'><strong>tur</strong></span> <span class='ocrx_word' id='word_1_472' title='bbox 645 4655 696 4709; x_wconf 83' lang='grc' dir='ltr'><strong>ι,</strong></span> <span class='ocrx_word' id='word_1_473' title='bbox 719 4641 982 4714; x_wconf 88' lang='lat' dir='ltr'><strong>praedicti</strong></span> <span class='ocrx_word' id='word_1_474' title='bbox 1001 4642 1182 4701; x_wconf 88' lang='lat' dir='ltr'><strong>Basilii</strong></span> <span class='ocrx_word' id='word_1_475' title='bbox 1203 4661 1494 4716; x_wconf 82' lang='lat' dir='ltr'><strong>germanus</strong></span> <span class='ocrx_word' id='word_1_476' title='bbox 1513 4647 1706 4718; x_wconf 89' lang='lat' dir='ltr'><strong>frater,</strong></span> <span class='ocrx_word' id='word_1_477' title='bbox 1725 4651 1780 4707; x_wconf 93' lang='lat' dir='ltr'><strong>in</strong></span> <span class='ocrx_word' id='word_1_478' title='bbox 1801 4667 2053 4710; x_wconf 89' lang='lat' dir='ltr'><strong>sermone</strong></span> <span class='ocrx_word' id='word_1_479' title='bbox 2070 4655 2138 4711; x_wconf 91' lang='lat' dir='ltr'><strong>de</strong></span> 
     </span>
    </p>
   </div>
   <div class='ocr_carea' id='block_1_66' title="bbox 535 4736 2139 4814">
    <p class='ocr_par' dir='ltr' id='par_1_66' title="bbox 535 4736 2139 4814">
     <span class='ocr_line' id='line_1_66' title="bbox 535 4736 2139 4814; baseline 0.007 -22"><span class='ocrx_word' id='word_1_480' title='bbox 535 4736 774 4807; x_wconf 89' lang='lat' dir='ltr'><strong>lmagine</strong></span> <span class='ocrx_word' id='word_1_481' title='bbox 800 4737 978 4807; x_wconf 89' lang='lat' dir='ltr'><strong>capite</strong></span> <span class='ocrx_word' id='word_1_482' title='bbox 1003 4746 1196 4794; x_wconf 91' lang='lat' dir='ltr'><strong>octavo</strong></span> <span class='ocrx_word' id='word_1_483' title='bbox 1225 4757 1238 4793; x_wconf 93' lang='lat'><strong>:</strong></span> <span class='ocrx_word' id='word_1_484' title='bbox 1271 4739 1448 4807; x_wconf 89' lang='lat' dir='ltr'><strong>Docet,</strong></span> <span class='ocrx_word' id='word_1_485' title='bbox 1481 4743 1696 4814; x_wconf 90' lang='lat' dir='ltr'><strong>inquit,</strong></span> <span class='ocrx_word' id='word_1_486' title='bbox 1728 4746 1864 4802; x_wconf 87' lang='lat' dir='ltr'><strong>ratio</strong></span> <span class='ocrx_word' id='word_1_487' title='bbox 1892 4749 1946 4802; x_wconf 86' lang='lat' dir='ltr'><strong>in</strong></span> <span class='ocrx_word' id='word_1_488' title='bbox 1970 4748 2139 4804; x_wconf 86' lang='lat' dir='ltr'><strong>tribus</strong></span> 
     </span>
    </p>
   </div>
   <div class='ocr_carea' id='block_1_67' title="bbox 537 4827 2134 4907">
    <p class='ocr_par' dir='ltr' id='par_1_67' title="bbox 537 4827 2134 4907">
     <span class='ocr_line' id='line_1_67' title="bbox 537 4827 2134 4907; baseline 0.01 -27"><span class='ocrx_word' id='word_1_489' title='bbox 537 4827 848 4898; x_wconf 75' lang='lat' dir='ltr'><strong>differentiis</strong></span> <span class='ocrx_word' id='word_1_490' title='bbox 872 4829 1082 4884; x_wconf 88' lang='lat' dir='ltr'><strong>vitalem</strong></span> <span class='ocrx_word' id='word_1_491' title='bbox 1110 4831 1495 4907; x_wconf 89' lang='lat' dir='ltr'><strong>animalemque</strong></span> <span class='ocrx_word' id='word_1_492' title='bbox 1521 4837 1766 4894; x_wconf 82' lang='lat' dir='ltr'><strong>virtutem</strong></span> <span class='ocrx_word' id='word_1_493' title='bbox 1787 4839 2134 4896; x_wconf 87' lang='lat' dir='ltr'><strong>considerari.</strong></span> 
     </span>
    </p>
   </div>
   <div class='ocr_carea' id='block_1_68' title="bbox 540 4913 2140 4988">
    <p class='ocr_par' dir='ltr' id='par_1_68' title="bbox 540 4913 2140 4988">
     <span class='ocr_line' id='line_1_68' title="bbox 540 4913 2140 4988; baseline 0.009 -17"><span class='ocrx_word' id='word_1_494' title='bbox 540 4913 660 4971; x_wconf 88' lang='lat' dir='ltr'><strong>Una</strong></span> <span class='ocrx_word' id='word_1_495' title='bbox 691 4918 831 4972; x_wconf 87' lang='lat' dir='ltr'><strong>enim</strong></span> <span class='ocrx_word' id='word_1_496' title='bbox 857 4918 1118 4988; x_wconf 87' lang='lat' dir='ltr'><strong>quaedam</strong></span> <span class='ocrx_word' id='word_1_497' title='bbox 1157 4930 1267 4986; x_wconf 89' lang='lat' dir='ltr'><strong>est,</strong></span> <span class='ocrx_word' id='word_1_498' title='bbox 1304 4935 1440 4988; x_wconf 89' lang='lat' dir='ltr'><strong>quae</strong></span> <span class='ocrx_word' id='word_1_499' title='bbox 1479 4927 1810 4983; x_wconf 83' lang='lat' dir='ltr'><strong>solummodo</strong></span> <span class='ocrx_word' id='word_1_500' title='bbox 1848 4930 2140 4984; x_wconf 85' lang='lat' dir='ltr'><strong>incremen-</strong></span> 
     </span>
    </p>
   </div>
   <div class='ocr_carea' id='block_1_69' title="bbox 538 5010 2136 5090">
    <p class='ocr_par' dir='ltr' id='par_1_69' title="bbox 538 5010 2136 5090">
     <span class='ocr_line' id='line_1_69' title="bbox 538 5010 2136 5090; baseline 0.006 -23"><span class='ocrx_word' id='word_1_501' title='bbox 538 5018 650 5067; x_wconf 90' lang='lat' dir='ltr'><strong>tum</strong></span> <span class='ocrx_word' id='word_1_502' title='bbox 680 5010 772 5066; x_wconf 90' lang='lat' dir='ltr'><strong>dat</strong></span> <span class='ocrx_word' id='word_1_503' title='bbox 799 5020 849 5067; x_wconf 89' lang='lat' dir='ltr'><strong>et</strong></span> <span class='ocrx_word' id='word_1_504' title='bbox 879 5011 1044 5068; x_wconf 87' lang='lat' dir='ltr'><strong>nutrit</strong></span> <span class='ocrx_word' id='word_1_505' title='bbox 1070 5027 1091 5078; x_wconf 86' lang='lat'><strong><em>;</em></strong></span> <span class='ocrx_word' id='word_1_506' title='bbox 1118 5022 1166 5068; x_wconf 91' lang='lat' dir='ltr'><strong>et</strong></span> <span class='ocrx_word' id='word_1_507' title='bbox 1211 5024 1428 5070; x_wconf 84' lang='lat' dir='ltr'><strong>vocatur</strong></span> <span class='ocrx_word' id='word_1_508' title='bbox 1455 5019 1664 5074; x_wconf 82' lang='lat' dir='ltr'><strong>auctiua</strong></span> <span class='ocrx_word' id='word_1_509' title='bbox 1693 5019 1716 5054; x_wconf 82' lang='grc'>⁸</span> <span class='ocrx_word' id='word_1_510' title='bbox 1740 5029 1789 5075; x_wconf 88' lang='lat' dir='ltr'><strong>et</strong></span> <span class='ocrx_word' id='word_1_511' title='bbox 1822 5021 2102 5077; x_wconf 87' lang='lat' dir='ltr'><strong>nutritoria</strong></span> <span class='ocrx_word' id='word_1_512' title='bbox 2121 5061 2136 5090; x_wconf 96' lang='lat'><strong>,</strong></span> 
     </span>
    </p>
   </div>
   <div class='ocr_carea' id='block_1_70' title="bbox 2228 1798 3834 1869">
    <p class='ocr_par' dir='ltr' id='par_1_70' title="bbox 2228 1798 3834 1869">
     <span class='ocr_line' id='line_1_70' title="bbox 2228 1798 3834 1869; baseline -0.002 -13"><span class='ocrx_word' id='word_1_513' title='bbox 2228 1800 2534 1856; x_wconf 86' lang='lat' dir='ltr'><strong>nutritivam</strong></span> <span class='ocrx_word' id='word_1_514' title='bbox 2569 1798 2779 1869; x_wconf 86' lang='lat' dir='ltr'><strong>quidem</strong></span> <span class='ocrx_word' id='word_1_515' title='bbox 2818 1807 2866 1852; x_wconf 89' lang='lat' dir='ltr'><strong>et</strong></span> <span class='ocrx_word' id='word_1_516' title='bbox 2906 1798 3243 1864; x_wconf 85' lang='lat' dir='ltr'><strong>sensitivam,</strong></span> <span class='ocrx_word' id='word_1_517' title='bbox 3281 1808 3545 1868; x_wconf 73' lang='lat' dir='ltr'><strong>expertem</strong></span> <span class='ocrx_word' id='word_1_518' title='bbox 3585 1814 3717 1852; x_wconf 74' lang='lat' dir='ltr'><strong>vero</strong></span> <span class='ocrx_word' id='word_1_519' title='bbox 3757 1814 3834 1853; x_wconf 76' lang='lat' dir='ltr'><strong>ra-</strong></span> 
     </span>
    </p>
   </div>
   <div class='ocr_carea' id='block_1_71' title="bbox 2227 1890 3835 1964">
    <p class='ocr_par' dir='ltr' id='par_1_71' title="bbox 2227 1890 3835 1964">
     <span class='ocr_line' id='line_1_71' title="bbox 2227 1890 3835 1964; baseline -0.002 -16"><span class='ocrx_word' id='word_1_520' title='bbox 2227 1891 2444 1949; x_wconf 89' lang='lat' dir='ltr'><strong>tionalis</strong></span> <span class='ocrx_word' id='word_1_521' title='bbox 2471 1892 2791 1964; x_wconf 86' lang='lat' dir='ltr'><strong>operationis</strong></span> <span class='ocrx_word' id='word_1_522' title='bbox 2812 1931 2827 1957; x_wconf 91' lang='lat'><strong>,</strong></span> <span class='ocrx_word' id='word_1_523' title='bbox 2851 1891 2975 1946; x_wconf 89' lang='lat' dir='ltr'><strong>item</strong></span> <span class='ocrx_word' id='word_1_524' title='bbox 3006 1893 3215 1946; x_wconf 87' lang='lat' dir='ltr'><strong>tertiam</strong></span> <span class='ocrx_word' id='word_1_525' title='bbox 3246 1890 3616 1946; x_wconf 85' lang='lat' dir='ltr'><strong>rationabilem</strong></span> <span class='ocrx_word' id='word_1_526' title='bbox 3652 1901 3703 1946; x_wconf 86' lang='lat' dir='ltr'><strong>et</strong></span> <span class='ocrx_word' id='word_1_527' title='bbox 3729 1909 3835 1963; x_wconf 79' lang='lat' dir='ltr'><strong>per-</strong></span> 
     </span>
    </p>
   </div>
   <div class='ocr_carea' id='block_1_72' title="bbox 2228 1981 3834 2054">
    <p class='ocr_par' dir='ltr' id='par_1_72' title="bbox 2228 1981 3834 2054">
     <span class='ocr_line' id='line_1_72' title="bbox 2228 1981 3834 2054; baseline 0 -16"><span class='ocrx_word' id='word_1_528' title='bbox 2228 1983 2419 2054; x_wconf 74' lang='lat' dir='ltr'><strong>{ectam</strong></span> <span class='ocrx_word' id='word_1_529' title='bbox 2444 2023 2460 2049; x_wconf 96' lang='lat'><strong>,</strong></span> <span class='ocrx_word' id='word_1_530' title='bbox 2485 1997 2790 2052; x_wconf 88' lang='lat' dir='ltr'><strong>omnemque</strong></span> <span class='ocrx_word' id='word_1_531' title='bbox 2819 1981 3058 2036; x_wconf 78' lang='lat' dir='ltr'><strong>uirtutem</strong></span> <span class='ocrx_word' id='word_1_532' title='bbox 3086 1989 3467 2053; x_wconf 87' lang='lat' dir='ltr'><strong>penetrantem.</strong></span> <span class='ocrx_word' id='word_1_533' title='bbox 3493 1981 3834 2053; x_wconf 75' lang='lat' dir='ltr'><strong>Augustinm</strong></span> 
     </span>
    </p>
   </div>
   <div class='ocr_carea' id='block_1_73' title="bbox 2229 2070 3831 2144">
    <p class='ocr_par' dir='ltr' id='par_1_73' title="bbox 2229 2070 3831 2144">
     <span class='ocr_line' id='line_1_73' title="bbox 2229 2070 3831 2144; baseline -0.002 -11"><span class='ocrx_word' id='word_1_534' title='bbox 2229 2076 2284 2133; x_wconf 89' lang='lat' dir='ltr'><strong>in</strong></span> <span class='ocrx_word' id='word_1_535' title='bbox 2322 2076 2460 2131; x_wconf 91' lang='lat' dir='ltr'><strong>libro</strong></span> <span class='ocrx_word' id='word_1_536' title='bbox 2495 2075 2564 2130; x_wconf 93' lang='lat' dir='ltr'><strong>de</strong></span> <span class='ocrx_word' id='word_1_537' title='bbox 2597 2089 2729 2131; x_wconf 89' lang='lat' dir='ltr'><strong>vera</strong></span> <span class='ocrx_word' id='word_1_538' title='bbox 2766 2073 3090 2143; x_wconf 80' lang='lat' dir='ltr'><strong>Religione:</strong></span> <span class='ocrx_word' id='word_1_539' title='bbox 3135 2070 3261 2128; x_wconf 88' lang='lat' dir='ltr'><strong>Non</strong></span> <span class='ocrx_word' id='word_1_540' title='bbox 3290 2073 3359 2128; x_wconf 83' lang='lat' dir='ltr'><strong>sit</strong></span> <span class='ocrx_word' id='word_1_541' title='bbox 3398 2073 3579 2135; x_wconf 85' lang='lat' dir='ltr'><strong>nobis,</strong></span> <span class='ocrx_word' id='word_1_542' title='bbox 3623 2073 3831 2144; x_wconf 89' lang='lat' dir='ltr'><strong>inquit,</strong></span> 
     </span>
    </p>
   </div>
   <div class='ocr_carea' id='block_1_74' title="bbox 2230 2161 3834 2240">
    <p class='ocr_par' dir='ltr' id='par_1_74' title="bbox 2230 2161 3834 2240">
     <span class='ocr_line' id='line_1_74' title="bbox 2230 2161 3834 2240; baseline -0.004 -17"><span class='ocrx_word' id='word_1_543' title='bbox 2230 2168 2414 2240; x_wconf 89' lang='lat' dir='ltr'><strong>religio</strong></span> <span class='ocrx_word' id='word_1_544' title='bbox 2462 2167 2634 2223; x_wconf 88' lang='lat' dir='ltr'><strong>cultus</strong></span> <span class='ocrx_word' id='word_1_545' title='bbox 2670 2165 2815 2222; x_wconf 89' lang='lat' dir='ltr'><strong>illius</strong></span> <span class='ocrx_word' id='word_1_546' title='bbox 2857 2165 3027 2231; x_wconf 85' lang='lat' dir='ltr'><strong>vitae,</strong></span> <span class='ocrx_word' id='word_1_547' title='bbox 3064 2181 3171 2235; x_wconf 89' lang='lat' dir='ltr'><strong>qua</strong></span> <span class='ocrx_word' id='word_1_548' title='bbox 3207 2163 3462 2216; x_wconf 88' lang='lat' dir='ltr'><strong>dicuntur</strong></span> <span class='ocrx_word' id='word_1_549' title='bbox 3497 2162 3722 2216; x_wconf 83' lang='lat' dir='ltr'><strong>arbores</strong></span> <span class='ocrx_word' id='word_1_550' title='bbox 3768 2161 3834 2217; x_wconf 74' lang='lat' dir='ltr'><strong>ri-</strong></span> 
     </span>
    </p>
   </div>
   <div class='ocr_carea' id='block_1_75' title="bbox 2230 2248 3833 2330">
    <p class='ocr_par' dir='ltr' id='par_1_75' title="bbox 2230 2248 3833 2330">
     <span class='ocr_line' id='line_1_75' title="bbox 2230 2248 3833 2330; baseline -0.008 -14"><span class='ocrx_word' id='word_1_551' title='bbox 2230 2276 2376 2326; x_wconf 77' lang='lat' dir='ltr'><strong>uere,</strong></span> <span class='ocrx_word' id='word_1_552' title='bbox 2406 2260 2656 2330; x_wconf 89' lang='lat' dir='ltr'><strong>quoniam</strong></span> <span class='ocrx_word' id='word_1_553' title='bbox 2687 2254 2864 2312; x_wconf 87' lang='lat' dir='ltr'><strong>nullus</strong></span> <span class='ocrx_word' id='word_1_554' title='bbox 2897 2270 3080 2310; x_wconf 88' lang='lat' dir='ltr'><strong>sensus</strong></span> <span class='ocrx_word' id='word_1_555' title='bbox 3111 2253 3167 2307; x_wconf 90' lang='lat' dir='ltr'><strong>in</strong></span> <span class='ocrx_word' id='word_1_556' title='bbox 3203 2251 3298 2306; x_wconf 89' lang='lat' dir='ltr'><strong>illa</strong></span> <span class='ocrx_word' id='word_1_557' title='bbox 3326 2261 3423 2306; x_wconf 86' lang='lat' dir='ltr'><strong>est.</strong></span> <span class='ocrx_word' id='word_1_558' title='bbox 3459 2248 3531 2303; x_wconf 85' lang='lat' dir='ltr'><strong>Et</strong></span> <span class='ocrx_word' id='word_1_559' title='bbox 3562 2267 3628 2305; x_wconf 69' lang='lat' dir='ltr'><strong>ex</strong></span> <span class='ocrx_word' id='word_1_560' title='bbox 3659 2266 3722 2304; x_wconf 91' lang='lat' dir='ltr'><strong>eo</strong></span> <span class='ocrx_word' id='word_1_561' title='bbox 3750 2267 3833 2322; x_wconf 87' lang='lat' dir='ltr'><strong>ge-</strong></span> 
     </span>
    </p>
   </div>
   <div class='ocr_carea' id='block_1_76' title="bbox 2233 2344 3833 2421">
    <p class='ocr_par' dir='ltr' id='par_1_76' title="bbox 2233 2344 3833 2421">
     <span class='ocr_line' id='line_1_76' title="bbox 2233 2344 3833 2421; baseline -0.007 -15"><span class='ocrx_word' id='word_1_562' title='bbox 2233 2369 2353 2408; x_wconf 86' lang='lat' dir='ltr'><strong>nere</strong></span> <span class='ocrx_word' id='word_1_563' title='bbox 2379 2361 2456 2407; x_wconf 88' lang='lat' dir='ltr'><strong>est</strong></span> <span class='ocrx_word' id='word_1_564' title='bbox 2486 2351 2589 2405; x_wconf 87' lang='lat' dir='ltr'><strong>ista</strong></span> <span class='ocrx_word' id='word_1_565' title='bbox 2609 2391 2624 2416; x_wconf 96' lang='lat'><strong>,</strong></span> <span class='ocrx_word' id='word_1_566' title='bbox 2649 2367 2758 2421; x_wconf 91' lang='lat' dir='ltr'><strong>qua</strong></span> <span class='ocrx_word' id='word_1_567' title='bbox 2791 2347 2960 2403; x_wconf 91' lang='lat' dir='ltr'><strong>nostri</strong></span> <span class='ocrx_word' id='word_1_568' title='bbox 2986 2345 3222 2417; x_wconf 90' lang='lat' dir='ltr'><strong>corporis</strong></span> <span class='ocrx_word' id='word_1_569' title='bbox 3252 2344 3611 2400; x_wconf 87' lang='lat' dir='ltr'><strong>numerositas</strong></span> <span class='ocrx_word' id='word_1_570' title='bbox 3641 2345 3833 2416; x_wconf 73' lang='lat' dir='ltr'><strong>agitur,</strong></span> 
     </span>
    </p>
   </div>
   <div class='ocr_carea' id='block_1_77' title="bbox 2229 2434 3838 2522">
    <p class='ocr_par' dir='ltr' id='par_1_77' title="bbox 2229 2434 3838 2522">
     <span class='ocr_line' id='line_1_77' title="bbox 2229 2434 3838 2522; baseline -0.007 -17"><span class='ocrx_word' id='word_1_571' title='bbox 2229 2467 2333 2522; x_wconf 88' lang='lat' dir='ltr'><strong>qua</strong></span> <span class='ocrx_word' id='word_1_572' title='bbox 2361 2450 2519 2504; x_wconf 90' lang='lat' dir='ltr'><strong>etiam</strong></span> <span class='ocrx_word' id='word_1_573' title='bbox 2546 2434 2725 2518; x_wconf 83' lang='lat' dir='ltr'><strong>capilli</strong></span> <span class='ocrx_word' id='word_1_574' title='bbox 2752 2453 2797 2500; x_wconf 89' lang='lat' dir='ltr'><strong>et</strong></span> <span class='ocrx_word' id='word_1_575' title='bbox 2824 2461 2942 2501; x_wconf 87' lang='lat' dir='ltr'><strong>ossa</strong></span> <span class='ocrx_word' id='word_1_576' title='bbox 2968 2444 3142 2498; x_wconf 82' lang='lat' dir='ltr'><strong>uiuunt</strong></span> <span class='ocrx_word' id='word_1_577' title='bbox 3160 2482 3174 2506; x_wconf 97' lang='lat'><strong>,</strong></span> <span class='ocrx_word' id='word_1_578' title='bbox 3202 2455 3338 2512; x_wconf 91' lang='lat' dir='ltr'><strong>quae</strong></span> <span class='ocrx_word' id='word_1_579' title='bbox 3362 2441 3476 2494; x_wconf 86' lang='lat' dir='ltr'><strong>sine</strong></span> <span class='ocrx_word' id='word_1_580' title='bbox 3505 2455 3672 2494; x_wconf 76' lang='lat' dir='ltr'><strong>sensu</strong></span> <span class='ocrx_word' id='word_1_581' title='bbox 3698 2456 3838 2510; x_wconf 84' lang='lat' dir='ltr'><strong>prae-</strong></span> 
     </span>
    </p>
   </div>
   <div class='ocr_carea' id='block_1_78' title="bbox 2232 2531 3827 2598">
    <p class='ocr_par' dir='ltr' id='par_1_78' title="bbox 2232 2531 3827 2598">
     <span class='ocr_line' id='line_1_78' title="bbox 2232 2531 3827 2598; baseline -0.008 -2"><span class='ocrx_word' id='word_1_582' title='bbox 2232 2542 2496 2596; x_wconf 84' lang='lat' dir='ltr'><strong>cidunlur.</strong></span> <span class='ocrx_word' id='word_1_583' title='bbox 2525 2538 2643 2593; x_wconf 82' lang='lat' dir='ltr'><strong>Hac</strong></span> <span class='ocrx_word' id='word_1_584' title='bbox 2666 2547 2841 2592; x_wconf 92' lang='lat' dir='ltr'><strong>autem</strong></span> <span class='ocrx_word' id='word_1_585' title='bbox 2862 2535 3049 2591; x_wconf 88' lang='lat' dir='ltr'><strong>melior</strong></span> <span class='ocrx_word' id='word_1_586' title='bbox 3071 2544 3145 2589; x_wconf 89' lang='lat' dir='ltr'><strong>est</strong></span> <span class='ocrx_word' id='word_1_587' title='bbox 3169 2534 3279 2588; x_wconf 80' lang='lat' dir='ltr'><strong>vita</strong></span> <span class='ocrx_word' id='word_1_588' title='bbox 3307 2531 3562 2598; x_wconf 87' lang='lat' dir='ltr'><strong>sentiens,</strong></span> <span class='ocrx_word' id='word_1_589' title='bbox 3589 2541 3639 2586; x_wconf 91' lang='lat' dir='ltr'><strong>et</strong></span> <span class='ocrx_word' id='word_1_590' title='bbox 3659 2541 3827 2585; x_wconf 75' lang='lat' dir='ltr'><strong>tamen</strong></span> 
     </span>
    </p>
   </div>
   <div class='ocr_carea' id='block_1_79' title="bbox 2233 2621 3836 2690">
    <p class='ocr_par' dir='ltr' id='par_1_79' title="bbox 2233 2621 3836 2690">
     <span class='ocr_line' id='line_1_79' title="bbox 2233 2621 3836 2690; baseline -0.009 0"><span class='ocrx_word' id='word_1_591' title='bbox 2233 2637 2393 2690; x_wconf 79' lang='lat' dir='ltr'><strong>vitam</strong></span> <span class='ocrx_word' id='word_1_592' title='bbox 2430 2634 2718 2688; x_wconf 84' lang='lat' dir='ltr'><strong>bestiarum</strong></span> <span class='ocrx_word' id='word_1_593' title='bbox 2755 2628 2926 2685; x_wconf 87' lang='lat' dir='ltr'><strong>colere</strong></span> <span class='ocrx_word' id='word_1_594' title='bbox 2963 2643 3070 2682; x_wconf 89' lang='lat' dir='ltr'><strong>non</strong></span> <span class='ocrx_word' id='word_1_595' title='bbox 3105 2625 3372 2680; x_wconf 87' lang='lat' dir='ltr'><strong>debemus.</strong></span> <span class='ocrx_word' id='word_1_596' title='bbox 3412 2621 3544 2678; x_wconf 88' lang='lat' dir='ltr'><strong>Non</strong></span> <span class='ocrx_word' id='word_1_597' title='bbox 3586 2623 3656 2678; x_wconf 85' lang='lat' dir='ltr'><strong>sit</strong></span> <span class='ocrx_word' id='word_1_598' title='bbox 3698 2621 3836 2676; x_wconf 81' lang='lat' dir='ltr'><strong>nobis</strong></span> 
     </span>
    </p>
   </div>
   <div class='ocr_carea' id='block_1_80' title="bbox 2233 2711 3832 2795">
    <p class='ocr_par' dir='ltr' id='par_1_80' title="bbox 2233 2711 3832 2795">
     <span class='ocr_line' id='line_1_80' title="bbox 2233 2711 3832 2795; baseline -0.008 -17"><span class='ocrx_word' id='word_1_599' title='bbox 2233 2723 2414 2795; x_wconf 85' lang='lat' dir='ltr'><strong>religio</strong></span> <span class='ocrx_word' id='word_1_600' title='bbox 2456 2722 2535 2777; x_wconf 86' lang='lat' dir='ltr'><strong>vel</strong></span> <span class='ocrx_word' id='word_1_601' title='bbox 2573 2722 2687 2792; x_wconf 88' lang='lat' dir='ltr'><strong>ipsa</strong></span> <span class='ocrx_word' id='word_1_602' title='bbox 2725 2719 2956 2790; x_wconf 79' lang='lat' dir='ltr'><strong>perfecta</strong></span> <span class='ocrx_word' id='word_1_603' title='bbox 2991 2726 3039 2772; x_wconf 91' lang='lat' dir='ltr'><strong>et</strong></span> <span class='ocrx_word' id='word_1_604' title='bbox 3078 2717 3286 2792; x_wconf 86' lang='lat' dir='ltr'><strong>sapiens</strong></span> <span class='ocrx_word' id='word_1_605' title='bbox 3315 2713 3497 2768; x_wconf 89' lang='lat' dir='ltr'><strong>anima</strong></span> <span class='ocrx_word' id='word_1_606' title='bbox 3525 2711 3832 2778; x_wconf 85' lang='lat' dir='ltr'><strong>rationalis,</strong></span> 
     </span>
    </p>
   </div>
   <div class='ocr_carea' id='block_1_81' title="bbox 2233 2801 3833 2878">
    <p class='ocr_par' dir='ltr' id='par_1_81' title="bbox 2233 2801 3833 2878">
     <span class='ocr_line' id='line_1_81' title="bbox 2233 2801 3833 2878; baseline -0.009 -10"><span class='ocrx_word' id='word_1_607' title='bbox 2233 2814 2338 2868; x_wconf 86' lang='lat' dir='ltr'><strong>sive</strong></span> <span class='ocrx_word' id='word_1_608' title='bbox 2366 2813 2423 2866; x_wconf 90' lang='lat' dir='ltr'><strong>in</strong></span> <span class='ocrx_word' id='word_1_609' title='bbox 2452 2810 2744 2866; x_wconf 89' lang='lat' dir='ltr'><strong>ministerio</strong></span> <span class='ocrx_word' id='word_1_610' title='bbox 2769 2807 3003 2878; x_wconf 89' lang='lat' dir='ltr'><strong>partium</strong></span> <span class='ocrx_word' id='word_1_611' title='bbox 3030 2803 3262 2861; x_wconf 87' lang='lat' dir='ltr'><strong>stabilita</strong></span> <span class='ocrx_word' id='word_1_612' title='bbox 3281 2803 3430 2874; x_wconf 27' lang='lat' dir='ltr'><strong>“sire</strong></span> <span class='ocrx_word' id='word_1_613' title='bbox 3454 2803 3510 2856; x_wconf 92' lang='lat' dir='ltr'><strong>in</strong></span> <span class='ocrx_word' id='word_1_614' title='bbox 3542 2801 3833 2858; x_wconf 82' lang='lat' dir='ltr'><strong>ministerio</strong></span> 
     </span>
    </p>
   </div>
   <div class='ocr_carea' id='block_1_82' title="bbox 2234 2891 3833 2964">
    <p class='ocr_par' dir='ltr' id='par_1_82' title="bbox 2234 2891 3833 2964">
     <span class='ocr_line' id='line_1_82' title="bbox 2234 2891 3833 2964; baseline -0.007 -8"><span class='ocrx_word' id='word_1_615' title='bbox 2234 2902 2608 2957; x_wconf 86' lang='lat' dir='ltr'><strong>universitatis.</strong></span> <span class='ocrx_word' id='word_1_616' title='bbox 2650 2899 2719 2954; x_wconf 90' lang='lat' dir='ltr'><strong>Et</strong></span> <span class='ocrx_word' id='word_1_617' title='bbox 2755 2898 2893 2953; x_wconf 91' lang='lat' dir='ltr'><strong>haec</strong></span> <span class='ocrx_word' id='word_1_618' title='bbox 2937 2893 3246 2951; x_wconf 89' lang='lat' dir='ltr'><strong>testimonia</strong></span> <span class='ocrx_word' id='word_1_619' title='bbox 3281 2891 3697 2964; x_wconf 87' lang='lat' dir='ltr'><strong>praedictorum</strong></span> <span class='ocrx_word' id='word_1_620' title='bbox 3737 2891 3833 2947; x_wconf 85' lang='lat' dir='ltr'><strong>Pa-</strong></span> 
     </span>
    </p>
   </div>
   <div class='ocr_carea' id='block_1_83' title="bbox 2237 2981 3836 3058">
    <p class='ocr_par' dir='ltr' id='par_1_83' title="bbox 2237 2981 3836 3058">
     <span class='ocr_line' id='line_1_83' title="bbox 2237 2981 3836 3058; baseline -0.009 -8"><span class='ocrx_word' id='word_1_621' title='bbox 2237 3004 2378 3050; x_wconf 89' lang='lat' dir='ltr'><strong>trum</strong></span> <span class='ocrx_word' id='word_1_622' title='bbox 2412 2994 2480 3049; x_wconf 88' lang='lat' dir='ltr'><strong>ad</strong></span> <span class='ocrx_word' id='word_1_623' title='bbox 2513 3007 2576 3048; x_wconf 91' lang='lat' dir='ltr'><strong>ea</strong></span> <span class='ocrx_word' id='word_1_624' title='bbox 2606 2989 2944 3055; x_wconf 87' lang='lat' dir='ltr'><strong>roboranda,</strong></span> <span class='ocrx_word' id='word_1_625' title='bbox 2973 3003 3114 3058; x_wconf 91' lang='lat' dir='ltr'><strong>quae</strong></span> <span class='ocrx_word' id='word_1_626' title='bbox 3144 2984 3410 3048; x_wconf 76' lang='lat' dir='ltr'><strong>diximus,</strong></span> <span class='ocrx_word' id='word_1_627' title='bbox 3443 2981 3753 3048; x_wconf 69' lang='lat' dir='ltr'><strong>sufﬁciunt,</strong></span> <span class='ocrx_word' id='word_1_628' title='bbox 3778 2989 3836 3036; x_wconf 87' lang='lat' dir='ltr'><strong>ut</strong></span> 
     </span>
    </p>
   </div>
   <div class='ocr_carea' id='block_1_84' title="bbox 2155 3063 3834 3156">
    <p class='ocr_par' dir='ltr' id='par_1_84' title="bbox 2155 3063 3834 3156">
     <span class='ocr_line' id='line_1_84' title="bbox 2155 3063 3834 3156; baseline -0.008 -15"><span class='ocrx_word' id='word_1_629' title='bbox 2155 3063 2202 3130; x_wconf 73' lang='grc' dir='ltr'>ο</span> <span class='ocrx_word' id='word_1_630' title='bbox 2233 3086 2448 3156; x_wconf 88' lang='lat' dir='ltr'><strong>opinor.</strong></span> <span class='ocrx_word' id='word_1_631' title='bbox 2475 3083 2621 3138; x_wconf 85' lang='lat' dir='ltr'><strong>Dtsc.</strong></span> <span class='ocrx_word' id='word_1_632' title='bbox 2646 3079 2932 3136; x_wconf 80' lang='lat' dir='ltr'><strong>Suﬂiciunt</strong></span> <span class='ocrx_word' id='word_1_633' title='bbox 2950 3076 3169 3149; x_wconf 89' lang='lat' dir='ltr'><strong>quidem</strong></span> <span class='ocrx_word' id='word_1_634' title='bbox 3185 3114 3201 3142; x_wconf 87' lang='lat'><strong>,</strong></span> <span class='ocrx_word' id='word_1_635' title='bbox 3225 3090 3281 3131; x_wconf 86' lang='lat' dir='ltr'><strong>et</strong></span> <span class='ocrx_word' id='word_1_636' title='bbox 3302 3074 3371 3129; x_wconf 89' lang='lat' dir='ltr'><strong>ad</strong></span> <span class='ocrx_word' id='word_1_637' title='bbox 3401 3073 3508 3128; x_wconf 88' lang='lat' dir='ltr'><strong>alia</strong></span> <span class='ocrx_word' id='word_1_638' title='bbox 3542 3082 3834 3129; x_wconf 79' lang='lat' dir='ltr'><strong>transeun-</strong></span> 
     </span>
    </p>
   </div>
   <div class='ocr_carea' id='block_1_85' title="bbox 2177 3167 3837 3246">
    <p class='ocr_par' dir='ltr' id='par_1_85' title="bbox 2177 3167 3837 3246">
     <span class='ocr_line' id='line_1_85' title="bbox 2177 3167 3837 3246; baseline -0.007 -11"><span class='ocrx_word' id='word_1_639' title='bbox 2177 3185 2182 3188; x_wconf 85' lang='grc'><em>’</em></span> <span class='ocrx_word' id='word_1_640' title='bbox 2236 3180 2384 3236; x_wconf 87' lang='lat' dir='ltr'><strong>dum.</strong></span> <span class='ocrx_word' id='word_1_641' title='bbox 2415 3176 2485 3232; x_wconf 86' lang='lat' dir='ltr'><strong>M.</strong></span> <span class='ocrx_word' id='word_1_642' title='bbox 2516 3174 2651 3231; x_wconf 86' lang='lat' dir='ltr'><strong>Vide</strong></span> <span class='ocrx_word' id='word_1_643' title='bbox 2678 3175 2863 3246; x_wconf 88' lang='lat' dir='ltr'><strong>itaque</strong></span> <span class='ocrx_word' id='word_1_644' title='bbox 2882 3214 2898 3241; x_wconf 93' lang='lat'><strong>,</strong></span> <span class='ocrx_word' id='word_1_645' title='bbox 2929 3187 3093 3243; x_wconf 87' lang='lat' dir='ltr'><strong>quam</strong></span> <span class='ocrx_word' id='word_1_646' title='bbox 3124 3169 3384 3240; x_wconf 87' lang='lat' dir='ltr'><strong>pulchrae</strong></span> <span class='ocrx_word' id='word_1_647' title='bbox 3413 3167 3729 3239; x_wconf 80' lang='lat' dir='ltr'><strong>ingreditur</strong></span> <span class='ocrx_word' id='word_1_648' title='bbox 3754 3179 3837 3224; x_wconf 79' lang='lat' dir='ltr'><strong>se-</strong></span> 
     </span>
    </p>
   </div>
   <div class='ocr_carea' id='block_1_86' title="bbox 2236 3258 3835 3332">
    <p class='ocr_par' dir='ltr' id='par_1_86' title="bbox 2236 3258 3835 3332">
     <span class='ocr_line' id='line_1_86' title="bbox 2236 3258 3835 3332; baseline -0.008 -5"><span class='ocrx_word' id='word_1_649' title='bbox 2236 3271 2346 3327; x_wconf 89' lang='lat' dir='ltr'><strong>ries</strong></span> <span class='ocrx_word' id='word_1_650' title='bbox 2377 3283 2559 3325; x_wconf 87' lang='lat' dir='ltr'><strong>rerum</strong></span> <span class='ocrx_word' id='word_1_651' title='bbox 2582 3308 2598 3332; x_wconf 94' lang='lat'><strong>,</strong></span> <span class='ocrx_word' id='word_1_652' title='bbox 2628 3265 2827 3322; x_wconf 89' lang='lat' dir='ltr'><strong>divinis</strong></span> <span class='ocrx_word' id='word_1_653' title='bbox 2853 3263 3108 3318; x_wconf 89' lang='lat' dir='ltr'><strong>ordinata</strong></span> <span class='ocrx_word' id='word_1_654' title='bbox 3143 3259 3390 3330; x_wconf 87' lang='lat' dir='ltr'><strong>eloquiis.</strong></span> <span class='ocrx_word' id='word_1_655' title='bbox 3429 3258 3639 3326; x_wconf 84' lang='lat' dir='ltr'><strong>Quinto</strong></span> <span class='ocrx_word' id='word_1_656' title='bbox 3674 3258 3835 3329; x_wconf 80' lang='lat' dir='ltr'><strong>siqui-</strong></span> 
     </span>
    </p>
   </div>
   <div class='ocr_carea' id='block_1_87' title="bbox 2236 3349 3836 3423">
    <p class='ocr_par' dir='ltr' id='par_1_87' title="bbox 2236 3349 3836 3423">
     <span class='ocr_line' id='line_1_87' title="bbox 2236 3349 3836 3423; baseline -0.008 -5"><span class='ocrx_word' id='word_1_657' title='bbox 2236 3363 2359 3418; x_wconf 89' lang='lat' dir='ltr'><strong>dem</strong></span> <span class='ocrx_word' id='word_1_658' title='bbox 2379 3361 2465 3416; x_wconf 92' lang='lat' dir='ltr'><strong>die</strong></span> <span class='ocrx_word' id='word_1_659' title='bbox 2486 3358 2851 3415; x_wconf 91' lang='lat' dir='ltr'><strong>conditionem</strong></span> <span class='ocrx_word' id='word_1_660' title='bbox 2874 3353 3189 3411; x_wconf 89' lang='lat' dir='ltr'><strong>animalium</strong></span> <span class='ocrx_word' id='word_1_661' title='bbox 3213 3349 3660 3423; x_wconf 86' lang='lat' dir='ltr'><strong>quinquepertito</strong></span> <span class='ocrx_word' id='word_1_662' title='bbox 3680 3363 3836 3406; x_wconf 85' lang='lat' dir='ltr'><strong>sensu</strong></span> 
     </span>
    </p>
   </div>
   <div class='ocr_carea' id='block_1_88' title="bbox 2236 3443 3606 3526">
    <p class='ocr_par' dir='ltr' id='par_1_88' title="bbox 2236 3443 3606 3526">
     <span class='ocr_line' id='line_1_88' title="bbox 2236 3443 3606 3526; baseline -0.012 -15"><span class='ocrx_word' id='word_1_663' title='bbox 2236 3451 2559 3526; x_wconf 88' lang='lat' dir='ltr'><strong>pollentium</strong></span> <span class='ocrx_word' id='word_1_664' title='bbox 2591 3447 2829 3520; x_wconf 90' lang='lat' dir='ltr'><strong>primum</strong></span> <span class='ocrx_word' id='word_1_665' title='bbox 2858 3445 2905 3478; x_wconf 81' lang='grc'>⁸⁸</span> <span class='ocrx_word' id='word_1_666' title='bbox 2929 3443 3216 3517; x_wconf 90' lang='lat' dir='ltr'><strong>depromit.</strong></span> <span class='ocrx_word' id='word_1_667' title='bbox 3601 3460 3606 3464; x_wconf 56' lang='lat'><strong>~</strong></span> 
     </span>
    </p>
   </div>
   <div class='ocr_carea' id='block_1_89' title="bbox 2308 3529 3838 3599">
    <p class='ocr_par' dir='ltr' id='par_1_89' title="bbox 2308 3529 3838 3599">
     <span class='ocr_line' id='line_1_89' title="bbox 2308 3529 3838 3599; baseline -0.007 -2"><span class='ocrx_word' id='word_1_668' title='bbox 2308 3543 2399 3599; x_wconf 81' lang='lat'><strong>59.</strong></span> <span class='ocrx_word' id='word_1_669' title='bbox 2440 3539 2549 3597; x_wconf 87' lang='lat' dir='ltr'><strong>Sed</strong></span> <span class='ocrx_word' id='word_1_670' title='bbox 2577 3538 2646 3595; x_wconf 90' lang='lat' dir='ltr'><strong>de</strong></span> <span class='ocrx_word' id='word_1_671' title='bbox 2670 3537 2851 3592; x_wconf 91' lang='lat' dir='ltr'><strong>anima</strong></span> <span class='ocrx_word' id='word_1_672' title='bbox 2877 3535 3119 3591; x_wconf 91' lang='lat' dir='ltr'><strong>omnium</strong></span> <span class='ocrx_word' id='word_1_673' title='bbox 3148 3530 3602 3590; x_wconf 89' lang='lat' dir='ltr'><strong>irrationabilium</strong></span> <span class='ocrx_word' id='word_1_674' title='bbox 3635 3529 3838 3586; x_wconf 84' lang='lat' dir='ltr'><strong>anima-</strong></span> 
     </span>
    </p>
   </div>
   <div class='ocr_carea' id='block_1_90' title="bbox 2242 3623 3837 3697">
    <p class='ocr_par' dir='ltr' id='par_1_90' title="bbox 2242 3623 3837 3697">
     <span class='ocr_line' id='line_1_90' title="bbox 2242 3623 3837 3697; baseline -0.006 -8"><span class='ocrx_word' id='word_1_675' title='bbox 2242 3635 2374 3692; x_wconf 90' lang='lat' dir='ltr'><strong>lium</strong></span> <span class='ocrx_word' id='word_1_676' title='bbox 2406 3647 2515 3688; x_wconf 91' lang='lat' dir='ltr'><strong>non</strong></span> <span class='ocrx_word' id='word_1_677' title='bbox 2546 3628 2900 3686; x_wconf 86' lang='lat' dir='ltr'><strong>mediocriter</strong></span> <span class='ocrx_word' id='word_1_678' title='bbox 2933 3642 3180 3693; x_wconf 90' lang='lat' dir='ltr'><strong>moveor,</strong></span> <span class='ocrx_word' id='word_1_679' title='bbox 3218 3640 3327 3697; x_wconf 88' lang='lat' dir='ltr'><strong>qua</strong></span> <span class='ocrx_word' id='word_1_680' title='bbox 3365 3624 3580 3680; x_wconf 88' lang='lat' dir='ltr'><strong>ratione</strong></span> <span class='ocrx_word' id='word_1_681' title='bbox 3615 3623 3837 3695; x_wconf 85' lang='lat' dir='ltr'><strong>plurimi</strong></span> 
     </span>
    </p>
   </div>
   <div class='ocr_carea' id='block_1_91' title="bbox 2237 3717 3837 3792">
    <p class='ocr_par' dir='ltr' id='par_1_91' title="bbox 2237 3717 3837 3792">
     <span class='ocr_line' id='line_1_91' title="bbox 2237 3717 3837 3792; baseline -0.008 -7"><span class='ocrx_word' id='word_1_682' title='bbox 2237 3735 2550 3785; x_wconf 86' lang='lat' dir='ltr'><strong>sanctorum</strong></span> <span class='ocrx_word' id='word_1_683' title='bbox 2585 3723 2808 3779; x_wconf 90' lang='lat' dir='ltr'><strong>Patrum</strong></span> <span class='ocrx_word' id='word_1_684' title='bbox 2851 3737 2978 3779; x_wconf 89' lang='lat' dir='ltr'><strong>cum</strong></span> <span class='ocrx_word' id='word_1_685' title='bbox 3029 3721 3352 3792; x_wconf 90' lang='lat' dir='ltr'><strong>corporibus</strong></span> <span class='ocrx_word' id='word_1_686' title='bbox 3397 3733 3520 3775; x_wconf 88' lang='lat' dir='ltr'><strong>eam</strong></span> <span class='ocrx_word' id='word_1_687' title='bbox 3575 3717 3837 3784; x_wconf 87' lang='lat' dir='ltr'><strong>interire,</strong></span> 
     </span>
    </p>
   </div>
   <div class='ocr_carea' id='block_1_92' title="bbox 2237 3807 3838 3886">
    <p class='ocr_par' dir='ltr' id='par_1_92' title="bbox 2237 3807 3838 3886">
     <span class='ocr_line' id='line_1_92' title="bbox 2237 3807 3838 3886; baseline -0.007 -11"><span class='ocrx_word' id='word_1_688' title='bbox 2237 3833 2344 3880; x_wconf 86' lang='lat' dir='ltr'><strong>nec</strong></span> <span class='ocrx_word' id='word_1_689' title='bbox 2395 3816 2598 3874; x_wconf 88' lang='lat' dir='ltr'><strong>diutius</strong></span> <span class='ocrx_word' id='word_1_690' title='bbox 2629 3828 2953 3886; x_wconf 88' lang='lat' dir='ltr'><strong>permanere</strong></span> <span class='ocrx_word' id='word_1_691' title='bbox 2981 3827 3143 3884; x_wconf 90' lang='lat' dir='ltr'><strong>posse</strong></span> <span class='ocrx_word' id='word_1_692' title='bbox 3170 3809 3460 3866; x_wconf 87' lang='lat' dir='ltr'><strong>allirmant.</strong></span> <span class='ocrx_word' id='word_1_693' title='bbox 3501 3807 3745 3864; x_wconf 87' lang='lat' dir='ltr'><strong>Basilius</strong></span> <span class='ocrx_word' id='word_1_694' title='bbox 3771 3808 3838 3864; x_wconf 76' lang='lat' dir='ltr'><strong>si—</strong></span> 
     </span>
    </p>
   </div>
   <div class='ocr_carea' id='block_1_93' title="bbox 2238 3901 3840 3985">
    <p class='ocr_par' dir='ltr' id='par_1_93' title="bbox 2238 3901 3840 3985">
     <span class='ocr_line' id='line_1_93' title="bbox 2238 3901 3840 3985; baseline -0.008 -17"><span class='ocrx_word' id='word_1_695' title='bbox 2238 3910 2460 3985; x_wconf 87' lang='lat' dir='ltr'><strong>quidem</strong></span> <span class='ocrx_word' id='word_1_696' title='bbox 2487 3908 2531 3940; x_wconf 83' lang='lat'><strong>“’</strong></span> <span class='ocrx_word' id='word_1_697' title='bbox 2559 3908 2612 3964; x_wconf 90' lang='lat' dir='ltr'><strong>in</strong></span> <span class='ocrx_word' id='word_1_698' title='bbox 2636 3921 2777 3963; x_wconf 90' lang='lat' dir='ltr'><strong>nona</strong></span> <span class='ocrx_word' id='word_1_699' title='bbox 2802 3905 3095 3979; x_wconf 59' lang='lat' dir='ltr'><strong>&quot;,homilia</strong></span> <span class='ocrx_word' id='word_1_700' title='bbox 3126 3906 3181 3960; x_wconf 88' lang='lat' dir='ltr'><strong>in</strong></span> <span class='ocrx_word' id='word_1_701' title='bbox 3204 3902 3439 3961; x_wconf 86' lang='lat' dir='ltr'><strong>Genesin</strong></span> <span class='ocrx_word' id='word_1_702' title='bbox 3475 3901 3555 3956; x_wconf 88' lang='lat' dir='ltr'><strong>ait</strong></span> <span class='ocrx_word' id='word_1_703' title='bbox 3583 3918 3596 3954; x_wconf 89' lang='lat'>:</span> <span class='ocrx_word' id='word_1_704' title='bbox 3630 3901 3840 3956; x_wconf 81' lang='lat' dir='ltr'><strong>Educat</strong></span> 
     </span>
    </p>
   </div>
   <div class='ocr_carea' id='block_1_94' title="bbox 2239 3995 3839 4068">
    <p class='ocr_par' dir='ltr' id='par_1_94' title="bbox 2239 3995 3839 4068">
     <span class='ocr_line' id='line_1_94' title="bbox 2239 3995 3839 4068; baseline -0.009 -6"><span class='ocrx_word' id='word_1_705' title='bbox 2239 4015 2382 4061; x_wconf 88' lang='lat' dir='ltr'><strong>terra</strong></span> <span class='ocrx_word' id='word_1_706' title='bbox 2411 4005 2645 4058; x_wconf 88' lang='lat' dir='ltr'><strong>animam</strong></span> <span class='ocrx_word' id='word_1_707' title='bbox 2685 4001 2874 4056; x_wconf 80' lang='lat' dir='ltr'><strong>vivam.</strong></span> <span class='ocrx_word' id='word_1_708' title='bbox 2917 3999 3128 4066; x_wconf 87' lang='lat' dir='ltr'><strong>Quare,</strong></span> <span class='ocrx_word' id='word_1_709' title='bbox 3173 3997 3380 4068; x_wconf 89' lang='lat' dir='ltr'><strong>inquit,</strong></span> <span class='ocrx_word' id='word_1_710' title='bbox 3421 4005 3564 4050; x_wconf 87' lang='lat' dir='ltr'><strong>terra</strong></span> <span class='ocrx_word' id='word_1_711' title='bbox 3603 3995 3839 4048; x_wconf 61' lang='lat' dir='ltr'><strong>animum</strong></span> 
     </span>
    </p>
   </div>
   <div class='ocr_carea' id='block_1_95' title="bbox 2238 4088 3835 4163">
    <p class='ocr_par' dir='ltr' id='par_1_95' title="bbox 2238 4088 3835 4163">
     <span class='ocr_line' id='line_1_95' title="bbox 2238 4088 3835 4163; baseline -0.008 -10"><span class='ocrx_word' id='word_1_712' title='bbox 2238 4098 2446 4162; x_wconf 88' lang='lat' dir='ltr'><strong>educit,</strong></span> <span class='ocrx_word' id='word_1_713' title='bbox 2478 4096 2580 4150; x_wconf 86' lang='lat' dir='ltr'><strong>nisi</strong></span> <span class='ocrx_word' id='word_1_714' title='bbox 2609 4105 2664 4148; x_wconf 89' lang='lat' dir='ltr'><strong>ut</strong></span> <span class='ocrx_word' id='word_1_715' title='bbox 2698 4095 2872 4149; x_wconf 84' lang='lat' dir='ltr'><strong>discas</strong></span> <span class='ocrx_word' id='word_1_716' title='bbox 2911 4092 3265 4163; x_wconf 70' lang='lat' dir='ltr'><strong>differentiam</strong></span> <span class='ocrx_word' id='word_1_717' title='bbox 3296 4090 3506 4144; x_wconf 90' lang='lat' dir='ltr'><strong>animae</strong></span> <span class='ocrx_word' id='word_1_718' title='bbox 3534 4091 3746 4159; x_wconf 87' lang='lat' dir='ltr'><strong>pecoris</strong></span> <span class='ocrx_word' id='word_1_719' title='bbox 3775 4088 3835 4141; x_wconf 82' lang='lat' dir='ltr'><strong>ab</strong></span> 
     </span>
    </p>
   </div>
   <div class='ocr_carea' id='block_1_96' title="bbox 2238 4177 3839 4256">
    <p class='ocr_par' dir='ltr' id='par_1_96' title="bbox 2238 4177 3839 4256">
     <span class='ocr_line' id='line_1_96' title="bbox 2238 4177 3839 4256; baseline -0.007 -12"><span class='ocrx_word' id='word_1_720' title='bbox 2238 4189 2417 4244; x_wconf 88' lang='lat' dir='ltr'><strong>anima</strong></span> <span class='ocrx_word' id='word_1_721' title='bbox 2441 4187 2706 4242; x_wconf 83' lang='lat' dir='ltr'><strong>hominis?</strong></span> <span class='ocrx_word' id='word_1_722' title='bbox 2732 4186 2800 4241; x_wconf 86' lang='lat' dir='ltr'><strong>Et</strong></span> <span class='ocrx_word' id='word_1_723' title='bbox 2825 4185 2869 4218; x_wconf 84' lang='lat'><strong>&quot;&#39;</strong></span> <span class='ocrx_word' id='word_1_724' title='bbox 2892 4183 3053 4256; x_wconf 86' lang='lat' dir='ltr'><strong>paulo</strong></span> <span class='ocrx_word' id='word_1_725' title='bbox 3073 4192 3230 4255; x_wconf 87' lang='lat' dir='ltr'><strong>post:</strong></span> <span class='ocrx_word' id='word_1_726' title='bbox 3258 4179 3552 4252; x_wconf 85' lang='lat' dir='ltr'><strong>Cognosces</strong></span> <span class='ocrx_word' id='word_1_727' title='bbox 3573 4177 3839 4251; x_wconf 84' lang='lat' dir='ltr'><strong>quomodo</strong></span> 
     </span>
    </p>
   </div>
   <div class='ocr_carea' id='block_1_97' title="bbox 2239 4270 3834 4346">
    <p class='ocr_par' dir='ltr' id='par_1_97' title="bbox 2239 4270 3834 4346">
     <span class='ocr_line' id='line_1_97' title="bbox 2239 4270 3834 4346; baseline -0.008 -13"><span class='ocrx_word' id='word_1_728' title='bbox 2239 4282 2420 4334; x_wconf 87' lang='lat' dir='ltr'><strong>anima</strong></span> <span class='ocrx_word' id='word_1_729' title='bbox 2451 4277 2678 4332; x_wconf 81' lang='lat' dir='ltr'><strong>hominis</strong></span> <span class='ocrx_word' id='word_1_730' title='bbox 2710 4275 2855 4346; x_wconf 81' lang='lat' dir='ltr'><strong>facta</strong></span> <span class='ocrx_word' id='word_1_731' title='bbox 2883 4285 3000 4340; x_wconf 88' lang='lat' dir='ltr'><strong>est;</strong></span> <span class='ocrx_word' id='word_1_732' title='bbox 3035 4289 3172 4329; x_wconf 88' lang='lat' dir='ltr'><strong>nunc</strong></span> <span class='ocrx_word' id='word_1_733' title='bbox 3205 4283 3378 4328; x_wconf 90' lang='lat' dir='ltr'><strong>autem</strong></span> <span class='ocrx_word' id='word_1_734' title='bbox 3418 4271 3551 4324; x_wconf 89' lang='lat' dir='ltr'><strong>audi</strong></span> <span class='ocrx_word' id='word_1_735' title='bbox 3589 4270 3659 4324; x_wconf 90' lang='lat' dir='ltr'><strong>de</strong></span> <span class='ocrx_word' id='word_1_736' title='bbox 3701 4271 3834 4323; x_wconf 81' lang='lat' dir='ltr'><strong>irra-</strong></span> 
     </span>
    </p>
   </div>
   <div class='ocr_carea' id='block_1_98' title="bbox 2239 4362 3838 4438">
    <p class='ocr_par' dir='ltr' id='par_1_98' title="bbox 2239 4362 3838 4438">
     <span class='ocr_line' id='line_1_98' title="bbox 2239 4362 3838 4438; baseline -0.007 -14"><span class='ocrx_word' id='word_1_737' title='bbox 2239 4369 2571 4426; x_wconf 88' lang='lat' dir='ltr'><strong>tionabilium</strong></span> <span class='ocrx_word' id='word_1_738' title='bbox 2609 4367 2789 4422; x_wconf 87' lang='lat' dir='ltr'><strong>anima</strong></span> <span class='ocrx_word' id='word_1_739' title='bbox 2816 4407 2831 4433; x_wconf 96' lang='lat'><strong>,</strong></span> <span class='ocrx_word' id='word_1_740' title='bbox 2870 4366 3116 4438; x_wconf 86' lang='lat' dir='ltr'><strong>quoniam</strong></span> <span class='ocrx_word' id='word_1_741' title='bbox 3147 4405 3162 4431; x_wconf 96' lang='lat'><strong>,</strong></span> <span class='ocrx_word' id='word_1_742' title='bbox 3196 4365 3358 4437; x_wconf 76' lang='lat' dir='ltr'><strong>juxta</strong></span> <span class='ocrx_word' id='word_1_743' title='bbox 3397 4362 3538 4434; x_wconf 86' lang='lat' dir='ltr'><strong>quod</strong></span> <span class='ocrx_word' id='word_1_744' title='bbox 3575 4363 3838 4432; x_wconf 75' lang='lat' dir='ltr'><strong>scriptum</strong></span> 
     </span>
    </p>
   </div>
   <div class='ocr_carea' id='block_1_99' title="bbox 2240 4451 3839 4530">
    <p class='ocr_par' dir='ltr' id='par_1_99' title="bbox 2240 4451 3839 4530">
     <span class='ocr_line' id='line_1_99' title="bbox 2240 4451 3839 4530; baseline -0.008 -11"><span class='ocrx_word' id='word_1_745' title='bbox 2240 4473 2350 4530; x_wconf 87' lang='lat' dir='ltr'><strong>est,</strong></span> <span class='ocrx_word' id='word_1_746' title='bbox 2384 4462 2552 4517; x_wconf 88' lang='lat' dir='ltr'><strong>omnis</strong></span> <span class='ocrx_word' id='word_1_747' title='bbox 2583 4457 2833 4514; x_wconf 89' lang='lat' dir='ltr'><strong>animalis</strong></span> <span class='ocrx_word' id='word_1_748' title='bbox 2863 4457 3041 4513; x_wconf 89' lang='lat' dir='ltr'><strong>anima</strong></span> <span class='ocrx_word' id='word_1_749' title='bbox 3074 4456 3290 4528; x_wconf 86' lang='lat' dir='ltr'><strong>sanguis</strong></span> <span class='ocrx_word' id='word_1_750' title='bbox 3320 4454 3435 4524; x_wconf 81' lang='lat' dir='ltr'><strong>ejus</strong></span> <span class='ocrx_word' id='word_1_751' title='bbox 3462 4461 3559 4507; x_wconf 88' lang='lat' dir='ltr'><strong>est.</strong></span> <span class='ocrx_word' id='word_1_752' title='bbox 3603 4451 3839 4522; x_wconf 82' lang='lat' dir='ltr'><strong>Sanguis</strong></span> 
     </span>
    </p>
   </div>
   <div class='ocr_carea' id='block_1_100' title="bbox 2242 4544 3840 4610">
    <p class='ocr_par' dir='ltr' id='par_1_100' title="bbox 2242 4544 3840 4610">
     <span class='ocr_line' id='line_1_100' title="bbox 2242 4544 3840 4610; baseline -0.008 -1"><span class='ocrx_word' id='word_1_753' title='bbox 2242 4563 2420 4610; x_wconf 89' lang='lat' dir='ltr'><strong>autem</strong></span> <span class='ocrx_word' id='word_1_754' title='bbox 2457 4562 2731 4607; x_wconf 86' lang='lat' dir='ltr'><strong>concretus</strong></span> <span class='ocrx_word' id='word_1_755' title='bbox 2767 4551 2824 4604; x_wconf 90' lang='lat' dir='ltr'><strong>in</strong></span> <span class='ocrx_word' id='word_1_756' title='bbox 2854 4565 3065 4604; x_wconf 89' lang='lat' dir='ltr'><strong>carnem</strong></span> <span class='ocrx_word' id='word_1_757' title='bbox 3112 4545 3310 4602; x_wconf 87' lang='lat' dir='ltr'><strong>mutari</strong></span> <span class='ocrx_word' id='word_1_758' title='bbox 3349 4544 3667 4609; x_wconf 80' lang='lat' dir='ltr'><strong>consuevit;</strong></span> <span class='ocrx_word' id='word_1_759' title='bbox 3716 4559 3840 4597; x_wconf 85' lang='lat' dir='ltr'><strong>caro</strong></span> 
     </span>
    </p>
   </div>
   <div class='ocr_carea' id='block_1_101' title="bbox 2241 4639 3841 4716">
    <p class='ocr_par' dir='ltr' id='par_1_101' title="bbox 2241 4639 3841 4716">
     <span class='ocr_line' id='line_1_101' title="bbox 2241 4639 3841 4716; baseline -0.009 -14"><span class='ocrx_word' id='word_1_760' title='bbox 2241 4663 2359 4704; x_wconf 78' lang='lat' dir='ltr'><strong>vero</strong></span> <span class='ocrx_word' id='word_1_761' title='bbox 2392 4654 2642 4716; x_wconf 88' lang='lat' dir='ltr'><strong>corrupta</strong></span> <span class='ocrx_word' id='word_1_762' title='bbox 2669 4645 2724 4698; x_wconf 90' lang='lat' dir='ltr'><strong>in</strong></span> <span class='ocrx_word' id='word_1_763' title='bbox 2757 4655 2953 4698; x_wconf 90' lang='lat' dir='ltr'><strong>terram</strong></span> <span class='ocrx_word' id='word_1_764' title='bbox 2984 4639 3304 4696; x_wconf 86' lang='lat' dir='ltr'><strong>resolvitur:</strong></span> <span class='ocrx_word' id='word_1_765' title='bbox 3332 4645 3712 4708; x_wconf 85' lang='lat' dir='ltr'><strong>consequenter</strong></span> <span class='ocrx_word' id='word_1_766' title='bbox 3736 4647 3841 4690; x_wconf 86' lang='lat' dir='ltr'><strong>ter-</strong></span> 
     </span>
    </p>
   </div>
   <div class='ocr_carea' id='block_1_102' title="bbox 2244 4728 3840 4810">
    <p class='ocr_par' dir='ltr' id='par_1_102' title="bbox 2244 4728 3840 4810">
     <span class='ocr_line' id='line_1_102' title="bbox 2244 4728 3840 4810; baseline -0.006 -17"><span class='ocrx_word' id='word_1_767' title='bbox 2244 4757 2373 4795; x_wconf 86' lang='lat' dir='ltr'><strong>rena</strong></span> <span class='ocrx_word' id='word_1_768' title='bbox 2410 4738 2672 4810; x_wconf 88' lang='lat' dir='ltr'><strong>quaedam</strong></span> <span class='ocrx_word' id='word_1_769' title='bbox 2710 4745 2788 4791; x_wconf 88' lang='lat' dir='ltr'><strong>est</strong></span> <span class='ocrx_word' id='word_1_770' title='bbox 2827 4735 3009 4788; x_wconf 88' lang='lat' dir='ltr'><strong>aninta</strong></span> <span class='ocrx_word' id='word_1_771' title='bbox 3034 4733 3420 4803; x_wconf 87' lang='lat' dir='ltr'><strong>jumentorum.</strong></span> <span class='ocrx_word' id='word_1_772' title='bbox 3465 4728 3680 4782; x_wconf 73' lang='lat' dir='ltr'><strong>Educet</strong></span> <span class='ocrx_word' id='word_1_773' title='bbox 3717 4744 3840 4799; x_wconf 83' lang='lat' dir='ltr'><strong>ergo</strong></span> 
     </span>
    </p>
   </div>
   <div class='ocr_carea' id='block_1_103' title="bbox 2243 4821 3841 4894">
    <p class='ocr_par' dir='ltr' id='par_1_103' title="bbox 2243 4821 3841 4894">
     <span class='ocr_line' id='line_1_103' title="bbox 2243 4821 3841 4894; baseline -0.007 -7"><span class='ocrx_word' id='word_1_774' title='bbox 2243 4842 2385 4887; x_wconf 90' lang='lat' dir='ltr'><strong>terra</strong></span> <span class='ocrx_word' id='word_1_775' title='bbox 2416 4830 2650 4884; x_wconf 89' lang='lat' dir='ltr'><strong>animam</strong></span> <span class='ocrx_word' id='word_1_776' title='bbox 2683 4827 2949 4882; x_wconf 82' lang='lat' dir='ltr'><strong>viventem.</strong></span> <span class='ocrx_word' id='word_1_777' title='bbox 2991 4821 3124 4877; x_wconf 88' lang='lat' dir='ltr'><strong>Vide</strong></span> <span class='ocrx_word' id='word_1_778' title='bbox 3163 4821 3586 4894; x_wconf 83' lang='lat' dir='ltr'><strong>consequentiam</strong></span> <span class='ocrx_word' id='word_1_779' title='bbox 3625 4822 3841 4876; x_wconf 84' lang='lat' dir='ltr'><strong>animae</strong></span> 
     </span>
    </p>
   </div>
   <div class='ocr_carea' id='block_1_104' title="bbox 2248 4913 3842 4993">
    <p class='ocr_par' dir='ltr' id='par_1_104' title="bbox 2248 4913 3842 4993">
     <span class='ocr_line' id='line_1_104' title="bbox 2248 4913 3842 4993; baseline -0.007 -16"><span class='ocrx_word' id='word_1_780' title='bbox 2248 4923 2317 4977; x_wconf 90' lang='lat' dir='ltr'><strong>ad</strong></span> <span class='ocrx_word' id='word_1_781' title='bbox 2364 4920 2701 4993; x_wconf 83' lang='lat' dir='ltr'><strong>sanguinem,</strong></span> <span class='ocrx_word' id='word_1_782' title='bbox 2735 4915 3007 4988; x_wconf 86' lang='lat' dir='ltr'><strong>sanguinis</strong></span> <span class='ocrx_word' id='word_1_783' title='bbox 3033 4915 3104 4968; x_wconf 89' lang='lat' dir='ltr'><strong>ad</strong></span> <span class='ocrx_word' id='word_1_784' title='bbox 3133 4930 3374 4980; x_wconf 87' lang='lat' dir='ltr'><strong>carnem,</strong></span> <span class='ocrx_word' id='word_1_785' title='bbox 3411 4913 3590 4968; x_wconf 84' lang='lat' dir='ltr'><strong>carnis</strong></span> <span class='ocrx_word' id='word_1_786' title='bbox 3627 4914 3698 4966; x_wconf 86' lang='lat' dir='ltr'><strong>ad</strong></span> <span class='ocrx_word' id='word_1_787' title='bbox 3731 4923 3842 4966; x_wconf 85' lang='lat' dir='ltr'><strong>ter-</strong></span> 
     </span>
    </p>
   </div>
   <div class='ocr_carea' id='block_1_105' title="bbox 2249 5005 3844 5081">
    <p class='ocr_par' dir='ltr' id='par_1_105' title="bbox 2249 5005 3844 5081">
     <span class='ocr_line' id='line_1_105' title="bbox 2249 5005 3844 5081; baseline -0.008 -9"><span class='ocrx_word' id='word_1_788' title='bbox 2249 5029 2405 5072; x_wconf 91' lang='lat' dir='ltr'><strong>ram:</strong></span> <span class='ocrx_word' id='word_1_789' title='bbox 2453 5025 2501 5070; x_wconf 82' lang='lat' dir='ltr'><strong>et</strong></span> <span class='ocrx_word' id='word_1_790' title='bbox 2547 5015 2738 5069; x_wconf 88' lang='lat' dir='ltr'><strong>iterum</strong></span> <span class='ocrx_word' id='word_1_791' title='bbox 2783 5009 3046 5066; x_wconf 82' lang='lat' dir='ltr'><strong>revolvens</strong></span> <span class='ocrx_word' id='word_1_792' title='bbox 3077 5024 3169 5081; x_wconf 89' lang='lat' dir='ltr'><strong>per</strong></span> <span class='ocrx_word' id='word_1_793' title='bbox 3191 5007 3374 5064; x_wconf 86' lang='lat' dir='ltr'><strong>eadem</strong></span> <span class='ocrx_word' id='word_1_794' title='bbox 3407 5005 3517 5061; x_wconf 90' lang='lat' dir='ltr'><strong>redi</strong></span> <span class='ocrx_word' id='word_1_795' title='bbox 3550 5023 3582 5060; x_wconf 91' lang='lat' dir='ltr'><strong>a</strong></span> <span class='ocrx_word' id='word_1_796' title='bbox 3610 5016 3752 5059; x_wconf 85' lang='lat' dir='ltr'><strong>terra</strong></span> <span class='ocrx_word' id='word_1_797' title='bbox 3783 5005 3844 5060; x_wconf 78' lang='lat' dir='ltr'><strong>in</strong></span> 
     </span>
    </p>
   </div>
   <div class='ocr_carea' id='block_1_106' title="bbox 1836 5177 2536 5240">
    <p class='ocr_par' dir='ltr' id='par_1_106' title="bbox 1836 5177 2536 5240">
     <span class='ocr_line' id='line_1_106' title="bbox 1836 5177 2536 5240; baseline -0.006 -3"><span class='ocrx_word' id='word_1_798' title='bbox 1836 5180 1926 5238; x_wconf 80' lang='lat' dir='ltr'><strong>VA</strong></span> <span class='ocrx_word' id='word_1_799' title='bbox 1935 5181 2098 5238; x_wconf 82' lang='lat' dir='ltr'><strong>RlAE</strong></span> <span class='ocrx_word' id='word_1_800' title='bbox 2131 5177 2536 5240; x_wconf 84' lang='lat' dir='ltr'><strong>LECTIONES.</strong></span> 
     </span>
    </p>
   </div>
   <div class='ocr_carea' id='block_1_107' title="bbox 613 5296 1653 5360">
    <p class='ocr_par' dir='ltr' id='par_1_107' title="bbox 613 5296 1653 5360">
     <span class='ocr_line' id='line_1_107' title="bbox 613 5296 1653 5360; baseline 0.007 -9"><span class='ocrx_word' id='word_1_801' title='bbox 613 5296 633 5330; x_wconf 81' lang='grc'>⁸</span> <span class='ocrx_word' id='word_1_802' title='bbox 659 5298 705 5352; x_wconf 80' lang='grc' dir='ltr'><strong>Α</strong></span> <span class='ocrx_word' id='word_1_803' title='bbox 739 5297 1117 5355; x_wconf 85' lang='lat' dir='ltr'><strong>insinuaretur.</strong></span> <span class='ocrx_word' id='word_1_804' title='bbox 1196 5305 1218 5337; x_wconf 74' lang='grc' dir='ltr'>ί</span> <span class='ocrx_word' id='word_1_805' title='bbox 1245 5298 1285 5356; x_wconf 91' lang='lat' dir='ltr'>C</span> <span class='ocrx_word' id='word_1_806' title='bbox 1317 5311 1522 5356; x_wconf 84' lang='lat' dir='ltr'><strong>servata</strong></span> <span class='ocrx_word' id='word_1_807' title='bbox 1551 5313 1653 5360; x_wconf 92' lang='lat' dir='ltr'><strong>cst.</strong></span> 
     </span>
    </p>
   </div>
   <div class='ocr_carea' id='block_1_108' title="bbox 540 5441 1919 5514">
    <p class='ocr_par' dir='ltr' id='par_1_108' title="bbox 540 5441 1919 5514">
     <span class='ocr_line' id='line_1_108' title="bbox 540 5441 1919 5514; baseline 0.005 -19"><span class='ocrx_word' id='word_1_808' title='bbox 540 5455 653 5514; x_wconf 82' lang='lat' dir='ltr'><strong>om.</strong></span> <span class='ocrx_word' id='word_1_809' title='bbox 683 5441 747 5497; x_wconf 89' lang='lat' dir='ltr'><strong>C.</strong></span> <span class='ocrx_word' id='word_1_810' title='bbox 814 5441 973 5514; x_wconf 43' lang='grc' dir='ltr'><strong>λ’ῌο</strong></span> <span class='ocrx_word' id='word_1_811' title='bbox 1011 5441 1485 5514; x_wconf 51' lang='grc' dir='ltr'><strong>ρενῙᾳοιὶοηίδᾳιιεξ</strong></span> <span class='ocrx_word' id='word_1_812' title='bbox 1562 5446 1606 5478; x_wconf 78' lang='grc'><strong>⁸³</strong></span> <span class='ocrx_word' id='word_1_813' title='bbox 1641 5445 1682 5502; x_wconf 91' lang='lat' dir='ltr'>C</span> <span class='ocrx_word' id='word_1_814' title='bbox 1721 5447 1919 5503; x_wconf 88' lang='lat' dir='ltr'><strong>anima.</strong></span> 
     </span>
    </p>
   </div>
   <div class='ocr_carea' id='block_1_109' title="bbox 541 5510 1190 5570">
    <p class='ocr_par' dir='ltr' id='par_1_109' title="bbox 541 5510 1190 5570">
     <span class='ocr_line' id='line_1_109' title="bbox 541 5510 1190 5570; baseline -0.005 0"><span class='ocrx_word' id='word_1_815' title='bbox 541 5510 592 5570; x_wconf 76' lang='grc' dir='ltr'><strong>Δ</strong></span> <span class='ocrx_word' id='word_1_816' title='bbox 619 5527 737 5567; x_wconf 83' lang='lat' dir='ltr'><strong>vui.</strong></span> <span class='ocrx_word' id='word_1_817' title='bbox 811 5510 857 5545; x_wconf 76' lang='lat'><strong>“</strong></span> <span class='ocrx_word' id='word_1_818' title='bbox 886 5511 954 5568; x_wconf 87' lang='lat' dir='ltr'><strong>Et</strong></span> <span class='ocrx_word' id='word_1_819' title='bbox 979 5510 1088 5568; x_wconf 83' lang='lat' dir='ltr'><strong>om.</strong></span> <span class='ocrx_word' id='word_1_820' title='bbox 1122 5510 1190 5567; x_wconf 84' lang='lat' dir='ltr'><strong>A.</strong></span> 
     </span>
    </p>
   </div>
   <div class='ocr_carea' id='block_1_110' title="bbox 1759 5305 2282 5362">
    <p class='ocr_par' dir='ltr' id='par_1_110' title="bbox 1759 5305 2282 5362">
     <span class='ocr_line' id='line_1_110' title="bbox 1759 5305 2282 5362; baseline 0.004 -4"><span class='ocrx_word' id='word_1_821' title='bbox 1759 5305 1781 5336; x_wconf 86' lang='grc'><strong><em>³</em></strong></span> <span class='ocrx_word' id='word_1_822' title='bbox 1816 5305 1862 5359; x_wconf 77' lang='grc' dir='ltr'><strong>Α</strong></span> <span class='ocrx_word' id='word_1_823' title='bbox 1891 5305 2282 5362; x_wconf 88' lang='lat' dir='ltr'><strong>intellectibilis.</strong></span> 
     </span>
    </p>
   </div>
   <div class='ocr_carea' id='block_1_111' title="bbox 539 5365 2372 5445">
    <p class='ocr_par' dir='ltr' id='par_1_111' title="bbox 539 5365 2372 5445">
     <span class='ocr_line' id='line_1_111' title="bbox 539 5365 2372 5445; baseline 0.003 -20"><span class='ocrx_word' id='word_1_824' title='bbox 539 5367 563 5403; x_wconf 83' lang='lat'><strong><em>&quot;</em></strong></span> <span class='ocrx_word' id='word_1_825' title='bbox 589 5365 634 5425; x_wconf 88' lang='lat' dir='ltr'><strong>C</strong></span> <span class='ocrx_word' id='word_1_826' title='bbox 666 5366 874 5445; x_wconf 49' lang='lat' dir='ltr'><strong>lignus</strong></span> <span class='ocrx_word' id='word_1_827' title='bbox 899 5411 913 5433; x_wconf 93' lang='lat'><strong>,</strong></span> <span class='ocrx_word' id='word_1_828' title='bbox 941 5384 1039 5445; x_wconf 79' lang='lat' dir='ltr'><strong>per</strong></span> <span class='ocrx_word' id='word_1_829' title='bbox 1066 5369 1304 5445; x_wconf 78' lang='lat' dir='ltr'><strong>ubique;</strong></span> <span class='ocrx_word' id='word_1_830' title='bbox 1336 5371 1380 5424; x_wconf 87' lang='lat' dir='ltr'><strong>A</strong></span> <span class='ocrx_word' id='word_1_831' title='bbox 1411 5372 1706 5445; x_wconf 80' lang='lat' dir='ltr'><strong>Ngssenus.</strong></span> <span class='ocrx_word' id='word_1_832' title='bbox 1761 5391 1766 5394; x_wconf 85' lang='lat'>&#39;</span> <span class='ocrx_word' id='word_1_833' title='bbox 1793 5376 1815 5407; x_wconf 82' lang='grc'><strong>⁸</strong></span> <span class='ocrx_word' id='word_1_834' title='bbox 1856 5375 1948 5433; x_wconf 91' lang='lat' dir='ltr'><strong>Sic</strong></span> <span class='ocrx_word' id='word_1_835' title='bbox 1973 5377 2054 5441; x_wconf 90' lang='lat' dir='ltr'><strong>C;</strong></span> <span class='ocrx_word' id='word_1_836' title='bbox 2095 5379 2141 5433; x_wconf 86' lang='lat' dir='ltr'><strong>A</strong></span> <span class='ocrx_word' id='word_1_837' title='bbox 2181 5377 2372 5432; x_wconf 74' lang='lat' dir='ltr'><strong>activa.</strong></span> 
     </span>
    </p>
   </div>
   <div class='ocr_carea' id='block_1_112' title="bbox 839 5386 2416 5518">
    <p class='ocr_par' dir='ltr' id='par_1_112' title="bbox 839 5386 2416 5518">
     <span class='ocr_line' id='line_1_112' title="bbox 839 5386 2372 5496; baseline 0.007 -76"><span class='ocrx_word' id='word_1_838' title='bbox 839 5387 872 5424; x_wconf 72' lang='grc' dir='ltr'><strong>ιε</strong></span> <span class='ocrx_word' id='word_1_839' title='bbox 899 5411 913 5433; x_wconf 85' lang='grc'>,</span> <span class='ocrx_word' id='word_1_840' title='bbox 931 5386 1039 5496; x_wconf 57' lang='lat' dir='ltr'><strong>ger</strong></span> <span class='ocrx_word' id='word_1_841' title='bbox 1066 5386 1265 5452; x_wconf 74' lang='lat' dir='ltr'><strong>umque</strong></span> <span class='ocrx_word' id='word_1_842' title='bbox 1289 5386 1314 5454; x_wconf 78' lang='lat'><strong>;_</strong></span> <span class='ocrx_word' id='word_1_843' title='bbox 1336 5386 1380 5424; x_wconf 83' lang='lat' dir='ltr'><strong>A</strong></span> <span class='ocrx_word' id='word_1_844' title='bbox 1411 5386 1706 5445; x_wconf 78' lang='lat' dir='ltr'><strong>tvyssenus.</strong></span> <span class='ocrx_word' id='word_1_845' title='bbox 1761 5391 1766 5394; x_wconf 87' lang='lat'>&#39;</span> <span class='ocrx_word' id='word_1_846' title='bbox 1793 5386 1815 5407; x_wconf 78' lang='grc'><strong>⁵</strong></span> <span class='ocrx_word' id='word_1_847' title='bbox 1856 5386 1948 5433; x_wconf 80' lang='lat' dir='ltr'><strong>Sic</strong></span> <span class='ocrx_word' id='word_1_848' title='bbox 1973 5386 2014 5434; x_wconf 77' lang='grc' dir='ltr'>υ</span> <span class='ocrx_word' id='word_1_849' title='bbox 2039 5393 2054 5441; x_wconf 90' lang='lat'><strong>;</strong></span> <span class='ocrx_word' id='word_1_850' title='bbox 2095 5386 2141 5433; x_wconf 83' lang='lat' dir='ltr'><strong>A</strong></span> <span class='ocrx_word' id='word_1_851' title='bbox 2181 5386 2372 5432; x_wconf 74' lang='lat' dir='ltr'><strong>activa.</strong></span> 
     </span>
     <span class='ocr_line' id='line_1_113' title="bbox 839 5441 2416 5518; baseline 0.004 -24"><span class='ocrx_word' id='word_1_852' title='bbox 839 5443 926 5518; x_wconf 58' lang='grc' dir='ltr'><strong>ξι-</strong></span> <span class='ocrx_word' id='word_1_853' title='bbox 1011 5441 1485 5518; x_wconf 80' lang='lat' dir='ltr'><strong>perfectionisque.</strong></span> <span class='ocrx_word' id='word_1_854' title='bbox 1562 5446 1606 5478; x_wconf 80' lang='lat'>”</span> <span class='ocrx_word' id='word_1_855' title='bbox 1641 5445 1682 5502; x_wconf 91' lang='lat' dir='ltr'>C</span> <span class='ocrx_word' id='word_1_856' title='bbox 1721 5447 1919 5503; x_wconf 88' lang='lat' dir='ltr'><strong>anima.</strong></span> <span class='ocrx_word' id='word_1_857' title='bbox 2028 5447 2072 5480; x_wconf 60' lang='grc' dir='ltr'>ιδ</span> <span class='ocrx_word' id='word_1_858' title='bbox 2098 5448 2139 5504; x_wconf 89' lang='lat' dir='ltr'>C</span> <span class='ocrx_word' id='word_1_859' title='bbox 2177 5448 2416 5518; x_wconf 87' lang='lat' dir='ltr'><strong>imponit.</strong></span> 
     </span>
    </p>
   </div>
   <div class='ocr_carea' id='block_1_113' title="bbox 2919 5289 3840 5359">
    <p class='ocr_par' dir='ltr' id='par_1_113' title="bbox 2919 5289 3840 5359">
     <span class='ocr_line' id='line_1_114' title="bbox 2919 5289 3840 5359; baseline -0.003 -9"><span class='ocrx_word' id='word_1_860' title='bbox 2919 5297 2940 5328; x_wconf 79' lang='grc'>³</span> <span class='ocrx_word' id='word_1_861' title='bbox 2962 5295 3009 5350; x_wconf 75' lang='grc' dir='ltr'><strong>Α</strong></span> <span class='ocrx_word' id='word_1_862' title='bbox 3031 5303 3144 5349; x_wconf 92' lang='lat' dir='ltr'><strong>aut.</strong></span> <span class='ocrx_word' id='word_1_863' title='bbox 3245 5293 3267 5324; x_wconf 83' lang='grc'>⁸</span> <span class='ocrx_word' id='word_1_864' title='bbox 3297 5291 3389 5349; x_wconf 87' lang='lat' dir='ltr'><strong>Sic</strong></span> <span class='ocrx_word' id='word_1_865' title='bbox 3417 5289 3460 5346; x_wconf 82' lang='lat' dir='ltr'><strong><em>C</em></strong></span> <span class='ocrx_word' id='word_1_866' title='bbox 3485 5307 3499 5359; x_wconf 91' lang='lat'><strong>;</strong></span> <span class='ocrx_word' id='word_1_867' title='bbox 3534 5291 3574 5345; x_wconf 83' lang='lat' dir='ltr'><strong>A</strong></span> <span class='ocrx_word' id='word_1_868' title='bbox 3609 5290 3840 5347; x_wconf 68' lang='lat' dir='ltr'><strong>activae.</strong></span> 
     </span>
    </p>
   </div>
   <div class='ocr_carea' id='block_1_114' title="bbox 3099 5361 3845 5420">
    <p class='ocr_par' dir='ltr' id='par_1_114' title="bbox 3099 5361 3845 5420">
     <span class='ocr_line' id='line_1_115' title="bbox 3099 5361 3845 5420; baseline -0.001 -1"><span class='ocrx_word' id='word_1_869' title='bbox 3099 5364 3143 5396; x_wconf 77' lang='grc' dir='ltr'><strong>⁸ο</strong></span> <span class='ocrx_word' id='word_1_870' title='bbox 3169 5373 3244 5419; x_wconf 87' lang='lat' dir='ltr'><strong>est</strong></span> <span class='ocrx_word' id='word_1_871' title='bbox 3273 5379 3384 5420; x_wconf 91' lang='lat' dir='ltr'><strong>om.</strong></span> <span class='ocrx_word' id='word_1_872' title='bbox 3409 5364 3480 5417; x_wconf 79' lang='grc' dir='ltr'><strong>Α.</strong></span> <span class='ocrx_word' id='word_1_873' title='bbox 3581 5361 3621 5394; x_wconf 78' lang='grc'><strong>⁸³</strong></span> <span class='ocrx_word' id='word_1_874' title='bbox 3658 5376 3845 5418; x_wconf 66' lang='grc' dir='ltr'><strong>νει-αα</strong></span> 
     </span>
    </p>
   </div>
   <div class='ocr_carea' id='block_1_115' title="bbox 3105 5432 3840 5506">
    <p class='ocr_par' dir='ltr' id='par_1_115' title="bbox 3105 5432 3840 5506">
     <span class='ocr_line' id='line_1_116' title="bbox 3105 5432 3840 5506; baseline 0 -16"><span class='ocrx_word' id='word_1_875' title='bbox 3105 5436 3149 5468; x_wconf 77' lang='grc'><strong>¹⁶</strong></span> <span class='ocrx_word' id='word_1_876' title='bbox 3177 5434 3220 5491; x_wconf 67' lang='grc' dir='ltr'><strong>(ὁ</strong></span> <span class='ocrx_word' id='word_1_877' title='bbox 3246 5436 3478 5506; x_wconf 82' lang='lat' dir='ltr'><strong>quidem.</strong></span> <span class='ocrx_word' id='word_1_878' title='bbox 3595 5432 3638 5465; x_wconf 82' lang='lat'><strong>&quot;</strong></span> <span class='ocrx_word' id='word_1_879' title='bbox 3670 5446 3840 5501; x_wconf 76' lang='grc' dir='ltr'><strong>πως</strong></span> 
     </span>
    </p>
   </div>
   <div class='ocr_carea' id='block_1_116' title="bbox 2393 5297 2844 5358">
    <p class='ocr_par' dir='ltr' id='par_1_116' title="bbox 2393 5297 2844 5358">
     <span class='ocr_line' id='line_1_117' title="bbox 2393 5297 2844 5358; baseline -0.013 0"><span class='ocrx_word' id='word_1_880' title='bbox 2393 5303 2415 5335; x_wconf 65' lang='grc'>⁸</span> <span class='ocrx_word' id='word_1_881' title='bbox 2440 5303 2572 5358; x_wconf 71' lang='lat' dir='ltr'><strong>vitae</strong></span> <span class='ocrx_word' id='word_1_882' title='bbox 2607 5314 2719 5356; x_wconf 91' lang='lat' dir='ltr'><strong>om.</strong></span> <span class='ocrx_word' id='word_1_883' title='bbox 2749 5297 2812 5353; x_wconf 76' lang='grc' dir='ltr'><strong>Ο.</strong></span> <span class='ocrx_word' id='word_1_884' title='bbox 2838 5334 2844 5341; x_wconf 68' lang='grc' dir='ltr'><em>ς</em></span> 
     </span>
    </p>
   </div>
   <div class='ocr_carea' id='block_1_117' title="bbox 2465 5367 2996 5454">
    <p class='ocr_par' dir='ltr' id='par_1_117' title="bbox 2465 5367 2996 5454">
     <span class='ocr_line' id='line_1_118' title="bbox 2465 5367 2996 5454; baseline -0.017 -25"><span class='ocrx_word' id='word_1_885' title='bbox 2465 5374 2486 5405; x_wconf 88' lang='grc'><strong>⁹</strong></span> <span class='ocrx_word' id='word_1_886' title='bbox 2516 5373 2624 5454; x_wconf 67' lang='lat' dir='ltr'><strong>Pro</strong></span> <span class='ocrx_word' id='word_1_887' title='bbox 2661 5371 2776 5454; x_wconf 74' lang='lat' dir='ltr'><strong>ejus</strong></span> <span class='ocrx_word' id='word_1_888' title='bbox 2803 5367 2844 5423; x_wconf 88' lang='lat' dir='ltr'>C</span> <span class='ocrx_word' id='word_1_889' title='bbox 2871 5383 2996 5454; x_wconf 83' lang='lat' dir='ltr'><strong>non.</strong></span> 
     </span>
    </p>
   </div>
   <div class='ocr_carea' id='block_1_118' title="bbox 2533 5445 2985 5515">
    <p class='ocr_par' dir='ltr' id='par_1_118' title="bbox 2533 5445 2985 5515">
     <span class='ocr_line' id='line_1_119' title="bbox 2533 5445 2985 5515; baseline -0.011 -19"><span class='ocrx_word' id='word_1_890' title='bbox 2533 5445 2578 5476; x_wconf 78' lang='grc'>³³</span> <span class='ocrx_word' id='word_1_891' title='bbox 2615 5445 2841 5515; x_wconf 90' lang='lat' dir='ltr'><strong>primum</strong></span> <span class='ocrx_word' id='word_1_892' title='bbox 2876 5453 2985 5494; x_wconf 93' lang='lat' dir='ltr'><strong>om.</strong></span> 
     </span>
    </p>
   </div>
   <div class='ocr_carea' id='block_1_119' title="bbox 2067 5601 2318 5660">
    <p class='ocr_par' dir='ltr' id='par_1_119' title="bbox 2067 5601 2318 5660">
     <span class='ocr_line' id='line_1_120' title="bbox 2067 5601 2318 5660; baseline 0 -3"><span class='ocrx_word' id='word_1_893' title='bbox 2067 5601 2318 5660; x_wconf 80' lang='lat' dir='ltr'><strong>NOTAE.</strong></span> 
     </span>
    </p>
   </div>
   <div class='ocr_carea' id='block_1_120' title="bbox 614 5694 2589 5779">
    <p class='ocr_par' dir='ltr' id='par_1_120' title="bbox 614 5694 2589 5779">
     <span class='ocr_line' id='line_1_121' title="bbox 614 5694 2589 5779; baseline -0.003 -23"><span class='ocrx_word' id='word_1_894' title='bbox 614 5711 642 5750; x_wconf 66' lang='grc' dir='ltr'><strong>ρ</strong></span> <span class='ocrx_word' id='word_1_895' title='bbox 672 5698 816 5765; x_wconf 85' lang='lat' dir='ltr'><strong>Duos</strong></span> <span class='ocrx_word' id='word_1_896' title='bbox 842 5697 1133 5776; x_wconf 78' lang='lat' dir='ltr'><strong>Gregorius</strong></span> <span class='ocrx_word' id='word_1_897' title='bbox 1160 5701 1365 5758; x_wconf 80' lang='lat' dir='ltr'><strong>amicos</strong></span> <span class='ocrx_word' id='word_1_898' title='bbox 1376 5697 1693 5774; x_wconf 48' lang='lat' dir='ltr'><strong>,Nysscnum</strong></span> <span class='ocrx_word' id='word_1_899' title='bbox 1721 5704 1778 5756; x_wconf 84' lang='lat' dir='ltr'><strong>et</strong></span> <span class='ocrx_word' id='word_1_900' title='bbox 1803 5694 2209 5756; x_wconf 77' lang='lat' dir='ltr'><strong>Nazianzenum</strong></span> <span class='ocrx_word' id='word_1_901' title='bbox 2235 5712 2402 5754; x_wconf 88' lang='lat' dir='ltr'><strong>unum</strong></span> <span class='ocrx_word' id='word_1_902' title='bbox 2425 5695 2589 5779; x_wconf 82' lang='lat' dir='ltr'><strong>facit.</strong></span> 
     </span>
    </p>
   </div>
  </div>
