4028 6282
210 322 315 381 737

1062 289 1157 367 ne
1195 304 1536 366 DlVlSlONE
1563 301 1926 360 ‘NATURAE.
1968 330 2039 343 --
2074 301 2275 357 uasa
2314 276 2634 361 rentius.

3382 306 3489 365 738

209 447 424 489 carnem
442 471 457 497 ,
490 440 522 484 α
552 435 711 483 carne
740 424 795 480 in
820 403 1126 495 sanguinem
1144 462 1160 487 ,
1201 441 1234 476 a
1280 421 1535 492 sanguine
1579 420 1635 472 in
1682 416 1800 471 ani-
1827 415 1879 475 Δ
1904 414 2127 482 ticipans
2155 415 2346 479 unius;
2387 415 2476 471 sed
2499 415 2674 468 'multu
2691 414 2898 485 quidem
2912 416 2967 470 in
2987 415 3028 447 “
3051 416 3311 487 partibus,
3327 434 3493 475 unum

208 539 354 578 mam
375 562 390 585 ,
418 529 465 575 et
494 517 742 581 invenies,
773 515 898 586 quia
926 524 1069 569 terra
1097 524 1173 567 est
1177 513 1543 584 jumentorum
1579 510 1759 564 anima
1782 547 1798 573 ,

210 633 280 672 ne
307 613 567 669 existimes
585 650 601 675 ,
629 609 979 680 antiquiorem
1020 615 1130 661 esse
1174 607 1407 675 corporis
1432 605 1515 658 sui
1548 604 1800 658 substan-

204 709 376 769 tiam,
427 719 592 774 neque
644 710 1033 772 permanentem
1079 708 1195 769 post
1233 697 1417 751 carnis
1465 695 1801 750 solutionem.

206 794 512 865 Gregorius
536 806 753 863 quoque
786 790 1056 860 Nyssaeus
1090 790 1142 843 in
1174 802 1426 843 sermone
1473 787 1540 842 de
1558 784 1805 856 imagine

212 885 454 958 capitulo
493 884 706 940 decimo
748 892 903 938 sexto
933 880 991 935 ίε
1031 878 1091 935 Si
1147 890 1354 941 autem,
1392 878 1602 948 inquit,
1646 892 1807 948 quae-

212 978 342 1033 dam
377 978 432 1030 in
466 984 712 1031 creatura
759 973 1100 1029 nutritoriam
1152 971 1507 1042 operationem
1548 969 1802 1033 habeant,

1906 513 1963 566 in
1988 520 2133 573 toto;
2160 517 2208 563 et
2253 506 2420 561 multa
2444 506 2829 574 accidentibus,
2854 524 3016 562 unum
3053 509 3110 563 in
3151 507 3417 578 subjecto;
3443 502 3498 566 ιε

1905 600 2070 656 multa
2099 601 2155 653 in
2204 612 2419 652 numero
2471 607 2563 651 aut
2616 598 2915 665 virtutibus,
2970 616 3132 655 unum
3187 602 3392 672 specie;
3446 609 3499 658 et

1906 694 2074 750 multa
2102 692 2403 763 ‘speciebus,
2434 706 2599 745 unum
2640 691 2696 744 in
2724 702 2930 762 genere.
2956 691 3194 748 Proinde
3237 691 3285 748 si
3306 708 3503 749 omnes

1907 786 2116 856 species
2134 784 2188 840 in
2229 798 2428 855 genere
2449 796 2613 837 unum
2636 791 2783 849 sunt,
2804 784 3074 853 quomodo
3094 784 3222 841 illud
3239 802 3405 840 unum
3439 800 3505 842 ex

1894 887 2064 948 parte
2083 876 2301 947 peribit,
2336 892 2400 932 ex
2427 883 2581 947 parte
2601 876 2979 947 permanebit?
3015 877 3084 931 Et
3107 879 3153 933 si
3176 878 3303 934 illud
3331 895 3508 934 unum

1902 967 2265 1035 substantiale
2278 975 2450 1021 unum
2473 975 2579 1034 est,
2607 967 2879 1036 quomodo
2894 968 3113 1039 peribit,
3134 984 3257 1024 cum
3281 968 3333 1023 in
3350 970 3509 1024 omni

213 1085 312 1124 seu
356 1068 546 1124 iterum
588 1067 847 1138 quaedam
880 1065 1128 1120 sensiti'va
1159 1062 1599 1118 administrantur
1622 1071 1808 1131 poten-
1879 1063 2159 1135 creatura
2181 1061 2317 1115 haec
2338 1059 2443 1115 tria
2493 1059 2998 1131 incorruptibiliter,
3019 1060 3139 1116 sine
3165 1062 3508 1117 incremento

214 1157 328 1222 tia,
361 1170 523 1227 neque
546 1154 644 1210 illa
672 1166 885 1209 sensum
904 1194 918 1218 ,
951 1169 1113 1225 neque
1130 1155 1266 1208 'ltaec
1295 1152 1612 1207 intellectum
1641 1154 1808 1224 parti-

214 1247 433 1317 cipant;
483 1245 529 1299 si
572 1260 693 1299 vero
741 1244 798 1298 in
851 1244 1034 1298 anima
1082 1241 1422 1298 intellectuali
1461 1251 1513 1296 et
1559 1242 1807 1297 rationali

215 1337 588 1408 perfectionem
625 1335 778 1389 habet
829 1349 1013 1399 omne,
1053 1334 1194 1404 quod
1234 1349 1340 1389 non
1381 1333 1457 1388 ita
1485 1342 1596 1400 est,
1627 1333 1806 1405 aequi-

212 1443 402 1482 eocum
445 1427 656 1497 quidem
695 1426 904 1480 animae
950 1441 1062 1480 esse
1097 1433 1295 1495 potest,
1339 1441 1442 1480 non
1483 1434 1658 1480 tamen
1696 1441 1809 1480 vere

213 1517 436 1581 anima,
468 1515 559 1570 sed
589 1515 848 1587 quaedam
879 1515 1113 1586 operatio
1155 1514 1363 1580 vitalis,
1391 1516 1659 1571 mentione
1688 1515 1808 1570 ani-

218 1624 341 1662 mae
368 1617 541 1663 utens.
572 1606 680 1662 Sed
711 1606 756 1661 si
789 1606 865 1661 ita
890 1615 1009 1671 est,
1043 1613 1101 1660 ut
1145 1605 1218 1660 illi
1261 1606 1476 1673 volunt,
1517 1622 1617 1662 cur
1656 1622 1813 1680 gene-

218 1696 360 1753 ralis
383 1697 531 1752 “vitae
557 1696 874 1768 principalis
901 1696 1099 1752 divisio
1133 1706 1224 1752 est
1263 1696 1318 1751 in
1360 1697 1598 1752 animam
1641 1698 1810 1754 ratio-

1908 1151 1992 1207 vel
2012 1153 2358 1209 decrementa
2376 1160 2747 1221 permaneant,
2786 1153 3108 1218 substantia,
3148 1154 3340 1218 virtus,
3369 1162 3425 1208 et
3455 1152 3503 1189 ⁸³

1907 1229 2174 1314 operatio?
2188 1242 2254 1297 Et
2267 1242 2311 1297 si
2324 1243 2565 1296 omnium
2578 1241 2893 1297 animalium
2909 1256 3159 1312 corpora,
3174 1243 3391 1313 quando
3404 1242 3509 1299 sol-

1911 1338 2127 1399 vuntur,
2142 1349 2246 1389 non
2264 1333 2330 1388 ad
2346 1332 2571 1389 nihilum
2588 1334 2924 1404 rediguntur,
2938 1334 3032 1390 sed
3047 1335 3099 1389 in
3115 1323 3507 1390 elementorum

1908 1424 2220 1494 qualitates,
2244 1438 2475 1494 quarum
2500 1438 2770 1478 concursu
2800 1422 3153 1478 materialiter
3179 1422 3323 1479 facta
3355 1431 3505 1491 sunt,

1911 1519 2091 1574 redire
2136 1517 2401 1572 naturalis
2453 1515 2593 1571 ratio
2636 1515 2922 1585 perspicue
2969 1514 3016 1547 "
3062 1516 3345 1586 perhibet:
3374 1531 3508 1585 quo-

1912 1609 2075 1666 modo
2125 1625 2316 1665 eorum
2357 1609 2597 1674 aninmo,
2649 1623 2772 1663 cum
2814 1606 3058 1679 profecto
3105 1609 3217 1664 sint
3266 1610 3509 1666 melioris

1912 1708 2168 1766 naturae,
2208 1699 2604 1770 qualiscunque
2656 1698 2798 1752 enim
2846 1697 3031 1752 anima
3083 1698 3177 1760 sit.
3226 1698 3510 1754 meliorem

216 1786 407 1842 ualent
436 1796 493 1842 et
523 1785 939 1843 intellectualem
957 1795 1062 1853 ,_et
1092 1787 1149 1842 in
1180 1788 1202 1820 '
1252 1787 1490 1843 animam
1519 1789 1735 1847 ratione
1761 1800 1818 1846 et
1849 1793 1892 1853 Β
1917 1809 2045 1850 esse
2073 1793 2221 1849 omni
2271 1806 2500 1861 corpore
2544 1804 2705 1844 nemo
2746 1789 3053 1859 sapientum
3103 1788 3354 1858 denegat,
3385 1804 3509 1844 om-

226 1878 511 1935 intellectu
554 1879 877 1934 carentem?
922 1878 1102 1947 Quare
1141 1880 1243 1935 sub
1287 1896 1397 1936 uno
1439 1895 1639 1950 genere
1679 1882 1823 1938 vitae

218 1971 371 2023 diuae
394 1969 608 2040 species
634 1968 739 2025 sibi
768 1969 1000 2026 invicem
1026 1970 1337 2027 contrariae
1362 1972 1678 2042 ponuntur?
1703 1973 1820 2029 Non

223 2060 374 2114 enim
404 2059 668 2115 rationale
705 2068 761 2115 et
795 2060 1109 2116 irrationale
1135 2060 1396 2118 sibimet'
1444 2062 1819 2129 adversantur,

227 2153 329 2207 sed
357 2150 717 2207 diﬁ‘eren'tiam
738 2151 1044 2221 Specierum
1070 2152 1230 2206 unius
1250 2153 1469 2222 generis
1491 2155 1820 2223 cXprimnnt.

228 2242 428 2299 Vivere
465 2251 646 2299 autem
682 2252 743 2298 et
782 2243 919 2298 mori
958 2243 1223 2299 sibimet‘
1276 2244 1498 2299 omnino
1547 2260 1825 2315 opponun-

224 2336 562 2387 tur:uuu‘m
588 2333 734 2387 enim
784 2332 1031 2388 habitum
1080 2332 1387 2404 signiticet,
1437 2333 1666 2390 alterum
1718 2336 1827 2404 pri-

235 2425 553 2489 vationem;
590 2424 806 2479 habitus
847 2433 1029 2480 autem
1069 2432 1125 2479 et
1164 2424 1396 2496 privatio
1436 2426 1654 2481 sibimet
1692 2440 1824 2482 con-

239 2516 539 2573 tradicunt.
569 2515 626 2570 Si
658 2516 834 2585 ergo“
886 2526 1009 2586 post
1053 2516 1376 2572 solutionem
1426 2518 1672 2588 corporis
1722 2535 1845 2580 una,

227 2610 450 2680 species
480 2617 697 2674 manet,
728 2608 899 2663 altera
927 2608 1104 2687 perit,
1138 2610 1409 2679 quomodo
1438 2622 1626 2664 earum
1657 2626 1830 2680 genus

233 2710 411 2755 totum
462 2714 617 2754 suum
674 2699 955 2754 servabit?
1009 2697 1080 2754 Ut
1124 2698 1271 2756 enim
1320 2708 1581 2770 pereunte
1629 2715 1829 2772 genere

228 2800 429 2847 omnes
457 2790 479 2821 ⁸
507 2791 715 2862 species
775 2790 918 2846 illius
966 2792 1144 2861 perire
1189 2805 1414 2847 necesse
1457 2801 1569 2857 est,
1623 2792 1697 2848 ita
1748 2794 1832 2849 iu-

234 2883 576 2939 tereuntibus
620 2884 907 2955 speciebus
953 2883 1168 2939 illorum
1208 2899 1377 2954 genus
1423 2885 1647 2942 interire
1691 2885 1831 2943 ratio

232 2975 425 3045 cogit;
476 2989 647 3045 genus
696 2974 841 3029 enim
891 2974 945 3029 in
975 2976 1090 3031 suis
1142 2976 1426 3047 speciebus
1471 2977 1734 3044 salvator,
1777 2985 1834 3033 et

233 3066 454 3136 species
487 3067 538 3121 in
567 3081 788 3138 genere.
823 3066 882 3122 Si
914 3077 1097 3122 autem
1127 3066 1423 3124 formarum
1443 3108 1459 3135 ,
1492 3083 1588 3125 seu
1624 3070 1833 3139 specie-

1926 1888 2053 1944 nino
2079 1887 2261 1957 perire
2303 1891 2550 1955 possunt,
2598 1883 2725 1937 dum
2779 1880 2976 1935 rationi
3032 1894 3141 1936 non
3188 1879 3508 1945 conveniat,

1923 1980 2070 2050 quod
2097 1978 2335 2034 deterius
2363 1983 2467 2039 est,
2497 1987 2719 2029 manere
2753 1980 2810 2028 et
2832 1971 3051 2035 saivari,
3077 1971 3222 2042 quod
3246 1987 3377 2027 vero
3399 1985 3514 2028 me-

1922 2071 2052 2139 lius,
2087 2069 2364 2140 corriunpi
2394 2073 2449 2124 et
2490 2067 2697 2139 perire,
2743 2073 2800 2121 et
2843 2064 2987 2135 quod
3017 2065 3375 2135 compositum
3403 2071 3513 2129 est,

1925 2167 1980 2221 in
2007 2166 2123 2221 suis
2148 2163 2400 2233 partibus
2427 2158 2714 2228 disiunctis
2752 2156 3039 2221 custodiri,
3070 2156 3296 2225 simplex
3332 2163 3516 2209 autem

1921 2257 2182 2325 omnique
2213 2251 2609 2323 compositione
2635 2263 2835 2305 carens
2879 2247 3210 2315 dissolvique
3256 2246 3518 2317 nequiens

1928 2347 2203 2405 interimi?
2239 2344 2415 2402 Omne
2472 2352 2655 2399 autem
2709 2355 2908 2411 corpus
2959 2340 3321 2409 compositum
3373 2351 3507 2403 esse,

1926 2455 2146 2496 omnem
2171 2453 2300 2494 vero
2329 2437 2567 2491 animum
2598 2433 2922 2503 simplicem,
2969 2432 3091 2502 quis
3137 2431 3357 2501 supbiae
3400 2439 3519 2486 stu-

1930 2531 2174 2588 dentium
2200 2527 2460 2585 nesciat?
2494 2527 2558 2581 Et
2580 2525 2724 2596 quod
2770 2525 2855 2580 bis
2898 2523 3153 2581 omnibus
3196 2522 3518 2587 mirabilius,

1928 2638 2122 2695 quare,
2169 2622 2262 2692 qui
2312 2618 2717 2676 irrationabiles
2769 2616 2980 2672 animas
3022 2624 3146 2687 post
3196 2616 3521 2670 solutionem

1931 2712 2178 2784 corporis
2219 2710 2444 2766 interire
2489 2714 2761 2773 asserunt,
2804 2720 2906 2762 nec
2934 2705 3226 2768 immerito,
3258 2713 3316 2759 ut
3347 2705 3519 2769 aiunt,

1931 2804 2190 2874 quoniam
2228 2802 2295 2856 de
2342 2809 2488 2854 terra
2518 2806 2767 2869 sumptae
2793 2805 2918 2851 sunt
2950 2804 3005 2850 ct
3030 2794 3084 2849 in
3129 2803 3329 2850 terram
3353 2793 3524 2848 resolo

1933 2899 2156 2956 vuntnr,
2202 2889 2415 2960 magnis
2456 2888 2707 2943 laudibus
2748 2882 3135 2940 irrationabilis
3162 2883 3375 2938 animae
3410 2882 3523 2937 vir-
3606 2879 3629 2893 ‘

1936 2994 2108 3040 tntem
2148 2985 2200 3039 in
2233 2983 2486 3039 sensibus
2531 2980 2792 3043 exaltant.
2837 2988 2891 3034 et
2925 2978 3267 3035 rationabilis
3308 2977 3526 3033 animae

1939 3075 1995 3141 in
2023 3074 2275 3131 sensibus
2296 3073 2575 3145 corporeis
2612 3072 2802 3127 virtuti
2846 3069 3201 3142 praeferunt?
3224 3068 3357 3137 Quis
3377 3069 3522 3123 enim

242 3135 365 3211 rum
384 3196 401 3223 ,
432 3157 535 3212 sub
563 3135 671 3212 uno
700 3171 903 3229 genere
929 3159 1380 3224 constitutarum,
1412 3135 1677 3229 quaedam
1712 3161 1831 3230 qni-
1861 3140 1910 3205 (ἶ
1939 3135 2214 3222 bomimnu
2261 3135 2422 3220 acute
2464 3164 2633 3229 videt,
2680 3169 2742 3217 ut
2786 3135 2987 3233 aquila-
3021 3169 3078 3216 et
3126 3135 3364 3216 dorcas?
3391 3158 3525 3226 Quis

234 3247 366 3302 dem
411 3246 549 3301 mori
579 3256 806 3318 possunt
833 3247 878 3313 ',
925 3256 982 3302 et
1022 3248 1349 3314 utoriuntur,
1390 3249 1659 3320 quaedam
1699 3264 1830 3305 vero

238 3355 345 3395 nec
371 3340 393 3372 ⁸
447 3348 675 3409 possunt
707 3340 873 3405 mori,
908 3355 1007 3395 nec
1039 3340 1367 3406 moriuntur,
1397 3340 1526 3410 quid
1574 3341 1640 3397 de
1688 3341 1831 3412 ipsa-

238 3446 365 3486 rum
407 3446 604 3503 geuere
649 3429 935 3485 dicemus?
981 3429 1065 3485 An
1109 3440 1166 3486 et
1197 3432 1372 3501 ipsum
1417 3431 1472 3486 in
1510 3431 1833 3502 quibusdam

239 3524 474 3595 peribit,
509 3524 564 3578 in
603 3524 928 3594 quibusdam
959 3538 1067 3579 non
1097 3523 1341 3594 peribit?
1369 3522 1488 3579 Non
1512 3525 1659 3580 enim
1687 3524 1842 3580 inte-‘

234 3631 402 3688 grnm
432 3622 613 3686 potest
640 3625 963 3684 permanere
983 3654 999 3681 ,
1029 3615 1173 3685 quod
1200 3614 1469 3686 quasdam
1492 3628 1623 3671 suas
1646 3623 1835 3686 partes

240 3712 452 3779 patitur
501 3708 766 3779 perdere,
811 3721 874 3763 ac
917 3723 1015 3778 per
1063 3708 1166 3763 hoc
1205 3722 1311 3763 non
1355 3708 1460 3763 erit
1506 3722 1710 3778 genus,
1741 3707 1836 3763 sed

238 3796 463 3870 generis
511 3797 691 3852 ruina.
743 3794 799 3852 Si
827 3797 972 3852 enim
1010 3797 1252 3853 omnium
1292 3810 1521 3865 corpore
1557 3804 1614 3850 et
1653 3797 1835 3851 anima

237 3890 668 3945 constitutorum
700 3904 875 3971 lunam
917 3903 1087 3957 genus
1125 3896 1211 3944 est
1232 3927 1248 3955 ,
1281 3888 1425 3958 quod
1462 3888 1663 3942 animal
1696 3888 1835 3943 dici-

239 3992 359 4048 tur,
401 3982 655 4051 quoniam
690 3982 741 4037 in
781 3994 847 4037 eo
879 3982 1062 4037 omnia
1105 3981 1361 4036 animalia
1408 3982 1839 4037 substantialiter

238 4071 584 4137 subsistunt;
614 4086 738 4126 nam
768 4080 824 4127 et
865 4072 1046 4136 homo,
1073 4079 1126 4126 et
1165 4072 1270 4137 leo,
1311 4080 1367 4128 et
1397 4072 1515 4137 bos,
1564 4080 1621 4127 et
1665 4088 1838 4141 equus

244 4164 304 4218 in
336 4163 454 4233 ipso
481 4179 646 4217 unum
679 4171 826 4226 sunt,
857 4173 911 4218 et
942 4164 1299 4219 substantiale
1332 4178 1530 4218 unum:
1568 4167 1840 4235 quomodo

246 4256 397 4312 illius
426 4253 641 4327 generis
668 4270 860 4311 omnes
898 4257 1107 4327 species
1130 4256 1404 4326 peribunt,
1429 4255 1531 4313 ea’
1572 4258 1689 4314 sola
1716 4271 1841 4328 per-

246 4356 528 4410 manente,
575 4361 714 4417 quae
760 4347 1073 4404 hominibus
1119 4355 1205 4405 est
1251 4348 1592 4406 distributa?
1635 4350 1717 4407 Ac
1744 4365 1842 4422 per

248 4440 378 4502 hoc,
410 4437 456 4492 si
497 4454 600 4492 una
640 4438 851 4508 species
878 4438 991 4494 sola
1016 4439 1402 4509 permanserit,
1437 4440 1636 4497 ceteris
1670 4442 1841 4497 inter-

245 4530 528 4601 euntibus,
571 4530 769 4599 pcribit
804 4530 967 4585 etiam
1009 4546 1200 4601 genus,
1238 4532 1384 4601 quod
1411 4547 1752 4604 nequaquam
1783 4534 1838 4589 in

249 4636 363 4674 una
392 4621 573 4690 specie
599 4620 785 4675 stabit.
815 4619 1280 4688 Quemadmodum
1317 4624 1464 4678 enim
1494 4640 1601 4680 una
1631 4626 1842 4694 species

250 4714 425 4769 ullum
452 4728 622 4781 genus
648 4714 832 4781 edicit,
881 4731 990 4772 non
1030 4716 1206 4772 video.
1237 4717 1370 4774 Cum
1398 4719 1441 4751 "
1480 4722 1627 4776 enim
1671 4738 1843 4793 genus

249 4803 551 4859 multarum
582 4806 623 4840 η
650 4805 945 4863 formarum
991 4827 1086 4867 seu
1128 4813 1429 4883 specierum
1470 4817 1843 4875 substantialis

251 4894 444 4948 unitas
467 4893 561 4959 sit,
593 4898 863 4965 quomodo
890 4899 1055 4954 stabit
1082 4916 1272 4971 genus,
1305 4903 1395 4958 ubi
1417 4905 1705 4961 multarum
1734 4906 1844 4962 for-

252 4999 472 5041 marum
512 4991 888 5058 specierumve
938 4992 1312 5049 substantialis
1360 4998 1540 5053 unitas
1579 5014 1686 5052 non
1725 5015 1848 5069 per-

256 5079 489 5133 manet?
529 5080 680 5148 Quod
711 5092 895 5137 autem
918 5084 1122 5140 multae
1166 5086 1375 5156 species
1429 5102 1594 5143 unum
1634 5089 1745 5144 sint
1794 5091 1848 5145 in

254 5186 486 5243 genere,
513 5182 733 5230 sanctus
761 5176 1052 5248 Dionysius
1077 5176 1270 5232 edocet
1300 5178 1352 5233 in
1379 5180 1556 5249 capite
1580 5181 1646 5236 de
1669 5181 1845 5252 perfe-

258 5274 350 5318 cto
372 5274 422 5319 et
451 5281 556 5321 uno
600 5267 816 5324 dicens:
845 5265 1030 5339 Neque
1048 5269 1186 5324 enim
1199 5278 1272 5325 est
1292 5270 1572 5327 multitudo
1601 5288 1703 5327 non
1729 5290 1849 5343 par-

1933 3257 2104 3330 pollet
2140 3257 2415 3313 odorifera
2460 3256 2535 3321 vi,
2577 3262 2634 3311 ut
2659 3254 2851 3311 canis?
2895 3255 2961 3309 Et
2988 3268 3056 3308 ne
3092 3252 3310 3324 longqu
3345 3251 3526 3307 videa-

1937 3360 2026 3405 tur
2052 3350 2120 3406 de
2162 3349 2494 3405 irrationalis
2533 3348 2746 3404 animae
2773 3345 3015 3417 potentia
3041 3347 3097 3402 in
3125 3345 3376 3401 sensibus
3414 3344 3529 3399 sin-

1936 3441 2186 3513 gulorum
2217 3441 2532 3497 animalium
2559 3439 2853 3503 disserere,
2887 3437 3021 3508 quid
3061 3436 3129 3493 de
3174 3434 3529 3491 diuturnitate

1937 3533 2232 3590 memoriae
2304 3530 2758 3588 irrationabilium
2812 3537 2897 3585 est
2958 3527 3248 3584 dicendum
3288 3526 3313 3579 ?
3363 3524 3528 3581 Canis

1940 3619 2148 3693 Ulyssis
2173 3630 2296 3692 post
2324 3636 2498 3677 armos
2536 3620 2727 3691 viginti
2761 3618 3063 3675 dominum
3084 3632 3241 3673 suum
3269 3628 3531 3687 recogno-

1940 3713 2036 3768 vit.
2079 3713 2329 3769 Camelus
2379 3710 2631 3781 iniuriam
2692 3727 2724 3765 a
2770 3710 3046 3782 magistris
3098 3710 3310 3780 patiens
3359 3707 3528 3763 multo

1939 3821 2205 3862 annorum
2233 3806 2409 3876 spatio
2431 3814 2617 3875 aptum
2665 3804 2856 3859 ultioni
2903 3818 3033 3858 suae
3066 3810 3276 3872 spectat
3322 3801 3523 3865 locum,

1940 3900 2065 3954 dum
2093 3898 2165 3952 sit
2202 3897 2316 3968 ipse
2341 3912 2551 3952 memor
2571 3910 2787 3965 semper
2808 3893 3057 3963 injuriae.
3092 3895 3168 3949 De
3191 3893 3530 3948 naturalibus

1942 3998 2119 4045 autem
2146 4005 2334 4044 eorum
2379 3987 2669 4042 virtutibus
2713 4001 2883 4056 pauca
2934 3984 3208 4041 subiciunt
3256 3984 3531 4055 exempla.

1941 4087 2148 4141 Tantae
2192 4084 2462 4139 CttStiialiS
2511 4082 2691 4137 lerunt
2732 4095 2853 4136 esse
2886 4082 3176 4152 grypltum,
3202 4081 3295 4150 qui
3319 4078 3384 4112 ¹⁸⁶
3402 4080 3536 4135 dum

1942 4177 2110 4233 semel
2132 4176 2412 4247 coniugale
2458 4173 2789 4231 consortium
2835 4170 3154 4241 perdiderit,
3195 4164 3412 4241 semper
3433 4184 3531 4225 ca-

1941 4269 2181 4325 stitatem
2220 4282 2374 4324 suam
2414 4265 2728 4322 inviolatam
2759 4272 3067 4330 conservat,
3116 4263 3316 4334 prioris
3345 4261 3534 4332 conju-

1943 4370 2017 4441 gii
2056 4378 2385 4420 memorans.
2433 4360 2587 4429 Quod
2630 4359 2796 4417 etiam
2845 4359 2914 4414 de
2958 4365 3172 4414 turture
3209 4365 3531 4412 naturarum

1870 4457 2297 4556 Dinquisitores
2352 4452 2591 4507 tradunt.
2645 4448 2723 4506 De
2769 4448 2970 4517 pietate
3022 4447 3358 4556 ciconiarum
3401 4458 3533 4517 erga

1947 4557 2200 4623 parentes
2243 4544 2478 4602 Basilius
2538 4542 2728 4598 scribit
2775 4559 2791 4594 :
2840 4548 2995 4610 patre
3048 4538 3312 4608 siquidem
3377 4551 3535 4592 sene-

1946 4650 2151 4706 Scente,
2186 4647 2243 4695 et
2276 4651 2408 4709 prae
2445 4634 2611 4690 nimia
2635 4639 2915 4687 senectute
2965 4629 3280 4684 indumenta
3327 4626 3536 4697 pluma-

1945 4740 2067 4788 rum
2107 4730 2388 4803 perdente,
2436 4725 2550 4780 nati
2605 4723 2844 4792 undique
2883 4721 3260 4785 circumstant,
3311 4718 3537 4787 suisque

1947 4824 2138 4894 pennis
2193 4818 2442 4883 eﬂ'ovent,
2497 4827 2554 4871 et
2601 4822 2756 4869 escas
2820 4811 3038 4882 copiose
3103 4815 3490 4881 praeparantes
3516 4847 3534 4874 ,

1946 4915 2109 4971 etiam
2152 4912 2205 4966 in
2235 4908 2415 4964 volatu
2438 4904 2676 4962 validum
2723 4908 3001 4973 praestant
3035 4900 3341 4963 anxiiium,’
3377 4898 3535 4967 quie-

1948 5012 2063 5059 tum
2094 4999 2310 5056 volatile
2338 4980 2594 5066 utrinque
2616 4994 2861 5050 levantes
2885 4992 2959 5056 ¹⁸;
2987 5007 3052 5047 ac
3081 4991 3161 5046 sic
3181 4990 3309 5044 illud
3332 4987 3387 5043 in
3416 5003 3534 5042 om-

1946 5093 2105 5149 nibus
2132 5091 2406 5162 adjuvant.
2446 5086 2559 5142 Hae
2606 5086 2769 5156 igitur
2803 5096 2993 5140 omnes
3033 5082 3309 5136 naturales
3362 5079 3529 5132 virtu-

1949 5192 2028 5240 tes
2076 5181 2346 5252 qnomodo
2375 5178 2419 5210 ¹⁶
2454 5176 2809 5233 irrationabili
2858 5175 3070 5229 animae
3114 5180 3333 5243 possent
3385 5171 3426 5202 "
3460 5170 3535 5224 in-

1947 5291 2087 5342 esse,
2101 5274 2147 5331 si
2161 5283 2305 5329 terra
2315 5280 2460 5329 esset
2475 5270 2539 5337 “‘,
2559 5276 2616 5323 ut
2628 5270 2776 5323 aiunt
2792 5266 3050 5337 praedicti
3073 5264 3285 5329 Patres,
3298 5263 3366 5317 de
3389 5270 3536 5316 terra

1546 5455 1794 5514 VARIAE
1830 5457 2234 5516 LECTIONES.

344 5587 366 5623 ⁸
391 5588 481 5645 AC
510 5606 619 5666 XVI:
696 5594 716 5623 ²
746 5593 954 5666 in‘om;
967 5593 1011 5647 A
1087 5594 1110 5627 ³
1137 5595 1181 5666 Α
1210 5596 1311 5666 sibi
1331 5596 1570 5650 inuicem.
1647 5594 1669 5625 ⁸
1694 5594 1739 5649 Α
1761 5594 1882 5649 sibi.
1956 5593 2035 5666 ΡΑ
2062 5594 2242 5666 igitur.
2270 5662 2279 5666 Δ
2319 5592 2340 5624 ⁸
2374 5592 2415 5649 C
2443 5593 2627 5666 opmis.
2705 5590 2781 5666 ᾋ
2802 5596 3022 5666 possunt
3054 5586 3209 5666 mori.
3284 5584 3305 5615 ⁸
3334 5583 3375 5637 Α
3408 5600 3532 5666 non.

261 5661 291 5694 ⁹
328 5675 390 5714 ea
428 5675 538 5716 om.
579 5661 640 5717 C.
771 5662 815 5695 ¹⁰
840 5665 884 5718 Α
913 5660 1067 5717 Cur..

268 5729 340 5764 ’δ’
368 5747 537 5803 corr.,
564 5732 652 5788 AC
677 5730 832 5802 quae.

597 5824 871 5889 Ριτιιοι.
917 5825 1177 5887 CXXII.

1155 5665 1192 5696 "
1224 5665 1271 5720 Δ
1309 5667 1593 5720 multarum
1619 5682 1800 5735 genus.

1925 5665 1968 5695 ¹²
2002 5666 2055 5717 in
2082 5655 2221 5718 vom.
2254 5662 2317 5718 A.
2443 5662 2487 5694 ¹³
2509 5671 2557 5716 et
2597 5675 2706 5714 om.
2738 5655 2811 5715 CI
2928 5655 2971 5688 ἰ
2998 5656 3267 5726 perspicue
3314 5667 3422 5726 om.
3466 5655 3537 5710 Δ.

916 5734 1133 5799 "CQui
1152 5738 1287 5790 enim
1311 5736 1516 5792 volatile
1544 5725 1803 5808 utrimque
1823 5734 2054 5791 leviores.
2134 5737 2177 5768 ιθ
2202 5734 2241 5790 C
2268 5735 2516 5803 quoniam
2584 5731 2693 5785 "A
2720 5739 2954 5802 possunt.
3000 5725 3003 5726 ⁷
3036 5728 3077 5759 ’⁸
3110 5726 3213 5781 Pro
3241 5735 3369 5781 esset
3393 5725 3439 5778 Α
3464 5735 3536 5780 et.

2943 5816 3022 5877 21s

3486 5878 3520 5894 Α
