4028 6282
597 310 702 365 739

1984 311 2264 369 JOANNIS
2306 315 2499 369 SCOTI

3767 323 3876 378 τω

594 433 735 484 orta,
759 431 812 476 et
839 423 890 475 iii
926 430 1125 475 terram
1159 422 1354 475 itertim
1376 421 1391 451 ¹
1419 422 1791 485 resoluta,aut
1812 425 1856 478 si
1886 437 2011 480 vere
2032 425 2160 480 sub-
2192 442 2239 499 Α
2267 424 2388 489 bus,
2417 426 2524 479 imo
2555 425 2736 480 omnia
2760 425 2780 456 ’
2804 426 2924 496 plus
2952 441 3111 497 quam
3137 428 3188 482 in
3216 429 3522 487 hominibus
3545 433 3585 465 "
3632 434 3869 502 pollent.

591 515 858 569 stantialis
889 515 1067 568 anima
1118 529 1224 568 non
1258 525 1420 579 esset,
1473 515 1716 570 invenire
1764 531 1871 571 non
1924 531 2165 586 possum.

589 601 729 658 Etsi
780 603 957 656 anima
1011 611 1152 656 terra
1209 612 1310 664 est,
1343 615 1396 657 et
1447 615 1590 658 terra
1638 619 1858 674 corpus,
1898 606 2169 674 quomodo

589 708 783 763 corpus
805 695 982 745 anima
1016 701 1252 755 vocatur,
1277 710 1399 747 cum
1427 683 1725 749 dill'erentia
1751 696 1982 750 naturali
2010 695 2167 766 longe

589 804 616 840 a
659 803 718 842 se
753 788 986 841 invicem
1037 789 1375 859 discrepent?
1427 789 1492 843 Et
1519 790 1563 844 si
1611 804 1806 859 corpus
1835 797 1920 844 est
1962 788 2162 854 anima,

586 880 894 933 necessario
932 877 1149 933 habebit
1182 880 1366 944 vitam,
1401 895 1540 949 quae
1583 893 1702 933 eam
1733 880 2005 946 vivificet;
2047 879 2164 933 nul-

587 967 694 1020 lum
732 969 998 1036 siquidem
1046 983 1238 1037 corpus
1266 978 1368 1033 est,
1417 969 1560 1039 quod
1601 970 1709 1023 vita
1754 978 1810 1024 et
1861 969 2042 1038 specie
2067 983 2161 1022 ca-

586 1067 724 1122 reat,
747 1058 980 1128 alioquin
1010 1073 1114 1112 non
1157 1060 1255 1112 erit
1304 1074 1517 1127 corpus.
1560 1060 1637 1112 Ac
1663 1073 1761 1129 per
1785 1059 1886 1114 hoc
1913 1058 2018 1114 erit
2047 1058 2165 1112 ani-

586 1162 671 1199 ma
697 1147 932 1211 animae,
959 1164 1050 1201 seu
1083 1149 1190 1202 vita
1216 1148 1381 1203 vitae.
1417 1148 1523 1203 Sed
1547 1164 1705 1202 nemo
1737 1149 2035 1215 existimet,
2064 1163 2162 1203 nos

583 1238 715 1290 talia
753 1238 935 1292 dicere
967 1237 1131 1292 veluti
1173 1253 1391 1294 sensum
1435 1249 1743 1294 sanctorum
1794 1240 2016 1294 Patrum
2062 1239 2160 1294 de-

581 1338 870 1394 struentes,
902 1330 993 1383 sed
1024 1331 1218 1400 potius,
1255 1331 1383 1401 quid
1434 1331 1500 1385 tle
1551 1332 1634 1386 his
1673 1332 2045 1387 rationabilius
2079 1340 2162 1388 te-

580 1426 840 1490 nendum,
874 1441 970 1495 pro
1019 1426 1226 1479 viribus
1275 1426 1477 1480 nostris
1520 1434 1865 1495 quaerentes,
1911 1425 2014 1481 hoc
2051 1434 2156 1491 est,

491 1581 500 1589 χ
574 1525 762 1572 utrum
802 1517 1199 1573 irrationabiles
1242 1518 1453 1573 animae
1482 1519 1800 1589 corporibus
1836 1518 2028 1575 solutis
2076 1519 2159 1574 in-

577 1617 788 1662 tereunt
815 1617 869 1663 et
917 1609 969 1662 in
1020 1618 1222 1663 terram
1273 1609 1575 1674 solvuntur,
1632 1625 1700 1664 an
1762 1612 1815 1666 in
1867 1611 2158 1682 generibus

574 1699 686 1752 suis
705 1712 991 1768 corporum
1028 1714 1251 1753 suorum
1285 1699 1807 1755 administrationem
1837 1701 2154 1757 deserentes

2271 511 2460 567 Merito
2508 525 2684 568 autem
2732 519 3031 584 quaeritur,
3087 534 3254 588 quare
3311 522 3542 576 volatilia
3599 539 3665 578 ex
3723 542 3868 595 aqua

2267 604 2526 672 producta
2571 605 2838 661 dicantur.
2895 609 3218 665 Credibilius
3270 627 3503 682 namque
3557 616 3868 680 videretur,

2266 694 2713 762 quemadmodum
2739 698 2990 752 animalia
3025 707 3228 755 terram
3257 702 3552 758 habitantia
3602 707 3668 760 de
3718 717 3869 762 terra

2265 785 2614 852 perhibentur
2667 795 2875 855 creata,
2927 789 3001 842 ita
3053 791 3218 844 etiam
3270 794 3442 860 pisces
3493 795 3867 863 solummodo,

2264 889 2436 944 aquae
2475 878 2689 945 quidem
2719 893 3080 948 possessores,
3108 881 3176 936 de
3203 897 3379 950 aqua;
3423 884 3652 939 volatilia
3707 903 3865 951 vero,

2263 980 2400 1035 quae
2434 968 2559 1020 aéra
2591 976 2825 1031 tranant,
2858 971 2925 1025 de
2947 971 3074 1026 aére
3107 986 3320 1042 quoque
3355 975 3549 1028 creari.
3592 975 3704 1031 Sed
3739 980 3867 1034 huic

2261 1058 2564 1127 quaestioni
2594 1059 2989 1116 rationabiliter
3032 1061 3074 1092 ’ί
3121 1063 3442 1126 occurritur,
3490 1065 3533 1118 si
3583 1081 3862 1134 aquarum

2261 1155 2450 1200 natura
2479 1149 2865 1205 consideretur.
2905 1151 3140 1218 Quarum
3172 1153 3306 1205 duae
3333 1155 3536 1222 species
3569 1165 3726 1219 sunt,
3757 1172 3862 1208 una

2259 1237 2474 1308 quidem
2514 1238 2721 1293 marina
2749 1248 2805 1295 et
2828 1238 3079 1306 ﬂuvialis,
3117 1244 3502 1312 crassiorisque
3548 1246 3858 1313 qualitatis,

2258 1327 2426 1382 altera
2458 1344 2582 1384 vero
2609 1331 2876 1401 vaporalis
2901 1341 2957 1388 et
2978 1332 3251 1397 nebulosa,
3277 1333 3566 1403 leviorque.
3607 1335 3680 1389 Et
3706 1353 3860 1391 cns-

2256 1419 2368 1474 sior
2394 1419 2611 1490 quidem
2649 1430 2863 1476 terrena
2902 1421 3175 1478 soliditate
3224 1422 3460 1489 fulcitur,
3506 1425 3675 1479 levior
3727 1443 3856 1480 vero

2256 1512 2416 1566 aérea
2443 1512 2790 1581 suspenditur
2809 1515 3122 1580 serenitate,
3147 1516 3316 1569 donec
3345 1515 3397 1567 in
3425 1517 3854 1571 crassitudinem

2253 1612 2496 1659 vertatur
2522 1614 2577 1658 et
2600 1605 3083 1674 ponderositatem,
3108 1620 3268 1674 quam
3297 1606 3508 1661 exilitas
3533 1605 3650 1674 ejus
3678 1611 3850 1662 susti-

2253 1709 2384 1750 nere
2415 1709 2522 1750 non
2551 1703 2748 1766 potest.
2789 1694 2926 1750 Hinc
2950 1696 3236 1751 coniicitur
3269 1697 3500 1750 naturali
3524 1699 3850 1752 considera-

571 1787 915 1855 salvantur’,
949 1789 1076 1844 illud
1122 1791 1341 1860 ubique,
1364 1792 1506 1860 quod
1551 1792 1692 1847 veris
1727 1792 2153 1848 ratiocinationi-
2181 1784 2226 1844 Β
2256 1785 2419 1853 tione,
2466 1785 2678 1856 reptilia
2727 1785 2941 1842 animae
2987 1787 3235 1851 viventis,
3295 1789 3398 1842 hoc
3441 1798 3548 1852 est,
3598 1791 3849 1843 omnium

569 1881 669 1936 bus
702 1883 1004 1951 quaesitum
1049 1893 1105 1937 et
1153 1892 1424 1952 repertum
1478 1893 1534 1937 et
1575 1885 1912 1950 conclusum,
1963 1885 2149 1941 incon-

569 1988 729 2028 cusse
758 1981 1026 2038 tenentes,
1049 1975 1191 2041 quod
1220 1974 1396 2028 omnis
1424 1974 1556 2038 vita,
1600 1975 1713 2028 sive
1744 1975 1921 2028 anima
1951 1987 2150 2043 corpus

575 2067 838 2136 rogitans,
895 2067 1312 2136 participatione
1363 2068 1522 2122 unius
1572 2068 1938 2138 primordialis
2004 2070 2148 2124 vitae

566 2172 662 2211 seu
717 2157 930 2212 animae
1010 2157 1307 2212 subsistere
1347 2157 1368 2190 ³
1415 2171 1510 2212 seu
1589 2160 1754 2213 vitam
1834 2161 2144 2230 acceperit,

565 2261 726 2317 quam
803 2247 1311 2316 participationem,
1359 2251 1475 2304 sive
1549 2249 1604 2302 in
1683 2250 2149 2305 administratione

566 2356 854 2410 corporum
909 2341 1020 2406 sit,
1077 2342 1191 2396 sive
1259 2357 1364 2396 non
1426 2343 1534 2406 sit,
1600 2343 1820 2397 omnino
1895 2343 2147 2400 deserere

567 2433 825 2488 naturalis
873 2434 893 2464 ⁸
946 2449 1051 2488 non
1119 2435 1250 2488 sinit
1317 2436 1474 2490 ratio.
1557 2434 1765 2490 Nullius
1833 2451 1956 2508 ergo
2021 2450 2146 2492 sen-

565 2539 683 2580 sum
742 2524 1160 2594 praejudieando
1210 2525 1333 2579 talia
1388 2526 1639 2592 dicimus,
1697 2525 1788 2581 sed
1844 2525 2143 2596 iegentibus

562 2615 835 2670 suadendo
873 2616 1166 2671 studiosius
1219 2631 1504 2688 quaerere,
1553 2626 1606 2672 et
1651 2616 1794 2688 quod
1837 2618 1905 2673 iis
1949 2620 2144 2689 proba-

559 2704 720 2760 bilius
755 2706 985 2774 videtur,
1019 2709 1264 2763 consulta
1298 2710 1546 2775 veritate,
1576 2711 1941 2765 indubitanter
1961 2712 2136 2782 sequi.

563 2795 945 2854 Verumtamen
975 2802 1320 2865 credi.!erim,
1369 2810 1586 2856 sanctos
1632 2802 2142 2872 philosopliicosque

560 2891 726 2954 viros,
789 2891 1128 2961 solertesque
1186 2893 1237 2945 iu
1296 2892 1476 2946 veraci
1541 2908 1721 2946 rerum
1776 2893 2136 2964 indagatione,

560 2977 860 3047 liujusmodi
923 2980 1224 3034 doctrinam
1285 2980 1497 3049 publice
1560 2979 1848 3050 protulisse
1919 2991 2139 3052 propter

555 3071 872 3142 insipientes
926 3073 1207 3135 homines.
1269 3073 1419 3127 carni
1481 3075 1735 3139 omnino,
1789 3074 1928 3128 sicut
1975 3075 2131 3129 bruta

2250 1875 2478 1947 piscium
2520 1891 2720 1948 genera
2745 1885 2801 1932 et
2831 1877 3041 1949 species
3066 1893 3132 1933 ex
3155 1881 3402 1933 crassiori
3427 1895 3697 1950 aquarum
3730 1895 3847 1950 spe—

2249 1968 2353 2031 cie,
2382 1967 2618 2025 volatilia
2647 1983 2775 2024 vero
2802 1969 2845 2001 υ
2875 1969 3123 2024 similiter
3153 1972 3203 2024 in
3235 1973 3520 2041 generibus
3545 1979 3604 2024 et
3628 1973 3846 2041 specie-

2249 2058 2348 2112 bus
2388 2059 2500 2112 suis
2543 2073 2611 2115 ει
2657 2057 2838 2114 leviori
2879 2061 3073 2114 creari.
3114 2059 3181 2113 Et
3206 2061 3456 2129 quoniam
3487 2061 3630 2116 aéris
3659 2061 3844 2130 hujus,

2247 2147 2338 2218 qui
2365 2157 2449 2202 est
2478 2149 2616 2203 inter
2647 2148 2827 2204 lunam
2857 2160 2911 2204 et
2939 2159 3172 2214 terram,
3205 2151 3434 2219 spatium
3467 2151 3520 2204 in
3557 2152 3698 2206 duas
3724 2167 3844 2221 par-

2249 2245 2329 2291 tes
2356 2236 2630 2301 dividitur,
2667 2254 2894 2309 quarum
2939 2240 3186 2308 superior
3227 2254 3418 2295 serena
3464 2241 3688 2309 quidem
3741 2251 3842 2306 est,

2245 2325 2509 2396 nullisque
2534 2328 3046 2396 perturbationibus,
3079 2345 3217 2400 quae
3254 2345 3319 2386 ex
3357 2333 3592 2386 terrenis
3627 2333 3843 2403 aquati-

2243 2417 2428 2488 cisque
2457 2419 2745 2489 vaporibus
2776 2422 2828 2475 in
2858 2421 2983 2476 aére
3026 2432 3343 2485 nascuntur,
3380 2422 3615 2477 obnoxia
3635 2463 3652 2488 ,
3708 2421 3843 2478 infe-

2244 2507 2358 2564 rior
2397 2523 2527 2563 vero
2565 2509 2783 2564 humida
2835 2519 2921 2565 est
2972 2519 3028 2566 et
3076 2511 3490 2582 corpulentioris
3537 2513 3837 2582 qualitatis,

2242 2601 2479 2656 motibus
2520 2611 2824 2669 ventorum,
2862 2603 3361 2674 conglobatiouibus
3398 2607 3649 2669 nubium,
3695 2616 3837 2662 cete-

2243 2690 2446 2762 risque,
2478 2707 2615 2761 quae
2653 2708 2716 2748 ex
2757 2693 3034 2748 vicinitate
3078 2703 3254 2748 terrae
3304 2705 3684 2764 aquarumque
3729 2696 3838 2750 eili—

2241 2781 2474 2846 ciuntur,
2518 2783 2920 2838 accommodata
2955 2801 2969 2837 :
2997 2784 3254 2856 quidquid
3284 2799 3348 2839 ex
3379 2784 3466 2838 illa
3496 2795 3653 2854 parte
3696 2787 3837 2842 aéris

2241 2871 2491 2926 humidae
2538 2888 2878 2944 aquosaeque
2926 2863 3201 2944 qualitatis
3252 2877 3490 2946 gignitur
3520 2917 3536 2941 ,
3587 2892 3654 2932 ex
3711 2879 3837 2933 aére

2238 2965 2411 3020 creari
2443 2980 2550 3020 non
2582 2966 2931 3038 incongruum
2961 2977 3044 3024 est
3077 2970 3317 3024 credere.
3359 2970 3472 3026 Non
3524 2973 3672 3026 enim
3707 2989 3832 3043 pos-

2238 3065 2358 3111 sent
2385 3057 2618 3112 volatilia
2647 3059 2786 3114 hanc
2815 3069 3025 3128 partem
3053 3061 3199 3117 aéris
3230 3062 3388 3116 terris
3415 3063 3685 3133 aquisque
3715 3067 3836 3118 viei-

557 3164 1052 3234 irrationabiliaque
1099 3166 1373 3229 animalia,
1422 3166 1648 3232 deditos,
1697 3181 1764 3221 ne
1807 3167 1884 3221 sic
1923 3167 1975 3220 in
2010 3183 2134 3222 car-

2243 3164 2362 3202 nam
2394 3157 2746 3216 transmeare,
2785 3152 2829 3206 si
2871 3153 3065 3209 aereae
3107 3161 3332 3209 naturae
3378 3156 3604 3210 omnino
3652 3167 3836 3211 essent

556 3268 678 3307 nem
715 3255 994 3319 caderent,
1042 3255 1265 3324 ejusque
1295 3256 1578 3310 desideriis
1605 3257 1892 3320 servirent,
1941 3257 2034 3312 sed
2079 3265 2136 3309 ut

555 3343 677 3396 talis
704 3343 1090 3398 irrationabilis
1133 3355 1413 3398 creaturae
1444 3347 1650 3400 vilitate
1693 3347 1887 3408 territi,
1939 3349 2004 3399 ad
2051 3360 2136 3398 ra-

555 3432 829 3486 tionabilis
857 3442 1082 3487 naturae
1108 3434 1128 3464 ⁸
1168 3433 1504 3503 dignitatem,
1540 3437 1591 3489 in
1620 3452 1724 3505 qua
1753 3435 1952 3490 conditi
1988 3444 2130 3499 sunt,

560 3520 802 3574 moribus
824 3523 1086 3576 correctis
1138 3539 1196 3577 se
1237 3525 1529 3594 erigerent.
1576 3526 1729 3593 Quod
1779 3527 1890 3596 ipse
1933 3526 2136 3598 Grego-

554 3612 668 3665 rius
693 3612 743 3665 in
773 3611 1091 3667 duodecimo
1115 3613 1135 3643 ⁸
1158 3614 1336 3683 capite
1365 3616 1430 3669 de
1475 3613 1711 3685 lmagiue
1740 3615 1896 3685 plane
1939 3617 2132 3687 aperit.

553 3701 688 3756 Nam
717 3713 1000 3774 postquam
1047 3706 1200 3770 dixit,
1254 3706 1677 3762 irrationabilem
1708 3709 1947 3763 animam
1974 3705 2128 3764 non"

552 3812 672 3853 esse
697 3810 824 3850 vere
873 3797 1128 3858 animam,
1181 3797 1338 3866 paulo
1380 3808 1500 3869 post
1545 3800 1867 3870 subjunxit:
1917 3799 2131 3854 Discant

550 3899 811 3946 curatores
842 3890 1020 3944 carnis
1056 3906 1157 3942 non
1207 3889 1356 3942 valde
1377 3891 1440 3944 de
1470 3891 1490 3921 ⁸
1513 3892 1802 3946 oisibilibus
1846 3893 2130 3946 secundum

548 3997 756 4036 sensum
797 3979 1014 4050 alligare
1060 3979 1472 4050 intelligentiam,
1499 3983 1588 4036 sed
1619 3984 1672 4036 in
1710 3983 2008 4036 animarum
2041 3981 2132 4034 ob-

548 4070 924 4125 servationibus
949 4086 1167 4133 vacare;
1193 4087 1306 4124 rera
1333 4072 1517 4140 quippe
1548 4073 1725 4125 anima
1752 4073 1805 4125 in
1836 4072 2129 4126 hominibus

547 4160 933 4224 consideratur,
958 4176 1138 4214 sensus
1160 4177 1276 4214 vero
1300 4162 1453 4214 etiam
1488 4161 1542 4214 in
1566 4161 2015 4216 irrationabilibus
2037 4179 2129 4216 ae-

546 4250 774 4322 qualiter
811 4251 1050 4304 habetur.
1098 4251 1244 4304 Disc.
1291 4249 1670 4320 Unusquisque
1699 4252 1840 4320 quod
1882 4251 1996 4305 vult
2028 4251 2128 4307 eli—

543 4351 660 4413 gat,
707 4349 762 4397 et
801 4341 945 4410 quod
992 4340 1145 4411 eligit
1185 4349 1486 4408 sequatur:
1537 4356 1636 4395 nos
1691 4352 1870 4396 autem
1914 4341 1982 4396 ad
2041 4355 2128 4409 ea,

546 4446 687 4499 quae
714 4437 945 4493 restant,
973 4429 1363 4483 consideranda
1393 4439 1748 4484 transeamus.

615 4521 704 4575 40.
728 4520 868 4574 MAG.
894 4519 1188 4572 Producant
1209 4537 1376 4590 aquae
1397 4521 1572 4590 reptile
1599 4522 1804 4575 animae
1824 4523 2061 4589 viventis,
2081 4535 2129 4579 et

545 4610 753 4666 volatile
791 4628 945 4681 super
968 4621 1159 4664 terram
1193 4611 1285 4663 sub
1325 4609 1654 4680 ﬁrmamento
1684 4612 1833 4665 caeli.
1877 4612 1974 4666 llic
1997 4631 2130 4681 quo-

543 4721 652 4776 que
688 4705 909 4760 subaudi
955 4705 1164 4758 animae
1199 4705 1456 4769 viventis,
1510 4713 1568 4758 ut
1612 4703 1874 4776 intelligas
1919 4706 2129 4763 volatile

545 4795 758 4850 animae
785 4795 1026 4847 viventis.
1071 4794 1196 4848 Plus
1222 4796 1365 4849 enim
1406 4795 1617 4849 animae
1664 4797 1890 4851 viventis
1931 4797 2128 4853 indicia

545 4889 600 4942 in
629 4885 876 4941 sensibus
909 4884 1218 4949 volatilium,
1260 4901 1420 4954 quam
1455 4885 1679 4954 piscium
1717 4886 2122 4956 dignoscantur.

545 4976 704 5044 Nam,
733 4985 792 5030 ut
817 4977 890 5030 ait
913 4977 1156 5040 Basilius,
1186 4977 1397 5046 anditys
1441 4976 1493 5028 in
1535 4975 1758 5044 piscib.:s
1801 4977 1985 5029 tardus
2028 4986 2124 5039 est,

544 5074 656 5127 visu
689 5071 945 5123 obtusiore
966 5077 1174 5138 propter
1200 5083 1388 5136 aquam
1435 5067 1624 5126 rident,
1675 5077 1721 5118 et
1759 5083 1917 5135 neque
1965 5065 2130 5119 multa

543 5163 796 5216 memoria
822 5161 876 5213 in
909 5158 1011 5211 illis
1043 5168 1138 5221 est,
1166 5174 1324 5226 neque
1342 5158 1642 5226 phantasia,
1667 5173 1827 5226 neque
1854 5165 2130 5209 consuetu-

543 5252 682 5307 dinis
721 5252 962 5322 cognitio.
1010 5248 1153 5303 llaec
1179 5260 1354 5302 autem
1383 5247 1561 5301 omnia
1596 5263 1696 5303 non
1731 5248 1906 5301 minus
1931 5247 1984 5300 iii
2010 5248 2127 5300 avi-

2236 3238 2498 3316 eitpcrtia.
2534 3237 2652 3294 1am
2678 3255 2814 3295 vero
2839 3241 2965 3295 dum
2995 3244 3047 3296 iii
3076 3244 3154 3298 eis
3183 3251 3237 3298 et
3276 3244 3466 3297 levitas
3505 3261 3828 3314 pennarum,

2235 3341 2290 3385 et
2313 3332 2514 3386 ossium
2551 3334 2877 3399 concavitas,
2909 3345 2964 3388 et
2991 3334 3245 3390 volitandi
3287 3337 3522 3392 facilitas
3561 3339 3831 3408 dignosci-

2237 3427 2344 3484 tur,
2366 3420 2706 3490 apertissimc
2736 3424 2895 3476 datur
2935 3422 3181 3494 intelligi,
3221 3439 3324 3478 non
3363 3426 3539 3480 solum
3570 3440 3637 3479 ex
3668 3443 3827 3497 aqua,

2235 3528 2421 3567 verum
2447 3513 2606 3566 etiam
2625 3529 2689 3567 ex
2713 3515 2838 3568 aére
2863 3523 3064 3569 creata.
3090 3516 3240 3582 Quod
3258 3515 3420 3569 etiam
3445 3539 3454 3567 ξ
3475 3533 3507 3569 x
3526 3518 3828 3587 ainphibio-

2235 3621 2354 3660 rutn
2379 3615 2571 3660 natura
2597 3603 2849 3660 facillime
2873 3605 2915 3636 ⁸³
2962 3607 3303 3676 perspicitur,
3331 3623 3470 3676 quae
3509 3618 3564 3661 et
3595 3609 3650 3660 in
3691 3623 3825 3678 aqua

2234 3703 2288 3748 et
2319 3693 2370 3746 in
2403 3695 2548 3758 aere,
2573 3694 2657 3748 vel
2682 3695 2733 3748 iu
2763 3709 2901 3764 aqua
2947 3708 3003 3749 et
3031 3696 3083 3748 in
3118 3706 3260 3750 terra
3295 3697 3498 3750 vivunt.
3521 3695 3823 3750 Volatilium

2234 3799 2465 3854 namque
2483 3785 2746 3854 quaedam
2768 3793 2916 3848 sunt,
2933 3801 3070 3854 quae
3093 3786 3326 3840 vicissim
3345 3795 3397 3840 et
3416 3787 3466 3840 iii
3485 3789 3614 3840 aére
3631 3787 3826 3856 degunt

2232 3885 2289 3929 et
2319 3878 2369 3929 iii
2401 3893 2560 3946 aqua,
2586 3887 2639 3931 et
2675 3877 2800 3930 dum
2834 3879 2885 3930 in
2912 3893 3053 3947 aqua
3087 3878 3289 3954 vivunt,
3313 3878 3541 3946 piscium
3572 3877 3818 3940 fortnam,

2233 3969 2357 4023 dtitii
2387 3985 2512 4023 vero
2539 3971 2589 4022 in
2617 3971 2766 4034 aére,
2797 3969 3090 4023 volatiliqu
3120 3959 3345 4024 induunl
3377 3970 3440 4022 ’⁵.
3499 3970 3564 4023 Et
3598 3971 3704 4025 lioc
3730 3985 3825 4040 per

2232 4076 2327 4116 sex
2353 4076 2564 4116 menses
2602 4071 2803 4116 mutata
2830 4063 3007 4131 specie
3033 4061 3267 4126 faciunt;
3300 4076 3391 4115 sex
3420 4061 3567 4116 enim
3597 4061 3653 4113 in
3687 4076 3818 4130 aqua

2230 4153 2466 4207 natitaut
2491 4192 2506 4216 ,
2537 4161 2593 4207 ct
2616 4168 2709 4206 sex
2739 4153 2790 4206 iii
2819 4153 2945 4206 aére
2982 4151 3230 4216 volitant,
3271 4152 3398 4205 etin
3438 4162 3647 4204 terram
3686 4152 3818 4204 sicut

2232 4253 2413 4299 cetera
2455 4243 2686 4298 volatilia
2735 4243 3089 4299 descendunt.
3129 4244 3194 4297 Et
3230 4243 3365 4297 haec
3403 4243 3615 4312 species
3645 4243 3815 4295 avium

2231 4335 2490 4406 gregatim
2521 4349 2731 4404 semper
2755 4335 2868 4390 sive
2910 4335 2962 4388 iii
3007 4337 3152 4400 aére,
3201 4336 3311 4390 sive
3344 4335 3395 4388 in
3425 4351 3564 4404 aqua
3597 4335 3813 4395 incedit,

2232 4437 2288 4480 et
2316 4425 2476 4480 fulica
2500 4425 2544 4456 ¹⁸
2565 4425 2880 4496 appellatur.
2919 4426 2996 4480 Ex
3023 4443 3129 4494 quo
3155 4427 3312 4480 datur
3348 4426 3594 4496 intelligi,
3625 4427 3816 4478 utrius-

2233 4533 2337 4588 que
2371 4517 2644 4581 elementi,
2681 4519 2824 4573 aeris
2871 4518 3120 4572 videlicet
3169 4528 3224 4571 et
3261 4534 3432 4587 aquae
3463 4518 3814 4570 substantiam

2235 4611 2468 4665 volatilia
2496 4612 2836 4682 participare.
2877 4611 3014 4667 Sunt
3041 4621 3218 4666 autem
3248 4612 3543 4680 amphibia,
3577 4612 3680 4664 hoc
3712 4619 3812 4670 e51,

2235 4701 2517 4772 dupliciter
2547 4703 2872 4768 viventia,et
2897 4703 2942 4735 "
2965 4704 3014 4756 iii
3045 4713 3184 4758 terra
3216 4703 3336 4756 etin
3365 4703 3403 4731 ¹⁷
3435 4717 3593 4771 aqua,
3612 4703 3813 4770 phocae

2233 4803 2287 4848 et
2329 4793 2582 4849 crocodili
2625 4794 2898 4864 multaque
2927 4795 3143 4848 similia.
3186 4793 3277 4848 Est
3303 4793 3464 4846 etiam
3493 4793 3638 4845 aliud
3667 4792 3706 4823 "
3730 4807 3814 4844 ar-

2233 4897 2569 4958 gumentum,
2609 4903 2715 4956 quo
2752 4887 3054 4949 coniicitur,
3087 4886 3317 4939 volatilia
3343 4901 3410 4940 ex
3439 4885 3662 4938 humido
3690 4886 3814 4938 aére

2236 4978 2376 5032 facta
2403 4993 2552 5043 esse;
2583 4977 2789 5046 spirant
2813 4977 2956 5031 enim
2982 4985 3038 5031 et
3066 4977 3351 5046 respirant,
3386 4977 3611 5043 ideoque
3656 4985 3705 5028 et
3758 4976 3810 5028 in

2235 5068 2393 5122 terris
2435 5075 2490 5120 et
2536 5067 2588 5120 in
2635 5067 2759 5121 aére
2790 5065 3048 5125 habitant,
3092 5079 3227 5132 aqua
3281 5079 3406 5118 vero
3459 5064 3810 5123 sull'ocantur.

2231 5157 2315 5210 cui
2355 5171 2566 5224 semper
2598 5164 2970 5224 supernataut,
2995 5164 3203 5223 praeter
3239 5154 3326 5206 illa
3354 5155 3649 5223 ampliibia,
3676 5166 3814 5220 quae

2229 5255 2418 5315 sponte
2457 5248 2612 5302 undis
2658 5263 2716 5301 se
2763 5257 3027 5316 mergunt.
3069 5246 3247 5300 Pisces
3287 5260 3436 5310 vero,
3482 5246 3547 5300 de
3582 5259 3716 5314 aqua
3746 5257 3812 5297 ac

1824 5378 2078 5434 VARIAE
2114 5379 2516 5436 LECTIONES.

618 5499 634 5530 '
665 5498 854 5552 iterum
875 5512 982 5550 om.
1013 5496 1076 5549 A.
1185 5497 1204 5524 '
1227 5495 1268 5547 Α
1306 5495 1594 5548 solvantur.

545 5584 658 5622 Otii.
686 5568 752 5621 A.
832 5568 853 5631 Ψ
879 5569 921 5620 Α
949 5567 1264 5630 creaturae.“
1299 5567 1339 5619 (3
1368 5581 1472 5629 itit;
1508 5567 1549 5616 A
1583 5561 1738 5614 Παιο.

549 5639 588 5670 ⁸⁸
635 5639 674 5692 C
711 5637 1037 5699 naturaliter.
1120 5636 1160 5665 ”
1193 5636 1294 5688 Pro
1330 5652 1445 5688 vero
1469 5635 1508 5688 C
1533 5641 1601 5685 et.
1628 5662 1652 5684 ι
1679 5631 1722 5662 ³³
1748 5633 1790 5686 Α
1818 5631 1990 5699 facile.

1711 5489 1731 5520 ⁸
1773 5489 1894 5562 Sic,
1917 5489 1987 5558 C;
2017 5491 2061 5546 A
2099 5492 2311 5548 animae
2361 5494 2759 5562 participatione
2804 5496 3035 5546 animam
3067 5492 3381 5548 subsistere.

1815 5563 1833 5592 "
1874 5561 1979 5616 Pro
2008 5579 2108 5615 non
2130 5562 2171 5616 C
2199 5573 2268 5620 et.

2069 5631 2113 5662 “
2149 5631 2190 5686 Ο
2226 5633 2538 5691 induuntur.

547 5707 743 5780 Georg.
767 5695 827 5772 ι,’
855 5708 977 5763 561.
1058 5706 1100 5738 ¹⁸
1138 5715 1182 5760 et
1208 5722 1313 5760 om.
1346 5703 1405 5758 C.
1484 5707 1521 5734 ⁸⁷
1561 5705 1613 5756 in
1640 5717 1744 5756 om.
1777 5695 1836 5755 C'.
1918 5701 1961 5733 ¹⁸
1997 5700 2044 5756 Α
2069 5700 2220 5754 illud.

3506 5491 3527 5521 ⁸
3555 5492 3810 5546 naturalis

2343 5564 2364 5596 ⁸
2403 5565 2466 5616 de
2504 5561 2611 5619 otii.
2645 5564 2704 5618 C.
2793 5563 2813 5593 ⁹
2844 5565 3018 5617 omnia
3058 5579 3164 5615 Otii.
3199 5564 3259 5614 Α.
3340 5563 3379 5591 ¹⁰
3422 5562 3461 5614 Α
3504 5561 3806 5615 luminibus.

2621 5635 2662 5665 "
2699 5634 2879 5704 Conj.,
2903 5633 2990 5688 AC
3022 5633 3201 5702 (uligo.
3245 5632 3319 5687 De
3349 5631 3507 5689 fulica
3537 5631 3604 5684 cf.
3657 5629 3809 5700 Virg.
