3952 5388
133 414 217 470 m
916 405 1007 463 ne
1041 404 1381 463 DthSlONE
1415 388 1761 462 NA'IURAE.
1798 436 1869 445 —
1907 403 2107 461 LIBER
2147 404 2498 473 QUARTUS.

3268 404 3376 470 τη

131 536 278 598 paene
299 518 408 577 sola
422 517 597 589 spissa
626 517 794 574 creati
825 521 866 582 ',
898 518 1152 588 quoniam
1182 517 1391 588 spirare
1414 515 1696 588 et'respi-
1723 524 1771 584 Α
1798 515 2056 586 qualitate
2106 516 2323 571 condita
2380 524 2505 572 sunt
2526 555 2541 581 ,
2598 518 2823 575 subvehi
2874 518 2975 578 sub
3028 522 3375 582 firmamento

127 626 253 682 rare,
279 610 413 674 sicut
439 620 653 668 terrena
699 620 755 667 et
796 608 957 666 aerea
986 610 1261 689 animalia,
1305 624 1411 665 non
1440 616 1689 680 possunt,

130 715 255 766 tactu
297 712 472 759 terrae
508 711 563 759 et
596 702 739 758 aeris
777 702 1037 758 citissime
1071 710 1317 773 pereunt,
1355 715 1460 756 non
1505 707 1686 756 tamen

126 793 398 869 spiratione
424 801 480 849 et
505 791 861 864 respiratione
886 792 1106 848 omnino
1134 792 1437 863 privantur.
1478 789 1612 846 Nam
1641 791 1687 847 si

123 889 317 962 penitus
359 886 723 958 privarentur,
775 885 993 957 penitus
1043 899 1152 941 non
1195 884 1521 954 dormirent;
1563 884 1689 939 dor-

123 983 270 1037 miunt
290 982 479 1044 autem
508 986 569 1034 ut
593 979 669 1035 ait
694 977 917 1043 Plinius,
956 978 1154 1048 pisces;
1196 976 1479 1048 pulmones
1522 977 1688 1048 igitur

121 1071 363 1142 spirantes
389 1076 445 1123 et
476 1068 806 1139 respirantes
831 1067 1051 1123 habent.
1093 1068 1198 1123 Sed
1229 1067 1404 1137 ipsum
1434 1066 1684 1138 spiritum

120 1178 212 1218 non
232 1176 295 1217 es
321 1158 423 1215 isto
450 1158 833 1230 corpulentiori
859 1161 1004 1223 aere,
1031 1158 1124 1215 sed
1145 1174 1210 1216 ex
1238 1158 1325 1215 illo
1347 1158 1683 1225 tenuissimo,

118 1252 382 1321 omniaque
412 1263 672 1321 corporea
719 1258 1038 1321 penetrante
1082 1250 1376 1321 accipiunt.
1417 1250 1684 1317 Quoniam

118 1343 263 1413 igitur
283 1342 457 1412 pisces
483 1350 541 1396 et
572 1341 805 1396 volatilia
850 1340 969 1411 plus
1011 1342 1207 1397 ceteris
1250 1341 1574 1397 animalibus
1616 1358 1683 1397 ex

117 1431 315 1489 humida
330 1440 525 1486 natura
553 1446 619 1486 ac
647 1445 818 1500 paene
846 1432 961 1485 sola
988 1432 1161 1486 creari
1188 1445 1377 1487 eorum
1393 1431 1683 1501 qualitates

116 1523 375 1580 manifeste
394 1523 705 1591 declarant;
728 1524 947 1581 humida
971 1538 1204 1594 namque
1225 1531 1351 1578 sunt
1381 1533 1437 1579 et
1454 1523 1679 1596 frigida:

114 1626 377 1688 propterea
404 1633 478 1691 ex.
500 1618 656 1687 aquis
680 1616 901 1687 produci
929 1617 1109 1672 divina
1136 1616 1417 1688 Scriptura
1438 1629 1681 1672 comme-

111 1719 288 1767 morat.
346 1711 408 1765 Et
462 1711 702 1767 intentus
746 1710 929 1780 aspice
969 1727 984 1766 :
1031 1725 1135 1765 non
1170 1708 1310 1765 dixit
1354 1710 1617 1781 producat
1661 1707 1682 1742 ⁸

108 1819 254 1874 aqua,
282 1802 375 1859 sed
401 1804 696 1874 producant
721 1819 913 1873 aquae,
958 1811 1017 1857 ut
1060 1802 1349 1872 intelligas,
1395 1818 1677 1873 aquarum,

1788 608 1946 665 caeli.
2003 607 2267 675 Quoniam
2330 608 2613 664 subtilitati
2678 621 2733 665 et
2810 613 3180 684 spiritualitati
3248 619 3376 675 sim-

1788 699 2008 768 plicium
2068 699 2493 767 elementorum,
2555 717 2724 772 quae,
2791 705 2931 761 sicut
2992 712 3375 782 estposuimus,

1789 789 2120 847 ﬁrmamenti
2173 806 2268 847 seu
2323 791 2459 847 caeli
2516 794 2779 849 vocabulo
2829 796 3009 853 divina
3066 802 3381 873 significant

1787 880 2031 952 eloquia,
2079 881 2226 939 nulla
2274 884 2480 955 species
2526 883 2875 951 animalium,
2919 893 3378 958 quemadmodum

1788 974 2003 1039 avium,
2049 975 2286 1031 naturali
2336 974 2687 1032 similitudine
2732 979 3127 1050 appropinquat
3165 981 3207 1049 ⁸,
3258 985 3380 1040 iure

1788 1064 1890 1121 sub
1918 1064 2260 1122 ﬁrmamento
2290 1066 2424 1123 caeli
2458 1066 2694 1122 volatilia
2733 1067 2848 1123 lieri
2880 1067 3033 1137 jussa
3071 1082 3225 1140 sunt,
3269 1075 3377 1132 hoc

1787 1163 1874 1211 est
1899 1194 1915 1217 ,
1945 1155 2000 1211 in
2030 1156 2227 1212 vicinia
2254 1154 2667 1228 purissimorum
2699 1174 2762 1215 ac
2790 1174 2926 1230 pene
2954 1160 3376 1233 incorporalium

1787 1246 2178 1305 elementorum
2246 1249 2543 1320 qualitatis.
2612 1250 2725 1308 Sub
2790 1252 3127 1310 ﬁrmamento
3194 1257 3379 1328 itaque

1787 1336 1923 1392 caeli
1968 1337 2185 1393 volatile
2229 1350 2464 1406 creatur,
2514 1340 2616 1396 boc
2650 1351 2735 1397 est
2770 1358 2971 1413 prope,
3013 1343 3153 1398 int'ra
3195 1356 3376 1403 tamen

1787 1428 2151 1498 spiritualium
2196 1444 2480 1500 corporum
2524 1431 2854 1488 levissimam
2896 1434 3214 1491 exilitatem.
3265 1435 3376 1492 Ila-

1786 1530 1980 1583 ctenus
2017 1521 2083 1577 de
2115 1522 2423 1577 conditione
2457 1523 2683 1593 piscium
2725 1532 2782 1580 et
2820 1525 3117 1582 volatilium
3160 1527 3211 1581 in
3264 1527 3376 1598 pri-

1787 1611 2143 1667 mordialibus
2202 1613 2405 1669 causis.
2462 1614 2660 1669 Eorum
2712 1631 2840 1673 vero
2919 1616 2973 1671 in
3037 1633 3239 1688 genera
3318 1626 3376 1674 et

1786 1707 1996 1778 species
2053 1708 2332 1778 processio
2380 1708 2629 1780 sequitur
2670 1724 2684 1763 :
2726 1707 3031 1782 Creavitquc
3065 1710 3207 1766 Deus
3245 1720 3375 1773 κητῆ

1784 1799 2042 1869 grandia,
2093 1808 2142 1854 et
2187 1814 2391 1854 omnem
2437 1800 2669 1853 animam
2714 1800 2995 1866 viventem,
3043 1810 3097 1854 et
3142 1800 3371 1872 reliqua.

109 1903 162 1950 ut
184 1894 431 1960 diximus,
470 1896 603 1950 duas
648 1894 859 1964 species
898 1909 1037 1956 esse.
1092 1894 1416 1949 crassiorem
1464 1894 1680 1964 quidem
1715 1912 1760 1973 Β
1787 1898 1973 1956 κῆτος»
2013 1891 2117 1947 hoc
2153 1898 2239 1946 est
2287 1889 2485 1956 bellua,
2542 1889 2787 1946 neutrius
2835 1892 3049 1962 generis
3086 1898 3171 1947 est
3229 1894 3374 1963 apud

107 1984 154 2038 in
178 1983 356 2054 petaso
381 1992 438 2046 et
462 1982 799 2050 ﬂuminibus,
825 1982 1081 2039 leviorem
1109 1998 1236 2038 vero
1257 1984 1310 2037 in
1336 1984 1483 2038 aére.
1524 1983 1675 2040 ideo-

104 2088 199 2144 que
223 2073 468 2129 disttmtil
492 2074 875 2139 narrationem,
902 2073 1089 2130 dicens
1115 2089 1129 2127 :
1155 2071 1457 2128 I’roducant
1487 2087 1675 2145 aquae,

102 2164 279 2221 deinde
303 2164 582 2235 subiungit
608 2183 621 2218 :
655 2164 863 2235 reptilia
891 2164 1100 2219 animae
1131 2164 1342 2220 viventis
1361 2204 1375 2231 ,
1398 2173 1446 2218 et
1470 2162 1678 2220 volatile

101 2268 243 2326 super
278 2265 497 2310 terram.
534 2257 614 2311 Ac
661 2256 707 2310 si
748 2264 936 2326 aperte
980 2254 1184 2312 diceret
1214 2272 1228 2309 :
1258 2269 1523 2326 aquarum
1569 2270 1676 2311 una

100 2346 290 2414 species
338 2345 581 2402 crassior
628 2343 843 2415 quidem
892 2346 1089 2416 pisces,
1138 2344 1308 2400 altera
1348 2352 1496 2410 vero,
1537 2358 1679 2415 quae

100 2434 254 2490 levior
279 2441 382 2499 est,
423 2433 679 2492 volatilia
702 2434 984 2506 producat.
1024 2432 1175 2501 Quod
1223 2434 1388 2489 etiam
1429 2448 1496 2488 ex
1548 2434 1680 2504 ipsis

95 2524 396 2597 corporibus
458 2541 583 2597 quis
633 2535 815 2596 putest
863 2526 1201 2598 dignoscere.
1264 2526 1448 2582 Pisces
1507 2527 1679 2597 siqui-

30 2678 31 2681 η
95 2606 206 2672 dem
255 2617 587 2674 crassiornin
633 2632 923 2688 eorpormn
971 2618 1376 2688 ponderositate
1422 2618 1675 2689 gravari,

94 2707 502 2777 volatilia_vero
555 2724 854 2778 pennarum
904 2709 1120 2775 levitate
1172 2710 1227 2763 in
1276 2708 1444 2764 altum
1502 2710 1678 2765 suble-

94 2804 195 2859 vari
257 2803 531 2859 videmus.
608 2804 763 2872 Quod
818 2812 998 2859 autem
1057 2804 1134 2857 ait
1194 2820 1208 2856 :
1269 2818 1425 2872 super
1480 2813 1674 2857 terram

90 2894 177 2948 sub
213 2895 549 2965 firmamento
596 2896 750 2961 caeli,
802 2904 989 2967 aperte
1026 2895 1333 2966 signiﬁcat,
1378 2894 1671 2949 volatilium

91 3001 305 3058 corpora
358 2997 585 3044 terreno
638 2988 893 3059 pondere.
941 3004 1046 3043 non
1118 2986 1340 3042 omnino
1413 3000 1672 3057 praegra-

1784 1981 2058 2049 Graecos,
2101 1994 2157 2039 et
2198 1984 2490 2055 singularis
2535 1984 2786 2048 numeri;
2830 1983 3111 2053 pluraliter
3150 1992 3374 2054 autem,

1782 2073 1926 2131 sicut
1953 2083 2009 2130 et
2035 2085 2218 2130 cetera
2268 2074 2407 2145 apud
2452 2084 2547 2131 eos
2575 2075 2840 2130 neutralia
2870 2076 3087 2129 nomina
3107 2116 3121 2142 ,
3151 2098 3185 2131 α
3214 2075 3373 2133 litera

1786 2164 2121 2231 terminatur,
2144 2163 2203 2221 τό
2222 2173 2390 2232 κῆτος,
2422 2168 2488 2222 τὰ
2509 2165 2529 2197 ⁸
2554 2168 2707 2225 κητέα
2732 2182 2747 2219 :
2782 2163 2974 2221 deinde
2997 2179 3094 2235 per
3117 2181 3378 2238 synaere-

1780 2256 1913 2311 sin‘
1943 2257 2174 2313 duarum
2222 2257 2549 2329 syllabarum
2600 2259 2652 2312 in
2700 2272 2902 2325 unam,
2954 2259 3058 2314 hoc
3096 2268 3226 2316 ests
3256 2268 3373 2318 etsi
3449 2285 3457 2295 ’

1782 2350 1835 2404 in
1892 2372 1955 2416 η,
2008 2354 2183 2418 xvi-ia,
2211 2360 2381 2419 mi;
2428 2359 2485 2406 et
2531 2351 2759 2407 duorum
2814 2360 3131 2408 accentuum
3159 2390 3175 2420 ,
3225 2353 3370 2409 acuti

1780 2438 2033 2495 videlicet
2074 2448 2128 2495 et
2174 2440 2385 2512 gravis,
2422 2441 2474 2495 in
2517 2455 2715 2506 unum,
2759 2441 2810 2495 id
2853 2448 2937 2498 est
2983 2441 3035 2496 in
3074 2441 3096 2474 ⁷
3131 2442 3368 2499 circum-

1780 2527 1976 2584 ﬂexum
2006 2547 2020 2595 ;
2054 2532 2206 2590 κῆτέα
2232 2532 2379 2587 enim
2410 2532 2462 2586 in
2490 2531 2787 2602 penultima
2816 2532 3048 2598 acuitur,
3090 2534 3144 2589 in
3180 2534 3373 2590 ultima

1780 2635 1912 2674 vero
1939 2630 2197 2690 gravatur
2222 2638 2236 2686 ;
2266 2630 2394 2684 ituri
2420 2631 2599 2677 autem
2631 2622 2685 2677 in
2713 2622 2821 2679 line
2850 2620 3290 2681 circumﬂectitur
3318 2636 3369 2680 ι.

1782 2708 1888 2767 Sed
1935 2711 2065 2766 huic
2111 2710 2287 2777 libro,
2337 2725 2405 2766 ne
2444 2711 2655 2782 longius
2688 2713 3088 2782 progrediatur,
3123 2712 3248 2768 linis
3284 2721 3371 2769 est

1778 2802 2165 2873 imponendus,
2203 2809 2264 2857 ut
2294 2801 2550 2867 arbitror,
2584 2802 2630 2858 si
2671 2801 2766 2857 tibi
2807 2803 3037 2857 videtur.
3080 2804 3224 2859 Disc.
3273 2802 3368 2858 Vi-

1777 2895 1935 2948 detur
1980 2894 2235 2964 quidem,
2284 2901 2338 2949 et
2380 2891 2735 2961 jamdudum,
2782 2893 2825 2947 si
2871 2890 3155 2963 prolixitas
3200 2894 3368 2949 ratio.

1777 3002 1903 3041 num
1934 3001 2040 3042 non
2070 2985 2407 3051 retardaret,
2436 2985 2727 3040 terminum
2758 2985 3143 3055 postulaverat.
3182 2985 3368 3056 Expli-

76 3078 227 3147 Jari,
269 3079 367 3137 sed
430 3095 600 3152 super
653 3089 854 3135 terram
903 3080 961 3136 in
1022 3081 1181 3145 aéra,
1239 3080 1392 3149 cujus
1448 3079 1667 3135 humida
1769 3078 1840 3131 cit
1868 3075 2001 3132 liber
2026 3076 2210 3131 tertius
2242 3083 2377 3133 nent
2408 3080 2662 3133 arma.

976 3266 1372 3347 INCIPIT
1436 3266 1733 3344 LIBER
1777 3263 2261 3357 QUARTUS
2289 3250 2311 3282 ⁸
2349 3251 2403 3340 ⁵.

259 3412 406 3477 HAG.
473 3418 656 3475 Prima
724 3429 945 3475 nostrae
1008 3418 1377 3491 pliysiologiae
1444 3417 1673 3473 intentio
1700 3422 1745 3485 C
1776 3416 1986 3484 sterilia,
2016 3414 2115 3472 sibi
2149 3417 2367 3472 invicem
2394 3417 2754 3472 coean'stentia.
2784 3416 3013 3471 Trinitas
3026 3417 3152 3470 haec
3180 3427 3367 3472 sancta

82 3502 483 3585 praecipuaque
499 3513 725 3569 materia
742 3521 881 3577 erat,
897 3512 1038 3583 quod
1055 3511 1075 3543 ’
1092 3511 1488 3589 ὑπερουσιὸτης.
1504 3511 1607 3566 hoc
1627 3510 1672 3542 ¹⁶

79 3610 158 3656 est
219 3600 700 3674 superessentialis
742 3608 955 3666 natura,
1000 3601 1069 3665 sit
1105 3600 1164 3673 ﬁ“
1220 3616 1381 3656 causa
1436 3600 1671 3654 creatrix

79 3690 428 3747 existentium
478 3700 539 3746 et
583 3707 689 3745 non
742 3691 1093 3747 existentium
1138 3690 1415 3752 omnium,
1459 3704 1490 3743 a
1526 3686 1672 3742 nullo

76 3787 287 3847 creata,
358 3793 539 3836 unum
601 3779 958 3851 principium,
1010 3793 1118 3833 una
1166 3778 1349 3848 origo,
1421 3792 1560 3831 unus
1621 3785 1675 3831 et

76 3868 402 3934 Universalis
446 3869 830 3925 universorum
858 3866 996 3931 fons,
1030 3882 1060 3920 a
1095 3864 1241 3921 nullo
1269 3879 1523 3928 Iiianans,
1546 3864 1671 3917 dum

72 3966 136 4023 ab
160 3981 226 4024 eo
255 3975 498 4024 manant
522 3961 701 4025 omnia
725 4009 739 4031 ,
768 3960 984 4024 trinitas
1014 3957 1392 4022 eoessentialis
1422 3955 1675 4044 intribus

69 4047 411 4125 suintantiis,
448 4053 707 4134 ἄναρχος,
739 4057 842 4112 hoc
869 4055 1101 4112 estsine
1141 4044 1429 4126 principio,
1472 4045 1675 4123 princi-’

68 4142 208 4214 pium
237 4159 296 4203 et
327 4147 497 4212 linis,
533 4163 638 4202 una
669 4147 913 4213 bonitas,
945 4146 1088 4201 Deus
1110 4161 1250 4201 unus
1269 4186 1285 4211 ,
1316 4144 1590 4218 ὁμοούσιος
1618 4154 1676 4199 et

70 4235 401 4314 ὖτηρούσιος,
437 4238 496 4293 id
551 4245 637 4294 est
672 4237 1046 4293 coessentialis
1084 4245 1140 4292 et
1182 4234 1673 4307 superessentialis,

64 4335 145 4393 et,
174 4336 237 4383 ut
272 4331 355 4384 ait
392 4337 625 4386 sanctus
662 4327 1030 4399 Epiphanius,
1071 4326 1358 4397 episcopus
1403 4325 1672 4381 Constan-

63 4416 165 4474 tiae
176 4418 365 4492 Cypri,
382 4420 439 4475 in
450 4424 493 4473 Α
505 4434 667 4474 ncora
677 4431 728 4474 to
741 4435 832 4473 seu
851 4414 1161 4499 sermone“
1179 4419 1244 4473 de
1258 4418 1360 4472 [ide
1380 4436 1390 4469 :
1414 4415 1537 4470 Tria
1549 4431 1673 4470 san-

61 4520 170 4577 cta,
207 4514 315 4566 tria
356 4522 688 4577 constructa,
731 4512 835 4565 tria
873 4512 1081 4582 agentia
1113 4510 1183 4578 ⁸³,
1224 4511 1328 4565 tria
1367 4509 1669 4581 coagentia,

1778 3517 2012 3575 vocatur,
2043 3508 2149 3562 tria
2176 3508 2475 3575 existentia,
2508 3525 2616 3563 una
2645 3508 2987 3562 consonantia
3011 3549 3025 3572 ,
3056 3525 3162 3561 una
3184 3507 3365 3562 Deitas

1776 3595 2010 3664 ejusdem
2041 3597 2083 3629 ¹⁷
2124 3598 2399 3664 essentiae,
2435 3596 2670 3668 ejusdem
2697 3597 2933 3662 virtutis,
2957 3597 3189 3666 ejusdem
3237 3599 3364 3651 sub-

1774 3685 2042 3740 sistentiae
2075 3686 2141 3752 “',
2180 3687 2377 3742 similia
2411 3687 2653 3741 similiter
2680 3686 2744 3753 ",
2769 3686 3135 3756 aequalitatem
3163 3688 3367 3757 gratiae

1776 3786 2061 3845 operantur
2084 3776 2265 3832 Patris
2291 3787 2340 3832 et
2367 3775 2499 3832 Filii
2520 3788 2567 3831 et
2591 3776 2822 3847 Spiritus
2848 3776 3038 3829 sancti.
3067 3776 3182 3841 Quo
3206 3775 3363 3830 modo

1777 3876 1953 3920 autem
2001 3879 2121 3921 sunt
2146 3867 2213 3933 '°,
2254 3868 2380 3938 ipsis
2422 3866 2735 3937 relinquitur
2776 3866 2979 3919 docere.
3015 3864 3184 3918 Nemo
3226 3866 3364 3919 enim

1777 3957 1913 4009 novit
1944 3954 2159 4009 Patrem
2193 3957 2293 4010 nisi
2327 3955 2519 4020 Filius,
2539 3972 2700 4025 neque
2731 3954 2933 4007 Filium
2965 3955 3067 4007 nisi
3101 3952 3280 4019 Pater,
3310 3965 3360 4009 et

1775 4047 2065 4126 cuicunque
2114 4045 2290 4101 Filius
2348 4045 2689 4111 revelaverit;
2744 4044 3006 4099 rerelatur
3056 4054 3231 4098 autem
3269 4061 3365 4114 per

1775 4143 2037 4214 Spiritum
2072 4153 2333 4199 malum.
2369 4134 2496 4197 Non
2524 4150 2646 4212 ergo
2674 4133 2802 4196 haec
2831 4134 2935 4188 tria
2966 4133 3242 4187 existentia
3269 4143 3363 4187 aut

1773 4254 1838 4291 ea:
1864 4239 2014 4308 ipso,
2040 4247 2137 4291 aut
2158 4252 2253 4307 per
2277 4237 2480 4307 ipsum,
2511 4243 2600 4287 aut
2628 4233 2698 4287 ad
2727 4234 2899 4304 ipsum
2924 4271 2939 4300 ,
2968 4233 3023 4288 in
3051 4241 3363 4305 unoquoque

1772 4328 1928 4396 digne
1976 4325 2361 4397 intelliguntur,
2414 4326 2551 4391 sicut
2602 4324 2716 4395 ipsa
2757 4323 2983 4378 revelant
3021 4330 3159 4398 φῶς,
3208 4330 3318 4399 πῦρ
3345 4363 3360 4388 ,

1773 4425 1994 4491 πνεῦμα,
2021 4418 2120 4471 hoc
2146 4427 2221 4471 est
2259 4416 2390 4485 lux,
2429 4417 2598 4487 guis,
2629 4415 2865 4485 spiritus.
2902 4414 3047 4470 [Iace
3067 4452 3081 4479 ,
3113 4420 3174 4467 ut.
3212 4412 3321 4468 dixi
3345 4452 3361 4476 ,

1773 4512 1841 4565 ab
1867 4507 2167 4579 Epiphanio
2196 4505 2413 4571 tradita,
2443 4513 2501 4561 ut
2530 4504 2777 4577 quisquis
2806 4504 3192 4575 interrogatus,
3222 4515 3364 4572 quae

1774 4598 1957 4673 lria_et
1976 4598 2107 4669 quid
2131 4613 2295 4653 unum
2322 4597 2378 4652 in
2405 4604 2593 4653 sancta
2622 4593 2889 4651 Trinitate
2920 4595 3081 4651 debet
3103 4592 3329 4649 credere
3348 4631 3363 4656 ,

60 4598 157 4654 tria
188 4600 494 4670 formantia
528 4599 594 4667 ¹¹⁵,
624 4601 727 4655 tria
752 4600 1274 4670 conformantia,tria
1304 4601 1572 4673 operantia
1606 4600 1669 4663 '5,

1775 4705 1907 4746 sana
1935 4689 2037 4745 [ide
2065 4687 2392 4761 respondere
2414 4686 2627 4754 valeat,
2662 4694 2755 4740 aut
2794 4686 2860 4741 ad
2896 4686 3061 4744 fidem
3100 4683 3370 4741 accedens

58 4692 159 4747 tria
189 4694 549 4749 coooerantia
582 4692 648 4757 ¹⁶,
686 4694 791 4748 tria
840 4692 1206 4755 subsistentia.
1244 4694 1348 4747 tria
1400 4692 1670 4748 consubsi~

1373 4846 1628 4907 VARIAE
1672 4843 2075 4902 LECTIONES.

138 5017 156 5048 ¹
178 5017 226 5071 Α
252 5012 526 5086 quoniam
557 5007 629 5086 de
655 5007 1081 5086 aqua...._creati
1109 5011 1277 5086 sunt._
1302 5004 1357 5086 ἐπ’.
1375 5001 1527 5086 AAac.
1550 5069 1587 5086 ﬂ
1742 4997 2113 5086 deducat:
2139 4997 2656 5086 A'apprgpinqnunt.
2681 5082 2714 5086 ὲ
2778 4996 2859 5086 τὸ,
2887 4998 2958 5083 ςτὰ
2992 5008 3090 5054 om
3117 4991 3384 5086 “AL-Lg

55 5056 1084 5156 sumsimus:iam:
1112 5056 1214 5156 λι.
1256 5072 1395 5156 -s.i.c
1422 5069 1590 5156 με]
1629 5068 1801 5156 “ﬁeri?
1841 5068 2143 5156 ωειιεειιεε
2180 5056 3064 5156 tanta;«uariegatam
3106 5056 3385 5156 5.1.3:???

55 5131 334 5156 "um-""-
365 5131 381 5151 ’
420 5131 464 5206 ἶ
500 5131 816 5203 'sslsiﬂ
877 5147 980 5200 uad
1014 5131 1141 5201 Iam.
1188 5143 1249 5197 A.
1335 5140 1378 5174 ‘°
1415 5143 1461 5198 Α
1492 5131 1590 5196 ’ἰώ
1666 5139 1707 5170 ⁸³
1756 5138 1801 5192 Α
1896 5138 2001 5194 uad
2048 5138 2148 5196 sit.
2226 5135 2271 5167 “
2302 5131 2496 5203 Ὁοιίνο.
2544 5131 2671 5188 ACF
2702 5131 2756 5187 ίιί
2801 5131 3050 5190 πέπτατο
3106 5141 3385 5183 ⁵θ⁹π⁰¹¹θ⁶

55 5168 478 5275 πί
493 5173 705 5273 activa.
782 5216 827 5249 ιδ
842 5164 943 5271 (git:
965 5215 1091 5275 CF;
1123 5212 1167 5267 A
1196 5211 1495 5275 formativa.
1574 5209 1619 5243 "
1664 5206 1756 5263 Sic
1810 5156 1897 5265 Cl?
1922 5226 1937 5275 ;
1966 5209 2013 5263 Α
2050 5206 2347 5275 operativa.
2426 5208 2472 5241 ι·
2503 5204 2597 5275 Sic
2621 5201 2728 5275 CF;
2754 5203 2801 5256 Α
2825 5200 3215 5275 cooperati‘v‘alz.

58 5196 478 5289 τῖξεῖῑςιττξνλ
497 5196 735 5289 ταὶῑῖπῆί.χ
782 5196 1167 5281 “sulfurea
1190 5196 1525 5287 γονιηαιεξρῐιε
1574 5209 1619 5243 ι’
1664 5206 1780 5289 sic,
1810 5196 1897 5287 cs
1922 5226 1937 5289 ξ
1966 5209 2013 5263 Α
2050 5206 2355 5289 operatus;
2388 5196 2597 5289 rei:
2621 5201 2728 5289 Ci:
2754 5203 2801 5289 Α
2825 5196 3383 5289 εροινεταιίέιαάερῖηὲ

716 5286 735 5290 ο
853 5264 942 5271 ’ν’-υ
972 5264 1033 5272 ἰ·
1077 5264 1091 5281 ν
1123 5264 1161 5267 "
1196 5264 1207 5281 ι
1230 5264 1237 5265 ’
1522 5282 1525 5285 ι
1710 5280 1720 5291 ι
1769 5279 1780 5290 ο
1815 5264 2000 5314 “ubi,”
2025 5264 2141 5314 θές
2176 5279 2236 5332 Α-
2311 5277 2356 5312 ιι
2387 5278 2480 5323 ςςρ
2512 5272 2597 5317 ηρ
2628 5288 2639 5299 ο
2672 5264 2799 5312 Δγριν
2829 5264 2987 5312 εἰσιιῖΙῖ
3088 5264 3137 5299 ’θ
3161 5264 3251 5302 “In
3275 5264 3383 5302 θ’θ’
