4028 6282
533 387 642 453 745

1888 364 2169 437 JOANNIS
2207 356 2401 436 scort

3723 354 3839 429 m

538 508 619 566 s’ic
648 498 945 563 erudiatur.
977 498 1045 556 Et
1078 498 1208 554 mihi
1241 497 1451 552 videtur
1494 493 1756 564 Spiritum
1805 507 1901 564 pro
1947 492 2126 548 calore
2155 503 2202 560 Α
2230 486 2537 561 incognitae
2567 486 2851 543 doctrinae
2887 484 3141 545 ductibus
3164 485 3523 558 periculosus.
3544 485 3843 541 subtilissi-

537 600 818 674 posuisse,
849 594 1000 667 quasi
1033 593 1261 648 dixisset
1287 591 1339 644 iu
1366 587 1752 652 similitudine,
1783 584 1871 640 lux
1895 624 1911 649 ,
1948 582 2088 653 ignis
2108 622 2123 647 ,

539 673 688 746 calor
714 688 757 742 ’.
790 684 897 742 Sed
926 700 1027 739 cur
1056 684 1228 737 lucem
1257 681 1433 750 primo
1460 678 1627 742 dixit,
1661 691 1766 732 non
1796 683 1880 731 est
1906 673 2126 728 mirum.

539 783 677 838 Nam
719 790 773 836 et
798 779 961 834 Pater
986 777 1071 831 lux
1104 783 1223 839 est,
1266 781 1321 828 et
1351 772 1521 844 ignis,
1566 778 1620 825 et
1666 768 1850 834 calor;
1878 774 1933 821 et
1960 765 2129 820 Filius

541 885 626 932 est
675 874 800 937 lux,
854 870 1027 942 ignis,
1078 866 1263 932 calor;
1323 873 1379 919 et
1433 862 1671 931 Spiritus
1724 866 1945 915 sanctus
2003 856 2125 922 lux,

544 964 707 1037 ignis,
738 961 904 1018 calor.
936 958 1209 1013 llluminat
1233 955 1377 1010 enim
1407 952 1588 1018 Pater,
1622 950 1892 1006 illuminat
1921 947 2129 1014 Filius,

546 1052 819 1113 illuminat
872 1051 1111 1122 Spiritus
1160 1055 1415 1111 sanctus;
1465 1060 1533 1099 ex
1580 1043 1710 1114 ipsis
1757 1041 1902 1097 enim
1952 1038 2134 1094 omnis

548 1145 776 1202 scientia
825 1151 880 1197 et
918 1139 1181 1212 sapientia
1224 1137 1477 1192 donatur.
1531 1133 1652 1189 Urit
1695 1132 1877 1196 Pater,
1906 1129 2015 1184 un't
2041 1126 2134 1181 Fi-

550 1235 834 1303 Iius,'urit
863 1231 1099 1304 Spiritus
1116 1237 1383 1293 sanctus,
1413 1226 1541 1296 quia
1579 1223 1741 1280 simul
1781 1229 1967 1277 nostra
2005 1219 2137 1274 deli—

554 1336 643 1383 cta
691 1328 1051 1386 consumunt,
1082 1327 1139 1374 et
1165 1332 1265 1372 nos
1292 1356 1306 1383 ,
1352 1312 1917 1371 velutoholocaustum
1965 1307 2137 1378 quod-

553 1423 677 1478 dam
696 1461 711 1489 ,
740 1434 834 1491 per
860 1410 1043 1472 Bima
1067 1454 1083 1479 ,
1112 1413 1168 1467 id
1188 1419 1272 1467 est
1316 1408 1713 1465 deiﬁeationem
1731 1446 1750 1473 ,
1780 1406 1835 1460 in
1877 1404 2139 1459 unitatem

554 1517 713 1569 Suam
755 1511 1101 1567 convertunt.
1132 1501 1391 1558 Calelicat
1427 1498 1612 1563 Pater,
1652 1495 1900 1553 caleficat
1939 1492 2138 1556 Filius,

556 1602 805 1660 calelicat
828 1607 849 1637 ’
880 1596 1116 1667 Spiritus
1144 1600 1396 1657 sanctus,
1435 1589 1562 1660 quia
1592 1602 1698 1642 uno
1726 1586 2025 1654 eodemque
2046 1597 2140 1636 ca-

566 1693 926 1748 ritatis.acstu
955 1695 1010 1743 ct
1037 1699 1136 1741 nos
1165 1682 1350 1739 fovent
1376 1690 1432 1736 et
1462 1679 1703 1734 nutriunt
1723 1716 1738 1742 ,
1769 1692 1834 1731 ac
1873 1674 2037 1730 veluti
2077 1687 2143 1726 ex

559 1784 900 1840 inl'ormitate
943 1780 964 1811 ³
1003 1777 1237 1849 quadam
1281 1770 1706 1844 imperfectionis
1753 1775 1973 1822 nostrae
2024 1773 2146 1834 post

2229 597 2441 639 morum
2472 581 2871 649 intellectuum,
2901 581 3075 637 instar
3111 582 3349 636 cautium
3396 579 3712 645 latentium,
3737 592 3840 631 na-

2230 687 2430 744 vesque
2453 680 2675 744 repente
2704 673 3091 744 frangentium,
3118 672 3515 743 ealiginositate
3534 669 3845 742 naufragiis

2231 775 2536 839 promptus,
2562 765 2755 835 suique
2789 764 3097 834 prolixitate
3123 772 3354 834 cogente
3375 762 3427 817 in
3466 762 3726 833 quintum
3774 760 3844 813 li-

2230 857 2387 913 brum
2431 865 2735 927 porrectus.
2770 855 2961 910 Divina
2993 862 3171 910 tamen
3209 853 3499 909 clementia
3524 851 3571 887 “
3602 852 3847 908 ducmte

2231 957 2287 1004 et
2331 948 2666 1019 gubernante
2707 949 2773 1014 “,
2805 961 3173 1018 prosperoque
3218 943 3347 999 flatu
3391 943 3559 999 divini
3598 942 3849 1015 Spiritus

2234 1047 2452 1096 nostrae
2479 1040 2634 1095 navis
2659 1040 2949 1095 carbasum
2985 1037 3266 1107 implente,
3296 1044 3471 1092 tutum
3497 1035 3641 1091 inter
3698 1036 3844 1090 haec

2237 1140 2555 1201 rectumque
2584 1131 2688 1186 iter
2711 1138 3017 1202 carpentes,
3042 1129 3110 1184 ad
3129 1138 3364 1199 portum,
3389 1142 3549 1198 quem
3576 1128 3853 1199 petimus,

2237 1223 2344 1279 leni
2394 1236 2556 1278 cursu
2614 1223 2772 1281 liberi
2817 1230 2983 1293 atque
3027 1220 3204 1275 illaesi
3244 1217 3556 1291 perventuri
3613 1232 3847 1273 sumus.

2239 1319 2388 1375 Dtsc.
2419 1317 2711 1374 Tendenda
2758 1316 2876 1372 vela
2914 1318 2981 1383 ",
3008 1314 3510 1385 navigandumque;
3570 1310 3857 1367 accelerat

2240 1424 2477 1480 namque
2502 1410 2641 1465 ratio
2668 1408 2843 1479 perita
2897 1407 3059 1478 hujus
3090 1405 3135 1438 ¹²
3181 1406 3355 1476 ponti,
3398 1393 3575 1459 nutlas
3619 1412 3856 1458 veretur

2242 1504 2418 1559 minas
2472 1497 2737 1556 undarum
2762 1500 2844 1565 “,
2873 1498 3048 1555 nullos
3086 1497 3365 1553 anfractus
3404 1494 3663 1567 Syrtesve
3723 1508 3858 1550 cau-

2246 1605 2393 1651 tesve
2418 1592 2695 1658 formidat,
2724 1592 2813 1647 cui
2841 1589 3211 1647 delectabilius
3240 1588 3402 1644 estin
3426 1586 3621 1643 abditis
3677 1586 3856 1644 divini

2244 1686 2435 1744 oceani
2478 1685 2710 1742 fretibus
2738 1685 2783 1716 “
2822 1684 3080 1740 virtutem
3105 1697 3261 1739 suam
3288 1690 3561 1746 exercere,
3599 1694 3777 1749 quam
3800 1680 3855 1734 in

2248 1781 2423 1853 planis
2439 1779 2749 1851 apertisque
2778 1777 2955 1833 otiosa
2981 1776 3287 1846 quiescere,
3308 1774 3401 1829 ubi
3422 1774 3528 1829 vim
3555 1787 3719 1828 suam
3748 1787 3856 1827 non

555 1877 716 1951 primi
745 1873 981 1930 hominis
1021 1871 1229 1940 lapsum
1276 1868 1329 1922 in
1384 1867 1556 1921 virum
1587 1861 1886 1934 perfectum
1907 1900 1921 1925 ,
1953 1858 2007 1913 in
2035 1857 2145 1929 ple-
2181 1859 2224 1918 Β
2257 1874 2398 1929 valet
2427 1873 2670 1944 apeﬁre;
2694 1872 2750 1926 5,,
2770 1870 2961 1925 δυάοη
2988 1870 3125 1923 εηεηι
3151 1866 3325 1922 mu",
3345 1867 3430 1921 καί
3462 1882 3648 1937 mum
3669 1882 3855 1930 ,δι”

557 1970 859 2026 nitndinetn
890 1964 1083 2019 aetatis
1122 1961 1361 2024 Christi,
1392 1959 1646 2012 educant.
1682 1952 1777 2008 Vir
1802 1958 1981 2006 autem
2024 1964 2147 2019 per-

560 2063 732 2118 fectus
760 2068 844 2115 est
869 2057 1144 2118 Christus,
1170 2054 1220 2106 in
1252 2066 1360 2120 quo
1391 2048 1570 2105 omnia
1600 2052 1971 2101 consummata
2002 2049 2148 2101 sunt,

561 2151 716 2222 cujus
745 2147 941 2204 aetatis
972 2142 1250 2215 plenitudo
1279 2148 1362 2195 est
1390 2135 1789 2193 consummatio
1817 2131 2012 2188 salutis
2040 2130 2154 2183 uni-

562 2219 791 2299 versalis
825 2237 1139 2301 Ecclesiae,
1189 2244 1329 2302 quae
1374 2230 1427 2284 in
1478 2226 1681 2298 angelis
1734 2232 1790 2279 et
1845 2219 2154 2276 hominibus

564 2332 866 2390 constituta
893 2335 995 2382 est.

636 2423 696 2478 lu
725 2419 965 2477 secundo
991 2417 1131 2471 libro
1161 2415 1227 2470 de
1250 2422 1445 2469 natura
1473 2419 1657 2467 creata
1683 2417 1741 2466 et
1763 2406 2028 2465 creatrice
2054 2405 2156 2459 dis-

557 2492 924 2585 ‘putabanrus,
966 2523 1128 2579 quam
1175 2506 1229 2560 in
1258 2502 1536 2575 principiis
1584 2514 1799 2564 rerum,
1847 2497 1902 2552 id
1948 2503 2051 2561 est,
2100 2495 2154 2549 in

566 2599 1015 2676 primordialibus
1060 2595 1242 2652 causis
1289 2593 1587 2649 subsistere
1624 2590 1879 2646 diximus.
1928 2585 2064 2641 Nam
2103 2595 2160 2639 et

571 2675 640 2750 ab
669 2706 776 2747 una
803 2691 824 2721 "
849 2688 1088 2745 omnium
1117 2700 1315 2751 causa,
1348 2697 1488 2753 quae
1528 2690 1613 2737 est
1651 2693 1863 2735 summa
1900 2675 2117 2732 bonitas
2141 2714 2156 2738 ,

571 2784 726 2855 cujus
756 2780 1032 2852 proprium
1073 2786 1181 2843 est,
1218 2779 1398 2831 omnia
1443 2774 1511 2828 de
1557 2787 1664 2826 non
1693 2767 2052 2826 existentibus
2103 2765 2155 2820 in

574 2873 862 2931 existentia
893 2887 990 2927 sua
1020 2868 1276 2926 inetfabili
1305 2867 1507 2921 virtute
1545 2865 1880 2935 producere,
1921 2868 2156 2916 creatur.

572 2966 763 3022 Cetera
786 2978 936 3031 vero,
959 2977 1099 3033 quae
1124 2969 1245 3032 pcst
1266 2973 1382 3012 eam
1407 2958 1429 2989 ⁸
1449 2965 1601 3022 sunt,
1624 2952 2041 3025 participatione
2061 2965 2158 3005 sua

575 3071 762 3112 creare
792 3071 897 3110 non
925 3060 1123 3110 cessat.
1156 3051 1373 3106 Tertius
1401 3048 1539 3105 liber
1578 3048 1816 3118 disputat
1859 3044 1927 3099 de
1964 3053 2159 3097 natura

576 3158 763 3203 creata
785 3156 839 3204 et
860 3163 965 3202 non
992 3153 1237 3207 creante,
1266 3143 1368 3197 hoc
1392 3150 1478 3196 est
1502 3140 1568 3194 de
1595 3136 1878 3193 etfectibus
1901 3132 2162 3190 extremis

2255 1965 2350 2020 Dei
2380 1963 2631 2019 videlicet
2678 1964 2899 2017 verbum
2939 1960 3005 2025 η,
3031 1961 3181 2030 jussa
3221 1967 3306 2014 est
3353 1960 3514 2025 vesci,
3538 1968 3857 2028 terramque

2255 2071 2443 2115 sacrae
2474 2054 2813 2127 scripturae,
2842 2053 3026 2124 spinas
3053 2061 3105 2108 et
3142 2051 3369 2107 tribulos
3395 2050 3498 2107 sibi
3540 2051 3857 2121 germinan-

2258 2156 2390 2214 tem,
2422 2148 2524 2203 hoc
2549 2155 2652 2214 est,
2683 2145 2990 2201 divinorum
3021 2142 3388 2201 intellectuum
3430 2141 3625 2198 exilem
3674 2142 3862 2197 densi-

2259 2250 2423 2300 tatem
2447 2243 2629 2299 colere
2660 2238 2725 2308 ιτ,
2757 2241 3102 2310 studiumque
3139 2237 3438 2308 sapientiae
3474 2236 3858 2306 spernentibus

2258 2336 2459 2391 inviam
2512 2335 2744 2391 assiduis
2794 2334 3041 2389 theoriae
3076 2331 3353 2403 gressibus
3407 2329 3663 2394 lustrare,
3694 2329 3859 2384 deus:

2257 2428 2484 2483 inveniat
2555 2425 2726 2481 locum
2782 2423 3009 2479 Domino
3067 2422 3144 2485 ⁸⁸,
3203 2418 3603 2475 tabernaculum
3654 2418 3768 2474 Dea
3815 2417 3859 2453 ¹⁹

2259 2518 2448 2584 Iacob,
2482 2518 2587 2572 hoc
2612 2524 2716 2581 est,
2747 2515 2921 2570 donec
2947 2513 3014 2569 ad
3045 2512 3290 2568 veritatis
3314 2508 3858 2580 contemplationem,

2260 2625 2424 2682 quam
2450 2608 2603 2679 lapsu
2649 2607 2811 2679 primi
2840 2605 3078 2662 hominis
3110 2602 3455 2674 perdiderat,
3484 2600 3763 2670 frequenti
3798 2598 3862 2653 ii-

2264 2713 2502 2758 terarum
2525 2698 2833 2753 divinarum
2859 2696 3239 2764 laboriosoque
3280 2692 3460 2748 studio
3514 2691 3755 2746 ducente
3809 2700 3863 2744 et

2261 2793 2552 2863 adjuvante
2578 2798 2636 2846 et
2658 2797 3002 2860 cooperante,
3023 2786 3165 2843 ctad
3193 2787 3296 2841 hoc
3326 2789 3578 2838 movente
3603 2782 3654 2814 ²⁹
3684 2781 3861 2836 divina

2261 2883 2459 2953 gratia,
2490 2880 2765 2936 redeundo
2800 2876 3103 2949 perveniat,
3152 2873 3518 2945 perveniendo
3553 2872 3764 2944 diligat,
3785 2869 3865 2925 di-

2262 2974 2476 3046 ligendo
2496 2977 2828 3044 permaneat,
2854 2966 3216 3039 permanando
3239 2965 3503 3035 quiescat.

2332 3065 2386 3121 5.
2411 3064 2553 3120 MAG.
2578 3062 2727 3119 Dixit
2767 3075 2982 3132 quoque
3015 3060 3158 3115 Deus
3188 3076 3201 3111 :
3229 3056 3497 3111 Prodncat
3554 3063 3701 3109 terra
3751 3055 3865 3108 ani-

2265 3172 2405 3211 mam
2436 3156 2683 3211 uiuentem
2717 3153 2773 3207 in
2800 3167 2984 3224 genere
3031 3166 3146 3215 suo,
3163 3149 3431 3220 jnmcnta,
3460 3154 3509 3201 et
3559 3145 3791 3215 reptilia,
3817 3156 3865 3199 et

577 3238 1012 3311 primordialium
1039 3250 1365 3298 causarum,
1393 3231 1483 3301 qui
1512 3245 1693 3285 rerum
1733 3226 1976 3282 omnium
2017 3222 2156 3278 exti—

2269 3249 2460 3304 bestias
2481 3257 2653 3302 terrae
2698 3245 2986 3301 secundum
3028 3244 3222 3314 species
3250 3257 3375 3297 suas
3408 3250 3468 3296 et
3493 3249 3701 3295 cetera.
3735 3238 3869 3294 Pra-

576 3346 723 3386 ntant
753 3329 999 3385 obtinent
1041 3327 1383 3395 portionem;
1427 3330 1604 3376 motus
1646 3319 1787 3373 enim
1830 3314 2166 3388 progressio-

580 3436 710 3476 uunt
740 3416 1113 3473 univcrsitatis
1138 3416 1191 3469 in
1216 3414 1295 3468 eis
1321 3411 1515 3466 desinit
1533 3450 1548 3475 ,
1577 3422 1682 3463 non
1710 3408 1917 3462 habens
1942 3402 2167 3459 inferius

580 3511 798 3582 egredi,
842 3509 969 3579 quia
1011 3508 1066 3561 in
1106 3504 1425 3576 corporibus
1470 3501 1797 3556 cOnstitutus
1840 3486 1945 3553 est.
1971 3494 2031 3551 In
2060 3509 2167 3565 quo

580 3604 720 3660 libro
745 3604 907 3659 etiam
950 3601 1015 3655 de
1056 3596 1492 3672 primordialibus
1522 3594 1701 3650 causis
1730 3592 1897 3648 multa
1922 3590 2169 3647 conside-

583 3695 854 3759 ravimus,
885 3693 1057 3761 deque
1087 3691 1226 3756 Deo,
1272 3690 1495 3760 ejusque
1537 3687 1771 3759 imagine
1810 3686 1865 3740 in
1906 3683 2087 3738 animo
2115 3690 2170 3737 et

587 3788 799 3842 ratione
826 3796 881 3840 et
912 3800 1072 3839 sensu
1099 3824 1114 3848 ,
1145 3792 1200 3837 et
1228 3783 1295 3837 de
1322 3781 1467 3851 quali
1499 3779 1667 3834 nihilo
1709 3777 1853 3833 facta
1894 3783 2021 3833 sunt
2054 3791 2170 3829 ont-

583 3879 669 3931 nia
695 3917 710 3941 ,
754 3886 809 3931 ct
855 3875 1126 3946 quomodo
1170 3866 1407 3927 Verbum
1452 3869 1547 3925 Dei
1592 3867 1930 3939 unigenitum
1958 3865 2172 3921 etfacit

583 3965 767 4020 omnia
790 3974 845 4019 et
874 3965 926 4018 in
955 3962 1209 4018 omnibus
1238 3960 1316 4015 fit.
1363 3958 1537 4015 Pauca
1583 3972 1800 4028 quoque
1825 3956 1891 4011 de
1917 3955 2172 4027 operibus

574 4056 789 4131 primae
821 4053 1177 4125 intelligibilis
1201 4052 1563 4123 septimanae,
1604 4064 1775 4119 usque
1815 4047 1882 4103 ad
1908 4053 2118 4103 sextum
2151 4046 2174 4077 ⁶

580 4147 754 4212 diem,
785 4144 1158 4200 tractavimus.
1280 4142 1285 4146 ’

650 4239 704 4293 2.
734 4238 971 4305 Quartus
1021 4238 1144 4303 hic,
1182 4236 1251 4292 ab
1291 4237 1545 4306 operibus
1591 4241 1779 4290 sextae
1825 4232 2173 4304 prapheticae

581 4328 1051 4400 contemplationis
1077 4328 1144 4383 de
1164 4328 1471 4383 conditione
1501 4325 1870 4382 universitatis
1892 4324 2172 4390 incltoans,

581 4419 814 4475 reditum
845 4418 1085 4473 omnium
1110 4417 1164 4470 in
1190 4432 1307 4471 eam
1332 4425 1602 4482 naturam,
1618 4430 1757 4486 quae
1782 4429 1882 4469 nec
1904 4422 2056 4470 creat
2074 4424 2174 4469 nec

578 4517 816 4574 creatur,
832 4508 1291 4572 consideraturus,
1312 4505 1472 4561 finem
1492 4506 1837 4563 constituat".
1853 4503 2018 4575 Cujus
2038 4504 2173 4560 ditii-

580 4600 758 4655 rultas
779 4600 822 4666 ⁸,
844 4600 1286 4669 diversorumque
1307 4613 1565 4654 sensuum
1578 4612 1840 4653 occursus
1868 4606 2032 4667 atque
2061 4597 2170 4652 col-

576 4686 805 4742 luctatio
837 4696 1042 4743 tantum
1069 4687 1292 4743 terroris
1323 4687 1477 4745 nobis
1501 4687 1715 4750 incutit,
1740 4695 1799 4741 ut
1851 4686 1905 4741 in
1955 4702 2174 4758 compa-

586 4780 796 4835 ratione
824 4780 993 4850 ipsius
1023 4787 1136 4835 tres
1174 4778 1560 4849 praecedentes
1611 4777 1758 4843 libri,
1792 4778 1969 4833 instar
2025 4776 2172 4848 plani

580 4869 779 4942 pelagi,
810 4857 1175 4940 ﬂuctuumqne
1199 4869 1492 4925 serenitate
1520 4868 1725 4940 absque
1753 4868 1861 4925 ullo
1892 4867 2176 4939 naufragio

580 4960 923 5033 navigabilis,
939 4970 1109 5017 tutum
1125 4960 1423 5033 legentibus
1437 4969 1671 5017 meatum
1684 4960 1945 5030 praebere
1961 4961 2177 5018 videan-

583 5059 695 5117 tur,
718 5051 833 5122 ipse
853 5066 982 5107 vero
1007 5052 1265 5108 tortuosis
1287 5049 1619 5106 anfraCtibus
1640 5052 1836 5117 iuvius,
1858 5052 2179 5124 obliquitatc

580 5143 971 5199 sententiarum
997 5143 1268 5215 proclivus
1292 5144 1336 5209 ⁸,
1386 5144 1649 5201 tractibus
1676 5143 1936 5216 Syrtium,
1964 5146 2069 5203 hoc
2092 5156 2176 5201 est

2268 3339 2448 3403 ducat,
2482 3336 2681 3408 inquit,
2705 3346 2844 3391 terra
2887 3335 3121 3389 animant
3150 3334 3433 3395 viventem,-
3464 3346 3532 3386 ac
3582 3331 3631 3386 si
3684 3340 3870 3401 aperte

2268 3429 2473 3486 diceret
2502 3444 2517 3481 :
2544 3426 2817 3483 Producat
2845 3434 2984 3479 terra
3008 3423 3208 3478 animal
3237 3422 3443 3478 virens.
3475 3422 3571 3476 lite
3593 3422 3867 3492 siquidem

2271 3529 2480 3589 tmpus,
2519 3518 2611 3588 qui
2640 3518 2838 3573 dicitur
2862 3514 3175 3587 συνικδοχή,
3200 3515 3304 3569 hoc
3328 3521 3412 3568 est
3454 3513 3767 3582 conceptio,
3813 3512 3865 3565 in

2269 3608 2467 3665 divinis
2489 3607 2718 3678 eloquiis
2767 3606 3156 3661 nsitatissimus
3190 3611 3291 3659 est.
3321 3598 3471 3671 Quae
3516 3603 3696 3658 forma
3725 3604 3869 3657 loca-

2271 3699 2439 3757 tionis
2470 3708 2641 3756 totum
2673 3715 2701 3753 a
2726 3708 2900 3770 parte,
2939 3707 2994 3753 et
3024 3703 3231 3767 partem
3258 3712 3285 3749 a
3307 3704 3418 3750 toto
3438 3695 3700 3764 concipit.
3724 3694 3867 3749 Solet

2271 3791 2456 3861 itaque
2479 3805 2633 3846 sacra
2665 3787 2943 3858 Scriptura
2974 3795 3142 3843 totmn
3174 3786 3375 3841 animal
3414 3786 3633 3841 animae“
3673 3785 3871 3840 solum-

2270 3882 2434 3938 modo
2474 3880 2738 3939 vocabulo
2781 3878 3113 3951 signiﬁcare.
3142 3876 3199 3932 In
3239 3876 3394 3933 Actis
3447 3876 3869 3946 apostolorum:

2272 3973 2526 4040 Eramus,
2551 3972 2747 4043 inquit,
2769 3973 2825 4026 in
2852 3973 2970 4027 navi
2990 3973 3244 4026 ducentae
3270 3969 3601 4040 septuaginta
3630 3969 3869 4029 animae;

2271 4064 2537 4139 siquidem
2580 4063 2796 4118 animae
2836 4076 2945 4117 non
2993 4069 3152 4116 erant
3208 4061 3327 4117 sine
3372 4058 3716 4129 corporibus.
3740 4059 3866 4114 Item

2272 4154 2327 4209 in
2353 4151 2550 4208 Genesi
2577 4172 2589 4208 :
2623 4152 2815 4208 Omnes
2845 4152 3051 4206 animae
3071 4151 3257 4205 domus
3279 4148 3465 4214 Iacob,
3486 4154 3625 4219 quae
3640 4150 3869 4218 ingressa

2274 4253 2347 4297 est
2378 4242 2434 4296 in
2467 4242 2777 4313 Aegyptum,
2808 4240 2952 4310 [nere
2972 4228 3311 4308 septuaginta
3332 4239 3398 4291 ²¹.
3422 4238 3479 4292 In
3507 4237 3808 4309 Evangelio
3826 4236 3871 4267 ¹²

2274 4351 2343 4391 ex
2388 4350 2554 4391 carne
2612 4343 2756 4389 totus
2801 4333 2963 4391 homo
3003 4343 3231 4388 vocatur
3274 4350 3285 4387 :
3330 4332 3394 4386 Et
3460 4331 3687 4387 Verbum
3751 4349 3872 4386 caro

2276 4426 2476 4497 factum
2500 4434 2595 4490 est,
2623 4425 2725 4480 hoc
2747 4436 2831 4480 est
2852 4424 3075 4478 verbum
3102 4425 3305 4478 factum
3331 4432 3417 4478 est
3436 4421 3483 4454 ⁸³
3517 4431 3663 4477 totus
3689 4424 3870 4483 homo,

2278 4528 2465 4581 carne,
2488 4515 2690 4581 anima,
2717 4521 3005 4586 menteque
3037 4515 3361 4570 subsistens.
3386 4514 3454 4569 Et
3478 4513 3609 4568 alibi
3642 4532 3657 4567 :
3695 4513 3871 4577 Spir-1'-

2277 4618 2361 4662 tus
2394 4607 2602 4678 quidem
2624 4616 2896 4677 promptus
2925 4616 3021 4671 est,
3073 4623 3199 4660 caro
3250 4622 3368 4660 vero
3403 4605 3643 4671 inﬁrma,
3691 4603 3875 4658 carnis

2280 4699 2541 4756 vocabulo
2589 4708 2756 4754 totam
2788 4713 2939 4755 suam
2970 4699 3363 4754 lnuuanitatem
3395 4696 3733 4768 signiﬁcans,
3760 4698 3873 4767 spi-

2277 4792 2386 4849 ritu
2414 4807 2543 4848 vero
2568 4801 2818 4848 sanctum
2867 4792 3156 4863 Spiritum,
3187 4802 3495 4861 promptum
3541 4790 3766 4861 quidem
3822 4804 3878 4844 et

2277 4885 2719 4941 corroborantem
2754 4900 2813 4940 se
2841 4885 2908 4939 ad
2938 4883 3362 4953 redemptionem
3390 4883 3613 4938 humani
3657 4886 3880 4954 generis

2279 4975 2331 5029 in
2362 4973 2676 5031 difficultate
2709 4974 2996 5046 passionis.
3022 4974 3191 5043 Quem
3214 4973 3477 5046 Spiritum
3529 4974 3710 5029 crucis
3736 4975 3878 5044 patio

2278 5067 2405 5124 bulo
2443 5067 2583 5123 fixus
2612 5066 2761 5123 Patri
2787 5067 3187 5124 commendavit
3208 5067 3434 5123 dicens:
3467 5066 3650 5132 Pater,
3675 5067 3734 5119 in
3757 5082 3877 5119 nta-

2282 5173 2381 5231 nus
2404 5167 2523 5213 tuas
2551 5158 2858 5213 commendo
2908 5158 3152 5230 spiritum
3178 5175 3374 5214 meum.
3401 5158 3482 5215 Ac
3528 5160 3574 5214 si
3602 5157 3835 5214 dixisset
3860 5173 3873 5207 :

1893 5301 2145 5360 VARIAE
2184 5305 2590 5367 LECTlONES.

705 5432 799 5490 Ste
825 5432 911 5535 (ἐξ
938 5450 955 5516 ξ
978 5433 1019 5488 Α
1048 5443 1096 5486 et
1117 5433 1285 5488 calor.
1310 5505 1320 5514 .
1360 5436 1381 5466 '
1417 5433 1508 5489 Sic
1529 5434 1646 5498 CF;
1743 5446 1791 5491 et
1821 5438 2071 5495 caliticat.
2148 5442 2169 5473 ⁸
2207 5443 2299 5502 Sic
2323 5445 2439 5512 CF;
2462 5447 2507 5501 A
2553 5447 2607 5500 in
2636 5449 2944 5504 ormatione.
3018 5450 3041 5481 ‘
3068 5465 3175 5505 una
3206 5464 3316 5504 om.
3337 5450 3407 5505 A.

705 5521 782 5560 ea.
902 5501 993 5559 Sic
1015 5498 1132 5566 CF;
1164 5503 1204 5557 Α
1232 5515 1491 5569 quintum.
1580 5506 1600 5538 '
1627 5505 1719 5562 Stc
1755 5507 1870 5569 CF;
1907 5510 1952 5564 Α
1978 5514 2272 5569 constituet.
2370 5519 2392 5549 “
2417 5517 2508 5569 Sic
2530 5448 2648 5569 CF’:
2689 5519 2735 5569 A
2761 5520 3102 5569 diﬂiculmtix.
3195 5521 3219 5554 θ
3242 5520 3334 5569 Sic
3379 5520 3407 5569 (

583 5514 782 5578 postea.
856 5501 993 5583 “Sic
1015 5498 1132 5566 CF;
1164 5503 1204 5557 A
1232 5505 1491 5576 quintum.
1580 5506 1600 5538 '
1627 5505 1719 5562 Sic
1755 5507 1870 5574 CF;
1907 5510 1952 5564 Α

589 5577 635 5610 ¹⁹
672 5573 942 5645 clementia
972 5589 1081 5645 om.
1105 5573 1170 5627 Α.
1280 5576 1322 5606 ¹¹
1356 5575 1398 5628 Α
1430 5573 1762 5645 gubernante
1801 5595 1956 5645 opera

591 5596 634 5610 "
672 5596 942 5630 crementur
972 5596 1081 5627 υιιι.
1105 5596 1170 5627 ιι.
1281 5596 1322 5606 ··
1356 5596 1398 5628 A
1430 5596 1762 5645 gubernante
1801 5596 1977 5647 opera.
2086 5596 2097 5614 '

587 5646 635 5681 “
658 5644 768 5724 ,δίο
791 5640 909 5710 CF:
942 5644 1218 5724 ,ιιέάειῑξνῑι
1242 5658 1352 5724 (1'9.-
1383 5645 1447 5724 Α·
1474 5716 1505 5724 -
1527 5643 1570 5678 ¹⁸
1591 5643 1682 5724 Sis
1716 5648 1832 5724 CF;
1855 5650 2097 5724 ῌνείίεο

588 5715 756 5769 colere
787 5730 897 5768 om.
929 5714 994 5766 Α.
1073 5715 1118 5746 ¹⁸
1142 5714 1233 5768 Sic
1255 5714 1371 5779 Cl";
1395 5716 1438 5770 A
1464 5716 1693 5771 Domini.

2086 5582 2127 5614 “
2149 5584 2241 5640 Sic
2263 5585 2380 5652 CF;
2406 5589 2449 5642 A
2483 5582 2748 5644 tendenda
2770 5582 2891 5643 sunt
2930 5589 3069 5645 vela.

1791 5656 1831 5712 ’;
1855 5656 2097 5731 Afretis.
2201 5656 2247 5688 ³⁸
2274 5658 2364 5711 Sic
2388 5657 2503 5720 CF;
2537 5658 2632 5713 Dei
2684 5659 2916 5716 videlicet
2962 5662 3172 5716 verbum
3208 5677 3319 5717 om.
3350 5663 3414 5714 Λ.

1791 5720 1835 5757 ι’
1864 5718 1955 5776 Stc
2002 5720 2118 5781 CF:
2148 5725 2195 5780 Α
2253 5726 2364 5781 Dei.
2460 5730 2505 5761 ³⁸
2553 5730 2597 5781 Α
2646 5741 2903 5781 monente.
2971 5717 3022 5762 ’²¹
3067 5730 3152 5781 CF
3194 5741 3414 5781 septima

588 5767 672 5838 CF
678 5767 705 5840 ῆς
727 5767 773 5837 Α
797 5767 851 5838 in
875 5767 1168 5854 Evangelia
1186 5767 1319 5840 quod
1328 5767 1438 5840 tte.—
1465 5767 1533 5822 _‘i
1786 5807 1800 5852 ;
1828 5767 2423 5856 A‘ééroiiu’rh’czis'é’u.

3508 5447 3879 5519 'Sica";A

3195 5521 3219 5554 ⁹
3242 5520 3334 5575 Sic
3379 5518 3500 5585 CF;
3531 5522 3574 5574 Α
3602 5518 3879 5589 procliris.

3174 5590 3218 5623 ¹⁸
3247 5589 3341 5647 Sic
3360 5589 3481 5655 CF;
3504 5590 3663 5657 hujus
3682 5605 3780 5645 om
3810 5594 3879 5646 Α.

3208 5677 3319 5716 om.
3350 5663 3414 5714 Λ.
3540 5661 3579 5693 ι’
3606 5661 3701 5716 Sic
3756 5662 3879 5716 CF:

2460 5675 2503 5720 ις
2537 5675 2631 5713 uer
2684 5675 2916 5716 maeucet
2962 5675 3172 5729 aereum
3208 5677 3319 5717 om.
3350 5675 3414 5714 Λ.
3540 5675 3577 5693 ι’
3606 5675 3701 5716 Sic
3756 5675 3879 5726 ur;

2460 5730 2505 5761 ’⁸
2553 5730 2597 5783 A
2646 5741 2903 5786 mouente.
2980 5732 3022 5762 ²¹
3067 5730 3152 5787 CF
3194 5732 3523 5801 septuaginta
3563 5729 3627 5787 γ.
3705 5733 3755 5763 ³¹
3787 5731 3882 5788 Sic

2370 5519 2392 5549 “
2417 5517 2508 5573 Sic
2530 5516 2620 5589 CF
2632 5536 2648 5585 ;
2689 5519 2735 5573 A
2761 5520 3102 5589 difﬁcultatis.
