4028 6282
245 273 361 335 ,ηδ

1093 273 1181 331 DE
1220 272 1559 339 mvrslons
1599 231 2054 328 NATunsEf—
2091 273 2290 335 LIBER
2331 275 2678 346 QUARTUS.

3433 285 3534 342 766

256 388 521 459 Spiritum
575 401 604 441 a
663 402 750 442 me
799 395 856 443 et
902 401 933 443 a
977 395 1031 444 te
1118 389 1494 460 procedentem
1544 387 1594 442 in
1654 402 1848 441 manus
1875 388 1922 451 Α
1951 389 2290 454 homine;sic
2314 392 2355 422 ¹⁰
2378 393 2431 446 in
2461 395 2686 463 seipsum
2712 396 3012 464 reformavit
3051 411 3116 452 ex
3137 396 3294 452 caelis
3328 400 3530 458 veniens

255 489 379 535 tuas
417 479 754 540 commendo,
781 479 1039 548 quoniam
1067 481 1416 550 impossibilia
1442 469 1544 544 est',
1575 479 1744 533 donec
1763 493 1847 532 so-

251 567 340 634 lus
393 569 543 624 carui
592 569 926 639 compatiar,
960 571 1052 640 qui
1117 570 1266 625 solus
1310 585 1528 626 carnem
1560 569 1761 638 accepi,
1792 576 1847 622 et

249 675 385 718 caro
413 657 588 714 factus
611 673 750 713 sum.
784 658 902 716 Non
932 661 1076 730 quod
1103 668 1160 716 et
1185 661 1300 730 ipse
1328 659 1598 731 passibilis
1639 661 1713 714 sit
1763 673 1847 714 se-

248 747 484 805 cundum
511 750 868 814 divinitatem,
893 748 988 805 sed
1017 750 1161 821 quod
1190 750 1246 807 in
1292 766 1418 808 eum
1469 752 1842 819 humanitatis,

247 855 417 912 quam
458 840 604 895 solus
625 851 993 911 assmnpserat
1023 840 1066 908 ',
1096 843 1444 913 passibilitas,
1476 853 1531 900 et
1557 847 1759 916 passio,
1791 854 1845 901 ct

221 987 226 991 _
248 945 401 984 mors
429 928 684 994 refertur,
711 931 1164 1003 humanitatique,
1189 947 1351 1004 quam
1371 935 1475 990 sibi
1502 935 1556 994 in
1579 938 1842 992 unitatem

243 1022 584 1078 substantiae
619 1034 985 1094 assumpserat
1014 1026 1059 1089 ',
1101 1040 1416 1098 compassus
1471 1037 1575 1083 est.
1613 1027 1843 1098 Ideoque

242 1111 373 1180 quia
408 1126 725 1184 compassus
776 1128 883 1168 non
909 1114 1183 1172 immerito
1206 1115 1426 1183 dicitur,
1455 1126 1510 1171 et
1533 1132 1658 1172 vere
1709 1119 1841 1172 dici-

242 1212 570 1274 tur-passus.
605 1203 720 1259 Non
759 1205 902 1260 enim
935 1215 1184 1276 separata
1215 1207 1378 1264 estin
1433 1209 1682 1278 passione
1735 1225 1839 1263 una

238 1295 543 1350 substantia
558 1295 716 1352 Verbi
729 1306 784 1354 et
796 1297 1121 1353 hominis.Et
1138 1306 1197 1352 ut
1211 1299 1412 1355 certius
1431 1301 1837 1356 corroboratum

236 1385 569 1450 auctoritate
590 1387 910 1456 perspicias,
940 1389 1066 1443 audi
1095 1389 1432 1458 praedictum
1478 1390 1838 1462 Epiphaniam

236 1476 297 1532 in
327 1492 578 1534 sermone
618 1481 684 1536 de
734 1481 885 1537 Fide.
915 1481 1112 1550 Semel,
1137 1483 1332 1554 inquit,
1363 1493 1600 1539 mortuus
1640 1493 1716 1538 est
1744 1501 1838 1554 pro

235 1565 412 1631 nobis,
453 1569 715 1624 sustinens
741 1572 850 1639 pati
900 1587 993 1641 pro
1038 1573 1230 1627 nostris
1269 1573 1600 1643 passionibus
1622 1589 1643 1642 ;
1681 1573 1837 1629 semel

232 1659 469 1728 gustavit
512 1669 754 1724 mortem,
788 1675 1002 1716 mortem
1053 1673 1228 1718 autem
1288 1681 1451 1735 usque
1491 1665 1562 1719 ad
1598 1681 1834 1730 crucent;

1951 481 2058 550 ipse
2084 493 2296 535 sanctus
2325 481 2465 538 Deus
2504 481 2762 550 Verbum;
2793 488 2922 540 sicut
2954 489 3027 541 ait
3073 489 3253 544 beatus
3297 487 3486 547 Petrus
3511 513 3530 547 :

1953 571 2299 643 Mortiﬁcatus
2329 591 2505 639 carne,
2534 575 2820 644 viviﬁcatus
2864 587 3036 632 autem
3079 581 3298 649 spiritu;
3344 592 3392 637 et
3429 583 3527 638 ite-

1949 682 2066 718 rum
2093 685 2111 722 :
2139 664 2346 720 Christo
2387 683 2506 735 ergo
2530 668 2753 736 patiente
2781 685 2873 737 pro
2897 669 3041 723 nobis
3073 686 3251 736 carne,
3291 682 3338 726 et
3368 690 3460 727 nos
3487 673 3529 706 “

1947 755 2002 809 in
2027 755 2244 808 eandem
2279 753 2673 826 intelligentiam
2698 759 2896 812 armari
2927 758 3002 824 ";
3037 759 3110 813 sic
3145 759 3188 790 ¹⁸
3213 760 3370 814 veluti
3401 777 3529 815 san—

1945 847 2061 916 guis
2093 845 2146 901 in
2171 845 2472 901 vestimento
2511 846 2792 916 deputatur
2818 846 3022 916 ferenti,
3069 849 3315 919 deputata
3361 861 3434 906 est
3484 854 3530 905 ei

1943 936 2119 1006 passio
2166 935 2341 990 carnis
2392 935 2446 988 in
2496 932 2775 1000 Deitatem,
2818 934 3025 990 Deitate
3073 936 3146 990 nil
3183 937 3431 1005 patiente,
3470 951 3527 990 ut

1946 1040 2048 1077 non
2077 1024 2130 1078 in
2157 1024 2418 1078 hominem
2447 1024 2654 1080 haberet
2683 1025 2908 1079 mundus
2943 1042 3107 1095 spem,
3140 1027 3228 1080 sed
3265 1027 3320 1081 in
3350 1027 3527 1080 Domi-

1945 1115 2316 1180 nicohomiue,
2368 1115 2571 1171 Deitate
2618 1126 2842 1186 recepta,
2878 1127 3207 1186 reputaretur
3255 1118 3309 1170 in
3357 1119 3524 1186 ipsam

1941 1207 2138 1277 passio,
2171 1217 2222 1260 ut
2273 1206 2418 1275 ﬁeret
2475 1223 2568 1277 pro
2619 1207 2813 1261 mundo
2853 1222 2918 1261 ea!
2965 1206 3171 1261 Deitate
3218 1207 3524 1277 impassibili

1941 1297 2117 1362 salus,
2144 1307 2198 1351 ut
2225 1298 2279 1351 in
2303 1313 2458 1352 carne
2491 1297 2632 1367 facta
2661 1298 2860 1367 passio,
2890 1306 2936 1352 et
2970 1296 3174 1352 Deitate
3197 1297 3272 1351 nil
3297 1299 3524 1367 patiente

1943 1405 2105 1459 neque
2141 1389 2448 1454 sustinente,
2489 1388 2544 1443 in
2573 1403 2685 1441 eam
2731 1386 2876 1456 ﬁeret
2914 1387 3161 1456 deputata
3190 1387 3385 1457 passio,
3428 1387 3521 1440 im-

1938 1481 2077 1552 pleta
2114 1480 2158 1511 ”
2197 1479 2496 1550 Scriptura,
2523 1495 2656 1550 quae
2676 1479 2845 1545 dicit:
2885 1477 2944 1534 Si
2967 1479 3104 1533 enim
3145 1480 3520 1550 cognovissent,

1941 1588 2203 1643 nunquam
2230 1570 2513 1626 Dominum
2542 1569 2742 1641 gloriae
2785 1569 3188 1639 cruciﬁxissent.
3221 1568 3521 1638 Cruci/istis

1937 1676 2011 1721 est
2046 1683 2188 1737 ergo,
2226 1665 2507 1735 cruciﬁxus
2545 1675 2620 1720 est
2646 1663 2923 1731 Dominus,
2951 1674 3000 1720 et
3037 1665 3322 1719 adoramus
3353 1664 3520 1718 cruci-

233 1748 414 1804 volens
464 1767 559 1820 pro
606 1753 752 1808 nobis
796 1753 1020 1810 Verbum
1056 1756 1111 1810 in
1133 1767 1350 1812 mortem
1401 1759 1558 1825 venit,
1589 1769 1643 1812 ut
1694 1776 1831 1812 mor-
1862 1761 1910 1820 Β
1939 1757 2126 1826 ﬁxum,
2158 1755 2442 1825 sepultam,
2469 1765 2515 1820 et
2543 1765 2890 1824 resurgentem
2923 1755 3078 1811 tertia
3109 1756 3217 1821 die,
3244 1765 3290 1811 et
3323 1756 3374 1808 in
3406 1772 3519 1816 cae-

230 1849 342 1897 tem
410 1844 758 1912 interimeret;
816 1847 1040 1901 Verbum
1109 1865 1233 1904 caro
1308 1850 1509 1921 factum
1556 1861 1675 1919 est,
1725 1868 1830 1907 non

229 1933 441 2001 patiens
464 1934 518 2000 in
549 1934 774 2004 Deitate,
816 1941 1135 2010 compatiens
1159 1951 1335 1996 autem
1366 1959 1484 1998 cum
1501 1944 1830 2006 humanitate

229 2027 291 2079 in
317 2028 750 2096 impossibilitate.
789 2030 976 2096 Passio
999 2043 1172 2088 autem
1193 2034 1293 2088 sibi
1323 2035 1569 2106 deputata
1588 2045 1685 2101 est,
1718 2038 1828 2107 ipso

227 2127 474 2174 manente
506 2117 564 2173 in
606 2119 1060 2192 impossibilitate;
1088 2137 1228 2177 mors
1270 2123 1318 2177 ei
1352 2133 1587 2194 reputata
1635 2133 1732 2187 est,
1767 2141 1826 2180 eo

227 2218 471 2262 manente
493 2210 547 2264 in
579 2211 992 2266 immortalitate.
1015 2210 1137 2282 Ipse
1178 2213 1314 2267 enim
1357 2213 1490 2268 dixit
1514 2229 1532 2266 :
1566 2214 1678 2284 Ego
1709 2232 1826 2270 sum

225 2301 368 2367 vita;
393 2303 496 2355 vita
524 2311 696 2357 autem
719 2320 986 2374 nunquam
1006 2305 1252 2373 moritur,
1275 2307 1366 2361 sed
1388 2308 1520 2363 venit
1542 2309 1822 2377 viviﬁcare,

224 2408 328 2460 pro
354 2394 498 2448 nobis
530 2404 751 2450 mortem
779 2397 1061 2466 accipiens.
1098 2397 1221 2453 Non
1243 2399 1381 2454 enim
1429 2415 1522 2467 per
1561 2401 1821 2456 hominem

219 2492 339 2537 erat
366 2485 512 2540 nobis
535 2487 658 2552 vita,
683 2503 846 2554 neque
899 2503 990 2557 per
1029 2505 1239 2544 carnem
1261 2490 1406 2545 nobis
1434 2506 1568 2560 spes.
1597 2489 1821 2545 Maledi-

221 2582 344 2629 ctus
366 2577 524 2642 enim,
549 2578 739 2648 inquit,
771 2597 990 2651 sperans
1013 2581 1064 2636 in
1087 2581 1376 2648 hominem,
1398 2591 1446 2637 et
1470 2595 1488 2633 .'
1528 2580 1633 2649 Qui
1665 2583 1816 2638 habet

219 2682 369 2736 spem
415 2669 471 2722 in
513 2669 722 2724 homine
745 2671 786 2737 ³,
826 2673 926 2726 erit
948 2672 1083 2726 sicut
1121 2673 1344 2743 agrestis
1383 2674 1576 2742 myrice
1605 2672 1646 2728 ⁸.
1676 2672 1817 2739 Quid

218 2773 349 2828 ergo
371 2758 647 2815 dicemus?
685 2761 806 2817 Non
831 2763 987 2818 homo
1025 2760 1268 2819 Christus
1289 2780 1354 2818 ea:
1383 2765 1486 2832 his,
1507 2781 1642 2834 quae
1664 2781 1814 2830 prae-

217 2849 367 2903 dicta
389 2852 551 2906 sunt?
585 2850 878 2925 Unicuique
921 2853 1123 2909 clarum
1151 2866 1250 2920 est,
1275 2857 1401 2926 quia
1461 2857 1653 2926 absque
1701 2855 1812 2910 ulla

215 2940 563 3010 ambiguitate
590 2944 902 3012 conﬁtemur
936 2944 1221 3000 Dominum
1249 2945 1415 3001 Deum
1449 2945 1676 3002 Verbum
1717 2949 1810 3001 ho-

215 3030 414 3085 suinem
464 3032 683 3100 factum,
711 3052 813 3089 non
857 3035 1097 3105 opinione
1147 3037 1238 3091 sed
1292 3038 1526 3092 veritate.
1561 3037 1664 3092 Sed
1704 3055 1806 3093 non

1925 1848 2006 1920 los
2039 1848 2422 1910 ascendentem.
2455 1845 2527 1902 Ut
2572 1857 2753 1903 autem
2780 1861 3098 1919 cognoscas,
3130 1847 3272 1916 quod
3309 1863 3412 1901 nou
3453 1847 3519 1900 de

1929 1939 2054 2008 alio,
2084 1939 2358 1994 verum'dc
2396 1938 2598 2009 Spiritu
2643 1948 2838 1994 sancto
2861 1939 3066 1995 dictant
3092 1947 3178 1993 est
3211 1952 3226 1990 :
3261 1935 3424 1990 Pater
3463 1936 3517 1990 in

1926 2047 2114 2098 manus
2145 2039 2262 2086 tuas
2291 2030 2594 2084 commendo
2621 2029 2878 2099 Spiritum
2908 2044 3100 2094 meum,
3131 2027 3256 2082 audi
3282 2026 3515 2081 eundem

1927 2123 1982 2180 in
2006 2123 2194 2178 eodem
2237 2139 2251 2175 :
2291 2120 2350 2176 Si
2390 2120 2684 2182 audieritis,
2716 2120 2908 2190 inquit,
2937 2120 3060 2190 quia
3102 2118 3158 2172 in
3180 2115 3515 2172 dextera'Dei

1925 2214 2186 2270 exaltatus
2218 2214 2281 2279 ",
2332 2223 2379 2268 et
2428 2213 2824 2280 promissionem
2880 2210 3112 2281 Spiritus
3165 2211 3422 2279 accipiens
3471 2207 3514 2240 ¹⁶

1924 2323 1956 2360 a
1983 2303 2179 2371 Patre;
2209 2314 2300 2359 aut
2327 2317 2345 2355 :
2369 2301 2691 2358 Praestolari
2717 2300 3113 2372 promissionem
3144 2295 3324 2352 Patris
3353 2312 3512 2367 quam

1921 2395 2146 2451 audistis
2177 2393 2308 2460 mei;
2333 2401 2464 2448 aut:
2499 2391 2637 2458 Quia
2665 2391 2879 2461 spiritus
2920 2405 3038 2444 eum
3069 2387 3282 2442 immisit
3330 2387 3382 2440 in
3423 2387 3510 2440 de-

1921 2497 2155 2550 sertum;
2208 2493 2297 2539 aut
2339 2483 2479 2556 quod
2537 2481 2644 2552 ipse
2694 2481 2820 2534 dicit
2850 2494 2867 2531 :
2895 2478 3074 2533 Nolite
3114 2478 3342 2549 cogitare
3381 2477 3509 2546 quid

1919 2577 2129 2641 dicatis,
2165 2577 2291 2648 quia
2325 2573 2612 2644 Spiritus"
2647 2570 2827 2627 Patris
2852 2570 3078 2641 mei,qui
3097 2567 3330 2639 loquitur
3354 2568 3406 2621 in
3426 2584 3507 2620 vo-

1917 2671 2025 2737 bis;
2046 2679 2135 2726 aut
2163 2683 2181 2722 :
2209 2667 2270 2726 Si
2301 2679 2476 2724 autem
2516 2668 2572 2723 in
2603 2667 2808 2737 Spiritu
2845 2664 2943 2721 Dei
2990 2664 3143 2735 ejicio
3184 2662 3506 2727 daemonia;

1914 2761 2166 2829 aut:Qui
2189 2770 2364 2816 autem
2395 2759 2714 2830 blasphemat
2739 2759 2790 2812 in
2823 2756 3081 2828 Spiritum
3113 2765 3377 2819 sanctum,
3403 2771 3504 2808 non

1913 2853 2210 2910 demittetur
2250 2853 2320 2916 ei,
2355 2860 2402 2907 et
2431 2850 2666 2920 reliqua;
2699 2858 2786 2903 aut
2823 2864 2840 2902 :
2874 2844 3036 2902 Pater
3072 2846 3124 2900 in
3153 2861 3338 2899 manus
3387 2854 3504 2896 tuas

1911 2941 2212 2997 commendo
2234 2941 2476 3010 spiritum
2504 2955 2673 2993 meum
2698 2955 2714 3001 ;
2739 2946 2831 2992 aut
2871 2953 2889 2991 :
2929 2935 3069 2990 Puer
3103 2945 3276 2988 autem
3308 2950 3504 2987 cresce-

1912 3033 1998 3086 bat
2037 3042 2084 3086 et
2116 3031 2519 3102 confortabatur
2543 3030 2651 3099 ipse
2691 3028 2915 3098 spiritu;
2955 3037 3044 3082 aut
3077 3042 3096 3082 :
3141 3025 3297 3095 Jcsns
3329 3035 3501 3077 autem

213 3120 377 3174 homo
401 3122 536 3176 venit
562 3123 617 3177 in
645 3123 933 3193 profectum
948 3124 1190 3180 Deitatis.
1221 3124 1344 3180 Non
1369 3128 1504 3182 enim
1523 3128 1577 3182 in
1606 3129 1813 3182 homine

1922 3123 2098 3194 plenus
2129 3123 2333 3194 Spiritu
2376 3131 2558 3177 sancto
2586 3136 2816 3183 reversus
2857 3128 2930 3174 est
2969 3119 3033 3172 ab
3058 3117 3330 3182 Iordane;
3367 3125 3500 3169 aut:

212 3219 334 3264 erat
356 3213 501 3266 nobis
531 3230 645 3283 spes
670 3215 1052 3280 salutis;nemo
1092 3219 1230 3280 enim
1270 3219 1500 3274 omnium
1547 3221 1815 3274 hominum

209 3301 284 3354 ab
307 3302 512 3360 Adamo
541 3303 564 3338 ⁸
587 3306 754 3377 potuit
781 3308 988 3373 operari
1015 3308 1257 3368 salutem.
1283 3309 1390 3365 Sed
1418 3309 1556 3365 Deus
1589 3309 1814 3366 Verbum

209 3391 374 3446 homo
387 3392 578 3461 factus,
601 3412 663 3451 ne
681 3412 795 3463 spes
812 3399 1059 3453 nostrain
1075 3399 1354 3466 hominem,
1370 3401 1461 3456 sed
1482 3402 1534 3456 in
1562 3402 1814 3457 Deumvi—

213 3489 414 3543 ventem
425 3492 473 3542 et
485 3500 678 3545 verum.
696 3486 890 3554 factum
903 3489 1161 3553 hominem
1175 3491 1316 3561 ﬁeret
1333 3487 1564 3553 °.0,mnis
1577 3493 1711 3548 enim
1727 3512 1813 3549 sa-

210 3573 423 3641 cerdos,
437 3591 501 3629 ea:
515 3571 808 3632 hominibus
835 3590 1100 3650 acceptus,
1114 3598 1208 3652 pro
1222 3583 1515 3639 hominibus
1534 3585 1808 3638 constitui-

209 3673 326 3728 tur,
331 3664 493 3734 juxta
511 3666 650 3736 quod
664 3667 914 3738 scriptum
935 3679 1028 3726 est.
1044 3669 1196 3726 Unde
1210 3688 1274 3727 ea?
1288 3682 1464 3727 nostra
1484 3673 1809 3728 humanitate

209 3755 414 3823 accepit
439 3755 693 3812 Dominus
722 3761 927 3815 veniens
942 3777 1172 3827 carnem,
1191 3772 1238 3817 et
1260 3763 1414 3817 homo
1429 3763 1603 3832 factus
1625 3773 1699 3820 est
1717 3781 1807 3820 no-

210 3847 292 3899 bis
315 3844 452 3901 Deus
476 3845 724 3916 Verbum,
739 3861 792 3904 ut
809 3852 862 3906 in
876 3851 1082 3907 Deitate
1093 3853 1309 3907 daretur
1330 3853 1476 3908 nobis
1497 3854 1663 3921 salus,
1677 3865 1724 3910 et
1751 3855 1805 3910 in

207 3953 313 3989 sua
333 3937 659 4005 humanitate
687 3950 954 4009 pateretur
971 3959 1065 4010 pro
1089 3943 1235 3997 nobis
1259 3943 1579 4012 hominibus,
1601 3947 1804 4014 passio-

208 4043 329 4082 nem
348 4044 440 4096 pet:
435 4033 741 4100 passionem
761 4033 983 4101 solvens,
997 4045 1044 4091 et
1066 4046 1278 4091 mortem
1292 4053 1383 4108 per
1394 4040 1800 4106 suamntortem’

207 4114 558 4185 mortiﬁcans.
608 4119 868 4197 Deputata
897 4134 971 4179 est
1009 4135 1184 4180 autem
1223 4127 1399 4194 passio
1428 4128 1484 4182 in
1517 4126 1796 4194 Deitatem,

203 4215 262 4260 et
304 4207 511 4276 quidem
551 4208 757 4266 Deitate
801 4230 902 4268 non
932 4215 1178 4284 patiente,
1209 4226 1446 4285 reputata
1476 4227 1651 4272 autem
1679 4236 1799 4288 pas-

203 4297 355 4349 sione
389 4291 603 4363 Deitati,
645 4301 771 4370 quia
801 4303 877 4356 sic
906 4303 1230 4374 beneplacuit
1258 4307 1484 4360 venienti
1525 4317 1707 4362 sancto
1749 4318 1796 4362 et

203 4389 523 4457 impassibili
580 4389 760 4448 Verbo.
805 4393 902 4449 Est
965 4405 1141 4450 autent
1184 4397 1487 4467 hujusmoa’i
1531 4400 1793 4470 quoddam

1917 3213 2171 3270 Reversus
2200 3223 2274 3269 est
2295 3213 2450 3269 Iesus
2485 3213 2542 3268 in
2568 3213 2756 3268 virtute
2782 3210 3034 3281 spiritus;
3065 3217 3191 3263 aut:
3225 3206 3377 3274 Quod
3402 3223 3499 3259 na-

1916 3316 2026 3361 tum
2069 3316 2143 3362 est
2190 3321 2256 3361 ea:
2293 3305 2501 3376 spiritu,
2529 3304 2747 3374 spiritus
2773 3311 2882 3367 est;
2913 3312 3002 3356 aut
3025 3317 3043 3357 :
3067 3300 3130 3355 Et
3177 3316 3269 3370 ego
3310 3299 3500 3368 rogabo

1916 3395 2151 3464 Patrem,
2208 3391 2260 3455 et
2294 3396 2458 3451 alium
2491 3393 2828 3450 Paracletum
2855 3393 2999 3447 dabit
3030 3392 3195 3457 vobis,
3242 3390 3498 3460 Spiritum

1913 3487 2182 3551 veritatis;
2227 3497 2362 3541 aut:
2399 3487 2578 3552 Quare
2625 3485 2854 3556 implevit
2899 3482 3128 3538 Satanas
3170 3497 3261 3536 cor
3308 3491 3455 3534 tuum
3485 3520 3498 3546 ,

1913 3577 2149 3632 Ananiae
2187 3577 2319 3632 dixit
2345 3574 2558 3642 Petrus,
2599 3577 2830 3630 mentiris
2875 3575 2916 3606 ⁸⁸
2948 3573 3172 3644 Spiritui
3207 3583 3426 3636 sancto;
3451 3581 3499 3625 et

1907 3669 2132 3740 posthac
2147 3671 2221 3725 ὀι
2242 3667 2365 3725 Non
2390 3669 2684 3728 hominibus
2709 3668 2953 3724 mentitus
2972 3683 3043 3733 es,
3061 3666 3150 3720 sed
3165 3665 3272 3720 Deo
3296 3682 3314 3720 :
3338 3663 3500 3734 igitur

1908 3761 2050 3816 Deus
2091 3776 2156 3816 es:
2185 3759 2316 3824 Deo,
2361 3769 2408 3813 et
2455 3759 2596 3812 Deus
2629 3757 2854 3828 Spiritus
2894 3767 3108 3810 sanctus
3150 3765 3242 3810 est.
3297 3753 3496 3808 Hacte-

1906 3865 2009 3904 nus
2065 3864 2133 3905 ex
2179 3847 2498 3918 Epiphanio.
2548 3847 2692 3912 DlSC.
2744 3846 3030 3902 'l'ransitus
3078 3845 3214 3911 iste,
3251 3843 3496 3913 quamvis

1903 3941 2114 4013 longius
2146 3955 2178 3996 ι
2204 3941 2250 3974 ⁸⁸
2277 3939 2552 4010 proposito
2581 3938 2830 3992 videatur
2872 3936 3185 4002 recessisse,
3233 3935 3377 3988 utilis
3419 3944 3488 3989 tae

1903 4050 2028 4090 men
2057 4042 2142 4088 est
2172 4031 2479 4087 volentibus
2521 4045 2732 4084 sacram
2775 4028 3111 4096 Scripturam
3143 4024 3444 4094 intelligere
3476 4042 3488 4076 :

1900 4127 2072 4183 suasit
2100 4125 2267 4191 enim,
2295 4123 2548 4180 deitatem
2569 4123 2612 4154 ἰ
2648 4121 2802 4175 \‘erbi
2829 4118 3491 4188 et"impassibilcmesse,

1898 4225 1952 4271 et
2008 4229 2140 4272 suae
2192 4213 2516 4270 humanitati
2565 4225 2943 4280 compassam;
3002 4208 3266 4279 approbat
3303 4208 3490 4272 etiam,

1897 4309 2042 4379 quod
2065 4307 2328 4364 Dominus
2357 4306 2494 4362 dixit
2539 4306 2590 4360 in
2639 4302 2932 4374 Erangelio
2960 4321 2971 4356 :
3022 4302 3252 4372 Spiritus
3281 4302 3491 4371 quidem

1895 4409 2168 4471 promptus
2195 4409 2294 4466 est,
2342 4415 2467 4452 caro
2515 4414 2630 4452 vero
2675 4395 3188 4464 inﬁrmahitidem:
3222 4393 3406 4457 Pater,
3437 4393 3494 4448 in

200 4479 524 4548 exemplum,
563 4482 720 4538 veluti
744 4486 790 4540 si
815 4486 929 4556 quis
959 4488 1313 4542 vestimentum
1354 4489 1590 4557 indutus,
1617 4493 1670 4546 in
1700 4479 1779 4547 ve:
1814 4474 1861 4533 D
1887 4505 2074 4544 manus
2097 4499 2215 4543 tuas
2235 4487 2536 4542 commendo
2566 4487 2806 4556 spiritum
2823 4500 3014 4550 meum,
3048 4499 3154 4540 non
3175 4484 3242 4539 de
3257 4482 3361 4538 alio
3382 4483 3492 4553 spi-

199 4569 448 4624 stimento
465 4581 636 4627 autem
653 4577 866 4645 sanguis
890 4593 1103 4646 sparsus
1128 4577 1378 4648 pollueret
1408 4583 1788 4646 vestimentum,

198 4669 249 4712 et
279 4663 496 4731 sanguis
534 4665 589 4718 in
617 4668 977 4722 vestimentum
1015 4671 1220 4725 veniens
1261 4689 1364 4729 non
1409 4683 1643 4744 tangeret
1678 4691 1792 4729 cor-

196 4769 301 4818 pus
350 4755 543 4823 induti,
607 4758 950 4829 deputaretur
1001 4772 1175 4816 autem
1230 4765 1470 4835 contagio
1521 4765 1792 4836 sanguinis

198 4843 493 4900 vestimenti
522 4849 576 4901 in
602 4865 718 4902 eum
752 4852 842 4920 qui
871 4852 1228 4908 vestimentum
1258 4853 1280 4886 ⁸
1332 4855 1572 4910 induitur
1591 4872 1610 4911 :
1639 4858 1717 4910 sic
1735 4857 1790 4911 in

197 4949 362 4990 carne
387 4953 573 5006 passus
603 4949 680 4993 est
721 4940 984 5009 Christus,
1017 4942 1072 4998 in
1115 4943 1232 5014 ipso
1279 4944 1398 5000 dico
1447 4949 1470 4980 ⁸
1517 4945 1792 5003 Dominico

1894 4580 2000 4634 ritu
2039 4579 2266 4644 dictum,
2297 4579 2393 4634 sed
2431 4578 2496 4634 de
2538 4576 2742 4648 Spiritu
2790 4587 2996 4632 sancto.
3023 4575 3131 4631 Sed
3179 4575 3248 4629 ad
3290 4588 3488 4644 propo-

1894 4672 2058 4726 situm
2099 4671 2279 4727 redire
2317 4679 2548 4740 Oportet.

1964 4760 2018 4812 4.
2063 4758 2205 4816 MAG.
2256 4757 2529 4814 Prodacat
2580 4769 2720 4811 terra
2773 4759 3007 4812 animam
3056 4758 3343 4823 viventem;
3386 4757 3488 4814 hoc

1893 4860 2018 4914 est,
2079 4849 2344 4919 producat
2393 4857 2536 4903 terra
2591 4848 2788 4902 animal
2841 4848 3045 4904 vivens.
3103 4847 3270 4914 Vide,
3324 4864 3484 4918 quam

1896 4942 2137 5012 pulchre,
2166 4941 2320 5010 juxta
2350 4939 2682 5012 praedictum
2710 4949 2945 5010 tropum,
2973 4950 3027 4994 ct
3051 4949 3223 4996 totum
3253 4956 3284 4994 a
3305 4948 3483 5010 parte,

1498 5119 1754 5176 VARIAE
1793 5119 2190 5176 LECTIONES.

280 5242 419 5325 ‘OSic
442 5243 515 5308 A;
542 5245 960 5326 liancceperat;
1021 5252 1042 5326 ξ
1073 5253 1162 5326 Sic
1188 5253 1310 5326 CF;
1340 5255 1381 5308 A
1415 5265 1710 5326 acceperat.

194 5315 433 5392 φιλήσας.
545 5315 583 5392 '_
605 5315 698 5372 Sic
746 5315 826 5384 A;
876 5320 960 5392 CF
1015 5323 1069 5375 in
1101 5315 1306 5392 Adam.
1407 5325 1428 5355 ⁸
1458 5315 1553 5380 Sic
1586 5324 1702 5392 CF;

191 5383 410 5459 CF;_A_
462 5383 819 5459 vestimento}
875 5389 895 5418 ’
938 5392 1029 5447 Sic
1081 5391 1203 5459 CF;
1243 5395 1360 5448 dico
1404 5409 1513 5449 om.
1562 5394 1626 5448 A.

192 5453 428 5506 memini.
555 5453 598 5484 ⁸³
648 5455 690 5508 Α
738 5471 894 5516 sicut.

198 5521 247 5557 ³⁸
287 5524 376 5577 Sic
429 5522 601 5602 ACE;
641 5527 734 5602 sed
788 5529 830 5584 F
876 5547 1016 5586 corr.
1077 5521 1404 5602 acceperitis.

197 5607 364 5676 {arma
388 5594 605 5676 mentiri
641 5597 816 5656 adscr.
847 5613 912 5657 te.
995 5603 1035 5634 ¹⁹
1073 5604 1163 5659 Sic
1201 5594 1318 5670 CF;
1345 5605 1384 5659 A
1418 5615 1530 5676 post
1571 5607 1718 5659 haec.

198 5664 316 5730 CF;
349 5675 393 5718 et
434 5680 540 5719 om.
577 5665 641 5720 A.

1823 5254 1844 5286 ³
1875 5253 1966 5310 Sic
1999 5253 2118 5316 CF;
2151 5253 2193 5310 A
2229 5253 2282 5308 in
2317 5254 2594 5309 hominem.

1749 5323 1893 5392 ﬁeret
1931 5340 2040 5379 om.
2087 5324 2149 5378 A.

1758 5395 1801 5426 ¹⁰
1851 5394 1940 5448 Sic
1996 5395 2112 5455 CF;
2167 5395 2213 5456 Α
2257 5411 2426 5464 quem.

1025 5461 1189 5519 “Sic
1241 5463 1360 5528 CF;
1412 5464 1456 5518 A
1517 5475 1574 5517 ut
1626 5463 1948 5534 impleretur.
2082 5466 2127 5496 ¹¹¹
2185 5461 2277 5518 Sic
2318 5462 2447 5517 ACF

1077 5536 1404 5590 acceperitis.
1513 5535 1551 5567 "
1584 5533 1674 5590 Sic
1720 5533 1890 5590 ACF:
1939 5537 2030 5587 scl
2074 5535 2114 5589 F
2152 5535 2328 5590 adscr.
2383 5542 2456 5587 est

1877 5575 1890 5594 τ
1939 5571 2030 5587 δι’.
2076 5571 2093 5589 Ι
2152 5571 2328 5590 ιιυδκιο
2383 5571 2477 5587 ocos

1847 5605 1890 5634 ²⁰
1922 5605 2011 5660 Sic
2051 5606 2127 5672 A;
2176 5625 2206 5660 a
2257 5621 2364 5660 om.
2419 5601 2525 5659 CF.

2728 5254 2748 5284 ⁸
2791 5253 2882 5308 Sic
2933 5256 3015 5320 A;
3071 5255 3112 5312 C
3153 5255 3380 5318 mirica;
3435 5255 3476 5311 F

2284 5325 2302 5354 "
2359 5325 2447 5380 Sic
2500 5323 2616 5388 CF;
2675 5325 2716 5377 A
2769 5333 2986 5379 mortem
3042 5341 3212 5381 suam.
3337 5326 3478 5382 'Sic

2284 5411 2426 5447 'nem.
2544 5394 2584 5424 “
2630 5394 2670 5445 A
2722 5410 2829 5448 vos.
2929 5395 2972 5424 ”
3009 5393 3100 5449 Sic
3131 5394 3247 5451 CF:
3289 5395 3332 5449 Α
3389 5413 3474 5451 ar-

2187 5432 2213 5449 ι
2257 5432 2268 5445 ι
2294 5432 2426 5447 "plus.
2630 5432 2670 5445 ιι
2724 5432 2734 5446 ι
2753 5432 2829 5448 vv.
3009 5432 3100 5449 υιυ
3133 5432 3197 5450 υ.
3289 5432 3332 5449 ιι
3389 5432 3469 5451 ιον·

2082 5436 2127 5564 is
2167 5432 2284 5564 Ibzic'
2318 5462 2482 5526 ACF;
2539 5462 2665 5564 sed“
2787 5477 2930 5545 corr.
2970 5438 3250 5564 Aelxa‘hatu;
3305 5467 3469 5564 fateri:

2153 5551 2198 5564 nn
2222 5549 2310 5564 οΛιι
2385 5542 2456 5564 Δρ,
2751 5548 2838 5564 nnn
2893 5552 2902 5562 ο
3037 5536 3047 5551 ἱ
3141 5539 3344 5564 ..ιι-...Σιιῖ
3374 5553 3384 5563 ο

2642 5531 2665 5564 ⁸
2708 5531 2905 5601 C0nj.;
2963 5535 3092 5590 MIF
3141 5531 3384 5598 mentiri;
3429 5534 3472 5589 l"

2639 5602 2681 5634 “
2721 5603 2764 5654 Α
2809 5614 2853 5656 e.‘
2912 5604 3189 5661 Deitatem.
3291 5620 3333 5649 υ
3381 5601 3471 5660 Sic
