4028 6282
522 234 626 291 ’147

1883 239 2169 298 ,ιοΑιιΝιε
2201 240 2400 298 SCOTI

3703 237 3827 292 ἠε

518 366 690 421 totum
722 358 928 413 scilicet
967 359 1167 413 animal
1224 373 1288 412 ex
1336 357 1559 414 meliore
1611 357 1728 428 ejus
1776 359 2090 424 medietate,
2125 368 2169 422 Λ
2197 377 2262 416 ex
2315 359 2653 420 substantiali
2704 359 3100 431 pulchritudine
3145 369 3372 416 naturae
3414 359 3696 431 projiciet.
3739 360 3826 413 De

517 461 656 516 quae
700 455 782 502 est
811 447 1009 512 anima,
1041 445 1416 518 signiticavit‘.
1451 447 1520 502 Et
1543 445 1672 518 quia
1695 446 1871 502 minor
1901 449 2101 505 medie-

520 545 602 590 tas
639 537 801 591 totius
837 530 1108 604 animalis,
1138 555 1276 610 quae
1305 548 1383 595 est
1415 555 1634 611 corpus,
1679 557 1708 596 a
1753 551 1896 596 terra
1926 543 2095 596 sumi-

519 636 628 692 tur,
676 629 863 683 eodem
911 638 1064 700 lropo
1094 639 1262 685 totum
1307 631 1526 696 animal,
1571 633 1675 688 hoc
1704 641 1788 689 est
1824 649 2021 704 corpus
2049 643 2102 690 et

520 716 755 770 animam
781 719 824 781 ’-,
865 732 896 770 a
962 727 1108 772 terra
1176 719 1396 788 produci
1439 720 1700 788 jubetur,
1751 722 1876 776 dum
1923 723 2101 776 anima

519 811 741 862 omnino
781 819 928 863 terra
974 825 1080 864 non
1126 811 1218 876 sit,
1251 811 1391 865 sicut
1435 827 1608 882 neque
1655 827 1852 882 corpus
1882 813 2102 880 anima;

521 898 775 966 quoniam
807 912 936 953 vero
978 899 1089 969 ipsa
1121 901 1333 970 corpori
1362 901 1618 962 adhaeret
1654 901 1706 956 in
1736 901 1944 958 unitate
1985 901 2104 955 ani-

520 987 802 1054 malitatis,
855 988 1016 1043 simul
1064 990 1131 1046 de
1184 999 1324 1045 terra
1374 990 1487 1046 iicri
1530 990 1811 1063 Scriptura
1856 999 2103 1048 testatur.

526 1077 634 1131 Sed
666 1079 709 1132 si
733 1079 854 1148 quis
887 1080 1047 1136 altius
1072 1081 1215 1136 hunc
1241 1082 1414 1137 locum
1455 1084 1768 1154 quaesierit,
1799 1093 1977 1154 potest
2000 1084 2106 1140 alio

525 1167 684 1222 modo
714 1169 1034 1240 intelligere.
1082 1171 1280 1238 Terrae
1326 1173 1593 1242 siquidem
1637 1175 1901 1231 vocabulo
1943 1176 2108 1232 totius

523 1266 752 1314 naturae
793 1263 1189 1327 substantialis,
1213 1264 1503 1319 visibilium
1532 1276 1588 1320 et
1619 1266 1997 1333 invisibilium,
2023 1267 2105 1323 iti-

524 1353 924 1410 commutabilis
969 1354 1212 1410 soliditas
1243 1356 1382 1410 solet
1431 1357 1728 1425 insinuari;
1766 1360 1911 1430 quod
1945 1359 2105 1415 etiam

527 1443 721 1498 tertiae
751 1443 885 1511 lucis
933 1445 1300 1514 operationem
1350 1447 1693 1517 speculantes
1736 1452 2104 1521 exposuimus.

525 1529 665 1588 Hinc
707 1542 808 1597 est,
853 1536 993 1602 quod
1039 1538 1114 1588 ait
1157 1537 1478 1606 Apostolus:
1513 1537 1830 1610 Mortiﬁcate
1877 1543 2109 1597 membra

525 1633 715 1689 uestra,
743 1641 874 1695 quae
899 1637 1017 1679 sunt
1039 1643 1198 1696 super
1221 1638 1434 1685 terram.
1469 1629 1549 1685 Ac
1574 1629 1620 1685 si
1650 1639 1836 1701 aperte
1862 1631 2066 1688 diceret
2091 1650 2104 1688 :

2205 454 2304 507 hac
2339 462 2482 506 terra
2530 451 2585 507 in
2613 451 2719 506 alio
2765 451 2970 520 psalmo
3012 452 3150 506 idem
3197 452 3305 506 ait:
3349 450 3525 505 Exibit
3576 451 3824 518 spiritus

2202 545 2340 613 ejus,
2383 553 2430 596 et
2477 552 2760 596 revertetur
2788 542 2842 594 in
2885 550 3078 595 terram
3120 558 3291 594 suam.
3325 539 3487 609 Cujus
3525 538 3826 610 spiritus?

2202 631 2348 687 Illius
2372 631 2640 696 videlicet,
2683 631 2774 700 qui
2810 630 2947 684 ﬁxus
2976 630 3214 700 patibulo
3243 645 3339 701 pro
3363 631 3515 684 nobis
3539 630 3600 696 ",
3637 627 3821 684 india

2205 729 2332 777 nato
2361 721 2555 790 capite,
2591 719 2812 775 tradidit
2835 720 3104 789 Spiritum.
3135 719 3251 786 Quo
3271 720 3481 774 exibit?
3509 718 3820 774 Desceudi'

2206 812 2270 864 ad
2293 809 2524 866 inferna.
2548 809 2631 866 Ad
2659 808 2827 879 quid?
2855 807 3136 864 Redueere
3163 809 3284 864 inde
3315 810 3602 864 humanam
3644 816 3798 862 natu

2207 915 2345 967 rain,
2395 914 2536 970 quae
2574 899 2786 970 captiva
2819 897 2929 954 illic
2956 899 3172 954 detenta
3209 907 3333 964 est;
3366 897 3626 968 captivam
3672 897 3823 952 enim

2206 990 2357 1044 duxit
2385 989 2756 1059 captivitatem.
2787 987 2895 1044 Sed
2942 990 3195 1059 quoniam
3239 1004 3385 1045 mors
3433 1002 3539 1044 non
3580 996 3826 1060 poterat

2208 1081 2442 1135 retinere
2467 1078 2760 1149 captivum,
2792 1094 2931 1150 quae
2956 1095 3062 1133 non
3095 1080 3372 1135 invenerat
3417 1078 3823 1143 criminosum,

2209 1169 2502 1228 revertitur
2535 1168 2576 1201 “
2630 1168 2685 1224 in
2743 1177 2940 1224 terram
2985 1184 3162 1235 suam,
3214 1169 3267 1223 in
3322 1176 3566 1222 naturam
3622 1182 3823 1230 suam,

2209 1278 2371 1334 quam
2396 1262 2522 1319 fecit
2555 1270 2610 1317 et
2639 1261 2865 1317 redemit
2912 1269 2968 1316 et
3012 1260 3242 1330 accepit,
3269 1259 3320 1314 in
3355 1272 3547 1328 corpus
3573 1259 3825 1314 immor-

2207 1355 2337 1422 tale,
2370 1355 2422 1409 in
2446 1353 2732 1424 pristinum
2769 1360 2995 1407 naturae
3021 1352 3291 1406 humanae
3322 1359 3540 1413 statum,
3577 1351 3826 1417 insuper

2211 1446 2372 1502 etiam
2421 1445 2473 1499 in
2523 1443 2749 1516 gloriam
2818 1441 3252 1496 resurrectionis.
3304 1439 3369 1494 Et
3397 1448 3457 1494 ut
3502 1451 3824 1509 cognoscas

2211 1551 2356 1602 eum,
2389 1535 2481 1607 qui
2527 1534 2797 1604 pollicitus
2820 1544 2922 1597 est,
2948 1533 3196 1602 spiritum
3227 1547 3382 1586 suum
3409 1529 3579 1585 solum
3621 1530 3822 1585 exitu—

2214 1643 2332 1682 rum
2377 1642 2483 1681 non
2528 1625 2724 1689 solum,
2766 1623 2860 1678 sed
2917 1636 3040 1678 cum
3101 1629 3210 1676 tota
3258 1621 3488 1675 htmtana
3534 1619 3576 1649 ⁸⁸
3611 1627 3822 1672 natura

529 1709 769 1767 Membra
797 1714 1054 1778 malitiae,
1109 1730 1250 1785 quae
1299 1725 1480 1774 vestra
1531 1728 1680 1786 sunt,
1738 1720 1994 1790 quoniam
2040 1737 2107 1777 ex
2136 1715 2184 1776 B
2213 1729 2597 1780 reversurum,
2649 1713 2774 1768 audi
2818 1713 2994 1782 ipsum
3053 1710 3352 1767 dicentem:
3413 1708 3533 1763 Nisi
3575 1724 3822 1778 gramm

523 1812 702 1857 vestra
735 1805 1120 1872 inohedientia,
1152 1816 1208 1862 et
1249 1822 1352 1862 non
1383 1823 1447 1863 ex
1487 1809 1596 1864 Deo
1628 1808 1794 1877 facta,
1817 1825 1886 1868 ex
1913 1812 2112 1881 quibus

524 1893 690 1948 veluti
721 1895 989 1966 quoddam
1022 1912 1220 1968 corpus
1253 1898 1575 1954 universalis
1602 1901 1886 1970 nequitiae
1916 1902 2107 1956 aedili-

525 1987 662 2041 catis
704 2003 865 2056 super
893 1997 1114 2054 terram,
1148 1989 1249 2045 hoc
1287 1999 1371 2046 est
1398 2006 1561 2061 super
1590 1991 1918 2047 soliditatem
1954 2001 2112 2047 natu-

526 2091 622 2131 rae
668 2093 696 2131 a
742 2078 852 2133 Deo
902 2079 1171 2144 conditae,
1224 2095 1291 2135 ne
1341 2080 1405 2134 ab
1453 2081 1518 2134 iis
1565 2079 1766 2136 diutius
1817 2081 2111 2151 polluatur,

526 2167 889 2234 mortificate,
931 2179 986 2224 et
1030 2183 1130 2239 pro
1179 2170 1440 2227 membris
1499 2169 1736 2226 malitiae
1776 2171 2114 2243 interemptis

527 2261 770 2313 membra
801 2260 1066 2330 jnstitiae,
1118 2275 1258 2330 quae
1295 2271 1422 2316 sunt
1471 2262 1723 2329 virtutes,
1780 2264 2110 2328 constituite,

529 2358 589 2402 ut
628 2350 670 2414 ³,
701 2351 1152 2420 quemadmodum
1197 2367 1359 2423 super
1403 2365 1653 2410 naturam
1685 2371 1749 2411 ex
1790 2357 1900 2413 Deo
1931 2359 2115 2414 condi-

533 2449 643 2492 tam
671 2442 864 2495 vestris
885 2441 1112 2497 diversis
1143 2443 1458 2500 criminibus
1479 2445 1642 2501 veluti
1669 2448 1920 2517 templum
1949 2449 2117 2519 quod-

535 2529 658 2584 dam
703 2530 1080 2598 abominabile,
1131 2534 1506 2604 diabolieaque
1557 2536 1890 2592 habitatione
1931 2539 2118 2594 condi-

533 2631 694 2686 gnum
719 2622 1128 2688 construxistis,
1161 2623 1233 2677 ita
1271 2623 1434 2679 etiam
1459 2639 1526 2680 ex
1557 2625 1827 2696 lapidibus
1857 2628 2115 2683 virtutum

534 2708 710 2762 divina
761 2711 934 2780 gratia
979 2712 1196 2779 dolatis,
1246 2714 1464 2770 domum
1510 2717 1804 2787 pretiosam
1850 2719 2117 2776 conditori

534 2801 704 2871 ipsius
739 2803 759 2833 ⁸
779 2845 792 2868 ,
833 2805 935 2860 hoc
963 2815 1047 2860 est
1075 2806 1243 2876 ipsius
1261 2817 1506 2875 naturae,
1532 2811 1680 2865 omni
1711 2811 1872 2867 sorde
1894 2813 2116 2883 expulsa

531 2892 858 2962 penitusque
923 2895 1272 2967 interempta,
1333 2898 1710 2957 reaediﬁcetis.
1777 2899 1876 2957 Cui
1933 2903 2117 2959 sensui

539 2981 821 3038 Psalmista
871 2987 1142 3041 consentit
1193 2987 1416 3045 dicens:
1454 2989 1708 3059 Deﬁcient
1759 3004 2055 3060 peccatores
2084 3014 2116 3051 a

2213 1806 2464 1877 frumenti
2515 1805 2706 1859 cadens
2751 1805 2806 1860 in
2863 1813 3059 1858 terram
3107 1812 3368 1857 mortuum
3404 1800 3581 1871 fuerit,
3639 1799 3820 1869 ipsum

2212 1897 2379 1952 solum
2431 1905 2625 1950 manet.
2684 1892 2744 1950 Si
2788 1905 2963 1950 autem
3016 1904 3282 1949 mortuum
3350 1894 3532 1964 fuerit,
3579 1893 3818 1946 multum

2214 1990 2442 2059 fructum
2487 1988 2607 2058 fert.
2639 1985 2882 2054 Emittes,
2917 1987 3112 2057 inquit,
3155 1985 3412 2056 Spiritum
3451 1994 3624 2049 tuum,
3655 1994 3710 2038 et
3743 1999 3816 2038 rea

2215 2082 2425 2136 novabis
2453 2081 2640 2148 facient
2669 2089 2859 2145 terrae,
2892 2081 2994 2135 hoc
3015 2088 3096 2135 est
3122 2078 3190 2144 ",
3225 2077 3480 2133 restitues
3521 2078 3816 2148 integrita-

2215 2181 2320 2228 tem
2373 2181 2629 2236 naturae;
2681 2171 2795 2227 sive
2844 2171 2911 2226 de
2956 2171 3136 2225 anima
3157 2168 3357 2225 Christi
3405 2167 3662 2237 spiritum
3697 2167 3818 2237 quis

2215 2263 2501 2335 intelligat,
2533 2278 2672 2332 quae
2694 2263 2944 2317 inclinato
2967 2262 3157 2332 capite,
3180 2260 3545 2335 compatiente
3559 2260 3819 2315 videlicet

2215 2354 2332 2422 ejus
2369 2353 2588 2417 deitate,
2618 2367 2716 2422 pro
2744 2351 2917 2408 salute
2946 2351 3130 2406 mundi
3162 2350 3356 2404 tradita
3405 2358 3510 2416 est,
3541 2357 3598 2404 et
3619 2349 3815 2413 exivit,

2215 2457 2268 2500 et
2316 2460 2534 2501 reversa
2579 2453 2664 2500 est
2719 2444 2770 2499 in
2819 2443 2964 2498 illam
3018 2450 3291 2503 naturam,
3333 2455 3499 2511 quam
3543 2439 3818 2510 legatione

2217 2551 2313 2591 sua
2343 2536 2591 2600 redemit,
2624 2535 2821 2590 emissa
2848 2548 3064 2604 quoque
3095 2542 3202 2597 est,
3235 2540 3294 2587 ut
3317 2539 3655 2586 restauraret
3701 2529 3818 2598 pul-

2217 2626 2576 2681 chritudinem
2602 2632 2851 2689 naturae,
2875 2639 3013 2693 quae
3043 2623 3095 2677 in
3125 2623 3300 2692 primo
3325 2621 3544 2677 homine
3567 2620 3612 2653 “
3643 2620 3816 2676 deleta

2217 2728 2320 2782 est;
2353 2717 2466 2772 sive
2496 2716 2560 2771 de
2591 2714 2796 2786 Spiritu
2832 2721 3039 2778 sancto,
3077 2714 3167 2782 qui
3219 2723 3303 2768 est
3334 2712 3561 2782 spiritus
3583 2710 3814 2778 Christi,

2217 2807 2307 2875 qui
2331 2802 2616 2860 humiliato
2643 2805 2840 2876 capite,
2869 2804 3013 2876 quod
3040 2813 3120 2858 est
3147 2803 3815 2868 Christus,momentanea

2218 2896 2397 2951 carnis
2425 2907 2596 2950 morte
2629 2894 2857 2950 traditus
2881 2903 2964 2948 est
2997 2893 3283 2949 universae
3314 2901 3620 2957 creaturae,
3665 2892 3819 2962 cujus

2220 2987 2610 3059 primogenitus
2661 2995 2744 3042 est
2774 2986 2910 3056 ipse,
2948 2984 3102 3055 cujus
3145 2984 3368 3055 spiritus
3411 2992 3512 3040 est.
3541 2983 3736 3039 Exibit
3765 2993 3818 3039 et

534 3082 674 3124 terra
698 3082 744 3126 et
780 3075 966 3145 iniqui,
1002 3077 1075 3129 ita
1112 3086 1166 3129 ut
1210 3094 1313 3134 non
1357 3080 1481 3134 sint.
1515 3080 1614 3137 Ubi
1667 3084 1868 3153 tropice
1894 3100 1958 3140 ex
1989 3083 2114 3142 eiie-
2143 3070 2190 3134 C
2221 3085 2521 3133 revertetur
2565 3077 2619 3130 in
2653 3085 2848 3131 terram
2887 3091 3063 3142 suam,
3098 3075 3200 3128 hoc
3228 3083 3329 3141 est,
3377 3074 3429 3128 in
3459 3072 3610 3128 illam
3662 3083 3819 3131 natus

534 3163 712 3218 ctibus
738 3180 954 3220 causam
1000 3167 1310 3238 significans
1353 3169 1409 3235 ',
1441 3185 1538 3241 per
1582 3181 1896 3242 peccatores
1933 3184 1988 3230 et
2017 3177 2117 3233 ini-

537 3270 672 3323 quos
716 3265 935 3325 peccata
973 3267 1030 3314 et
1084 3259 1396 3329 iniquitates
1445 3262 1682 3319 insinuat
1736 3266 1790 3332 ⁸,
1853 3283 1991 3338 quae
2048 3284 2116 3324 ex

535 3355 682 3410 terra
714 3356 960 3416 naturae,
992 3351 1208 3420 quando
1247 3351 1565 3409 liberabitur
1594 3357 1662 3411 ab
1697 3358 1844 3412 omni
1888 3357 2114 3427 malitia,

535 3433 806 3500 deficient,
834 3437 912 3514 ita
948 3446 1008 3491 ut
1033 3453 1138 3493 non
1172 3441 1300 3496 sint.
1334 3440 1562 3498 Peccata
1606 3446 1748 3500 enim
1775 3455 1831 3500 et
1868 3447 2120 3518 iniquita-

537 3536 616 3580 tes
660 3527 858 3582 tamdiu
890 3543 1014 3584 esse
1040 3533 1306 3600 videntur,
1356 3533 1481 3588 dum
1526 3535 1659 3590 nihil
1691 3537 1818 3604 sint,
1863 3541 2118 3608 quamdiu

535 3616 775 3685 sulvjecta
812 3628 1002 3674 natura
1033 3623 1446 3690 contineantur;
1476 3639 1540 3680 ea
1566 3641 1694 3681 vero
1723 3637 1948 3699 purgata
1979 3639 2035 3686 et
2055 3631 2120 3685 ad

537 3710 818 3780 pristinam
881 3713 1249 3769 sinceritatem
1323 3718 1585 3784 reducta,
1653 3735 1793 3789 quae
1861 3735 1958 3791 per
2017 3710 2117 3787 sc,

537 3795 590 3850 id
615 3805 700 3850 est
727 3809 946 3867 peccata
981 3808 1035 3853 et
1068 3801 1400 3870 iniquitates,
1433 3802 1732 3859 subsistere
1757 3807 2023 3872 nesciunt,
2053 3809 2119 3862 ad

538 3889 766 3944 nihilum
801 3891 1015 3960 penitus
1063 3893 1392 3963 redigentur,
1437 3895 1509 3950 ita
1561 3905 1617 3950 ut
1663 3911 1767 3952 non
1815 3897 1943 3952 sint.
1977 3896 2120 3954 Idem

534 3981 662 4037 alibi
717 3983 816 4037 sub
864 3999 1093 4053 persona
1137 3985 1234 4039 viri
1259 3986 1404 4056 juste
1445 3988 1676 4042 viventis
1717 4003 1903 4042 omnes
1947 3989 2124 4060 justos

534 4070 882 4125 hcatiﬁcans:
918 4072 1021 4139 Qui
1055 4085 1205 4129 erunt
1234 4087 1501 4147 tamquam
1549 4077 1768 4148 lignum,
1799 4081 1938 4149 quod
1973 4079 2124 4150 plano

536 4171 700 4214 tatunt
728 4171 801 4216 est
823 4179 967 4217 secus
991 4165 1242 4218 decursus
1273 4183 1554 4236 aquarum,
1581 4168 1684 4222 hoc
1711 4178 1816 4234 est,
1847 4178 2121 4239 tamquam

533 4253 778 4317 verbum,
808 4255 948 4324 quod
975 4255 1380 4311 inhumanatum
1417 4266 1521 4323 est,
1549 4259 1601 4312 in
1636 4259 1740 4313 ﬁne
1766 4261 2005 4315 omnium
2033 4277 2120 4317 se-

535 4343 777 4398 culorum
828 4355 1049 4416 prOptcr
1094 4361 1212 4410 nos,
1261 4347 1312 4400 in
1339 4361 1494 4416 quos,
1543 4349 1681 4404 sicut
1708 4350 1786 4405 ait
1811 4350 2117 4420 Apostolus,

2219 3187 2359 3237 ram,
2405 3184 2569 3240 quam
2600 3176 2820 3239 propter
2862 3176 3142 3238 peccatum
3191 3165 3351 3236 primi
3385 3165 3631 3220 hominis
3656 3165 3815 3220 dese-

2218 3271 2436 3327 ruerat;
2468 3277 2564 3316 sua
2595 3261 2640 3294 ¹⁸
2668 3270 2806 3326 erat,
2836 3259 3150 3330 priusquam
3186 3265 3503 3328 peccantem
3536 3255 3816 3326 relinque-2

2219 3365 2323 3418 ret,
2354 3352 2446 3408 sed
2477 3360 2696 3423 propter
2735 3367 2880 3417 eum,
2924 3349 3078 3419 cujus
3111 3350 3334 3420 Spiritus
3379 3358 3484 3414 est,
3513 3357 3569 3404 et
3594 3349 3693 3420 qui
3723 3362 3816 3419 pro

2219 3460 2283 3500 ea
2309 3459 2500 3515 passus
2544 3451 2649 3510 est,
2680 3442 2730 3496 in
2760 3457 2879 3497 eam
2918 3441 3232 3506 revertitur,
3277 3451 3331 3495 et
3376 3440 3611 3508 amplius
3637 3455 3817 3495 resur-

2216 3533 2478 3589 rectionis
2515 3541 2757 3602 tempore
2783 3540 3102 3598 revertetur,
3138 3540 3193 3588 et
3236 3532 3500 3593 mittetur,
3535 3540 3593 3584 ut
3616 3531 3816 3587 virtute

2223 3626 2388 3696 ipsius
2414 3625 2699 3681 universae
2724 3633 2948 3679 naturae
2977 3623 3145 3679 facies
3175 3625 3226 3678 in
3245 3624 3532 3694 pristinum
3561 3625 3811 3680 decorem

2223 3718 2561 3772 restituatur.
2583 3716 2848 3784 Quoniam
2881 3717 3064 3786 itaque
3099 3717 3153 3771 in
3180 3717 3281 3771 hac
3309 3715 3552 3771 omnium
3574 3732 3815 3770 commu-

2223 3807 2278 3862 ni
2309 3816 2448 3862 terra
2481 3807 2658 3863 omnia
2695 3807 2945 3861 animalia
2965 3806 3257 3862 secundum
3285 3820 3479 3876 corpus
3501 3815 3557 3859 et
3579 3807 3812 3859 animam

2224 3898 2515 3956 causaliter
2572 3906 2627 3955 et
2682 3899 3106 3969 primordialiter
3167 3907 3349 3958 creata
3397 3906 3559 3963 sunt;
3618 3914 3745 3952 nam
3775 3897 3815 3928 "

2227 3992 2278 4046 in
2311 3993 2514 4047 honore
2541 3991 2581 4024 "
2611 3991 2790 4045 omnia
2817 3990 2956 4046 facta
2989 3999 3141 4046 sunt:
3166 3991 3293 4061 quid
3318 3990 3537 4054 mirum,
3561 3989 3606 4044 si
3635 3989 3814 4044 divino

2225 4090 2514 4151 praecepto
2538 4080 2814 4152 jubeatur,
2862 4081 3094 4134 animum
3124 4081 3392 4144 viventem,
3435 4080 3540 4135 hoc
3571 4087 3661 4134 est
3703 4079 3812 4133 ani-

2225 4172 2332 4227 mal
2369 4173 2556 4228 vivens
2605 4173 2924 4242 producere,
2968 4180 3046 4235 ut,
3088 4173 3231 4241 quod
3273 4172 3565 4227 causaliter
3606 4171 3814 4226 occulte

2226 4263 2279 4316 in
2313 4263 2492 4318 causis
2536 4271 2592 4317 et
2651 4262 2950 4316 rationibus
2991 4262 3245 4327 habebat,
3271 4263 3374 4316 hoc
3419 4263 3469 4315 in
3509 4277 3710 4332 genera
3765 4270 3814 4316 et

2227 4351 2434 4422 Species
2457 4359 2643 4420 aperte
2687 4352 3048 4421 produceret?
3087 4352 3154 4406 Et
3183 4353 3325 4417 vide,
3365 4352 3637 4422 quomodo
3667 4362 3812 4406 natu-

532 4434 663 4502 ﬁnes
708 4436 1001 4489 seculorum
1054 4437 1329 4503 devenere;
1375 4438 1655 4506 pluraliter
1699 4441 1913 4510 quidem
1963 4458 2128 4496 unum
2158 4424 2206 4482 Ῑ)
2235 4441 2404 4496 ralem
2450 4456 2632 4496 rerum
2675 4443 3114 4510 consequentiam
3165 4442 3404 4496 divinum
3450 4443 3604 4497 nobis
3645 4441 3813 4496 mani-

533 4527 777 4580 omnium
823 4528 843 4557 "
888 4526 1094 4592 ﬁnem,
1146 4526 1421 4584 Christum
1474 4530 1751 4594 videlicet,
1803 4532 2124 4603 nominans;

535 4619 651 4684 ipse
680 4618 944 4686 siquidem
977 4627 1058 4672 est
1089 4619 1220 4687 ﬁnes
1244 4620 1264 4651 ⁸
1301 4619 1615 4685 seculorum,
1638 4621 1729 4691 qui
1755 4622 2125 4676 universorum

535 4718 621 4763 est
665 4711 1092 4775 consummatio;
1131 4711 1387 4766 continuo
1420 4711 1731 4782 subjunxit:
1769 4711 1891 4768 Non
1931 4714 2005 4768 sic
2029 4714 2128 4768 im-

532 4800 627 4868 pii,
655 4817 756 4853 non
789 4801 882 4864 sic,
909 4801 998 4854 sed
1028 4813 1279 4873 tanquam
1304 4803 1493 4873 pulvis,
1525 4822 1676 4875 quem
1699 4805 1906 4875 projicit
1941 4816 2123 4860 ventus
2159 4837 2166 4846 -

534 4909 566 4943 u
596 4891 732 4960 facie
761 4900 950 4956 terrae,
995 4892 1372 4950 discretionem
1407 4894 1536 4963 justi
1559 4895 1746 4964 judicii
1787 4906 2000 4952 ventum
2032 4912 2121 4950 vo-

533 4997 700 5043 cans,
749 4999 852 5052 qua
899 4988 919 5018 θ
959 4984 1082 5051 ille,
1115 4984 1268 5052 cujus
1314 4987 1668 5042 ventilabrum
1713 4989 1766 5043 in
1798 5005 1956 5043 manu
2000 5004 2121 5053 sua,

531 5070 809 5140 pulverem
838 5073 1001 5128 totius
1029 5074 1264 5130 malitiae
1290 5092 1354 5130 ex
1380 5078 1664 5148 superticic
1693 5087 1887 5143 terrae,
1915 5078 2017 5134 hoc
2041 5085 2126 5133 est

2236 4528 2397 4585 festat
2444 4528 2732 4598 eloquium.
2794 4527 3086 4595 Producat,
3148 4531 3342 4600 inquit,
3393 4541 3533 4585 terra
3585 4532 3812 4584 animant

2235 4623 2481 4676 viventem
2503 4623 2556 4675 in
2576 4638 2758 4692 genere
2787 4639 2900 4676 suo.
2937 4621 3118 4675 Primo
3139 4638 3308 4691 genus
3333 4622 3534 4693 posuit,
3558 4623 3811 4691 quoniam

2235 4714 2287 4767 in
2321 4714 2436 4783 ipso
2462 4728 2651 4768 omnes
2673 4715 2878 4783 species
2903 4722 2957 4768 et
3001 4715 3347 4768 continentur
3387 4723 3440 4768 et
3478 4729 3647 4768 unum
3673 4721 3810 4775 sunt,

2231 4814 2286 4858 et
2317 4794 2370 4858 in
2421 4819 2515 4859 eas
2558 4802 2816 4859 dividitur
2863 4812 2915 4860 et
2976 4803 3361 4872 multiplicatur
3406 4818 3503 4873 per
3539 4803 3813 4872 generales

2233 4895 2435 4950 formas
2455 4894 2979 4964 specialissimasque
3009 4895 3240 4964 species.
3269 4893 3422 4961 Quod
3446 4893 3608 4949 etiam
3636 4901 3813 4946 osten-

2231 4983 2310 5037 dit
2352 4983 2575 5038 dicens:
2609 4981 2856 5036 Jumenta
2891 4993 2938 5036 et
2986 4982 3188 5050 reptilia
3223 4993 3269 5034 et
3300 4982 3489 5035 bestias
3527 4990 3700 5035 terrae
3739 4995 3812 5032 sr-

2231 5076 2459 5132 cuudum
2496 5075 2688 5145 species
2729 5090 2873 5128 suas.
2921 5072 2997 5127 Ac
3021 5087 3118 5141 per
3149 5074 3251 5127 hoc
3304 5071 3646 5144 intelligitur,
3676 5069 3811 5141 quod

1817 5190 2074 5246 VARIAE
2089 5184 2511 5246 ’LECTIONES.

607 5277 623 5306 ¹
668 5275 758 5332 Sic
814 5277 926 5345 CF;
978 5279 1022 5332 Α
1069 5237 1360 5347 signiﬁcat.
1457 5283 1477 5311 ²
1541 5283 1631 5337 Sic
1687 5237 2125 5348 cretii-"agni

607 5359 634 5398 ι.
737 5347 759 5377 ⁸
799 5348 889 5402 Sic
934 5348 1096 5406 ACF;
1151 5349 1246 5403 sed
1305 5349 1341 5402 l“
1397 5366 1537 5404 corr.
1595 5353 1856 5406 sianiﬁcat
1964 5351 1984 5380 ⁸
2029 5349 2118 5406 Sic

2282 5282 2304 5313 ³
2337 5291 2390 5335 ut
2448 5297 2559 5336 om.
2615 5280 2682 5334 A.

2217 5398 2218 5406 χ
2274 5353 2358 5406 CF
2414 5349 2734 5406 insinuando

2072 5367 2218 5415 ιεΛς
2274 5367 2357 5406 ιιι(
2414 5367 2755 5406 mstnuanao.

1687 5425 1708 5456 ’
1734 5419 1833 5476 Sic
1874 5419 1999 5487 CF;
2048 5421 2092 5476 A
2137 5439 2260 5491 quo.
2379 5421 2422 5461 ‘°
2462 5421 2552 5477 Sic
2604 5419 2726 5482 CF;
2764 5420 2808 5473 Α
2848 5419 2932 5488 qui

1687 5508 1771 5555 ina
1800 5506 1910 5544 om.
1937 5491 2003 5545 A.
2126 5493 2168 5523 ³³
2197 5493 2286 5546 Sic
2337 5491 2461 5555 CF;
2495 5492 2591 5544 hoc
2635 5500 2708 5544 est
2735 5505 2843 5544 om.
2869 5488 2932 5542 A.

531 5357 658 5422 cst.“
737 5347 891 5422 "Sic
934 5348 1096 5422 ACF;
1128 5349 1246 5422 __sed
1305 5349 1341 5402 l“
1397 5366 1537 5422 corr.
1595 5353 1856 5422 signiﬁcat

531 5415 710 5488 ’___SicA
763 5418 931 5485 ACF;
991 5419 1082 5473 sed
1126 5416 1164 5469 ιθ
1219 5436 1360 5472 corr.
1416 5421 1556 5488 ﬁnis.

531 5483 616 5563 αις
644 5503 656 5547 ;
687 5485 730 5538 Α
764 5483 1085 5563 νειιριςιειιιντᾈ
1121 5491 1220 5563 m"
1249 5490 1363 5563 Sic
1389 5483 1505 5554 CF;
1541 5494 1771 5563 humana
1800 5506 1910 5563 om.
1937 5483 2003 5545 A.

533 5561 672 5606 mine
725 5571 832 5609 om.
883 5561 944 5610 Λ.

536 5623 620 5676 CF
657 5627 706 5678 in
759 5627 983 5680 homine.

1045 5560 1085 5588 "
1118 5558 1207 5612 Sic
1234 5559 1364 5613 Atil"
1392 5579 1403 5625 ;
1431 5563 1524 5614 sed
1551 5562 1588 5615 F
1614 5560 1775 5632 supra
1806 5561 1980 5616 adscr.
2021 5577 2161 5616 corr.
2188 5581 2281 5618 sua
2327 5563 2463 5616 enim
2494 5569 2628 5615 erat.

2758 5281 2780 5310 ⁸
2832 5277 2922 5350 Sic
2949 5277 3175 5350 ‘CF:_§
3239 5278 3404 5350 ipsius
3454 5286 3664 5350 terrae,
3714 5276 3810 5330 hoc

2889 5347 3034 5427 "Sic
3077 5346 3206 5427 CF;
3257 5346 3302 5401 Ἀ
3360 5347 3593 5427 omnium
3629 5360 3805 5427 unum.

2379 5421 2422 5461 ‘°
2462 5421 2552 5477 Sic
2604 5419 2726 5482 CF;
2764 5420 2808 5473 Α
2848 5419 2938 5488 qui
2980 5419 3178 5482 patiens
3234 5434 3330 5488 pro
3374 5416 3549 5471 nobis.
3629 5418 3668 5449 ¹¹
3723 5413 3808 5469 Sic

2381 5491 2461 5541 F:
2495 5492 2591 5541 hoc
2635 5500 2708 5541 est
2735 5505 2843 5541 om.
2869 5488 2932 5541 A.
3037 5487 3080 5520 “’
3112 5486 3202 5541 Sic
3248 5486 3364 5541 CF:
3413 5487 3468 5540 in
3522 5484 3688 5541 primo
3721 5483 3808 5537 ito-

3155 5504 3202 5541 ic
3248 5502 3364 5551 til“;
3413 5502 3468 5540 in
3521 5502 3688 5553 primo
3721 5502 3803 5537 tto-

3171 5559 3436 5614 ttuom'am.
3547 5556 3586 5586 "
3618 5555 3705 5609 Sic
3733 5552 3803 5614 A;

2282 5282 2304 5313 ³
2337 5291 2390 5335 ut
2448 5297 2559 5336 om.
2615 5280 2682 5334 A.

2730 5560 2774 5592 “
2831 5559 2919 5613 Sic
2966 5557 3072 5623 CF;
3103 5557 3143 5610 A
3171 5559 3436 5626 quoniam.
