4028 6282
239 317 342 372 τι)

1070 321 1157 375 DE
1193 321 1532 379 DIVISIONE
1571 324 1918 380 NATURAE.
1958 354 2015 364 -α
2060 324 2260 378 LIBER
2299 324 2646 392 QUARTUS.

3398 329 3503 386 750

235 446 328 488 ars
352 428 463 496 illa,
493 447 631 500 quae
667 432 855 487 dividit
877 448 1072 507 genera
1105 436 1159 489 in
1185 437 1413 506 species,
1443 446 1498 490 et
1526 438 1731 506 species
1770 438 1821 492 in
1851 447 1898 502 Α
1927 439 2022 493 Est
2046 440 2188 494 enim
2211 440 2614 510 generalissima
2642 441 2903 508 quaedam
2941 449 3102 509 atque
3142 441 3162 470 ’
3197 445 3502 500 communis

236 538 433 593 genera
489 524 725 587 resolvit,
775 541 941 594 quae.
989 525 1272 586 διαλεκτική
1322 526 1542 592 dicitur,
1595 543 1702 598 non
1759 528 1826 582 ab

236 611 492 666 immanis
536 613 1025 670 machinationibus
1064 615 1135 670 sit
1164 617 1326 681 facta,
1381 616 1476 671 sed
1532 616 1587 670 in
1634 625 1827 670 natura

241 719 445 768 rerum,
474 704 543 758 ab
576 715 797 760 auctore
819 708 1060 761 omnium
1099 708 1316 770 artium,
1367 722 1506 778 quae
1534 723 1660 764 vere
1682 719 1828 762 artes

239 805 391 861 sunt,
419 798 662 861 condita,
689 808 744 852 et
773 813 800 851 a
839 799 1172 868 sapientibus
1201 801 1439 865 inventa,
1461 809 1516 855 et
1543 799 1610 855 ad
1634 799 1829 856 utilita-

240 892 352 940 tem
383 885 568 946 solerti
595 888 611 917 ⁸
642 902 820 941 rerum
852 888 1103 959 indagine
1129 889 1150 922 ‘
1183 891 1399 944 usitata.

312 974 366 1029 5.
400 974 544 1030 Dtsc.
572 975 652 1031 Ex
675 978 782 1041 his,
814 980 1051 1047 quaeLni
1091 979 1265 1044 fallor,
1302 980 1689 1034 rationabiliter
1718 996 1746 1033 a
1777 989 1829 1034 te

238 1066 386 1122 dicta
417 1077 562 1133 sunt,
603 1069 647 1122 si
691 1069 811 1138 quis
842 1070 1087 1134 voluerit,
1130 1081 1307 1141 potest
1343 1073 1507 1126 etiam
1535 1071 1640 1126 alio
1669 1071 1828 1127 modo

235 1155 538 1228 intelligere
562 1158 704 1233 quod
729 1160 989 1230 scriptum
1007 1170 1088 1216 est
1104 1179 1115 1214 :
1134 1162 1439 1217 Prodat-aut
1463 1178 1631 1231 aquae
1651 1162 1828 1231 reptile

237 1247 450 1300 animae
478 1248 711 1313 viventis,
741 1259 791 1304 et
821 1249 1029 1305 volatile
1060 1268 1216 1320 super
1244 1261 1462 1318 terram,
1492 1260 1550 1307 ut
1599 1267 1705 1306 non
1735 1268 1826 1308 so-

237 1335 351 1391 lunt
392 1338 729 1407 simpliciter,
772 1342 1221 1411 quemadmodum
1253 1345 1498 1414 superius
1538 1354 1826 1400 tractatum

235 1435 344 1492 est,
371 1428 650 1507 intelligat,
679 1432 858 1502 pisces
884 1442 940 1487 et
967 1434 1198 1488 volatilia
1229 1436 1294 1490 de
1312 1438 1412 1490 hoc
1445 1436 1638 1490 visibili
1667 1446 1828 1505 atque

239 1519 510 1584 tractabili
552 1522 879 1594 humidoque
921 1541 986 1580 ac
1022 1527 1217 1597 frigido
1243 1538 1506 1596 aquarum
1560 1529 1828 1583 clezttenlo

235 1618 423 1664 emata
469 1626 608 1676 esse,
655 1629 843 1670 verum
893 1617 1056 1672 etiam
1100 1617 1283 1672 altiori
1329 1633 1488 1674 sensu
1523 1635 1588 1675 ex
1629 1621 1829 1675 abditis

237 1702 629 1775 profundisque
671 1717 896 1764 naturae
945 1710 1174 1777 sinibus,
1221 1711 1498 1781 inquibus
1538 1712 1828 1767 causaliter

1926 530 2166 584 onmium
2213 538 2432 590 natura,
2464 529 2532 582 ab
2566 545 2672 582 uno
2700 531 2939 583 omnium
2991 530 3252 598 principio
3281 542 3500 598 creata,

1927 637 1993 676 ex
2024 637 2128 691 qua
2160 620 2322 675 veluti
2353 621 2684 691 amplissimo
2737 621 2882 676 fonte
2927 637 3021 690 per
3060 637 3220 691 poros
3265 625 3505 680 occultos

1927 711 2239 782 corporales
2276 720 2562 767 creaturae
2602 713 2764 767 veluti
2811 713 3028 783 quidam
3071 714 3226 768 rivuli
3256 716 3504 772 derivan-

1929 821 2037 877 tur,
2065 821 2120 866 et
2163 811 2218 867 in
2259 812 2501 867 diversas
2547 811 2748 866 formas
2797 813 3128 883 singularum
3165 830 3343 868 rerum
3379 830 3506 870 eru-

1928 909 2097 955 ctant.
2136 901 2417 955 Praedicta
2458 902 2725 972 siquidem
2775 903 2855 956 vis
2901 917 2997 972 per
3042 903 3250 959 diversa
3297 906 3502 960 semina

1929 1007 1993 1046 ex
2025 992 2239 1045 arcanis
2269 1001 2492 1045 naturae
2519 993 2841 1062 proveniens
2863 1033 2878 1058 ,
2918 992 3258 1062 primumque
3285 993 3338 1049 in
3375 995 3505 1064 ipsis

1930 1083 2226 1138 seminibus
2255 1097 2562 1153 erumpens,
2595 1084 2786 1138 deinde
2814 1083 3044 1139 diversis
3073 1085 3387 1140 humoribus
3411 1087 3509 1139 ad-

1931 1172 2118 1236 mixta,
2151 1173 2205 1226 in
2242 1172 2451 1242 species
2492 1171 2737 1241 singulas
2772 1171 3055 1228 sensibiles
3098 1173 3305 1228 ebullit.
3357 1174 3503 1228 Dtsc.

1930 1259 2066 1313 Rata
2107 1259 2241 1315 haec
2270 1259 2492 1329 verique
2531 1259 2751 1325 similia,
2800 1260 3273 1332 physiologiaeque
3320 1275 3508 1332 specu-

1931 1352 2220 1407 lationibus
2263 1352 2608 1406 conveniunt.
2662 1351 2927 1418 Quoniam
2976 1367 3105 1406 vero
3155 1354 3355 1417 homo,
3415 1354 3507 1422 qui

1930 1451 2084 1498 sexta
2108 1443 2150 1474 ¹⁰
2179 1443 2266 1498 die
2293 1443 2544 1498 conditus
2569 1453 2670 1508 est,
2704 1443 2754 1496 in
2784 1458 3011 1498 numero
3036 1444 3347 1498 animalium
3375 1459 3507 1499 cou-

1931 1537 2190 1600 stituitur,
2238 1551 2376 1605 quae
2421 1536 2520 1590 sub
2567 1551 2675 1596 uno
2717 1550 2914 1606 genere
2959 1536 3507 1604 comprehenduntur,

1932 1640 2058 1680 num
2094 1625 2144 1678 in
2177 1625 2276 1681 hoc
2303 1634 2590 1696 praecepto
2616 1625 2819 1689 divino,
2847 1639 2955 1694 quo
2976 1623 3196 1692 jubetur
3225 1633 3369 1680 terra
3394 1624 3509 1676 ani-

1934 1731 2074 1769 mant
2099 1716 2262 1768 eiram
2285 1715 2593 1784 producere,
2621 1714 2996 1784 intelligendus
3021 1714 3092 1769 sit
3114 1730 3212 1767 nec
3235 1729 3326 1778 ne,
3349 1712 3508 1767 velim

237 1803 296 1851 et
341 1796 760 1866 primordialiter
815 1799 955 1856 facta
998 1810 1144 1867 sunt,
1195 1803 1248 1857 in
1293 1817 1492 1875 genera
1524 1813 1580 1860 et
1623 1805 1832 1875 species
1863 1803 1904 1861 Β
1932 1822 1963 1861 a
1995 1816 2046 1861 te
2073 1808 2280 1883 audire.
2307 1807 2444 1863 Milo.
2473 1808 2621 1862 llanc
2648 1808 3047 1877 inquisitionem
3081 1825 3184 1862 tt::n
3219 1807 3372 1862 facile
3398 1806 3507 1861 sol-

237 1887 488 1944 dedueta.
517 1889 654 1956 Quid
679 1893 821 1946 enim
853 1896 1051 1959 obstat,
1071 1910 1161 1961 ne,
1193 1896 1335 1951 sicut
1363 1906 1540 1952 terrae
1567 1899 1834 1955 vocabulo

239 1988 472 2038 naturae
511 1982 846 2052 signiﬁcatur
891 1985 1138 2040 soliditas
1179 1994 1234 2042 et
1265 1985 1539 2052 fertilitas,
1571 1987 1644 2041 ita
1672 1989 1836 2044 etiam

236 2083 506 2136 aquarum
555 2071 950 2144 significatione
992 2075 1231 2144 ejusdem
1261 2085 1492 2132 naturae
1543 2077 1721 2132 abdita
1755 2078 1839 2133 in-

239 2160 515 2231 telligatur
543 2164 904 2232 profunditas,
953 2177 1013 2222 ut
1043 2169 1284 2224 omnium
1315 2170 1656 2236 animalium,
1698 2185 1838 2240 quae

236 2251 358 2306 sive
402 2267 467 2308 ex
512 2264 671 2318 terra,
704 2259 818 2312 sive
870 2274 937 2313 ex
989 2260 1146 2330 aquis
1195 2260 1447 2332 leguntur
1492 2261 1691 2326 creari,
1728 2276 1838 2318 una

225 2345 539 2416 eademque
589 2361 948 2420 cognoscatur
1009 2352 1199 2423 origo,
1262 2353 1510 2421 quamvis
1567 2352 1838 2407 dividatur

227 2448 429 2492 eorum
451 2438 778 2507 speculatio?
798 2439 912 2494 Alia
938 2439 1201 2509 siquidem
1226 2441 1278 2494 in
1307 2441 1493 2509 quinta
1519 2439 1835 2510 prophetica

240 2529 475 2593 theoria,
520 2529 622 2585 alia
674 2531 724 2586 in
755 2540 908 2586 sexta
957 2532 1170 2587 condita
1231 2533 1396 2586 esse'
1443 2541 1831 2588 memorantur.

241 2617 355 2674 Nec
389 2620 492 2676 hoc
521 2620 638 2676 sine
676 2621 885 2677 ratione
918 2620 1114 2676 factum
1161 2621 1500 2676 crediderim.
1532 2620 1655 2676 Veri
1693 2621 1835 2675 enim

245 2709 423 2765 simile
444 2710 679 2777 videtur,
710 2713 852 2781 quod
877 2713 996 2768 ideo
1023 2721 1234 2766 terrena
1265 2712 1518 2770 animalia
1543 2721 1694 2768 sexta
1727 2711 1831 2774 die,

244 2803 302 2858 in
329 2818 436 2872 qua
477 2805 644 2860 etiam
684 2806 844 2860 homo
878 2804 1051 2862 factus
1079 2814 1184 2870 est,
1227 2806 1293 2860 de
1326 2815 1466 2860 terra
1495 2804 1714 2875 produci
1745 2804 1835 2873 ju-

244 2895 468 2961 bentur,
497 2897 750 2966 quoniam
803 2895 1057 2964 majorem
1087 2897 1491 2954 similitudinem
1524 2896 1757 2951 hominis
1781 2895 1834 2950 in

245 2995 443 3044 natura
474 3002 568 3042 sua
618 2987 868 3042 videntur
907 2987 1127 3043 habere.
1161 2986 1332 3042 Omne
1369 2986 1658 3056 siquidem,
1693 2985 1835 3056 quod

245 3076 302 3131 in
356 3085 552 3132 natura
593 3077 840 3133 animalis
887 3078 1122 3134 hominis
1159 3087 1375 3147 praeter
1421 3076 1751 3132 intellectum
1781 3084 1835 3130 et

245 3168 512 3224 rationem
561 3169 921 3238 cognoscitur,
949 3168 1265 3223 naturaliter
1302 3169 1366 3223 iis
1394 3167 1572 3223 inesse
1608 3167 1829 3237 physica
1858 3155 1902 3218 C

246 3258 615 3328 speculatione
653 3261 941 3314 invenitur.
988 3259 1129 3315 Msa.
1155 3260 1268 3315 Non
1317 3259 1826 3329 solum,utopinor,

242 3349 323 3404 nil
351 3348 548 3413 obstat,
573 3366 757 3405 verum
789 3351 971 3412 etiam,
996 3361 1054 3406 ut
1097 3352 1167 3406 ita
1200 3351 1562 3422 intelligamus
1582 3367 1668 3416 ea,
1690 3363 1830 3422 quae

243 3439 452 3508 scripta
483 3450 627 3505 sunt,
676 3442 968 3496 secundum
1008 3441 1291 3496 veritatem
1333 3457 1511 3497 rerum
1542 3441 1826 3508 factarum,

243 3529 389 3584 ratio
463 3529 574 3600 ipsa
658 3531 914 3585 intentius
991 3531 1326 3588 considerata
1414 3548 1510 3587 nos
1581 3531 1826 3588 advocat.

247 3622 351 3678 Est
404 3623 546 3677 enim
606 3622 877 3693 multiplex
931 3630 986 3677 et
1047 3623 1288 3678 infinitus
1343 3623 1647 3680 divinorum
1712 3622 1826 3681 elo-

245 3712 501 3783 quiorum
527 3712 844 3768 intellectus.
882 3711 1157 3781 Siquidem
1187 3713 1238 3767 in
1271 3729 1444 3783 penna
1473 3715 1695 3782 pavonis
1723 3728 1829 3768 una

246 3802 549 3872 eademque
586 3803 848 3858 mirabilis
869 3820 932 3858 ac
963 3803 1183 3874 pulchra
1214 3805 1686 3861 innumerabilium
1734 3822 1828 3863 coo

245 3893 427 3948 lorum
448 3893 678 3948 varietas
703 3894 1033 3964 conspicitur
1057 3895 1108 3948 in
1140 3909 1244 3948 uno
1269 3895 1565 3963 eodemque
1589 3893 1610 3926 ⁸
1652 3895 1770 3951 loco
1807 3894 1830 3928 '

245 3984 492 4055 ejusdem
525 4000 732 4054 pennae
762 3985 1137 4056 portiunculae
1178 3986 1218 4039 ⁸.
1272 3987 1340 4041 Et
1390 3987 1604 4056 quidem
1636 3995 1827 4042 natura

238 4072 372 4142 ipsa
428 4089 606 4129 rerum
664 4075 730 4130 ad
787 4076 928 4130 hunc
977 4075 1200 4131 attrahit
1248 4075 1596 4132 intellectum.
1662 4076 1829 4132 Terra

247 4178 486 4232 namque
551 4163 652 4218 ista
718 4165 988 4220 sensibilis
1040 4175 1096 4220 et
1152 4179 1292 4234 aqua
1346 4180 1571 4235 corpora
1610 4181 1830 4235 compo—

247 4252 362 4307 sita
385 4260 510 4306 sunt
551 4267 617 4308 ex
656 4253 1002 4322 qualitatibus
1032 4261 1288 4323 quattuor
1315 4253 1736 4322 elementorum;
1775 4263 1832 4312 et

249 4342 387 4397 nihil
420 4343 485 4396 de
513 4358 570 4398 se
599 4343 842 4414 gignunt,
871 4343 1123 4416 nullaque
1149 4345 1355 4416 species
1377 4354 1600 4402 naturae
1619 4345 1640 4377 ⁷
1671 4361 1735 4401 ex
1764 4347 1830 4403 iis

247 4433 513 4498 nascitur,
551 4435 798 4503 quamvis
843 4450 910 4489 ex
959 4435 1037 4490 eis
1069 4435 1092 4468 ⁸
1121 4437 1266 4491 nasci
1299 4436 1562 4490 videatur.
1608 4435 1698 4492 Vis
1734 4453 1828 4492 au-

1935 1909 2104 1964 verim
2131 1911 2192 1973 “,
2231 1910 2274 1964 si
2309 1909 2645 1964 solummodo
2671 1910 2852 1963 divina
2880 1909 3154 1978 Scriptura
3194 1907 3508 1977 pronuntia-

1937 2007 2019 2053 ret
2047 2016 2059 2053 :
2094 1997 2362 2052 Producat
2393 2009 2533 2052 terra
2573 1999 2805 2052 animam
2845 2001 3108 2052 viventem.
3159 1998 3354 2051 \"erum
3385 1997 3510 2065 quia

1936 2092 2177 2145 addidit:
2211 2093 2265 2145 in
2295 2109 2476 2163 genere
2505 2109 2621 2157 suo,
2667 2093 2980 2161 planissime
3022 2093 3293 2162 patefecit,
3329 2093 3512 2147 omnia

1937 2182 2190 2237 animalia
2237 2182 2290 2236 in
2341 2183 2441 2238 hoc
2490 2191 2780 2252 praecepto
2827 2183 3110 2239 contineri.
3164 2181 3320 2236 Nulla
3367 2182 3510 2237 enim

1937 2271 2147 2340 species
2175 2281 2277 2336 est,
2311 2286 2451 2341 quae
2483 2273 2534 2325 in
2566 2287 2763 2341 genere
2811 2287 2909 2329 suo
2951 2275 3171 2328 omnino
3201 2289 3305 2329 non
3343 2271 3511 2330 collo-

1936 2386 2109 2429 eatur.
2149 2374 2254 2429 Sed
2285 2376 2408 2444 quia
2441 2377 2574 2430 haec
2605 2375 2774 2431 forma
2809 2377 3078 2441 animalis,
3126 2391 3264 2446 quae
3309 2375 3364 2430 in
3409 2377 3513 2431 ho-

1938 2465 2080 2519 mine
2109 2467 2400 2520 constituta
2429 2477 2531 2529 est,
2563 2475 2862 2521 ceterorum
2904 2467 3214 2520 animalium
3245 2475 3510 2531 naturam,

1935 2570 2076 2626 quae
2105 2556 2202 2609 sub
2247 2559 2436 2611 eodem
2481 2569 2678 2626 genere
2724 2566 2867 2622 sunt,
2919 2557 3178 2630 dignitate
3211 2557 3437 2613 rationis
3462 2567 3516 2612 et

1936 2647 2319 2719 intelligentiae
2345 2657 2584 2718 superat,
2635 2649 2859 2718 provide
2902 2649 3217 2720 prophetica
3249 2657 3513 2705 comtem-

1937 2748 2101 2818 platio
2130 2763 2249 2802 eam
2281 2747 2478 2802 ceteris
2518 2748 2840 2803 animalibus
2883 2750 3174 2819 adjungere
3217 2747 3416 2813 voluit,
3456 2755 3516 2802 ut

1935 2836 2297 2891 conditionem
2327 2836 2516 2905 ipsius,
2540 2836 2695 2905 juxta
2717 2852 2847 2893 suae
2871 2846 3093 2892 naturae
3116 2837 3512 2899 excellentiam,

1936 2926 2099 2981 latius
2127 2934 2180 2980 et
2206 2927 2477 2996 copiosius
2508 2927 2560 2980 in
2593 2926 2698 2985 fine
2725 2929 2985 2993 omnium,
3023 2943 3161 2998 quae
3189 2943 3218 2981 a
3237 2928 3343 2981 Deo
3374 2926 3512 2982 facta

1936 3026 2088 3082 sunt,
2115 3027 2380 3073 narraret.
2433 3017 2654 3086 Species
2705 3019 2868 3088 igitur
2901 3018 3150 3074 animalis
3193 3018 3426 3072 maxima
3458 3026 3514 3073 et

1936 3109 2325 3179 pretiosissima
2372 3107 2454 3162 bis
2503 3109 2555 3162 in
2602 3108 2852 3178 operibus
2897 3117 3082 3164 sextae
3131 3106 3512 3178 speculationis

1935 3220 2388 3266 connuemoratnr
2425 3229 2436 3263 :
2483 3211 2716 3280 priurum
2765 3211 2983 3280 quidem
3029 3211 3082 3266 in
3133 3225 3329 3282 genere
3374 3224 3510 3272 suo,

1933 3301 2073 3372 quod
2101 3299 2184 3355 e'st
2211 3299 2407 3354 animal
2433 3341 2446 3364 ,
2480 3299 2703 3370 jnbctur
2730 3301 2772 3337 ¹¹
2811 3317 2840 3355 a
2867 3311 3009 3356 terra
3037 3301 3288 3371 produci;
3324 3300 3515 3354 deinde

1933 3391 2092 3462 paqu
2120 3399 2263 3461 post,
2303 3399 2604 3447 ceterormn
2655 3392 2967 3445 animalium
3017 3390 3330 3446 brevissima
3369 3389 3506 3444 divi-

1931 3479 2085 3535 sione
2114 3478 2278 3543 faeta,
2317 3479 2554 3534 conditio
2580 3479 2698 3550 ejus
2740 3481 2806 3534 ad
2853 3479 3141 3550 imaginem
3172 3487 3226 3532 et
3254 3479 3504 3532 similitu-

1933 3572 2111 3628 dinem
2143 3571 2237 3626 Dei
2268 3571 2643 3625 introducitur.
2697 3571 2841 3626 Dtsc.
2891 3569 3008 3626 Una
3060 3569 3240 3638 itaque
3267 3569 3309 3600 ¹³
3343 3567 3513 3622 forma

1930 3669 1986 3718 et
2012 3663 2156 3717 inter
2184 3670 2362 3717 cetera
2395 3661 2645 3715 animalia
2677 3661 2743 3715 de
2769 3670 2908 3715 terra
2935 3659 3273 3730 producitur,
3301 3675 3362 3712 ac
3387 3673 3509 3712 mox

1933 3753 1998 3807 ad
2027 3752 2315 3823 imaginem
2345 3751 2442 3806 Dei
2478 3752 2592 3806 fieri
2625 3752 2974 3822 perhibetur;
3021 3749 3161 3820 quod
3203 3749 3396 3805 merito
3425 3762 3511 3803 me

1932 3852 2128 3898 movet.
2162 3841 2220 3897 Si
2245 3841 2389 3896 enim
2417 3857 2577 3896 omne
2606 3840 2733 3894 illud
2763 3855 2946 3910 genus,
2989 3839 3131 3910 quod
3168 3839 3363 3906 dicitur
3391 3837 3502 3891 ani-

1933 3945 2060 4011 mal,
2089 3961 2208 4001 cum
2240 3946 2490 4000 omnibus
2521 3945 2632 4000 suis
2660 3944 2848 4000 formis
2880 3943 2946 3998 ad
2976 3943 3253 4012 imaginem
3284 3948 3330 3992 et
3366 3937 3510 3992 simi-

1932 4046 2202 4100 litudinem
2249 4045 2349 4100 Dei
2395 4045 2569 4109 fieret,
2610 4061 2714 4099 non
2761 4044 3102 4113 perturbaret
3143 4056 3229 4094 me
3267 4037 3511 4094 fortassis

1931 4140 2073 4209 quod
2102 4139 2282 4204 doces,
2320 4138 2594 4192 hominem
2637 4136 2854 4206 quidem
2887 4143 2940 4190 et
2970 4136 3035 4189 de
3067 4142 3208 4188 terra
3254 4133 3396 4185 inter
3422 4145 3509 4185 ce-

1930 4235 2049 4283 tera
2078 4227 2332 4282 animalia
2359 4225 2602 4296 produci,
2642 4233 2696 4281 et
2732 4224 3070 4296 postmodum
3118 4223 3184 4275 ad
3221 4219 3508 4289 imaginem

1930 4325 1986 4373 et
2014 4316 2419 4372 similitudinem
2464 4315 2554 4370 Dei
2604 4313 2881 4369 fabricari.
2926 4312 3044 4366 iam
3094 4325 3222 4366 vero
3257 4307 3511 4379 quoniam

1930 4407 2100 4463 solum
2123 4407 2414 4471 hominem,
2437 4417 2491 4460 et
2511 4403 2711 4459 nullum
2734 4402 2874 4457 aliud
2899 4400 3098 4457 animal
3119 4395 3517 4469 praeterbomi-

248 4530 363 4575 tem
408 4496 693 4589 seminum,
743 4540 880 4593 quae
927 4525 977 4578 in
1016 4528 1094 4581 eis
1134 4535 1278 4590 sunt,
1304 4536 1561 4597 operante
1588 4526 1674 4582 illa
1703 4527 1833 4594 vita,
1864 4509 1913 4570 Ῐ)
1939 4509 2164 4575 ηθηιιθά
2186 4507 2470 4578 imaginem
2494 4505 2586 4560 Dei
2610 4505 2781 4560 creari
2807 4503 2985 4597 divina
3007 4496 3512 4597 Ρθτιιίιηιιιίξξοτίθο

248 4629 394 4682 quae
421 4615 676 4669 nutritiva
704 4616 922 4681 dicitur,
971 4617 1264 4672 secundum
1312 4615 1460 4688 leges
1501 4627 1556 4674 et
1601 4619 1835 4676 rationes

250 4703 468 4768 insitas,
507 4715 766 4774 quantum
829 4706 957 4761 sinit
1006 4708 1184 4762 divina
1252 4710 1609 4780 providentia,
1656 4711 1706 4765 in
1753 4711 1836 4766 di-

250 4809 443 4849 versas
470 4798 675 4864 species
707 4799 1028 4864 herbarum,
1065 4799 1434 4867 surculorum,
1485 4801 1830 4868 animalium,

250 4899 354 4954 per
391 4899 588 4954 genera
618 4897 671 4940 ct
699 4885 901 4943 formas
941 4903 1006 4940 ex
1044 4889 1268 4943 secretis
1303 4899 1582 4944 creaturae
1625 4890 1830 4946 sinibus

253 4977 509 5045 erumpit.
540 4977 617 5033 Ac
646 4993 743 5047 per
773 4979 875 5035 hoc
907 4981 1046 5034 unde
1076 4991 1218 5035 terra
1249 4990 1303 5037 et
1340 4998 1476 5052 aqua
1518 4983 1745 5038 visibilis
1777 4991 1830 5038 et

255 5067 560 5121 tractabilis
593 5067 642 5121 in
673 5084 796 5122 suas
827 5070 1098 5124 naturales
1123 5072 1337 5139 species
1368 5079 1424 5126 et
1461 5072 1750 5142 qualitates
1776 5081 1833 5127 et

255 5156 591 5224 quantitates
638 5172 982 5225 processere,
1040 5159 1162 5215 inde
1203 5162 1404 5226 omnia,
1455 5176 1593 5230 quae
1639 5177 1706 5218 ex
1751 5161 1832 5216 eis

257 5248 409 5304 nasci
442 5249 709 5316 videntur,
756 5251 1118 5322 generationis
1142 5269 1272 5309 suae
1299 5254 1565 5325 originem
1589 5263 1827 5310 sumunt.

1940 4601 2092 4656 valde
2122 4601 2308 4664 miror,
2358 4597 2625 4668 quomodo
2673 4597 2810 4651 inter
2851 4593 3094 4665 jumenta
3124 4600 3178 4646 et
3207 4589 3415 4660 reptilia
3459 4597 3516 4642 et

1936 4691 2138 4744 bestias
2161 4698 2336 4744 terrae
2362 4688 2522 4742 homo
2552 4703 2580 4740 a
2607 4685 2650 4718 ³⁸
2682 4693 2823 4738 terra
2852 4682 3180 4754 producitur,
3211 4690 3265 4733 et
3295 4678 3359 4732 ad
3385 4679 3515 4732 ima-

1939 4790 2114 4859 ginem
2151 4789 2266 4852 Dei,
2314 4787 2470 4856 longe
2517 4794 2573 4840 et
2620 4781 3112 4862 incomparabiliter
3151 4777 3290 4831 ultra
3334 4784 3513 4830 cetera

1938 4880 2182 4933 universa
2235 4875 2528 4941 animalia,
2575 4874 2721 4928 solus
2771 4870 3055 4934 formatur,
3105 4868 3317 4922 dicente
3364 4863 3512 4918 Scri-

1937 4975 2092 5036 ptura
2118 4983 2135 5021 :
2162 4963 2448 5019 Faciamus
2481 4964 2738 5017 hominem
2767 4960 2835 5014 ad
2861 4959 3140 5030 imaginem
3177 4965 3224 5010 et
3267 4951 3514 5006 similitu-

1935 5069 2110 5124 dinem
2154 5077 2426 5132 nostram,
2456 5073 2512 5121 et
2560 5064 2699 5134 quod
2748 5071 2832 5118 est
2878 5059 3209 5122 mirabilius,
3243 5051 3514 5124 quomodo

1938 5178 1968 5216 a
1993 5161 2035 5193 ⁸⁸
2067 5170 2210 5215 terra
2244 5158 2558 5230 producitur
2590 5157 2729 5211 inter
2753 5171 2838 5221 ea,
2870 5153 3064 5222 quibus
3096 5146 3420 5220 praefertur,
3458 5149 3515 5198 et

1938 5249 2204 5305 dominari
2248 5247 2486 5316 jubetur.
2533 5244 2820 5316 Subjunxit
2865 5242 3008 5297 enim
3056 5239 3335 5309 Scriptura
3379 5253 3394 5290 :
3445 5232 3512 5288 Et

1540 5400 1792 5460 VARIAE
1829 5398 2208 5458 LECTIONES

335 5544 350 5574 ¹
383 5542 475 5598 Sic
506 5543 628 5606 CF;
679 5543 721 5595 A
771 5542 995 5596 solertis.
1093 5545 1110 5571 ²
1139 5541 1228 5595 Sic
1270 5539 1386 5603 CF;
1431 5541 1474 5594 Α
1502 5539 1784 5609 indaginis.

1885 5537 1905 5568 ³
1945 5535 2035 5590 Sic
2086 5535 2210 5598 CF;
2243 5550 2349 5588 esse
2397 5533 2577 5586 om.A.

2674 5526 2698 5558 ⁸
2735 5527 2774 5584 Α
2798 5543 2913 5598 una
2940 5524 3240 5598 eademque.
3308 5589 3322 5598 _
3351 5535 3372 5566 ι
3395 5517 3513 5598 loco

255 5585 475 5667 omini:
508 5585 572 5645 με
594 5585 686 5668 Sic
711 5611 825 5672 CF;
862 5611 900 5664 A
935 5585 1309 5681 portiuncula.“
1359 5585 1386 5642 ἶ
1419 5609 1510 5681 Sic
1544 5585 1664 5671 CF”;
1701 5609 1741 5661 Α
1781 5617 2001 5681 naturae
2037 5585 2263 5681 species:
2324 5604 2345 5633 "
2375 5603 2608 5681 nascitur
2629 5639 2642 5660 ,
2671 5595 2905 5681 quamvis
2936 5610 3000 5681 ea:
3027 5595 3101 5648 eis
3125 5608 3270 5681 ang;
3297 5585 3426 5681 9":
3465 5594 3506 5681 θ

255 5695 330 5737 et.
434 5683 474 5714 '°
505 5682 596 5738 Sic
625 5682 742 5746 CF;
773 5682 812 5735 A
845 5685 899 5735 in
929 5691 1100 5736 sexta.

257 5753 480 5808 videtur.
561 5753 604 5784 ¹³
637 5753 727 5808 Sic
749 5752 865 5818 CF;
898 5752 939 5805 A
973 5753 1148 5821 igitur.
1228 5752 1268 5782 "‘
1298 5749 1388 5804 Sic
1411 5749 1524 5812 (1F;
1559 5749 1596 5801 Α
1631 5765 1674 5802 e.

1182 5681 1220 5712 “
1261 5681 1349 5735 Sic
1376 5680 1452 5742 C;
1489 5680 1527 5732 A
1558 5664 1663 5732 non
1692 5688 1798 5730 tam
1830 5676 1984 5731 facile
2012 5664 2348 5736 absolverit";
2379 5673 2417 5725 ι’
2445 5687 2544 5724 non
2580 5664 2731 5736 facile
2757 5664 3026 5718 solverem.

1228 5752 1268 5782 "‘
1298 5749 1388 5802 Sic
1411 5749 1524 5802 (1F:
1559 5749 1596 5801 Α
1631 5765 1674 5802 e.
1756 5747 1798 5777 "’
1830 5747 1918 5802 Sic
1941 5744 2056 5802 CF;
2088 5745 2125 5798 Α
2157 5761 2203 5797 e.

1874 5761 2203 5812 :cur;3e.

3125 5658 3430 5726 “SictCF;
3475 5664 3519 5716 A
