4028 6282
609 291 713 348 751

1954 289 2241 347 JOANNIS
2274 290 2479 348 SCOTI-

3184 273 3267 293 ο.

3308 285 3351 295 οι

3727 301 3808 369 153

604 404 809 474 praesit
829 404 1054 475 pisrilms
1082 407 1266 470 maris,
1298 414 1344 460 et
1374 404 1671 460 volatilibus
1699 405 1865 469 caeli,
1887 415 1934 459 et
1980 406 2155 460 bestiis
2174 447 2189 468 ,
2221 409 2269 469 Λ
2298 405 2350 459 in
2381 405 2557 476 aliqua
2596 407 2820 463 materia
2864 422 2931 464 ex
2958 411 3309 480 qualitatibus
3350 418 3591 483 quattuor
3630 412 3807 470 elemos-

609 495 979 566 unirersaeqne
999 506 1296 561 creaturae,
1319 498 1560 564 omnique
1584 496 1778 566 reptili,
1803 497 1943 566 quod
1963 508 2196 552 movetur

609 584 664 637 in
712 594 876 639 terra.
926 585 1067 642 MAG.
1123 585 1241 643 Nec
1282 587 1579 653 immerito,
1620 602 1722 642 nec
1749 587 2197 643 irrationabiliter

607 677 866 732 moveris.
919 677 1063 734 llaec
1094 680 1238 734 enim
1276 679 1589 735 cautissima
1629 688 1686 735 et
1722 678 2074 735 solertissima
2114 680 2197 734 in-

607 765 916 836 quisitione.
935 770 1093 840 digna
1123 779 1269 833 sunt.
1303 770 1366 825 Et
1406 770 1639 840 primum
1671 770 1913 840 quidem,
1943 780 2004 824 ut
2033 769 2196 825 intel-

607 857 770 926 ligas,
819 869 1026 914 remota
1076 860 1241 929 totius
1286 860 1657 931 ambiguitatis
1683 859 1939 931 caligine,
1968 860 2110 930 quod
2142 861 2196 915 in

608 950 905 1006 universali
937 952 1253 1015 animalium
1281 968 1481 1024 genere
1510 953 1673 1013 homo
1699 953 1951 1011 conditus
1974 955 2064 1019 sit,
2096 954 2197 1009 hoc

607 1041 908 1096 maximum
940 1043 1156 1114 suscipe
1188 1052 1567 1115 argumentum
1589 1085 1606 1111 ,
1646 1044 1971 1114 tripertitam
2010 1044 2199 1100 videli-

607 1141 696 1187 cet
725 1133 889 1204 huius
912 1135 1129 1205 generis
1155 1135 1475 1191 divisionem
1522 1136 1573 1189 in
1615 1135 1862 1206 iumenta
1899 1145 1956 1191 et
1982 1136 2197 1206 reptilia

609 1224 942 1295 bestiasque.
973 1226 1125 1294 Quae
1154 1227 1349 1284 divisio
1394 1242 1501 1281 non
1534 1228 1652 1282 sine
1696 1243 1862 1284 causa
1904 1228 2045 1284 facta
2088 1236 2194 1294 est,

609 1324 669 1370 ut
700 1317 949 1371 aestimo.
999 1318 1133 1374 Nam
1183 1319 1236 1373 in
1276 1319 1400 1374 aliis
1436 1319 1649 1385 diebus,
1678 1319 1845 1376 idest
1869 1319 1924 1375 in
1958 1320 2116 1375 tertia
2143 1328 2199 1375 et

610 1407 822 1478 quinta,
846 1410 898 1464 in
920 1411 1117 1479 quibus
1145 1426 1343 1482 genera
1369 1420 1426 1469 et
1451 1412 1659 1481 species
1677 1421 2195 1480 commemorantur,

610 1498 757 1554 nulla
806 1498 1011 1561 divisio.
1043 1502 1259 1571 generis
1308 1502 1363 1557 in
1409 1503 1621 1574 species
1665 1503 2057 1569 introducitur,
2102 1502 2197 1558 sed

608 1590 932 1662 simpliciter
981 1601 1076 1645 aut
1127 1593 1301 1648 solum
1354 1609 1527 1664 genus
1594 1603 1650 1648 et
1695 1594 2023 1650 indiscretae
2075 1608 2198 1663 spe-

612 1681 745 1746 cies,
778 1691 836 1737 ut
862 1682 913 1735 in
948 1683 1126 1750 tertia,
1161 1699 1268 1754 qua
1299 1683 1591 1740 herbarum
1622 1684 2072 1755 surculorumque
2098 1698 2194 1754 ge-

610 1788 747 1829 nera
769 1774 1181 1844 speeiesqnede
1208 1785 1357 1832 terra
1394 1776 1528 1831 oriri
1564 1774 1848 1844 jubentur,
1889 1785 1984 1831 aut
2025 1775 2198 1830 solum

608 1877 782 1933 genus
812 1873 867 1919 et
897 1881 1002 1919 una
1032 1866 1244 1936 species
1269 1866 1465 1937 ipsius,
1517 1876 1578 1929 ut
1623 1868 1678 1923 in
1719 1868 1931 1938 quinta,
1956 1867 2200 1937 piscium

609 1955 827 2025 quidem
859 1973 1029 2027 genus
1058 1960 1269 2031 rept'le,
1314 1960 1496 2019 avium
1540 1958 1670 2017 vero
1716 1961 1926 2018 volatile
1966 1975 2198 2028 vocans,

609 2062 788 2121 neque
830 2049 934 2107 hoc
978 2066 1153 2121 neque
1194 2052 1323 2116 illud
1353 2052 1407 2108 in
1437 2053 1646 2121 species
1672 2053 1937 2109 dividens.
1970 2052 2107 2107 Nam
2145 2053 2198 2107 in

608 2153 677 2195 eo
703 2140 847 2209 quod
878 2140 1014 2195 dixit
1041 2159 1056 2195 :
1091 2141 1399 2213 Creauitque
1438 2142 1581 2199 Deus
1613 2153 1721 2198 cete
1750 2143 1996 2214 grandia,
2030 2143 2202 2214 magis

610 2229 889 2298 speciem'
945 2247 1044 2301 pro
1077 2246 1277 2302 genere
1315 2232 1725 2302 intelligendum
1770 2234 1895 2287 est'
1932 2233 2199 2302 posuisse,

609 2336 776 2392 quam
803 2316 981 2392 genus,
1000 2323 1061 2398 in.
1081 2326 1316 2397 speciem
1346 2325 1613 2383 divisisse.
1643 2323 1923 2399 Quomodo
1950 2324 2094 2392 enim
2123 2325 2203 2380 (Ιί⁴

609 2411 752 2466 \‘isio
796 2412 1017 2482 generis,
1058 2413 1111 2485 in
1162 2429 1325 2468 unam
1371 2416 1606 2484 speciem
1657 2424 1842 2486 posset
1886 2415 2027 2480 ﬁeri,
2074 2415 2201 2470 dum

610 2506 791 2560 oumis
832 2507 1025 2571 divisio
1069 2524 1175 2565 non
1224 2510 1404 2565 minus
1456 2526 1620 2581 quam
1683 2512 1736 2566 in
1789 2511 1998 2566 duobus
2055 2511 2203 2567 inve-

610 2596 799 2652 nitur?
837 2596 1002 2652 Scxta
1056 2610 1235 2656 autem
1281 2601 1367 2658 die
1405 2618 1510 2659 non
1550 2603 1724 2658 solum
1762 2604 1980 2674 generis
2016 2604 2202 2659 condi-

611 2688 727 2754 tio,
772 2703 958 2744 verum
1010 2692 1173 2763 etiam
1229 2693 1366 2746 trina
1423 2693 1616 2749 divisio
1676 2694 1843 2764 ipsius
1890 2695 1944 2748 in
1995 2695 2203 2765 species

609 2787 886 2834 narratur.
945 2779 1135 2851 Dixit,
1190 2782 1407 2855 inquit,
1471 2781 1614 2838 Deus
1657 2800 1676 2838 :
1733 2781 2002 2838 Producat
2060 2794 2201 2838 terra

610 2871 843 2925 animum
883 2872 1130 2932 uirentem
1172 2874 1227 2929 in
1260 2891 1445 2945 genere
1488 2892 1608 2941 sua,
1646 2876 1913 2947 jumenta,
1953 2885 2003 2931 et
2047 2874 2205 2947 repti-

611 2958 706 3025 lia,
754 2971 801 3014 et
852 2961 1041 3033 bestias
1081 2975 1275 3030 terrae,
1313 2966 1600 3020 secundum
1636 2967 1830 3037 species
1893 2982 2039 3021 suas.
2105 2964 2201 3022 Vel

610 3053 907 3109 secundum
961 3056 1300 3125 septuaginta
1360 3056 1685 3126 interpretes
1731 3075 1746 3114 :
1805 3057 1951 3113 Dixit
2008 3057 2151 3113 Deus
2181 3072 2200 3111 :

2303 506 2480 550 torum
2507 494 2652 557 facta
2678 500 2721 563 ⁸,
2752 499 3048 555 constituta
3078 509 3182 557 est.
3236 500 3295 557 Si
3321 516 3507 557 sonum
3534 517 3617 557 seu
3639 502 3805 560 odorem

2295 586 2557 651 senseris,
2578 601 2645 641 ex
2673 588 2805 643 aére
2818 598 3077 659 quattuor
3088 592 3374 647 elementis
3397 593 3808 663 composito,sini-

2297 673 2441 740 liter,
2464 676 2510 730 si
2531 684 2745 748 gustum
2772 692 2868 733 seu
2894 689 3119 745 tactum,
3141 695 3208 736 ex
3232 680 3671 751 compactionibus
3685 697 3810 752 aquae

2297 774 2580 836 terraeque
2607 768 2854 825 accidere
2878 785 2986 825 non
3017 771 3311 829 dubitabis.
3344 769 3457 826 Non
3486 772 3722 827 immerito
3741 774 3810 841 igi-

2298 864 2388 912 tur
2411 873 2707 929 corporeus
2736 875 2930 916 sensus
2942 862 3311 933 quadrupedis
3327 861 3373 894 ¹⁸
3394 860 3683 917 vocabulum
3696 878 3808 917 sece-

2296 946 2399 1017 pit,
2434 949 2690 1017 quoniam
2719 965 2902 1015 onme,
2941 951 3085 1022 quod
3133 952 3340 1016 sentit,
3389 968 3491 1007 non
3535 951 3723 1005 aliunde
3739 952 3809 1006 nisi

2296 1052 2361 1094 ex
2392 1050 2649 1109 quattuor
2675 1042 2960 1098 elementis
2976 1044 3241 1115 originem
3263 1045 3431 1102 ducit.
3469 1045 3708 1113 Quosdam
3720 1059 3810 1099 vero

2295 1144 2360 1186 ex
2420 1132 2660 1198 inferiori
2717 1122 2907 1188 natura
2951 1143 3196 1206 sumptos
3250 1144 3400 1190 recte
3432 1136 3621 1189 dixeris
3647 1136 3683 1166 “
3714 1135 3809 1189 im-

2296 1223 2600 1289 tionabiles,
2628 1225 2730 1281 hoc
2759 1226 3058 1285 estrationi
3084 1226 3419 1287 resistentes,
3453 1237 3506 1279 ut
3530 1235 3605 1281 est
3624 1225 3807 1289 lurer,et

2295 1313 2585 1386 cupiditas,
2616 1315 3021 1386 inordinatique
3045 1317 3413 1387 corporalium
3445 1331 3674 1371 sensuum
3697 1329 3809 1385 sppe-

2298 1408 2448 1471 titus,
2477 1407 2529 1460 in
2557 1406 2871 1463 abusionem
2895 1409 3185 1465 attribntos
3228 1410 3285 1451 ’⁸ο
3311 1409 3636 1464 sensibilths
3658 1416 3809 1462 creatu-

2298 1497 2394 1552 ris.
2419 1498 2485 1552 Et
2506 1499 2762 1567 quoniam
2776 1499 2830 1553 bi
2856 1499 2904 1543 ι’
2923 1508 3102 1554 motus
3116 1515 3183 1555 ex
3202 1497 3644 1555 irrationabilibus
3663 1496 3809 1550 animo-

2296 1587 2438 1642 libus
2462 1588 2734 1644 humanae
2760 1600 2985 1645 naturae
3019 1590 3210 1646 inserti
3252 1598 3409 1655 sunt,
3456 1604 3556 1644 non
3587 1591 3808 1658 incongrue

2297 1680 2596 1735 bestiarum
2619 1682 2979 1751 appellatione
3000 1682 3400 1753 signiﬁcantur,
3422 1682 3703 1752 praesertim
3723 1694 3806 1733 cun

2231 1756 2276 1817 Β
2303 1785 2516 1843 semper
2545 1772 2591 1812 ιδ
2611 1772 3021 1829 rationabilibus
3052 1773 3356 1845 disciplinis
3389 1771 3624 1827 reluctari
3648 1784 3731 1823 non
3749 1769 3807 1823 de

2302 1863 2518 1930 sinant,
2555 1872 2610 1918 et
2652 1872 2747 1919 aut
2782 1864 2873 1919 vix
2902 1873 2999 1919 aut
3024 1878 3305 1934 nunquam
3338 1863 3539 1920 domari
3565 1861 3626 1917 ab
3643 1861 3805 1929 eispos-

2303 1954 2442 2020 sint,
2472 1963 2763 2025 motusque
2798 1954 3153 2011 rationabiles
3196 1954 3368 2011 feroci
3395 1954 3585 2024 impetu
3617 1950 3806 2007 dilaniata

2302 2060 2520 2115 semper
2541 2053 2816 2116 appetant.
2850 2043 2990 2100 Sunt
3016 2053 3299 2115 praeterea
3328 2046 3381 2100 in
3411 2041 3617 2098 animali
3635 2040 3804 2096 ration:-

2302 2139 2392 2195 bili
2425 2139 2620 2195 occulti
2651 2139 2870 2209 quidam
2898 2148 3109 2203 motus,
3144 2139 3349 2209 quibus
3401 2134 3618 2191 maxime
3668 2142 3805 2200 carpat

2302 2230 2402 2286 sibi
2430 2229 2776 2299 coniunctum
2799 2229 3164 2295 administrat,
3196 2238 3254 2285 et
3295 2236 3423 2282 sunt
3457 2227 3506 2283 in
3529 2223 3703 2279 auctir:
3722 2219 3804 2273 “et

2302 2323 2558 2378 nutritiva
2587 2330 2742 2391 parte
2760 2321 2975 2376 animae
2999 2319 3284 2376 constituti
3301 2319 3365 2371 ¹⁶.
3393 2318 3490 2386 Qui
3513 2314 3724 2386 quoniam
3742 2328 3804 2366 na-

2303 2413 2461 2469 turali
2492 2413 2752 2469 l‘acilitate
2795 2429 2894 2468 sua
2923 2420 3195 2483 peragunt
3218 2411 3390 2469 cilicia
3411 2452 3428 2477 ,
3460 2417 3513 2466 et
3536 2406 3666 2479 quasi
3688 2404 3802 2458 latea-

2303 2512 2408 2569 ter,
2440 2505 2566 2573 quia
2605 2506 2820 2559 animae
2856 2504 3225 2561 intentionem
3251 2503 3398 2559 nullo
3422 2501 3572 2558 modo
3591 2497 3803 2555 sollicitant

2302 2603 2468 2666 atque
2495 2595 2849 2665 perturbant,
2893 2596 2938 2651 si
2975 2605 3158 2651 tamen
3188 2596 3471 2666 integritas
3492 2601 3685 2649 naturae
3704 2589 3800 2643 inea

2303 2684 2468 2740 lamis
2492 2686 2771 2751 extiterit,
2819 2687 2998 2742 silenti
3049 2687 3288 2757 quodam
3335 2692 3509 2742 meatu
3550 2677 3801 2753 mrporalel

2301 2778 2647 2833 harmoniam
2703 2787 3089 2848 penetrantes,
3150 2778 3428 2849 reptilium
3476 2771 3799 2846 appellationem

2302 2886 2412 2925 non
2443 2871 2893 2927 irrationabiliter
2918 2886 3188 2928 meruere.
3233 2871 3443 2929 Ceteris
3477 2883 3594 2926 vero
3619 2860 3798 2921 animalu-

2299 2960 2422 3029 bus,
2467 2971 2685 3033 praeter
2710 2962 2882 3018 solum
2928 2964 3229 3031 hominem,
3281 2978 3350 3020 ex
3393 2962 3554 3018 tribus
3586 2950 3800 3029 praedicti:

2303 3054 2539 3111 motibus
2587 3055 2695 3111 duo
2735 3057 3106 3113 tantummodo
3136 3056 3178 3089 "
3227 3056 3433 3121 insunt,
3470 3067 3595 3109 unus
3625 3045 3797 3120 quidem

972 3104 1300 3125 «ιντ---η--η-
1360 3104 1684 3126 --η--τ---η
1731 3104 1746 3114 .
1805 3104 1950 3113 --ηπ
2008 3104 2149 3113 ηπ-
2181 3104 2194 3111 -
2306 3104 2536 3111 ww"-
2591 3104 2689 3111 --η
2737 3104 3102 3113 mum-mw"
3228 3104 3433 3121 -.-ν-η,
3474 3104 3587 3109 ww
3640 3104 3654 3120 .

610 3144 820 3199 Educet
860 3156 1000 3213 terra
1039 3149 1271 3203 animum
1310 3150 1478 3204 vivam
1515 3150 1800 3206 secundum
1838 3168 2033 3222 genus,
2071 3167 2204 3221 qua—
2228 3104 2275 3180 ϐ
2304 3148 2398 3220 qui
2439 3149 2497 3203 in
2540 3149 2790 3206 sensibus
2815 3151 2860 3183 “'
2882 3159 2967 3206 est
2987 3150 3207 3222 proprie
3237 3150 3460 3208 rationis
3500 3144 3712 3219 regimine
3743 3150 3799 3191 σθ·

610 3236 905 3306 drupedia,
945 3247 995 3292 et
1034 3239 1270 3307 reptilia,
1309 3249 1359 3295 et
1397 3241 1587 3303 bestias
1625 3243 1909 3305 secundum
1948 3251 2202 3317 genus,_el

611 3328 810 3396 factum
846 3339 921 3401 est
959 3331 1054 3392 sic.
1095 3331 1239 3400 Haec
1276 3332 1496 3403 itaque,
1553 3342 1612 3388 ut
1666 3335 1940 3400 arbitror,
2000 3335 2199 3403 triper-

612 3419 737 3473 titio
784 3422 953 3485 totius,
980 3422 1122 3478 vitae
1151 3425 1415 3479 terreno.‘
1442 3426 1656 3495 corpori
1682 3425 2049 3489 adhaerentis,
2077 3427 2200 3481 ani-

612 3508 828 3579 malque
858 3526 954 3583 per
976 3512 1220 3583 copulam
1250 3514 1316 3568 ad
1350 3529 1546 3585 corpus
1585 3514 1893 3586 efﬁcientis,
1926 3524 2011 3571 est
2044 3516 2201 3573 enim

613 3604 816 3658 animal
844 3609 1086 3678 corporis
1128 3619 1189 3665 et
1229 3610 1441 3666 animae
1467 3626 1589 3666 cum
1638 3627 1797 3666 sensu
1841 3613 1862 3643 ⁸
1910 3614 2197 3681 connexio,

612 3693 880 3764 triplicem
910 3695 1114 3755 motum
1156 3700 1416 3756 insinuat.
1462 3701 1527 3756 Et
1556 3701 1771 3771 quidem
1802 3704 2075 3758 ternarius
2110 3703 2201 3760 ille

611 3792 792 3841 motus
827 3787 879 3841 in
911 3787 1139 3849 homine
1174 3791 1311 3857 solo,
1356 3793 1447 3862 qni
1480 3793 1626 3849 solus
1676 3802 1761 3850 est
1810 3794 1833 3825 ⁸
1876 3795 2199 3851 rationabile

611 3878 830 3942 animal,
887 3881 1224 3955 intelligitur,
1276 3886 1538 3957 quosdam
1589 3887 1806 3958 quidem
1859 3897 2039 3944 motus
2067 3905 2196 3946 suos

607 3969 803 4026 rationi
830 3972 1073 4031 subditos
1096 3975 1321 4042 habens,
1347 3978 1435 4048 qui
1456 3977 1822 4047 jumentorum
1846 3996 1938 4035 seu
1963 3981 2200 4051 quadru-

606 4061 803 4129 pedum
840 4065 1102 4135 vocabulo
1147 4066 1440 4137 signiﬁcari
1490 4067 1761 4123 videntur.
1818 4068 1975 4135 Verbi
2000 4071 2197 4145 gratia,

608 4161 793 4208 movet
819 4156 1319 4227 quinquepertitum
1349 4158 1593 4227 corporis
1625 4174 1845 4225 sensum
1893 4160 2081 4229 discipl
2108 4176 2198 4221 nae

606 4244 733 4299 liter
762 4246 815 4299 in
843 4249 1203 4322 cognitionem
1231 4251 1568 4311 sensibilium
1598 4267 1779 4308 rerum
1804 4254 1987 4310 solerti
2010 4269 2195 4309 earnm

604 4335 995 4407 intelligentiae
1019 4339 1220 4403 studio,
1249 4341 1355 4408 Qui
1385 4351 1560 4398 motus
1602 4358 1705 4396 non
1750 4343 2197 4415 irrationabiliter

596 4426 903 4496 iumentum
954 4429 1183 4501 dicitur;
1237 4445 1342 4485 non
1389 4433 1537 4486 enim
1592 4448 1814 4513 parvum
1867 4432 2193 4502 adiutorium
2221 4461 2276 4521 Β

598 4516 911 4571 rationabili
942 4519 1156 4586 animae
1182 4529 1421 4590 praestat
1450 4522 1516 4574 ad
1563 4522 2070 4592 contemplationem
2103 4539 2191 4579 ve-

599 4606 781 4661 ritatis
808 4608 1144 4663 sensibilium
1170 4612 1432 4676 omnium,
1476 4622 1667 4684 cuncta
1699 4612 1932 4684 falsitate
1963 4625 2189 4681 remota,

490 4725 503 4742 ο
598 4710 727 4750 vera
751 4696 1071 4772 sinceraque
1085 4700 1293 4763 notitia.
1317 4701 1407 4756 Est
1429 4702 1591 4755 etiam
1607 4704 1758 4771 quasi
1782 4704 2000 4773 quidam
2016 4704 2038 4736 ⁸
2057 4722 2160 4777 qua
2177 4737 2190 4746 -

596 4785 797 4857 tirupes
825 4797 1008 4849 motus
1044 4804 1298 4844 sensuum
1326 4792 1571 4847 subditus
1608 4792 1801 4865 rationi
1838 4794 1880 4845 ".
1910 4793 2184 4865 Siquidem

596 4893 777 4943 omne,
808 4880 951 4949 quod
982 4896 1078 4959 per
1105 4899 1323 4956 sensum
1351 4886 1724 4955 cognoscimus
1754 4887 1804 4940 in
1836 4897 2026 4944 natura
2062 4903 2185 4944 sen-

596 4967 832 5025 sibilium
868 4986 1075 5040 rerum,
1105 4975 1206 5028 hoc
1227 4989 1291 5030 ex
1315 4986 1570 5046 quattuor
1600 4977 1882 5033 elementis
1909 4987 1994 5034 est
2033 4995 2185 5035 com-

594 5060 830 5131 positum
852 5061 897 5131 ⁸,
927 5071 1022 5120 aut
1050 5065 1102 5119 in
1153 5066 1269 5135 ipso
1320 5056 1623 5138 composito
1671 5070 2045 5125 constitutum.
2074 5071 2188 5143 Age

593 5149 771 5218 enim,
803 5152 850 5208 si
886 5168 1204 5227 corpoream
1232 5156 1466 5228 speciem
1499 5160 1795 5229 aspexeris,
1833 5161 1947 5232 ipsa
1978 5160 2187 5232 species

2304 3255 2451 3303 rens,
2484 3255 2547 3296 ac
2571 3254 2668 3310 per
2698 3240 2745 3277 ιε
2772 3241 2875 3297 hoc
2903 3242 3167 3308 bestialis,
3199 3244 3343 3298 alter
3370 3242 3457 3313 qui
3484 3236 3725 3294 nutritirae
3744 3226 3795 3281 rio

2305 3341 2392 3387 tae
2411 3335 2722 3402 deputatur,
2746 3334 2923 3403 reptili
2956 3334 3174 3399 similis;
3201 3351 3340 3404 quos
3359 3335 3512 3389 homo
3536 3343 3638 3385 cum
3660 3317 3797 3378 ceteris

2303 3425 2626 3479 animalibus
2661 3426 2983 3496 participat,
3025 3435 3082 3481 et
3123 3428 3400 3497 reciproce
3427 3432 3588 3480 cetera
3613 3410 3793 3471 animalia

2301 3530 2425 3569 cum
2483 3515 2598 3584 ipso
2641 3517 2983 3587 participant.
3042 3516 3279 3573 Videsne
3328 3518 3486 3589 igitur
3518 3510 3733 3569 hominem
3758 3500 3792 3553 in

2301 3606 2550 3660 omnibus
2581 3607 2922 3673 animalibus,
2948 3616 3004 3663 et
3030 3610 3209 3663 omnia
3240 3611 3294 3664 in
3325 3609 3550 3670 homine,
3564 3611 3610 3658 et
3631 3590 3792 3667 super"

2300 3698 2483 3752 omnia
2518 3698 2826 3754 hominem?
2850 3699 2918 3754 Et
2945 3700 2990 3755 si
3022 3702 3144 3770 quis
3184 3700 3444 3757 intentius
3471 3705 3665 3753 naturae
3679 3683 3794 3757 ἱρέα

2301 3790 2603 3846 mirabilem
2648 3806 2713 3846 ac
2756 3793 2970 3864 penitus
3023 3793 3347 3850 incll'abilem
3396 3788 3704 3849 conditionem
3729 3777 3793 3864 rin-

2300 3879 2568 3948 spexcrit,
2597 3879 2745 3936 clare
2789 3880 3047 3947 inveniet,
3078 3883 3312 3938 eundem
3363 3879 3609 3937 hominem
3641 3878 3683 3925 et
3720 3863 3793 3919 lor-

2301 3985 2442 4024 "“‘"‘
2473 3970 2744 4040 quandam
2777 3970 2819 4005 "
2854 3970 2907 4025 in
2948 3986 3147 4042 genere
3187 3970 3493 4027 animalium
3532 3976 3651 4018 esse.
3674 3963 3789 4009 etsu-

2300 4077 2396 4132 per
2420 4063 2466 4099 ι’
2489 4077 2703 4117 omnem
2735 4061 2964 4117 formam
2997 4062 3287 4118 animalem
3333 4058 3622 4118 subsistere.
3660 4060 3709 4101 π

2301 4129 2402 4210 hoc
2446 4165 2503 4209 et
2547 4153 2955 4210 allii-mulionem
2984 4162 3039 4212 et
3065 4156 3409 4225 negationem
3439 4147 3664 4218 recipere.
3687 4142 3726 4191 εί
3745 4129 3790 4183 δε

2299 4262 2364 4303 eo
2385 4246 2686 4318 praedicari
2725 4256 2872 4303 recte
2892 4260 3093 4317 posse:
3129 4245 3304 4304 Homo
3326 4240 3516 4302 animal
3546 4244 3638 4299 est;
3676 4229 3790 4284 1‘0"”

2300 4339 2499 4393 animal
2527 4353 2633 4393 non
2661 4346 2762 4394 est.
2792 4339 2928 4393 Dum
2955 4339 3101 4411 enim
3127 4338 3180 4393 in
3210 4340 3328 4409 ipso
3353 4347 3536 4407 corpus
3554 4336 3601 4385 et
3618 4324 3701 4424 vita
3725 4328 3788 4424 nti:

2305 4432 2506 4501 ιτῑιίνίι.
2530 4441 2586 4487 et
2608 4447 2817 4497 sensus,
2843 4439 2899 4487 et
2928 4432 3188 4488 memoria
3212 4427 3550 4489 sensibilium,
3578 4416 3789 4512 olm-lifulc

2302 4522 2691 4579 irrationabilis
2734 4523 3042 4595 appetitus,
3070 4531 3131 4577 ut
3172 4531 3257 4578 est
3303 4521 3451 4576 furor
3486 4523 3535 4571 et
3572 4502 3786 4597 cupiditas.

2300 4614 2733 4680 considerantur,
2758 4615 2979 4669 omnino
3010 4613 3210 4668 animal
3232 4621 3345 4679 est;
3377 4612 3503 4666 haec
3522 4597 3786 4693 θηῖηῖθξξηῗ

2298 4706 2603 4761 communia
2636 4714 2762 4761 sunt
2808 4706 2882 4761 illi
2915 4720 3038 4760 cum
3068 4706 3265 4761 ceteris
3293 4697 3591 4759 animalibus
3620 4707 3633 4743 :
3659 4683 3785 4739 altiort

2299 4815 2425 4854 vero
2452 4801 2532 4855 sui
2562 4811 2735 4871 parte,
2766 4816 2871 4871 qua
2899 4800 2945 4831 "
2971 4800 3181 4855 ratione
3204 4797 3460 4861 consistit,
3492 4800 3538 4847 et
3562 4780 3785 4879 intellf‘fl'h

2297 4901 2350 4948 et
2386 4868 2627 4948 interiori
2658 4868 2851 4958 sensu,
2882 4908 3005 4948 cum
3041 4894 3292 4948 omnibus
3317 4890 3425 4946 suis
3463 4868 3785 4939 rationabiliblli

2290 4985 2548 5049 motibus,
2571 4998 2707 5055 quos
2729 4983 2776 5017 "‘
2803 4984 3032 5039 virtutes
3058 4981 3348 5054 appellant,
3374 4984 3582 5044 cumq“e
3602 4966 3783 5059 “etcf”

2293 5090 2411 5129 rum
2439 5075 2853 5153 divinarumque
2883 5086 3064 5127 rerum
3093 5070 3375 5135 memoria,
3418 5036 3783 5153 omnino

2292 5179 2396 5217 non
2437 5174 2543 5219 est.
2587 5141 2867 5232 Siquidem
2913 5170 3106 5216 cuncta
3140 5161 3274 5216 haec
3297 5158 3475 5215 eadem
3501 5153 3608 5206 sunt
3629 5141 3777 5196 homini

2236 4226 2247 4263 κ

1880 5293 2136 5348 VARIAE
2175 5292 2574 5350 LECTlONES.

668 5398 969 5472 1-5391317
986 5420 1003 5469 ;
1037 5401 1082 5456 Α
1133 5404 1348 5472 species.

592 5466 616 5501 ⁵
659 5466 753 5525 Sic
793 5469 910 5537 CF;
944 5466 1064 5527 cum
1093 5466 1249 5528 sensu
1294 5489 1405 5530 om.
1431 5475 1498 5531 A.

589 5611 1010 5680 quadrupedum.
1089 5614 1130 5646 “
1168 5623 1303 5667 recte
1341 5614 1537 5670 dixeris
1557 5611 1665 5669 om.
1689 5614 1793 5669 CF.

1448 5402 1690 5467 ‘SicA;
1739 5415 1813 5458 est
1863 5420 1973 5457 om.
2032 5403 2148 5467 CF,
2206 5405 2299 5460 sed
2355 5421 2516 5467 supra
2565 5406 2744 5460 adscr.
2797 5404 2860 5459 F.

1624 5476 1648 5508 ⁵
1673 5476 1763 5529 Sic
1792 5474 1908 5539 CF;
1940 5487 2013 5535 est
2044 5490 2151 5529 οιιι.
2183 5474 2250 5537 Α.
2357 5475 2378 5507 ⁸

592 5539 616 5573 ⁸
646 5538 739 5595 Sic
764 5538 874 5606 CF;
906 5542 951 5596 A
981 5558 1161 5598 rerum
1191 5552 1265 5598 est
1293 5544 1397 5599 hoc
1423 5554 1497 5599 est
1541 5560 1607 5599 ex
1637 5555 1865 5615 quatuor
1888 5538 2151 5606 elementis
2196 5538 2555 5614 compositum.
2650 5548 2672 5579 ’
2708 5543 2800 5599 Sic
2828 5544 2945 5612 CF;
2999 5546 3140 5614 facta
3162 5538 3277 5598 'om.
3319 5590 3321 5595 .

592 5611 1010 5670 quadrupedum.
1089 5614 1130 5646 “
1168 5623 1303 5667 recte
1341 5614 1537 5670 dixeris
1557 5631 1665 5669 om.
1689 5614 1793 5669 CF.
1875 5616 1918 5646 "
1953 5616 2233 5669 attributas
2253 5631 2361 5669 om.
2383 5614 2488 5670 CF.
2564 5616 2608 5648 ¹³
2638 5614 2731 5670 Sic
2754 5614 2863 5670 CF:
2888 5617 2932 5670 A
2972 5614 3321 5670 huiusmodi.‘

588 5655 700 5749 per.
780 5655 829 5713 ἦ
854 5680 946 5752 Sic
974 5681 1081 5749 CF;
1106 5682 1151 5737 A
1174 5655 1921 5740 (icti‘uatml‘"livi'oitslitutae.
2000 5685 2040 5715 "
2072 5685 2161 5740 Sic
2189 5684 2296 5751 CF;
2331 5680 2375 5742 Α
2402 5696 2624 5741 tantum.
2701 5685 2745 5717 ’⁸
2774 5657 2865 5740 sui.
2891 5686 2998 5752 CF;

2981 5406 3001 5436 ⁸
3041 5402 3131 5459 Sic
3188 5403 3304 5469 CF;
3365 5407 3550 5469 εενῖςηο
3597 5370 3777 5469 ⁰¹¹Ρ;-.ἒ’

2872 5455 3172 5561 ιείςςειθς
3199 5455 3253 5537 'A‘
3285 5455 3376 5561 εοίιι
3400 5455 3776 5561 dataria:

2999 5546 3294 5658 castrata-
3316 5539 3410 5641 Αιι
3441 5535 3521 5658 εἷς
3542 5526 3632 5655 it“.
3645 5512 3772 5642 (ἶνι-

3104 5661 3513 5746 ἷιῖίᾶιῖιὶὲίῡίιίιηη.
3580 5664 3615 5698 ιο
3632 5661 3667 5716 Α
3685 5664 3775 5721 pro.-

2477 5475 2763 5547 quoddam.

2650 5548 2672 5579 ο
2708 5543 2800 5599 Sic
2828 5544 2945 5612 CF;

586 5760 721 5821 pter.
795 5751 841 5784 "
877 5750 927 5809 Α
953 5767 1131 5822 supra.
1206 5754 1248 5786 ²¹
1300 5754 1346 5809 Δ
1391 5755 1561 5823 forma
1586 5756 1834 5826 quadam.
1906 5759 1952 5788 "
1992 5754 2036 5810 Α
2075 5771 2252 5825 supra.
2284 5750 2289 5751 ί
2328 5753 2375 5788 ’⁸
2420 5755 2465 5810 Α
2505 5774 2654 5812 uuae.
2736 5756 2779 5787 ’⁷⁸
2819 5756 2860 5810 Α
2893 5750 3041 5827 quas.
