4028 6282
248 316 347 385 I53

1059 321 1149 377 DE
1186 316 1525 377 DlVlSlONE
1565 315 1914 375 NATURAE.
1954 350 2023 369 -—
2061 318 2259 376 LIBER
2300 320 2650 391 QUARTUS.

3408 322 3509 379 τδι

228 450 363 492 cum
386 433 711 499 caelestibus
736 435 1013 501 essentiis,
1060 450 1200 506 quae.
1225 450 1408 499 omne,
1438 404 1582 505 quod
1606 433 1659 488 in
1701 432 1813 488 ani‘
1844 436 1891 497 Α
1921 435 2185 494 difﬁcilior
2231 436 2497 506 quaestio,
2543 444 2804 507 quantum
2857 433 2988 490 mihi
3037 434 3079 466 ¹⁹
3121 433 3355 500 videtur,
3390 444 3509 491 orta

234 525 461 583 molium
487 539 679 583 natura
704 528 1199 598 comprehenditur,
1222 527 1541 584 excellentia
1569 526 1822 581 substan-

238 618 349 673 tiae
386 618 1004 688 incmuprebensibiliter
1032 625 1050 657 ι
1090 627 1367 689 superant.
1419 618 1588 673 Recte
1633 617 1817 688 igitur,

235 719 296 764 ut
324 708 590 774 diximus,
620 708 688 764 de
714 707 934 764 homine
963 708 1203 764 dicitur:
1235 706 1433 763 animal
1458 715 1573 771 est,
1621 704 1818 761 animal

235 812 348 854 non
373 808 476 853 est.
504 797 658 866 Quod
686 798 849 854 etiam
885 813 951 854 ex
977 798 1302 854 auctoritate
1335 796 1549 852 divinae
1577 795 1822 865 Scriptu-

235 904 332 944 rac
361 903 646 959 possumus
676 889 1050 945 corroborare.
1098 888 1389 959 Apostolus
1413 888 1489 942 ait
1514 907 1528 942 :
1565 886 1820 942 Animalia

233 979 392 1035 homo
418 997 523 1035 non
558 981 770 1049 percipit
812 997 947 1049 quae
993 990 1115 1035 sunt
1146 981 1239 1035 Dei
1268 983 1314 1047 ⁸,
1351 988 1405 1035 ct
1431 980 1625 1035 iterum
1656 997 1668 1033 :
1702 978 1823 1050 Spi-

233 1068 443 1123 ritualis
470 1070 623 1123 homo
643 1070 855 1140 judicat
885 1072 1086 1133 omnia,
1117 1071 1228 1140 ipse
1249 1087 1370 1126 vero
1397 1087 1429 1123 a
1457 1066 1659 1124 nemine
1679 1069 1823 1137 diju-

230 1160 463 1214 dicatur.
493 1160 724 1225 Intuere,
757 1176 920 1231 quam
951 1162 1120 1227 clare,
1148 1146 1312 1232 quam
1342 1170 1528 1233 aperte
1547 1160 1820 1216 hominem

232 1250 379 1305 velut
406 1252 459 1306 in
486 1246 621 1307 duos
648 1252 898 1308 homines
916 1252 1129 1308 dividit.
1156 1253 1398 1320 Quorum
1427 1268 1566 1308 unus
1602 1252 1820 1322 quidem

231 1342 488 1397 antimalis
532 1349 635 1406 est,
678 1344 936 1413 quoniam
996 1352 1226 1399 naturae
1274 1342 1822 1399 animalium'similis

230 1431 506 1497 consistit,
532 1446 672 1501 quae
700 1432 838 1487 nihil
872 1432 1234 1504 spiritualium
1260 1433 1312 1488 in
1341 1447 1401 1488 se
1426 1432 1657 1503 recipit;
1685 1431 1824 1485 alter

227 1538 366 1583 vero
410 1525 734 1596 spiritualis,
783 1526 1040 1597 quoniam
1077 1527 1315 1583 aeternis
1360 1532 1416 1581 et
1449 1524 1824 1596 spiritualibus

228 1614 539 1691 divinisque
567 1616 935 1675 communicat
973 1616 1360 1681 subsistentiis,
1393 1616 1666 1685 totiusque
1707 1613 1823 1669 ani-

228 1704 492 1761 malitat'is
516 1720 711 1777 expers
730 1713 833 1760 est.
875 1706 943 1765 Et
966 1721 1030 1763 ea
1053 1706 1272 1777 quidem
1313 1722 1461 1778 pars,
1484 1721 1590 1776 qua
1621 1702 1822 1758 animal

1921 538 2024 586 est.
2056 526 2198 582 MAG.
2229 525 2379 593 Quae
2419 526 2491 581 sit
2535 525 2646 591 illa,
2678 523 2786 590 dic,
2831 537 3053 594 quaeso.
3098 524 3241 585 Disc.
3277 525 3509 590 Videris,

1922 629 1983 674 ut
2009 620 2221 688 opinor,
2269 618 2407 672 duas
2455 616 2664 669 animas
2714 614 2767 668 in
2814 628 2921 667 uno
2965 615 3184 670 homine
3219 616 3511 671 subsistere

1922 708 2175 765 arbitrari
2202 726 2214 762 :
2250 722 2414 762 unam
2437 707 2676 777 quidem,
2705 720 2844 775 quae
2872 720 3069 776 corpus
3098 707 3138 738 ¹¹
3170 707 3511 785 administrat

1921 810 1978 857 ct
2023 799 2263 855 vivilicat
2308 808 2365 855 et
2409 798 2581 854 nutrit
2630 805 2685 852 et
2716 802 2905 866 anget,
2958 808 3013 851 et
3064 810 3162 867 per
3222 813 3513 868 corporeos

1922 907 2113 946 sensus
2167 888 2441 945 sensibilia
2494 888 2680 953 sentit,
2736 902 3033 955 eorumque
3087 887 3402 956 phantasias
3458 890 3510 943 in

1922 986 2184 1043 memoria
2225 1001 2321 1040 sua
2353 985 2622 1051 recondit,
2669 993 2724 1038 et
2749 992 2957 1046 cetera,
2988 999 3129 1052 quae
3155 985 3364 1041 animas
3396 987 3511 1040 ani-

1922 1076 2142 1133 molium
2173 1083 2479 1130 ceterorum
2512 1074 2565 1128 in
2616 1072 2937 1142 corporibus
2982 1073 3093 1126 suis
3134 1087 3513 1142 peragereno-

1926 1168 2192 1223 tissimum
2233 1174 2339 1232 est,
2384 1165 2613 1222 alteram
2662 1177 2791 1219 vero
2825 1164 2878 1218 in
2924 1164 3135 1220 ratione
3159 1175 3213 1220 et
3240 1165 3512 1221 intellectu

1922 1258 2305 1314 subsistentem
2356 1256 2421 1321 ¹⁹,
2466 1256 2536 1309 ad
2584 1256 2864 1326 imaginem
2895 1256 2992 1311 Dei
3026 1267 3072 1314 et
3117 1256 3513 1313 similitudinem

1924 1348 2140 1417 factum.
2178 1347 2340 1414 Quod
2364 1346 2519 1402 valde
2561 1348 2856 1402 absurdum
2903 1348 3132 1404 videtur.
3178 1347 3321 1404 MAG.
3370 1348 3514 1404 Duas

1922 1438 2129 1492 animas
2154 1437 2209 1491 in
2241 1451 2352 1492 uno
2384 1436 2603 1506 homine
2638 1452 2739 1492 nec
2766 1437 2932 1500 ratio,
2968 1453 3068 1492 nec
3108 1438 3291 1493 divina
3322 1447 3512 1494 aucto-

1922 1529 2058 1584 ritas
2076 1528 2205 1583 sinit
2230 1542 2318 1583 me
2347 1527 2624 1593 arbitrari;
2660 1528 2773 1583 imo
2797 1528 2963 1583 etiam
2989 1528 3276 1598 prohibet,
3295 1545 3397 1586 nec
3420 1530 3513 1585 ulli

1923 1628 2070 1675 recte
2096 1617 2593 1689 philosophantium
2627 1616 2706 1672 fas
2732 1626 2817 1673 est
2841 1618 3150 1674 aestimare.
3182 1618 3356 1675 Unam
3384 1635 3516 1675 vero

1921 1714 2257 1782 eandemque
2286 1710 2664 1767 rationabilem
2697 1710 2932 1766 animam
2959 1710 3197 1766 humano
3231 1712 3445 1783 corpori
3470 1711 3515 1743 “

226 1806 335 1863 εει.
365 1797 653 1861 exterioris
699 1797 958 1864 hominis.
999 1812 1061 1854 ea
1096 1812 1245 1862 νεῖον
1277 1811 1383 1869 (illa
1412 1803 1633 1866 super“
1683 1802 1825 1850 εθῑθ·
1852 1803 1899 1864 Β
1928 1803 2186 1861 inell‘abili
2236 1804 2397 1860 modo
2441 1800 2751 1872 adiunctam
2803 1801 3080 1858 hominem
3131 1817 3253 1859 esse
3302 1798 3512 1871 assero,

226 1902 293 1943 ra
355 1890 609 1955 animalia
645 1899 702 1945 et
749 1890 1010 1960 seipsum,
1056 1890 1110 1945 in
1154 1898 1412 1960 quantum
1472 1885 1673 1943 animal
1713 1895 1819 1952 est,

229 1977 511 2036 interioris
571 1994 812 2050 congrue
863 1979 1280 2051 appellationem
1344 1978 1556 2050 recipit.
1616 1977 1674 2033 In
1736 1977 1823 2033 his

226 2070 399 2135 enim,
425 2071 515 2141 qui
544 2069 902 2142 spiritualiter
924 2070 1134 2136 vivunt,
1162 2079 1217 2123 ut
1236 2069 1378 2124 idem
1415 2069 1490 2122 ait
1509 2065 1819 2139 Apostolus,

223 2164 458 2235 exterior
497 2164 654 2216 homo
689 2163 1067 2234 corrumpitur,
1109 2162 1329 2216 interior
1371 2177 1489 2216 vero
1536 2160 1601 2214 de
1642 2159 1728 2213 die
1766 2159 1822 2213 in

222 2255 365 2312 diem
413 2250 710 2318 renovatur.
763 2253 898 2309 Nam
925 2254 1018 2329 qui
1053 2254 1074 2287 ³
1110 2253 1352 2326 perfecte
1381 2253 1552 2319 vivit,
1601 2251 1823 2308 omnino

221 2360 427 2416 corpus
454 2362 632 2413 suum,
657 2356 714 2403 et
736 2347 925 2415 vitam,
950 2344 1066 2420 qua
1084 2347 1213 2402 illud
1241 2346 1676 2410 administratur,
1704 2359 1823 2400 om-

223 2451 433 2506 nasque
448 2452 739 2510 corporeus
753 2454 942 2496 sensus
952 2454 1072 2495 cum
1086 2439 1193 2503 his,
1206 2454 1345 2510 quae
1361 2454 1456 2510 per
1468 2437 1820 2509 eospercipil.

222 2541 523 2598 omnesque
544 2529 940 2588 irrationabiles
959 2541 1159 2598 motus,
1180 2548 1317 2603 quos
1339 2533 1391 2587 in
1414 2547 1474 2589 se
1488 2533 1673 2597 sentit,
1698 2546 1820 2587 cum

223 2617 472 2683 omnium
519 2635 700 2675 rerum
747 2621 1087 2678 mutabilium
1134 2622 1430 2687 memoria,
1483 2637 1589 2679 non
1645 2620 1818 2677 solum

222 2710 455 2780 spernit,
484 2727 669 2766 verum
693 2712 881 2780 etiam,
921 2724 1183 2785 quantum
1215 2721 1418 2785 potest,
1441 2723 1496 2769 et
1522 2712 1819 2782 corrumpit

224 2811 283 2861 et
314 2801 564 2867 destruit,
600 2817 668 2859 ne
693 2802 803 2861 ullo
832 2805 992 2861 modo
1032 2806 1086 2861 in
1124 2821 1190 2863 eo
1214 2805 1583 2877 praevaleant,
1609 2814 1666 2860 et
1697 2819 1818 2859 om-

224 2892 357 2947 nino
374 2892 551 2963 perire
561 2894 641 2950 eis
652 2902 783 2951 etea
799 2895 899 2951 sibi
916 2896 1143 2967 appetit,
1157 2897 1392 2969 seipsum
1410 2911 1560 2961 vero,
1579 2895 1632 2950 in
1648 2910 1821 2966 quan-

228 2994 344 3044 tum
374 2983 628 3046 caelestis
649 2987 919 3044 essentiae
942 2988 1218 3060 particeps
1243 2996 1349 3056 cst,
1375 2989 1440 3044 de
1470 2987 1556 3042 die
1578 2988 1632 3041 in
1656 2987 1815 3054 diem,

227 3073 334 3145 hoc
378 3084 484 3141 cst,
516 3075 580 3130 de
622 3076 822 3132 virtute
868 3078 923 3132 iu
967 3079 1225 3136 virtutem
1262 3080 1583 3143 ascendens,
1636 3079 1815 3135 divina

1923 1896 2207 1968 ipsumque
2241 1896 2518 1952 hominem
2551 1894 2787 1951 mirabili
2828 1894 3063 1964 quadam
3106 1901 3163 1949 et
3191 1893 3514 1964 intelligibili

1923 1989 2188 2046 divisione
2206 2004 2268 2045 ea
2294 1997 2471 2059 parte,
2495 2004 2600 2059 qua
2623 1988 2691 2042 ad
2718 1988 3004 2059 imaginem
3028 1996 3083 2043 et
3106 1986 3513 2043 similitudinem

1922 2080 2197 2137 Creatoris
2226 2079 2400 2135 factus
2424 2089 2531 2145 est,
2581 2079 2780 2134 nullius
2811 2078 3164 2135 auimalitatis
3193 2079 3513 2149 participem

1922 2186 2067 2238 esse,
2101 2181 2157 2227 et
2182 2173 2251 2227 ab
2280 2186 2345 2227 ea
2365 2171 2590 2228 omnino
2614 2170 2946 2238 absolutum,
2975 2185 3039 2226 ea
3069 2185 3222 2236 vero,
3254 2186 3361 2241 qua
3393 2170 3512 2226 ani-

1921 2265 2148 2322 malitati
2175 2265 2561 2331 communicat,
2583 2266 2638 2320 in
2665 2264 2958 2321 universali
2984 2263 3295 2320 animalium
3318 2276 3516 2335 genere

1923 2356 1992 2413 de
2021 2364 2192 2423 terra,
2219 2357 2324 2412 hoc
2359 2365 2442 2414 est
2474 2357 2540 2412 de
2566 2356 2840 2412 communi
2878 2356 3117 2412 onmium
3163 2364 3354 2411 natura
3388 2368 3521 2425 pro-

1923 2448 2166 2505 ductum.
2218 2448 2367 2504 DISC.
2411 2449 2551 2516 Quid
2600 2465 2731 2521 ergo
2776 2449 3059 2507 dicemus?
3095 2446 3235 2503 Num
3281 2448 3515 2504 humana

1922 2538 2100 2594 anima
2134 2539 2360 2609 simplex
2411 2539 2677 2610 quaedam
2708 2549 2913 2607 natura
2946 2540 3206 2610 omnique
3233 2538 3517 2610 composi-

1925 2628 2069 2685 tione
2091 2630 2354 2695 absoluta,
2383 2645 2451 2684 an
2482 2629 2526 2661 ιδ
2548 2631 2870 2699 quibusdam
2902 2620 3149 2701 partibus
3172 2632 3226 2685 in
3253 2631 3517 2686 unitatem

1921 2722 2192 2793 quandam
2244 2722 2489 2792 copulata
2535 2724 2799 2778 credenda
2850 2724 2975 2778 est?
3013 2722 3153 2779 Man.
3198 2723 3377 2780 Unum
3426 2722 3517 2778 lir-

1922 2812 2164 2873 missime
2208 2821 2386 2876 teneo,
2416 2813 2715 2885 simplicem
2745 2814 2989 2869 videlicet
3021 2814 3276 2884 omnique
3325 2812 3513 2883 eopuLa

1921 2905 2154 2975 partium
2184 2914 2459 2961 carentem
2490 2921 2630 2967 esse,
2660 2906 2886 2960 alterum
2918 2921 3044 2961 vero
3068 2906 3290 2961 omnino
3313 2906 3514 2971 abnuo,

1923 2997 2025 3052 hoc
2055 3004 2160 3061 est,
2188 2997 2352 3052 ullam
2378 2996 2829 3066 compositionem
2851 2994 3214 3051 differentium
3236 3012 3267 3050 a
3299 3010 3358 3051 se
3382 2995 3517 3051 invi-

1921 3103 2041 3144 cem
2081 3082 2315 3159 partium
2360 3082 2622 3158 recipere.
2666 3086 2800 3144 Tota
2837 3089 2983 3143 enim
3018 3087 3074 3144 in
3109 3087 3286 3157 seipsa
3314 3086 3516 3157 ubique

225 3168 403 3239 gratia
451 3179 733 3236 movente,
781 3181 1125 3243 cooperante,
1181 3173 1413 3229 ducente
1440 3214 1456 3238 ,
1502 3171 1817 3243 perﬁciente
1845 3168 1888 3230 C
1919 3190 2005 3240 est
2029 3198 2130 3253 per
2158 3191 2349 3239 totum.
2405 3184 2541 3239 Tota
2571 3184 2835 3254 siquidem
2882 3184 2992 3239 vita
3040 3192 3157 3249 cst,
3212 3191 3323 3239 tota
3353 3181 3513 3240 intel-

226 3269 475 3330 rcnovat.
508 3262 657 3322 Etea
680 3262 897 3333 quidem
929 3271 1144 3327 natura,
1171 3279 1275 3334 qua
1302 3262 1629 3318 animalibus
1655 3263 1818 3319 homo

224 3353 592 3413 communicat
611 3353 655 3420 ⁸.
678 3369 805 3410 caro
840 3354 1068 3422 dicitur;
1103 3369 1166 3409 ea
1189 3369 1339 3420 vero,
1365 3370 1505 3425 quae
1526 3354 1548 3388 '
1568 3355 1819 3410 caelestis

226 3443 501 3512 essentiae
528 3445 803 3515 particeps
824 3452 926 3510 est,
959 3459 1137 3509 mens,
1166 3445 1251 3501 vel
1278 3444 1514 3509 animus,
1548 3444 1633 3499 vel
1662 3442 1819 3498 intel-

224 3532 421 3594 lectus.
468 3533 606 3588 Audi
652 3534 970 3605 Apostolum
998 3553 1010 3589 :
1040 3533 1234 3600 Mente,
1267 3535 1477 3605 inquit,
1520 3530 1688 3590 ser'vio
1718 3533 1820 3605 legi

225 3626 348 3692 Dei,
382 3642 540 3681 carne
571 3636 745 3681 autem
788 3628 889 3697 legi
918 3618 1137 3698 peccati.
1179 3626 1248 3684 Et
1291 3627 1715 3684 innumerabiles
1738 3627 1819 3682 di-

226 3720 389 3775 vinae
444 3718 761 3791 Scripturae
790 3719 1091 3775 sententiae
1120 3721 1223 3775 hoc
1272 3719 1447 3791 ipsum
1494 3719 1813 3790 approbant.

223 3811 365 3879 Quid
394 3810 557 3881 igitur
585 3810 803 3876 mirum,
833 3810 879 3866 si
908 3809 1103 3881 duplex
1130 3810 1367 3866 hominis
1392 3809 1632 3866 conditio
1661 3808 1817 3864 intel—

223 3901 448 3972 ligatur,
479 3915 600 3955 cum
633 3900 748 3970 ipse
781 3899 1179 3969 quodammodo
1207 3899 1404 3969 duplex
1434 3898 1544 3954 sit?
1579 3898 1648 3953 Et
1674 3888 1817 3968 quod

226 3991 552 4059 animalibus
581 3990 757 4045 simile
777 4000 883 4058 est,
913 4006 1034 4046 cum
1076 3990 1421 4055 animalibus,
1450 3990 1591 4060 quod
1636 3999 1814 4045 autem

226 4081 600 4153 spiritualibus
644 4098 742 4154 per
782 4098 841 4139 se
879 4092 936 4139 et
976 4081 1245 4148 absolute,
1286 4097 1409 4137 cum
1448 4082 1819 4153 spiritualibus

225 4175 426 4229 creari.
456 4177 535 4231 Ac
572 4190 670 4246 per
699 4176 802 4231 hoc
841 4191 948 4231 non
982 4184 1032 4231 te
1064 4176 1260 4239 turbet,
1298 4176 1440 4244 quod
1471 4174 1599 4236 dixi,
1641 4174 1816 4229 homi-

225 4280 351 4323 nem
374 4280 497 4321 cum
520 4267 715 4323 ceteris
736 4266 1060 4322 animalibus
1086 4267 1140 4321 in
1171 4280 1278 4332 uno
1306 4266 1604 4335 eodemque
1626 4280 1822 4334 genere

224 4358 293 4410 de
349 4365 491 4411 terra
548 4358 891 4425 productum,
929 4365 987 4411 et
1039 4357 1177 4412 ultra
1225 4357 1465 4411 omnium
1505 4355 1816 4410 animalium

226 4454 483 4499 naturam
520 4446 588 4503 ad
618 4447 895 4516 imaginem
937 4455 985 4500 et
1024 4445 1423 4503 similitudinem
1468 4444 1566 4499 Dei
1593 4443 1816 4498 factum.

224 4538 379 4593 Disc.
417 4536 531 4593 Non
580 4552 665 4593 me
709 4538 731 4570 ⁸
775 4536 1025 4594 fortassis
1076 4544 1341 4603 moveret,
1404 4537 1450 4592 si
1496 4550 1710 4606 possem
1752 4536 1818 4591 ad
1850 4519 1896 4578 D

226 4644 429 4700 purum
472 4628 808 4700 dignoscere,
840 4626 1124 4699 quomodo'
1138 4628 1240 4683 sub
1273 4642 1382 4682 uno
1407 4626 1702 4696 eodemque
1730 4639 1820 4695 ge—

223 4738 362 4781 nere
390 4714 719 4778 cunctorum
757 4722 1070 4778 animalium
1119 4724 1190 4778 ita
1224 4724 1388 4778 homo
1436 4722 1687 4778 conditus
1726 4720 1820 4786 sit,

222 4825 288 4870 nt
318 4814 524 4869 meliori
548 4814 628 4869 sui
651 4815 674 4846 ⁷
720 4823 875 4885 parte
914 4816 1119 4886 super"
1164 4829 1380 4869 omnem
1419 4820 1668 4867 naturam
1707 4811 1823 4866 ani-

223 4908 451 4963 malium
485 4908 761 4977 subsistat.
810 4907 953 4964 MAG.
1002 4907 1193 4970 Miror,
1238 4922 1336 4961 cur
1364 4907 1553 4962 eadem
1603 4904 1821 4975 repetis.

224 5002 478 5063 Diximus
506 5003 675 5068 enim,
728 5003 1026 5070 hominem,
1063 5003 1116 5057 in
1166 5012 1426 5073 quantum
1467 5001 1666 5056 animal
1712 5008 1818 5067 est,

225 5095 377 5149 inter
407 5093 657 5148 animalia
689 5094 789 5149 sub
832 5109 939 5150 uno
959 5108 1157 5165 genere
1187 5110 1201 5161 ;
1235 5094 1287 5149 in
1317 5102 1574 5166 quantum
1619 5092 1818 5149 animal

224 5199 339 5251 non
386 5193 491 5247 est,
536 5192 690 5238 extra
733 5199 892 5239 omne
934 5199 1105 5254 genus
1148 5184 1387 5240 omnium
1457 5184 1769 5239 animalium
1795 5183 1817 5216 ⁹

224 5276 435 5333 factum
490 5275 675 5332 fuisse.
716 5276 863 5333 Dtsc.
920 5276 1105 5332 Eheu!
1155 5274 1276 5331 Jam
1329 5275 1502 5346 major
1556 5277 1819 5348 longeque

1923 3272 2094 3329 lectus
2113 3313 2128 3340 ,
2158 3281 2268 3329 tota
2304 3273 2483 3339 ratio,
2515 3279 2626 3328 tota
2658 3282 2881 3340 sensus,
2915 3280 3026 3329 tota
3051 3272 3313 3328 memoria
3334 3315 3350 3341 ,
3403 3278 3513 3326 tota

1922 3378 2120 3434 corpus
2142 3363 2404 3430 viviﬁcat,
2427 3363 2621 3430 nutrit,
2649 3364 2914 3429 continet,
2937 3372 3128 3436 auget;
3164 3372 3273 3419 tota
3301 3363 3355 3417 in
3380 3362 3513 3418 totis

1922 3453 2174 3509 sensibus
2195 3454 2404 3524 species
2431 3469 2613 3510 rerum
2643 3453 2981 3509 sensibilium
3008 3453 3205 3520 sentit;
3236 3460 3347 3508 tota
3374 3452 3519 3523 ipsa-

1920 3561 2039 3602 rum
2071 3560 2276 3612 rerum,
2302 3546 2442 3603 ultra
2473 3562 2689 3603 omnem
2717 3560 3037 3619 corporeum
3062 3545 3110 3581 "
3135 3559 3374 3611 sensum,
3422 3558 3518 3599 na-

1924 3645 2103 3693 turam
2154 3646 2211 3694 et
2257 3639 2524 3696 rationem
2577 3647 2802 3705 tractat,
2857 3638 3146 3703 discernit,
3202 3635 3513 3706 coniungit,

1922 3723 2216 3796 diiudicat;
2258 3736 2369 3783 tota
2395 3735 2549 3784 extra
2573 3736 2630 3783 et
2654 3742 2819 3798 supra
2850 3740 3065 3783 omnem
3101 3732 3433 3789 creaturam,
3462 3730 3520 3778 et

1922 3816 2182 3887 seipsam,
2207 3817 2331 3887 quia
2360 3818 2412 3872 in
2444 3833 2671 3875 numero
2693 3825 3065 3874 creaturarum
3103 3814 3517 3887 comprehendi-

1924 3913 2029 3970 tur,
2056 3906 2200 3961 circa
2232 3921 2389 3961 suum
2436 3907 2750 3964 Creatorem
2801 3907 3121 3977 intelligibili
3157 3914 3305 3961 motu
3352 3914 3516 3974 atque

1922 4004 2164 4060 aeterno,
2194 3995 2319 4050 dum
2357 3996 2613 4051 omnibus
2640 3997 2785 4050 vitiis
2810 3995 3218 4067 phantasiisque
3246 3994 3288 4026 “
3318 4008 3516 4064 purga-

1923 4096 2028 4151 tur,
2056 4086 2516 4164 circumvolvitur.
2548 4088 2616 4144 Et
2649 4102 2771 4143 cum
2805 4088 2878 4142 ita
2926 4085 3153 4156 simplex
3193 4083 3517 4140 naturaliter

1905 4178 2203 4244 'subsistat,
2253 4193 2470 4234 suarum
2505 4178 2923 4251 intelligibilium
2969 4185 3023 4231 ct
3079 4174 3512 4232 substantialium

1924 4266 2374 4335 diﬂ‘erenliarum,
2405 4268 2568 4324 veluti
2610 4269 2773 4325 totius
2796 4268 2850 4324 in
2879 4274 3064 4337 partes
3105 4265 3397 4321 divisiones
3427 4280 3516 4320 re-

1922 4362 2055 4432 cipit
2079 4361 2375 4417 secundum
2413 4372 2654 4418 motuum
2688 4379 2912 4420 suorum
2939 4361 3403 4418 numerositatem.
3436 4360 3517 4416 Ac

1923 4466 2021 4521 per
2047 4451 2152 4507 hoc
2180 4451 2363 4508 multis
2391 4453 2701 4508 nominibus
2723 4454 3104 4509 denominatur
3135 4452 3201 4505 ".
3234 4451 3513 4521 Siquidem

1924 4542 2050 4599 dum
2101 4542 2245 4598 circa
2276 4542 2515 4598 divinam
2547 4543 2838 4600 essentiam
2871 4543 3108 4609 vehitur,
3154 4550 3209 4598 et
3241 4556 3415 4607 mens,
3459 4550 3516 4596 et

1923 4636 2161 4701 animus,
2176 4644 2231 4690 et
2254 4635 2589 4698 intellectus;
2617 4636 2741 4690 dum
2767 4652 2948 4691 rerum
2963 4644 3270 4691 creatarum
3295 4641 3518 4689 naturas

1924 4738 2224 4794 causasque
2249 4725 2579 4790 considerat,
2618 4725 2789 4791 ratio;
2822 4726 2946 4779 dum
2975 4738 3074 4796 per
3105 4738 3298 4780 sensus
3327 4737 3517 4792 corpo-

1926 4830 2052 4872 reos
2074 4816 2286 4885 species
2306 4816 2639 4871 sensibilium
2660 4816 2877 4886 recipit,
2909 4830 3138 4882 sensus;
3167 4816 3293 4871 dum
3319 4815 3371 4869 in
3396 4829 3517 4869 cor-

1927 4920 2060 4978 pore
2086 4905 2328 4961 occultos
2355 4920 2484 4961 suos
2512 4915 2690 4961 motus
2732 4906 2884 4976 juxta
2928 4906 3336 4962 similitudinem
3380 4904 3517 4958 irra-

1931 4995 2270 5052 tionabilium
2321 4995 2626 5051 animarum
2677 4997 2923 5068 peragit,
2978 4991 3432 5051 nutriendo-illud
3461 5000 3517 5045 et

1925 5087 2169 5160 augendo
2196 5086 2377 5143 vitalis
2423 5086 2643 5158 proprie
2689 5095 2867 5142 motus
2898 5086 2941 5119 ¹⁸
2971 5085 3112 5141 solet
3144 5081 3424 5155 appellari.
3457 5080 3514 5135 lu

1924 5181 2011 5238 his
2038 5188 2217 5238 autem
2245 5180 2499 5237 omnibus
2521 5189 2632 5238 tota
2654 5181 2857 5251 ubique
2877 5190 2981 5236 est.
3019 5179 3163 5235 DISC.
3193 5176 3329 5231 Tota
3352 5173 3518 5245 igitur

1924 5288 1979 5334 et
2006 5279 2059 5334 in
2089 5294 2287 5350 genere
2315 5277 2628 5333 animalium
2660 5278 2727 5333 de
2744 5286 2886 5333 terra
2916 5275 3174 5348 producta
3190 5280 3289 5338 est,
3321 5278 3377 5328 et
3400 5278 3513 5327 tota

1520 5384 1778 5451 VARIAE
1814 5387 2217 5446 LECTIONES.

302 5454 349 5534 fu
369 5453 612 5534 Sic__CF;
640 5457 685 5513 Α
714 5456 1034 5534 excellentia
1060 5475 1194 5534 suae
1220 5466 1454 5534 naturae
1475 5458 1974 5534 incgmpqrabiliter.
2010 5530 2025 5534 Α
2049 5461 2071 5494 ’
2102 5459 2312 5534 ,εἰεί-οε
2330 5477 2345 5527 ;
2374 5461 2416 5515 A
2446 5460 2707 5534 βρένὶέξιε.⁸
2759 5459 2781 5491 ³
2817 5456 2908 5534 Sic
2957 5457 3042 5512 CF
3068 5473 3082 5523 ;
3120 5456 3162 5511 A
3192 5455 3304 5534 Δ(1ιῄ
3350 5454 3506 5507 enim.

228 5525 254 5557 δ
291 5522 386 5581 Sic
419 5526 536 5591 CF;
586 5522 627 5582 Α
676 5529 1021 5583 communicat
1050 5530 1224 5584 homo.

226 5595 251 5627 '
294 5593 385 5651 Sic
416 5596 531 5659 CF;
562 5599 601 5651 Α
648 5600 958 5654 animalium
1006 5600 1260 5654 omnium.

1338 5527 1373 5600 Ἀ
1390 5527 1491 5600 Sic
1519 5526 1659 5600 CF;
1689 5528 1731 5583 A
1768 5545 1893 5600 qua.

1362 5597 1406 5630 ¹⁰
1447 5598 1538 5653 Sic
1578 5598 1694 5663 CF;
1745 5597 1872 5653 mihi
1909 5613 2020 5654 om.
2072 5601 2136 5655 A.

226 5667 442 5740 ﬁgens.
522 5667 564 5698 “
588 5667 679 5723 Sic
699 5668 815 5734 CF;
840 5671 1070 5740 Immone
1100 5670 1303 5740 corpori
1327 5683 1437 5723 om.
1465 5669 1527 5724 Α.
1606 5670 1649 5700 ⁸⁷⁵
1677 5670 1716 5723 Α
1748 5687 1820 5723 m.
1902 5670 1947 5702 "
1969 5668 2061 5726 Sic
2088 5671 2163 5731 A;
2194 5670 2278 5725 CF
2308 5671 2448 5726 ultra
2476 5667 2627 5725 omne
2642 5667 3006 5740 incorporeum
3029 5682 3272 5724 sensum.

2087 5530 2130 5584 A
2180 5530 2392 5587 Nonne.
2472 5530 2525 5564 ’⁷
2566 5531 2656 5594 Sic
2683 5530 2720 5584 A
2760 5547 2774 5596 ;

2087 5601 2136 5655 λ.
2204 5602 2282 5672 ξξῗ
2322 5602 2367 5656 Α
2418 5618 2605 5672 corpus
2650 5617 2803 5670 quae.

2505 5532 2525 5564 ⁷
2566 5531 2656 5594 Sic
2683 5529 2720 5584 A
2760 5547 2774 5596 ;
2823 5526 2907 5582 CF
2962 5544 3078 5581 sua.
3191 5524 3499 5596 ‘Aguprq.

2906 5599 2950 5631 “
2990 5597 3083 5653 Sic
3127 5597 3205 5663 A;
3253 5592 3336 5651 CF
3386 5590 3506 5645 sub—

2906 5685 3006 5718 mm
3029 5682 3272 5718 sensum.
3350 5662 3394 5695 "
3412 5660 3506 5718 Sic

226 5733 771 5809 CF;.plaantnsiisqne
798 5753 909 5796 om.
937 5739 1003 5794 A.
1081 5741 1123 5775 ⁸⁷
1163 5733 1251 5795 Sic
1290 5740 1405 5806 CF;
1439 5741 1478 5795 A
1528 5740 1824 5796 denotatur.
1905 5741 1947 5773 ¹⁸
1979 5739 2069 5798 Sic
2098 5740 2214 5808 CF;
2266 5742 2308 5797 Α
2350 5743 2456 5798 rita
2494 5741 2703 5813 proprie
2733 5733 2922 5812 (motus
2951 5740 3108 5798 om.l.
