4028 6282
538 314 659 397 τε
1077 318 1098 325 ”
1262 290 1276 300 ’
1907 337 2143 393 JOANNI

2241 290 2422 394 SCOTI
3717 337 3827 391 7.36

550 452 617 507 ad
646 450 934 522 imaginem
969 452 1059 507 Dei
1093 452 1252 508 facta.
1305 424 1601 509 Praedictis
1643 447 1784 506 enim
1834 451 2132 505 rationibus
2158 442 2206 514 Α
2228 440 2401 505 ritum
2429 449 2575 507 nullo
2622 452 2783 508 modo
2829 453 3041 509 sutlicit.
3082 451 3347 507 Auimalis
3375 450 3537 522 igitur
3561 451 3736 508 homo
3771 461 3826 508 et

549 539 908 605 concluditur,
949 542 1019 595 ita
1051 552 1107 597 et
1142 558 1247 596 non
1294 540 1451 595 aliter
1479 556 1619 596 esse.
1666 541 1805 596 MAG.
1838 541 2042 607 Etiam;
2080 549 2135 598 et
2176 540 2297 602 LJlt
2321 541 3831 613 etdicitur,quando,relictismotibus,qui'secundum

548 645 649 686 nec
672 630 762 685 ulli
787 639 934 686 recte
959 647 1023 686 ac
1048 632 1133 701 pie
1159 630 1645 701 philosophantium
1669 630 1735 686 de
1758 631 1859 685 hoc
1885 613 2147 685 dubitare

546 719 781 786 licetrne
797 721 1251 790 simplicissimum
1269 729 1329 807 et
1359 721 1687 777 individuam
1711 729 1960 776 naturam
1992 722 2135 777 sein-

549 815 677 869 dere
697 812 964 879 videatur,
988 815 1131 885 quod
1151 813 1302 869 valde
1324 814 1545 884 impium
1566 823 1669 869 est.
1694 814 1836 869 Disc.
1855 813 2135 881 Quomodo

547 912 678 975 ergo
721 917 862 960 unus
891 912 1053 973 atque
1095 903 1234 958 idem
1271 903 1455 969 homo,
1478 904 1776 959 secundum
1802 904 2133 974 praedictam

548 992 998 1058 controversiam,
1027 1001 1080 1046 et
1104 991 1303 1047 animal
1333 1001 1416 1047 est
1442 1002 1498 1047 et
1533 1008 1639 1047 non
1677 1000 1761 1048 est
1775 988 2010 1058 'animal,
2049 990 2135 1048 vel

550 1082 818 1152 quomodo
845 1091 899 1138 et
926 1081 1175 1137 animalis
1199 1090 1282 1138 est
1306 1090 1362 1137 et
1384 1082 1634 1138 animalis
1656 1096 1762 1137 non
1783 1089 1900 1147 est,
1931 1091 1985 1137 et
2009 1095 2136 1136 caro

551 1182 634 1229 est
663 1181 715 1228 et
741 1187 875 1230 caro
913 1188 1018 1244 non
1051 1180 1165 1237 est,
1197 1182 1253 1228 ct
1295 1172 1594 1243 spiritualis
1635 1182 1721 1228 est
1759 1180 1814 1228 et
1844 1171 2137 1243 spiritualis

550 1255 676 1320 non‘
692 1254 802 1329 est,
836 1273 889 1319 et
929 1265 1198 1334 quomodo
1245 1264 1381 1319 haec
1419 1265 1522 1319 sibi
1553 1264 1784 1319 invicem
1810 1264 2054 1334 opposita
2082 1271 2139 1320 et
2174 1312 2177 1317 η

551 1353 975 1409 contradicentia
1007 1353 1059 1407 in
1102 1367 1208 1408 una
1240 1352 1641 1423 simplicissima
1685 1362 1876 1409 natura
1912 1363 2138 1425 possunt

551 1444 802 1515 intelligi,
837 1460 944 1499 non
985 1444 1119 1499 satis
1146 1444 1322 1499 video.
1364 1443 1504 1499 Msa.
1534 1444 1615 1500 Ex
1640 1444 1749 1510 bis,
1794 1459 1935 1514 quae
1979 1460 2137 1514 prae-

552 1534 695 1590 dicta
739 1543 883 1600 sunt,
916 1550 1094 1601 omne,
1131 1536 1275 1607 quod
1318 1535 1412 1591 tibi
1462 1536 1675 1592 videtur
1704 1536 1758 1591 in
1793 1537 2157 1606 simplicitate

552 1622 821 1680 humanae
878 1633 1105 1680 naturae
1153 1627 1508 1688 contrarium,
1559 1624 1605 1678 si
1657 1625 1778 1694 quis
1814 1624 2070 1680 intentius
2116 1625 2133 1657 '

551 1715 909 1785 perspexerit,
960 1714 1106 1771 luce.
1125 1715 1328 1772 clarius
1378 1717 1639 1782 inveniet,
1669 1732 1775 1773 non
1812 1715 1985 1773 solum
2024 1733 2135 1779 non

2235 630 2500 685 rationem
2559 639 2616 687 et
2685 632 3017 688 intellectum
3080 641 3205 689 sunt
3253 633 3397 687 circa
3448 632 3826 704 cognitionem

2234 718 2508 777 Creatoris
2536 729 2593 777 et
2618 733 2921 785 creaturae,
2951 722 3003 778 iu
3032 732 3213 778 motus
3245 721 3673 788 irrationabiles,
3697 722 3824 792 qui-

2234 811 2335 866 bus
2363 812 2613 867 animalia
2659 814 2813 868 bruta
2847 816 2988 869 circa
3021 815 3264 884 corporis
3287 813 3549 869 desideria
3589 828 3821 868 moven-

2235 913 2342 969 tur,
2381 914 2677 974 spontaneo
2706 907 2946 977 appetitu
2997 906 3214 972 decidit,
3261 906 3333 960 ita
3364 913 3424 959 ut
3464 914 3635 960 totam
3664 920 3826 959 suam

2235 997 2584 1053 intentionem
2608 998 2631 1030 ⁸
2664 1000 3033 1069 temporalium
3056 998 3436 1071 fragiliumque
3456 1015 3639 1056 rerum
3668 1008 3733 1054 et
3759 1000 3826 1053 ad

2235 1101 2343 1142 non
2389 1101 2511 1141 esse
2539 1087 2874 1142 tendentium
2907 1087 3136 1145 letiferis
3163 1088 3612 1145 delectationibus
3636 1089 3817 1158 ingur-

2234 1177 2368 1248 gitet
2398 1195 2411 1231 :
2445 1176 2740 1248 spiritualis
2768 1193 2918 1240 vero,
2950 1180 3076 1234 dum
3108 1189 3317 1235 nmtata
3347 1178 3495 1253 omni
3528 1194 3828 1235 conversa-

2236 1269 2382 1325 tione
2409 1269 2463 1324 in
2496 1268 2713 1335 melius,
2746 1270 2916 1325 divini
2968 1271 3170 1327 amoris
3215 1270 3465 1327 incendio
3507 1269 3825 1326 inﬂamma-

2238 1370 2346 1426 tus,
2376 1361 2579 1415 mundo
2606 1369 2661 1416 et
2700 1376 2864 1417 carne
2901 1362 3045 1419 omni
3090 1365 3250 1418 modo
3284 1363 3499 1432 spretis,
3541 1360 3827 1417 omnibus-

2235 1469 2341 1523 que
2371 1451 2688 1507 animalium
2739 1453 2975 1507 motibus
3018 1452 3248 1517 relictis,
3296 1452 3360 1507 ad
3389 1451 3718 1507 caelestium
3743 1465 3829 1505 es-

2234 1542 2532 1597 sentiarum
2583 1540 2994 1598 similitudinem
3040 1551 3185 1598 totus
3238 1541 3686 1605 transformatur,
3738 1550 3825 1605 ut,

2234 1634 2377 1704 quod
2401 1634 2449 1688 ei
2474 1632 2714 1687 futurum
2738 1641 2824 1688 est
2853 1633 3147 1688 secundum
3185 1631 3663 1688 inconversibilem
3697 1632 3825 1685 sub-

2233 1724 2507 1787 stantiam,
2541 1724 2645 1779 hoc
2671 1723 2725 1779 in
2754 1739 2821 1779 eo
2842 1721 3169 1795 praecedat’
3199 1722 3492 1778 secundum
3534 1722 3689 1779 vitae
3730 1723 3829 1776 vir-

547 1816 674 1858 esse
701 1805 1062 1872 contrarium,
1092 1818 1283 1860 verum
1315 1805 1480 1861 etiam
1520 1805 1743 1862 omnino
1789 1806 2136 1863 conveniens.
2164 1804 2212 1865 B
2241 1812 2443 1869 tutibus
2472 1821 2698 1869 ornatae
2727 1812 3064 1882 qualitatem.
3100 1811 3176 1867 Ac
3199 1827 3298 1883 per
3322 1812 3427 1866 hoc
3467 1810 3689 1867 duobus
3717 1826 3825 1865 mo-

550 1894 779 1953 Constat
809 1898 955 1953 enim
988 1898 1137 1953 inter
1164 1899 1466 1971 sapientes,
1492 1894 1794 1954 inbomine
1821 1890 2132 1954 universam

550 1996 857 2043 creaturam
907 1989 1171 2045 contineri
1202 1992 1245 2043 ².
1306 1988 1561 2060 lntelligit
1581 1989 1727 2043 enim
1758 1996 1812 2043 et
1842 1986 2138 2043 ratiocina-

526 2086 661 2145 Jur,
705 2089 766 2135 ut
811 2080 1062 2152 angelus;
1113 2082 1279 2137 sentit
1328 2092 1383 2137 et
1433 2096 1629 2152 corpus
1672 2080 2034 2148 administrat,
2076 2087 2137 2134 ut

552 2173 784 2240 animal;
832 2189 899 2230 ac
925 2190 1023 2244 per
1065 2175 1173 2230 boe
1212 2175 1389 2229 omnis
1431 2182 1679 2228 creatura
1726 2174 1778 2227 in
1824 2187 1890 2227 eo
1940 2171 2138 2227 intelli-

552 2264 718 2332 gitur.
787 2264 975 2319 Totius
1036 2265 1301 2335 siquidem
1368 2275 1653 2320 creaturae
1703 2262 2138 2334 quinquepertita

552 2352 749 2408 divisio
802 2359 906 2408 est.
963 2353 1071 2408 Aut
1118 2354 1263 2409 enim
1308 2367 1568 2423 corporea
1621 2361 1729 2420 est,
1785 2360 1881 2407 aut
1933 2352 2136 2419 vitalis,

554 2436 651 2495 a'ut
708 2431 1001 2508 sensitiva,
1066 2451 1161 2498 aut
1214 2443 1531 2508 rationalis,
1587 2450 1683 2498 aut
1743 2441 2137 2499 intellectualis.

555 2529 623 2584 Et
661 2532 794 2585 haec
838 2531 1020 2614 omnia
1053 2531 1197 2588 omni
1234 2532 1394 2587 modo
1430 2533 1482 2586 in
1516 2532 1733 2586 homine
1767 2530 2135 2587 continentur.

555 2622 866 2677 Extremum
896 2624 1111 2694 quidem
1162 2624 1543 2680 subsistentiae
1566 2624 1587 2655 ³
1613 2624 1782 2694 ipsius
1805 2637 2002 2694 corpus
2022 2626 2137 2691 eSt;

555 2697 749 2770 deinde
795 2714 1072 2770 seminatis
1118 2715 1229 2769 vita
1273 2714 1518 2784 corporis
1563 2713 2023 2780 administrativa,
2053 2713 2139 2770 cui

555 2815 774 2878 praeest
790 2815 1011 2873 sensus;
1029 2807 1222 2863 deinde
1243 2804 1403 2874 ratio,
1428 2822 1567 2878 quae
1594 2806 1940 2862 inferioribus
1960 2821 2019 2863 se
2045 2822 2141 2862 na-

555 2880 719 2953 turae
742 2898 984 2969 partibus
1019 2898 1357 2965 dominatur;
1405 2913 1714 2969 supremum
1753 2898 1809 2953 in
1847 2897 1934 2954 bis
1968 2897 2148 2953 omni-

554 2988 658 3044 bus
686 2990 901 3044 animus
931 2990 1138 3044 obtinet
1180 2989 1374 3045 locum.
1406 2990 1484 3045 Ac
1510 3004 1606 3059 per
1631 2988 1735 3043 hoc
1770 2995 1881 3043 tota
1908 2990 2142 3045 humana

557 3086 773 3146 natura,
804 3080 857 3134 in
893 3088 1153 3150 quantum
1184 3081 1549 3138 communicat
1577 3080 2145 3152 animalibus,,merito

2238 1903 2321 1960 dis
2367 1903 2619 1959 animalis
2665 1904 2829 1958 homo
2856 1902 3200 1973 cognoscitur
3233 1915 3248 1955 :
3289 1916 3398 1955 uno
3433 1900 3685 1971 quidem,
3723 1915 3828 1968 quo

2237 1994 2532 2050 secundum
2563 2003 2811 2049 naturam
2850 1992 3118 2056 subsistit,
3162 1990 3353 2055 altero,
3382 1990 3474 2060 qui
3501 1989 3554 2045 ei
3582 2005 3653 2044 ex
3695 1988 3829 2044 irra-

2237 2084 2483 2139 tionabili
2518 2093 2669 2140 motu
2710 2083 2917 2139 liberae
2938 2081 3233 2137 voluntatis
3273 2078 3666 2150 proclivaequc
3689 2078 3736 2111 "
3764 2078 3825 2131 ad

2239 2176 2503 2231 malitiam
2525 2175 2740 2230 accidit.
2784 2173 3047 2229 Similiter
3085 2171 3381 2243 spiritualis
3426 2178 3483 2225 et
3523 2169 3824 2225 secundum

2238 2274 2484 2321 naturam
2527 2266 2861 2329 subsistens,
2913 2271 2969 2319 et
3032 2261 3326 2318 Secundum
3377 2260 3579 2317 bonam
3636 2259 3826 2314 volun-

2237 2363 2402 2410 tatem
2450 2355 2627 2411 divina
2677 2354 2850 2426 gratia
2894 2361 3264 2423 praeventam,
3289 2359 3410 2407 actu
3440 2359 3495 2405 et
3522 2349 3757 2405 scientia
3783 2349 3822 2379 "

2239 2454 2542 2519 purgatam,
2579 2445 2837 2498 virtutum
2884 2443 2927 2475 “
2977 2442 3311 2498 ornamentis
3366 2438 3683 2496 redimitam
3709 2478 3726 2503 ,
3764 2437 3830 2490 ad

2238 2539 2523 2612 pristinam
2562 2536 2776 2591 divinae
2820 2533 3068 2618 imaginis
3097 2530 3410 2604 dignitatem
3444 2536 3737 2585 revocatus
3759 2525 3824 2580 ⁸³.

2242 2631 2389 2686 Βιεο.
2419 2627 2567 2682 Haec
2592 2626 2826 2681 libenter
2848 2623 3086 2693 accipio;
3117 2621 3209 2677 sed
3239 2635 3343 2675 non
3368 2618 3670 2690 pet-pure“
3700 2632 3826 2673 con-

2241 2718 2442 2790 spicor,
2497 2718 2788 2787 quomodo,
2845 2728 2967 2768 cum
3019 2725 3209 2792 omnes
3277 2709 3486 2780 species
3538 2709 3595 2765 in
3630 2722 3827 2780 genere

2241 2824 2408 2863 unum
2455 2815 2602 2873 sunt,
2650 2804 3083 2862 contradicentes
3128 2802 3271 2856 inter
3313 2816 3371 2855 se
3417 2798 3652 2854 invicem
3686 2798 3739 2852 in
3783 2797 3827 2829 "

2243 2900 2335 2957 illo
2379 2914 2544 2955 unum
2589 2896 2910 2953 subsistunt.
2967 2892 3218 2948 Deﬁnitio
3269 2888 3535 2960 siquidem
3590 2887 3827 2943 hominis

2245 2999 2554 3047 ceterorum
2586 2986 2900 3043 animalium
2926 2981 3330 3038 deﬁnitionibus
3351 2979 3731 3036 contradicere
3748 2979 3827 3033 τίς

2248 3083 2423 3139 detur.
2444 3081 2540 3137 Est
2554 3079 2697 3135 enim
2712 3078 2876 3133 homo
2892 3075 2935 3108 ι’
2960 3073 3161 3130 animal
3188 3069 3473 3135 rationale,
3489 3077 3675 3125 cetera
3696 3082 3827 3123 vero

558 3171 754 3226 animal
784 3179 887 3227 est.
916 3171 1291 3228 Communicat
1310 3183 1490 3230 autem
1519 3174 1618 3240 eis,
1648 3174 1703 3230 in
1730 3182 1992 3246 quantum
2013 3187 2139 3229 cor-
2168 3165 2212 3227 C
2244 3173 2497 3230 animalia
2552 3170 2966 3227 irrationabilia.
3016 3167 3268 3231 Videsne,
3298 3163 3573 3235 quomodo
3634 3162 3828 3219 adver-

557 3274 660 3333 pus
686 3271 788 3327 est,
818 3271 874 3317 et
896 3262 1003 3316 vita
1027 3278 1222 3335 corpus
1244 3265 1502 3336 rogitans,
1529 3275 1584 3321 et
1611 3281 1825 3331 sensus,
1849 3273 1903 3320 et
1932 3280 2139 3321 memo-

559 3354 640 3407 ria
669 3367 850 3408 rerum
885 3354 1560 3426 sensibilium‘pbantasias
1585 3365 1825 3412 tractans
1853 3374 1866 3410 :
1893 3356 1948 3411 in
1976 3371 2144 3427 quan-

517 3436 526 3445 ’
563 3452 675 3498 tum
729 3459 860 3498 vero
903 3444 1118 3500 divinae
1164 3446 1517 3518 caelestisque
1558 3446 1825 3503 essentiae
1872 3447 2144 3518 particeps

562 3543 643 3589 est
669 3535 713 3597 ⁸,
747 3551 854 3589 non
898 3544 981 3591 est
1028 3537 1245 3603 animal,
1280 3539 1489 3595 ratione
1539 3549 1718 3594 autem
1763 3548 1818 3595 et
1867 3539 2142 3596 intellectu

564 3633 1017 3696 aeternorumque
1045 3630 1301 3683 memoria
1332 3629 1620 3684 caelestem
1650 3628 1943 3700 participat
1966 3644 2145 3686 essen-

566 3717 712 3770 tiam.
758 3718 833 3771 lbi
867 3719 1028 3786 igitur
1052 3720 1273 3776 omnino
1317 3720 1666 3778 animalitatis
1700 3737 1896 3793 expers
1934 3731 2039 3778 est.
2084 3722 2142 3777 In

565 3806 655 3861 illa
687 3808 953 3878 siquidem
977 3819 1129 3879 parte
1157 3812 1238 3866 sui
1270 3812 1337 3867 ad
1361 3811 1647 3883 imaginem
1679 3813 1773 3870 Dei
1828 3812 1969 3871 facta
1994 3812 2018 3847 '
2039 3821 2143 3877 est,

565 3898 633 3952 ad
663 3912 828 3968 quam
856 3899 1026 3954 solam
1050 3902 1104 3955 in
1131 3901 1342 3958 idoneis
1373 3902 1685 3959 hominibus
1712 3901 1954 3973 loquitur
1986 3901 2144 3958 Deus.

563 3990 648 4044 Ad
670 3990 805 4046 iliud
832 3993 970 4048 enim
1000 3993 1249 4058 hominis,
1292 4003 1351 4049 ut
1379 3995 1456 4050 ait
1485 3995 1817 4065 Augustinus
1857 3994 2147 4050 undecimo

564 4082 631 4137 de
655 4082 885 4137 Civitate
908 4084 1019 4148 Dei,
1050 4083 1297 4154 loquitur,
1325 4083 1465 4156 quod
1492 4085 1547 4139 in
1567 4084 1775 4139 homine
1811 4084 2013 4147 ceteris,
2038 4083 2150 4154 qui-

564 4170 659 4225 bus
682 4172 836 4226 homo
851 4182 1077 4238 constat,
1106 4182 1181 4228 est
1206 4173 1412 4235 melius.
1427 4183 1473 4227 et
1497 4189 1600 4244 quo
1620 4174 1729 4242 ipse
1747 4172 1884 4227 Deus
1908 4171 2052 4227 solus
2073 4181 2146 4227 est

563 4263 765 4319 melior.
806 4265 936 4320 Cum
966 4266 1103 4320 enim
1137 4266 1290 4320 homo
1313 4266 1382 4319 ad
1410 4266 1690 4335 imaginem
1723 4263 1820 4319 Dei
1848 4265 2020 4335 factus
2056 4263 2145 4328 sit,

564 4353 795 4423 profecto
824 4372 884 4409 ea
910 4356 992 4409 sui
1017 4365 1164 4424 parte
1191 4365 1265 4409 est
1290 4356 1630 4425 propinquior
1648 4354 1908 4422 superiori
1934 4370 1989 4408 se
2013 4352 2145 4417 Deo,

565 4459 671 4509 qua
699 4452 911 4512 superat
937 4444 1213 4512 inferiores
1244 4455 1409 4508 suos;
1439 4461 1568 4514 quas
1607 4445 1763 4497 etiam
1798 4460 1914 4497 cum
1952 4443 2151 4512 pecori-

2242 3264 2660 3321 santursibimet
2681 3259 2941 3316 rationale
2978 3266 3035 3315 et
3072 3255 3428 3327 irrationale?
3453 3253 3595 3310 Msa.
3624 3252 3824 3309 Paulu-

2241 3358 2351 3413 lum
2376 3356 2584 3412 acutius
2605 3362 2828 3408 naturas
2851 3366 3032 3408 rerum
3062 3350 3284 3419 inspice,
3312 3358 3368 3403 et
3392 3347 3657 3410 invenies,
3687 3347 3827 3401 hanc

2241 3447 2686 3522 propositionem,
2721 3457 2861 3515 quae
2886 3442 3047 3499 estin
3084 3440 3408 3504 diﬂ‘erentia,
3451 3440 3551 3494 sub
3586 3454 3697 3493 uno
3733 3453 3824 3504 ge-

2243 3555 2374 3597 nere
2389 3538 2716 3594 diﬂ'erentias
2732 3549 2871 3600 esse,
2890 3550 2992 3589 non
3011 3531 3425 3589 controversias.
3442 3527 3606 3584 Verbi
3620 3527 3821 3598 gratia:

2243 3629 2431 3687 Omnis
2444 3638 2692 3685 creatura
2706 3634 2800 3681 aut
2813 3623 3038 3679 visibilis
3051 3633 3133 3679 est
3148 3631 3239 3676 aut
3251 3618 3555 3676 invisibilis.
3575 3614 3828 3673 llicdiﬂe-

2245 3722 2474 3777 rentiam
2516 3720 2667 3784 facit,
2706 3733 2812 3773 non
2858 3712 3300 3772 controversiam.
3339 3710 3640 3766 Visibilitas
3685 3706 3823 3763 enim

2246 3823 2305 3871 et
2344 3812 2691 3868 invisibilitas
2716 3810 2820 3865 duo
2843 3807 3105 3879 quaedam
3136 3813 3260 3861 sunt
3297 3819 3325 3857 a
3356 3815 3415 3857 se
3441 3802 3701 3863 discreta,
3721 3813 3824 3853 non

2247 3904 2348 3959 sibi
2377 3900 2747 3973 repugnantia.
2778 3896 3040 3953 Similiter
3069 3903 3161 3949 aut
3186 3890 3483 3964 corporalis
3514 3900 3610 3945 aut
3650 3889 3824 3945 incor-

2246 3982 2447 4068 peralis
2471 4002 2553 4049 est
2588 3992 2766 4048 omnis
2794 3998 3061 4057 creatura.
3109 3986 3417 4042 Divinarum
3448 3974 3675 4053 quoqub
3706 3995 3823 4052 pcr-

2249 4099 2503 4142 souarum
2533 4081 2876 4138 habitudines
2918 4077 3193 4149 discernit.
3246 4076 3409 4131 Pater
3449 4073 3717 4143 siquidem
3749 4072 3824 4125 in-

2249 4176 2461 4248 genitus
2485 4182 2587 4240 est,
2613 4172 2786 4229 Filius
2809 4187 2938 4226 vero
2961 4169 3189 4242 genitus,
3219 4166 3452 4237 Spiritus
3480 4177 3658 4234 neque
3688 4162 3825 4232 inge-

2217 4268 2395 4339 _nitus
2443 4279 2617 4334 neque
2663 4263 2876 4334 genitus
2902 4261 2978 4327 ";
3021 4268 3074 4313 ct
3126 4254 3538 4312 innumerabilia
3583 4252 3823 4322 exempla

2251 4355 2555 4428 huiusmodi
2584 4361 2730 4409 sunt.
2767 4353 2834 4407 Et
2865 4359 2924 4407 ut
2951 4351 3151 4406 clarius
3172 4362 3489 4420 cognoscas,
3521 4345 3662 4409 vide,
3690 4343 3824 4414 quod

2252 4446 2430 4502 omnis
2479 4442 2847 4499 controversia
2913 4441 2965 4494 in
3005 4455 3106 4493 una
3158 4438 3455 4506 eademque
3505 4434 3688 4503 specie
3734 4447 3825 4487 seu

570 4507 665 4587 hus
708 4507 1006 4587 communes
1049 4533 1219 4587 habet.
1256 4534 1324 4587 Et
1362 4507 1680 4599 notandum,
1711 4534 1854 4603 quod
1881 4507 2044 4588 etiam
2093 4532 2146 4586 in
2179 4507 2228 4567 θ
2254 4545 2407 4607 parte
2433 4534 2770 4604 intelligitur,
2808 4529 3109 4587 diti‘erentia
3154 4542 3283 4582 vero
3312 4526 3366 4580 in
3404 4522 3635 4580 diversis
3666 4540 3681 4576 :
3724 4520 3828 4575 vel-

563 4622 673 4676 liac
702 4622 832 4687 vita,
862 4623 1174 4693 priusquam
1202 4631 1396 4688 totum,
1419 4625 1560 4694 quod
1593 4624 1644 4677 in
1668 4623 1888 4678 homine
1919 4623 2151 4678 animale

568 4721 674 4775 est,
705 4721 949 4767 vertatur
971 4713 1023 4767 in
1051 4700 1353 4784 spirituale,
1383 4722 1436 4767 et
1460 4726 1638 4778 omne,
1666 4712 1808 4782 quod
1834 4712 1887 4766 in
1913 4726 1978 4768 eo
1997 4726 2149 4768 com-

568 4802 801 4873 positum
847 4812 951 4869 est,
1001 4803 1053 4857 in
1109 4803 1430 4859 inell'abilem
1486 4802 1793 4858 adunetur'
1838 4802 2153 4874 simplicita-

570 4900 704 4955 tem,
733 4899 909 4960 potest
940 4900 1085 4947 totus
1110 4894 1271 4949 homo
1295 4902 1349 4948 et
1379 4892 1626 4948 animalis
1661 4892 1778 4948 ﬁeri
1819 4902 1875 4948 et
1899 4893 2152 4963 spiritua-

568 4981 675 5047 lis;
720 4982 814 5037 sed
860 4984 1108 5039 animalis
1156 4983 1268 5039 sola
1313 4983 1565 5040 libertate
1594 4984 1827 5050 arbitrii,
1856 4984 2153 5056 spiritualis

571 5086 701 5126 vero
727 5081 784 5127 et
817 5071 988 5129 libero
1014 5072 1238 5127 arbitrio
1281 5071 1442 5127 simul
1465 5081 1520 5128 et
1547 5073 1739 5142 gratia.
1762 5074 1879 5129 sine
1903 5088 2009 5143 qua
2054 5088 2151 5127 na—

572 5160 762 5227 turalis
789 5162 1032 5233 potentia
1060 5162 1352 5219 voluntatis
1380 5177 1597 5218 movere
1630 5162 1904 5219 hominem
1939 5162 1994 5218 in
2037 5162 2151 5231 spi-

2252 4629 2330 4685 uti
2365 4625 2413 4684 si
2438 4627 2559 4697 quis
2587 4626 2652 4680 de
2682 4624 2898 4680 homine
2939 4622 3151 4687 dixerit,
3177 4620 3339 4674 homo
3392 4626 3475 4672 est
3516 4612 3715 4669 animal
3742 4628 3827 4665 ra-

2253 4720 2470 4785 tionale,
2504 4720 2663 4774 homo
2690 4724 2772 4772 est
2810 4708 3011 4769 animal
3055 4709 3390 4772 trrationale,
3434 4709 3500 4762 de
3536 4704 3624 4759 illa
3657 4702 3829 4773 specie

2253 4820 2476 4867 naturae
2518 4809 2586 4875 ⁸⁸,
2634 4822 2773 4877 quae
2801 4802 3225 4860 substantialiter
3265 4800 3425 4854 homo
3451 4795 3675 4860 dicitur,
3710 4806 3830 4862 pro-

2252 4902 2510 4959 nuntians
2541 4940 2556 4967 ,
2624 4896 3037 4955 contradictoria
3100 4891 3381 4964 proloquia
3436 4890 3587 4954 ﬁent,
3637 4894 3693 4943 et
3737 4900 3827 4939 ne-

2257 4991 2494 5047 cessario
2544 5004 2708 5043 unum
2757 4986 2863 5042 erit
2895 4983 2939 5018 ¹⁹
2989 4999 3210 5047 verum,
3260 4981 3486 5035 alterum
3538 4974 3731 5032 falsum
3762 4971 3824 5025 ".

2259 5082 2375 5139 Non
2406 5081 2550 5137 enim
2584 5086 2678 5134 aut
2726 5077 2887 5133 simul
2931 5090 3055 5129 vera
3100 5081 3329 5145 possunt
3365 5085 3504 5134 esse,
3550 5078 3645 5123 aut
3679 5062 3830 5122 simul

2261 5173 2393 5230 falsa
2434 5169 2852 5229 contradictoria
2893 5165 3167 5238 proloquia
3217 5164 3285 5219 de
3339 5159 3585 5231 subjecto
3624 5156 3828 5219 eodem,

1866 5308 2121 5367 VARIAE
2159 5304 2558 5363 LECTIONES.

692 5427 784 5483 Sic
811 5425 935 5490 CF;
975 5426 1017 5481 A
1048 5427 1291 5480 intentus.
1365 5427 1385 5456 ¹
1432 5423 1529 5480 Sic”
1546 5423 1662 5487 CF;
1710 5424 1755 5478 A
1804 5421 2048 5490 inveniri.
2123 5421 2144 5451 ³
2176 5416 2429 5490 Sic__CF;
2451 5416 2516 5490 _A
2549 5425 2826 5490 naturae.
2856 5410 2923 5490 ,ξ
3091 5409 3215 5490 CF;
3251 5418 3326 5464 est
3364 5423 3479 5490 nom.

3681 5408 3704 5440 ⁵
3743 5406 3830 5461 Sic

575 5500 659 5574 es
676 5475 1017 5574 frons."
1050 5475 1518 5574 ῖςλςρᾱὶςεειιαςῗ
1540 5475 1683 5548 fcis
1711 5475 1877 5574 quae.
1901 5475 1909 5476 ί
1934 5492 1975 5574 ,ξ
2004 5489 2095 5574 sic
2129 5492 2167 5546 A
2187 5487 2320 5570 aut;
2343 5475 2785 5574 {agitationeméh
2806 5480 2948 5574 "Si:
2966 5479 3089 5574 εΕὰ
3119 5478 3579 5574 ἒέριὶρξςςξιίιιωὲ
3600 5475 3824 5574 δῆξρὲ

576 5558 623 5630 Α
639 5558 997 5638 proclivisque.
1078 5566 1116 5597 “
1150 5564 1241 5619 Sic
1265 5564 1380 5630 CF;
1418 5562 1463 5619 A
1487 5581 1549 5618 ac
1570 5574 1675 5617 tam
1701 5558 1855 5617 vitiis.
1934 5561 1975 5592 ¹²
2005 5563 2048 5615 Α
2073 5575 2230 5631 quam
2255 5558 2536 5638 virtutum.

579 5640 699 5682 ιῖιέτ
742 5640 776 5682 Α
819 5636 1254 5682 contradicentes
1283 5635 1500 5682 inuicem
1524 5634 1718 5682 species
1747 5632 1854 5682 illo.
1952 5629 1994 5662 ³⁸
2016 5631 2170 5682 homo
2196 5644 2303 5682 om.
2332 5627 2397 5680 Α.
2509 5626 2522 5655 ¹

1283 5644 1500 5688 invicem
1524 5650 1718 5700 speetes
1747 5644 1854 5685 tlto.
1953 5644 1994 5662 "
2016 5644 2170 5682 nomo
2196 5644 2303 5682 om.
2332 5644 2397 5680 Α.
2510 5644 2545 5656 ³·
2593 5644 2663 5693 op

1276 5706 1317 5738 "
1348 5704 1389 5759 Α
1419 5705 1576 5758 enim.
1652 5702 1695 5734 ’°
1728 5700 1817 5758 Sic
1846 5696 1958 5764 CF;
1986 5699 2031 5753 Α
2055 5699 2282 5753 alterum
2311 5713 2428 5752 vero
2455 5695 2663 5751 falsum.

579 5632 701 5701 CF;
739 5640 779 5693 A
819 5632 1254 5693 contradicentes
1283 5635 1500 5688 invicem
1524 5634 1718 5700 species
1740 5632 1854 5701 illo.

584 5711 700 5774 CF;
733 5718 951 5762 naturae
979 5721 1086 5763 om.
1115 5706 1179 5759 Α.

2621 5554 2663 5586 ¹³
2697 5552 2789 5610 Sic
2816 5550 2970 5608 ACF.
3047 5550 3089 5583 "
3120 5543 3211 5604 Sic
3237 5548 3321 5603 CF
3341 5546 3423 5612 ;‘A
3448 5564 3596 5617 pure.
3674 5547 3718 5617 'f

2509 5626 2550 5656 ¹⁷
2593 5623 2820 5693 Spiritus
2848 5638 3006 5691 neque
3034 5651 3103 5662 --
3141 5620 3341 5690 genitus
3368 5613 3477 5672 om.
3510 5618 3577 5671 Α.
3676 5615 3716 5648 ι’
3741 5613 3827 5669 Sic
