4028 6282
237 312 341 370 757

1051 309 1140 363 DE
1187 307 1529 363 nmswxn
1571 303 1917 359 NATUBAE.
1955 335 2026 346 -
2061 309 2259 364 manu
2301 281 2643 379 essurus.

3393 316 3494 372 758

235 425 353 482 sive
375 419 749 479 nniversaliter
778 421 909 487 sint,
937 422 1052 482 sive
1077 422 1494 493 partiettlariter.
1535 421 1672 474 Dum
1712 419 1808 489 igi-
1833 419 1885 478 Α
1912 436 2034 508 rant
2049 432 2230 480 autem
2245 440 2343 493 per
2359 395 2723 495 negationem,
2749 441 2886 495 quae
2905 437 2988 482 est
3003 430 3304 484 secundum
3319 431 3494 486 excel-

240 522 329 568 tnr
350 510 513 566 dicis:
544 511 708 566 homo
733 520 817 566 est
843 511 1045 566 animal
1076 512 1358 579 rationale,
1383 527 1552 581 equus
1570 519 1654 565 est
1679 510 1818 563 irra-

242 603 441 660 tionale
482 602 702 667 animal,
744 603 888 658 nulla
928 603 1250 676 intelligitur
1283 603 1659 667 contradictio,
1690 615 1816 671 quo-

240 694 387 749 niam
418 691 758 749 rationabilis
799 702 856 749 et
883 695 1271 749 irrationabilis
1295 693 1540 748 animalis
1565 693 1816 748 substan-

239 783 424 839 tialem
451 781 808 838 differentiam
836 785 1118 854 patefacis.
1160 786 1293 840 Dum
1325 785 1466 839 enim
1494 785 1509 815 ί
1554 783 1815 837 rationem

238 875 446 930 homini
475 875 595 940 das,
621 884 674 930 et
700 875 769 930 ab
793 889 934 945 equo
959 877 1162 942 aufers,
1188 877 1545 932 diﬂ‘erentiam
1584 875 1818 930 hominis

237 972 295 1028 et
321 963 446 1032 equi
486 963 783 1039 signiﬁcas.
819 963 916 1020 Est
964 967 1108 1020 enim
1146 965 1224 1020 sic
1254 968 1274 996 '
1312 966 1612 1020 diﬂ'erentia
1642 963 1818 1020 homi-

237 1052 324 1109 nis
361 1068 391 1106 a
425 1053 621 1108 ceteris
669 1052 1054 1118 animantibus,
1102 1055 1301 1109 habere
1330 1055 1612 1118 rationem,
1637 1051 1820 1108 sicut'

235 1151 544 1198 ceterorum
575 1142 929 1198 animantium
963 1143 1030 1197 ab
1055 1144 1270 1198 homine
1300 1127 1823 1208 dill‘erentia,‘ratio—

174 1283 187 1293 .
237 1249 363 1290 nem
391 1249 495 1288 non
521 1234 724 1290 habere
747 1275 762 1301 ,
793 1233 917 1288 dum
956 1249 1131 1304 neque
1161 1235 1212 1287 in
1247 1235 1346 1289 hoc
1377 1234 1590 1288 habitus
1621 1242 1676 1288 et
1713 1233 1822 1302 pri-

236 1324 384 1381 vatio
412 1325 763 1396 dignoscitur.
803 1323 1026 1380 Habitus
1061 1326 1205 1380 enim
1251 1326 1482 1381 hominis
1511 1323 1822 1389 esthabere

240 1417 532 1483 rationem,
565 1417 780 1472 habitus
804 1427 984 1472 autem
1027 1419 1149 1487 eqni
1182 1415 1409 1472 rationis
1434 1417 1697 1472 absentia.
1738 1415 1824 1471 Si-

237 1505 457 1577 quidem
486 1521 658 1575 equus
690 1521 794 1561 non
837 1506 1082 1577 privatur
1123 1522 1186 1561 eo
1225 1507 1440 1571 habitu,
1473 1521 1632 1576 quem
1682 1521 1821 1559 unn-

240 1612 404 1672 quam
434 1598 610 1666 potuit
636 1597 858 1653 habere.
898 1599 994 1655 Ubi
1026 1607 1204 1653 autem
1231 1599 1446 1654 habitus
1473 1615 1575 1653 non
1604 1613 1821 1668 praece-

237 1688 317 1743 dit
338 1689 383 1754 ⁸,
407 1689 477 1743 ibi
506 1689 736 1759 privatio
759 1705 1098 1758 consequens
1121 1691 1142 1721 ⁵
1169 1706 1275 1745 non
1298 1691 1420 1746 erit.
1443 1690 1699 1756 Anitnali,
1725 1706 1819 1746 seu

1915 511 2158 577 lentiam,
2187 514 2310 581 quia
2330 514 2452 584 plus
2467 526 2554 570 est
2571 530 2736 583 quam
2763 518 2982 572 veritas.
3007 518 3195 588 Asper
3213 520 3316 576 hoc
3329 529 3386 574 et
3399 535 3482 574 ve-

1915 618 2034 657 rum
2060 613 2165 666 est,
2184 603 2326 660 Deus
2343 605 2545 660 veritas
2571 614 2676 669 est,
2711 607 2838 660 dum
2873 607 2944 662 sit
2986 623 3238 664 verorum
3255 609 3495 664 omnium

1915 707 2101 759 causa,
2124 704 2176 750 et
2190 711 2376 750 verum
2395 706 2494 758 est,
2517 698 2655 752 Dens
2675 699 2874 754 veritas
2896 715 3001 754 non
3021 709 3126 767 est,
3140 703 3266 771 quia
3280 711 3499 772 superat

1916 802 2094 851 omne,
2110 788 2250 856 quod
2283 788 2498 853 dicitur,
2517 799 2571 844 et
2592 776 2925 860 intelligitur,
2949 799 3115 847 etest.
3142 791 3254 848 Nec
3269 793 3498 848 melatet

1916 878 2058 946 quod
2085 878 2360 942 addidisti,
2383 894 2688 948 quanquam
2711 880 2869 936 ambo
2892 896 2996 944 no_n
3023 882 3261 952 ejusdem
3285 884 3499 938 virtutis

1918 968 2026 1022 sint
2053 968 2115 1022 ίτ.
2144 967 2318 1023 Minus
2346 970 2488 1024 enim
2518 969 2656 1024 valet
2683 970 2750 1024 ad
2788 971 3070 1025 ineﬂ'abilis
3091 972 3301 1028 divinae
3317 987 3498 1028 essen-

1921 1060 2026 1114 tiae
2070 1059 2517 1130 signiﬁcationem
2555 1060 2838 1117 allirmatio
2883 1077 3043 1132 quam
3083 1065 3314 1136 negatio,
3368 1081 3501 1135 quo-

1922 1153 2064 1206 niam
2122 1168 2227 1208 una
2275 1168 2342 1208 ex
2388 1155 2657 1210 creaturis
2701 1156 2768 1209 ad
2793 1154 3108 1211 Creatorem
3156 1156 3497 1224 transfertur,

1922 1242 2090 1298 altera
2116 1245 2256 1299 ultra
2283 1259 2497 1301 omnem
2536 1256 2838 1302 creaturam
2869 1249 2936 1303 de
2981 1248 3239 1304 Creatore
3275 1266 3371 1321 per
3414 1266 3500 1316 se-

1924 1332 2094 1400 ipsnm
2126 1333 2484 1401 praedicatur.
2539 1334 2676 1390 Mss.
2722 1334 2866 1390 Bene
2912 1336 3062 1392 vides
3113 1337 3255 1406 quod
3299 1338 3498 1392 addidi.

1922 1423 2058 1489 Quid
2108 1424 2271 1493 igitur
2313 1424 2532 1490 mirum,
2578 1426 2622 1480 si
2669 1427 2760 1480 de.
2782 1427 3017 1491 homine,
3051 1429 3141 1497 qui
3181 1427 3327 1484 solus
3362 1429 3504 1484 inter

1921 1523 2100 1569 cetera
2135 1515 2388 1569 animalia
2427 1516 2494 1570 ad
2533 1515 2816 1587 imaginem
2862 1516 2956 1572 Dei
3006 1517 3180 1573 factus
3225 1527 3328 1585 est,
3373 1533 3502 1574 vere

1924 1604 2083 1658 simul
2122 1605 2291 1674 possit
2336 1605 2671 1675 praedicari,
2702 1606 2864 1662 homo
2899 1605 3098 1661 animal
3127 1615 3243 1673 est,
3280 1623 3384 1663 non
3416 1616 3500 1662 est

1925 1692 2122 1747 animal
2155 1695 2352 1760 homo,
2384 1705 2445 1750 ut
2489 1711 2587 1764 per
2633 1697 2736 1751 hoc
2768 1695 2959 1752 saltem
3001 1682 3392 1768 intelligamus,
3435 1698 3504 1754 ad

235 1757 540 1850 cuicunque
589 1780 754 1836 vitam
805 1783 1146 1854 participanti
1181 1800 1328 1840 mors
1372 1800 1475 1840 non
1532 1784 1820 1850 accideret,
1853 1757 1898 1815 Β
1928 1785 2213 1856 imaginem
2235 1785 2332 1840 Dei
2357 1784 2482 1840 illud
2506 1785 2703 1840 animal
2725 1785 3030 1855 specialiter
3047 1757 3501 1854 essevconditum,

237 1871 286 1925 si
325 1870 472 1941 prius
493 1872 540 1925 ei
583 1871 799 1928 habitus
839 1874 981 1929 vitae
1027 1890 1134 1930 non
1186 1875 1405 1930 inesset.
1437 1875 1666 1945 Ideoque
1706 1876 1825 1930 nul-

236 1958 352 2014 lum
382 1959 579 2014 animal
621 1962 837 2030 proprie
883 1963 1112 2019 dicimus
1142 1963 1389 2032 stultum,
1415 1973 1630 2033 praeter
1670 1963 1822 2031 illud,

239 2049 299 2105 in
321 2065 428 2118 quo
453 2050 718 2118 videmus,
752 2067 908 2122 posse
941 2053 1056 2120 tieri
1090 2054 1318 2108 rationis
1351 2054 1623 2118 habitum;
1651 2068 1824 2124 neque

237 2142 513 2207 stolidum,
543 2143 642 2197 nisi
676 2145 763 2199 cui
796 2145 1116 2199 naturaliter
1151 2145 1327 2200 inesse
1354 2155 1532 2215 potest
1555 2144 1822 2201 sentiendi

241 2232 525 2288 habitudo.
560 2233 708 2288 DISC.
733 2233 910 2300 Quare
944 2235 1293 2306 ergodisisti,
1324 2235 1376 2288 in
1401 2250 1506 2289 uno
1531 2235 1826 2303 eodemque

238 2323 487 2394 subjecto
535 2323 640 2378 duo
685 2325 965 2393 proloquia
1022 2326 1238 2380 sibimet
1289 2325 1635 2380 adversantia
1689 2324 1822 2380 falsa

241 2414 403 2470 simul
431 2413 524 2468 aut
547 2429 674 2468 vera
701 2416 858 2470 simul
886 2432 1003 2471 esse
1030 2432 1134 2471 non
1160 2432 1337 2487 posse,
1371 2415 1464 2471 sed
1489 2416 1534 2472 si
1565 2433 1729 2470 unum
1756 2416 1827 2471 sit

240 2518 451 2566 verum,
484 2505 795 2560 necessario
825 2505 1053 2560 alterum
1110 2507 1215 2560 erit
1264 2505 1480 2570 falsum,
1508 2507 1655 2562 verbi
1705 2523 1828 2578 gra-

243 2593 352 2660 tia,
384 2593 426 2648 si
452 2609 573 2663 quis
615 2594 815 2651 dixerit
861 2595 926 2649 de
971 2610 1077 2650 uno
1110 2596 1436 2665 eodemque,
1481 2595 1583 2651 hoc
1627 2595 1826 2650 animal

241 2701 415 2755 equus
450 2695 563 2750 est,
587 2701 758 2755 equus
803 2702 908 2742 non
957 2699 1072 2754 est,
1117 2704 1240 2744 cum
1285 2689 1487 2744 videris
1516 2689 1536 2720 ⁸
1561 2704 1826 2755 asserere,

241 2778 662 2844 contradictoria
707 2779 986 2849 proloquia
1038 2794 1162 2834 vera
1225 2779 1384 2835 simul
1429 2794 1587 2851 posse
1651 2796 1769 2836 esse
1804 2781 1825 2813 '

241 2869 298 2924 in
326 2869 578 2924 homine:
607 2869 778 2927 llomo
804 2871 1002 2926 animal
1032 2881 1135 2939 est,
1173 2888 1278 2928 non
1309 2882 1392 2928 est
1418 2873 1616 2929 animal
1647 2875 1828 2942 homo,

242 2971 295 3017 et
339 2962 443 3016 hoc
488 2961 802 3017 naturaliter
853 2963 1030 3019 inesse
1069 2964 1091 2996 ⁸
1159 2963 1209 3019 ei
1255 2963 1449 3030 doces,
1483 2963 1655 3022 donec
1688 2973 1831 3022 totus

242 3060 527 3106 moveatur
558 3051 804 3107 animalis
829 3053 884 3107 in
913 3053 1283 3123 spiritualem?
1308 3054 1373 3110 Et
1397 3069 1496 3110 cur
1517 3055 1618 3112 hoc
1645 3055 1696 3109 in
1729 3056 1825 3110 ho-

241 3144 391 3218 rnine
419 3144 552 3212 solo,
581 3145 634 3198 in
663 3145 859 3202 celeris
888 3161 1016 3201 vero
1040 3145 1360 3203 animalibus
1389 3147 1536 3202 nullo
1566 3149 1742 3214 modo,
1769 3149 1822 3204 in

241 3233 440 3303 quibus
465 3233 686 3288 omnino
708 3234 728 3264 ⁹
758 3249 942 3289 verum
969 3244 1074 3301 est,
1100 3235 1301 3290 animal
1327 3251 1471 3303 esse,
1501 3236 1698 3292 animal
1726 3253 1824 3292 au—

243 3337 354 3397 tem
400 3343 503 3382 non
549 3343 669 3383 esse
719 3328 940 3383 omnino
969 3328 1197 3384 falsum?
1246 3330 1384 3386 MAG.
1420 3329 1654 3385 Putasne
1683 3328 1825 3385 aliud

245 3418 443 3478 animal
469 3428 680 3488 praeter
703 3419 744 3451 ¹⁰
767 3419 1038 3476 hominem
1061 3419 1126 3475 ad
1157 3421 1442 3492 imaginem
1471 3421 1565 3476 Dei
1594 3421 1828 3478 factum?

245 3507 391 3562 Dtsc.
418 3505 784 3578 Nequaquam.
817 3508 954 3566 ΜΑε.
990 3508 1242 3579 Negabis,
1269 3510 1374 3565 duo
1394 3510 1672 3580 proloquia
1700 3509 1824 3565 sibi-

242 3605 360 3650 met
403 3596 766 3663 colluctantia,
815 3597 942 3652 dum
984 3598 1053 3653 de
1099 3597 1208 3653 Deo
1253 3599 1655 3669 praedicantur,
1698 3614 1824 3653 vera

244 3685 406 3742 simul
454 3701 591 3752 esse,
647 3695 703 3742 et
729 3687 876 3742 nullo
906 3688 1062 3746 modo
1114 3688 1270 3754 falsa,
1315 3706 1622 3759 quanquam
1668 3690 1827 3745 ambo

245 3776 484 3846 ejusdem
511 3778 725 3833 virtutis
751 3793 856 3834 non
889 3780 1017 3846 sint,
1049 3789 1107 3836 nt
1128 3789 1256 3852 puta
1282 3800 1296 3835 :
1328 3781 1470 3837 Deus
1497 3782 1694 3838 veritas
1721 3793 1824 3848 εει,

245 3866 391 3922 Deus
422 3867 618 3922 veritas
648 3882 753 3922 non
781 3869 898 3922 est?
931 3870 1075 3925 Dtsc.
1106 3870 1311 3942 Negare
1337 3886 1444 3925 non
1472 3871 1668 3936 ausim,
1700 3873 1824 3926 dum

246 3957 361 4027 ipse
392 3957 660 4027 dmeipso
688 3958 817 4012 dicit
843 3977 856 4012 :
898 3957 1010 4029 Ego
1040 3977 1156 4014 sum
1186 3961 1288 4028 ria,
1313 3970 1360 4016 et
1385 3963 1593 4026 veritas.
1626 3971 1673 4014 et
1699 3961 1824 4016 vita.

248 4047 482 4102 Sanctus
521 4057 700 4103 autem
739 4049 1060 4120 Areopagita
1105 4052 1389 4124 Dionysius
1436 4053 1488 4107 in
1533 4051 1826 4123 symbocha

247 4129 536 4212 Theologia
567 4142 714 4209 dicit,
742 4144 865 4212 quia
893 4145 1030 4200 Deus
1060 4144 1101 4177 “
1143 4161 1302 4215 neque
1333 4145 1520 4199 veritas
1547 4156 1640 4211 est,
1667 4162 1828 4216 neque

243 4236 354 4302 uita
383 4235 448 4287 ¹².
476 4235 565 4288 Ait
587 4236 729 4289 enim
753 4253 766 4288 :
801 4236 981 4307 Neque
1008 4237 1171 4294 virtus
1195 4247 1289 4301 est,
1324 4253 1484 4304 neque
1514 4237 1634 4302 lux,
1667 4255 1828 4308 neque

245 4325 390 4388 vita;
422 4333 476 4377 et
520 4325 678 4392 paulo
705 4336 862 4396 post:
899 4327 1078 4391 Neque
1115 4327 1331 4382 scientia
1371 4337 1478 4393 est,
1509 4344 1669 4398 neque
1693 4329 1828 4383 neri-

1924 1876 1991 1932 de
2016 1891 2124 1947 quo
2147 1877 2439 1948 pugnantia
2457 1876 2674 1931 sibimet
2698 1876 2752 1931 in
2783 1876 2903 1931 aliis
2920 1877 3282 1932 animantibus
3303 1875 3347 1908 “'
3373 1890 3502 1946 pro-

1926 1965 2104 2036 loquia
2145 1981 2271 2021 vere
2301 1965 2462 2039 simul
2492 1966 2911 2035 praedicantur?
2944 1967 3112 2022 Porro
3142 1966 3186 2021 si
3219 1969 3504 2036 propterea

1925 2057 2138 2111 divinae
2165 2058 2434 2112 essentiae
2464 2055 2848 2111 allirmationes
2875 2064 2933 2112 et
2967 2058 3283 2128 negationes
3305 2071 3505 2112 conve-

1926 2147 2102 2214 niunt,
2131 2148 2384 2216 quoniam
2419 2156 2640 2218 superat
2681 2147 2886 2209 omnia,
2907 2161 3045 2217 quae
3088 2147 3157 2201 ab
3185 2161 3248 2201 ea
3278 2147 3319 2182 ¹⁹
3366 2146 3506 2202 facta

1931 2247 2057 2294 sunt
2082 2246 2137 2293 et
2165 2253 2393 2307 quorum
2421 2252 2583 2292 causa
2611 2244 2715 2301 est,
2740 2237 2950 2291 cuinon
2984 2234 3144 2290 liceat
3171 2235 3504 2306 prospicere,

1926 2328 2240 2398 negationes
2275 2336 2330 2382 et
2375 2327 2758 2382 allirmationcs
2806 2326 3025 2396 imagini
3065 2335 3119 2381 et
3165 2324 3504 2380 similitudini

1925 2418 2062 2488 ejus,
2115 2433 2253 2488 quae
2302 2419 2354 2473 in
2402 2419 2619 2474 homine
2654 2426 2766 2483 εει,
2819 2416 3146 2470 unanimiter
3196 2413 3506 2479 convenire,

1925 2513 2357 2582 quandoquidem
2393 2522 2614 2580 superat
2653 2522 2829 2564 cetera
2870 2507 3146 2571 animalia,
3180 2507 3322 2560 inter
3367 2520 3506 2577 quae

1925 2604 2025 2659 sub
2041 2618 2148 2658 uno
2170 2616 2365 2673 genere
2390 2602 2638 2657 conditus
2650 2608 2732 2654 est
2756 2599 2822 2664 “,
2847 2607 2902 2654 et
2926 2597 3080 2667 eujus
3103 2613 3264 2652 causa
3291 2596 3508 2652 condita

1927 2693 2093 2748 sunt?
2118 2692 2250 2759 Quis
2295 2693 2438 2746 enim
2483 2702 2627 2746 recte
2675 2689 2998 2760 sapientium
3041 2689 3334 2758 ignorarit,
3364 2687 3509 2743 hunc

1928 2782 2184 2838 mundum
2230 2781 2490 2837 visibilem
2535 2797 2656 2836 cum
2698 2779 2950 2834 omnibus
2997 2779 3110 2833 suis
3160 2778 3422 2847 partibus,
3473 2791 3504 2830 a

1929 2887 2142 2930 summo
2170 2885 2341 2942 usque
2374 2873 2646 2937 deorsum,
2680 2880 2896 2941 propter
2937 2869 3209 2924 hominem
3263 2880 3383 2922 esse
3421 2864 3504 2920 fa-

1927 2971 2173 3028 ctum,nt
2191 2963 2241 3019 ei
2270 2971 2562 3033 praeesset,
2594 2971 2647 3016 et
2668 2962 3034 3018 dominaretur
3055 2959 3295 3016 omnium
3320 2971 3506 3013 rerum

1927 3054 2256 3112 visibilium?
2282 3055 2432 3121 Quod
2477 3062 2697 3108 sanctus
2738 3051 3032 3123 Gregorius
3067 3051 3120 3105 in
3163 3060 3413 3104 sermone
3440 3046 3508 3101 de

1925 3146 2162 3220 lmagine
2209 3147 2295 3202 bis
2343 3145 2520 3200 verbis
2563 3144 2787 3200 edocet:
2849 3141 3120 3208 Quomodo
3172 3140 3251 3205 “,
3299 3136 3506 3207 inqniL.

1923 3249 2032 3295 tota
2054 3240 2099 3270 ³³
2125 3250 2360 3292 creatura
2372 3246 2575 3307 praeter
2600 3236 2860 3290 hominem
2881 3233 2923 3266 ³³
2950 3233 3124 3287 divina
3147 3233 3332 3286 virtute
3353 3227 3510 3283 simul

1924 3346 2041 3385 cum
2062 3339 2334 3400 praecepto
2355 3327 2635 3381 constituta
2659 3327 2758 3390 sit,
2795 3324 3019 3378 hominis
3040 3339 3156 3377 vero
3186 3320 3510 3376 constitutio-

1926 3437 2041 3478 nem
2065 3419 2338 3474 consilium
2369 3417 2626 3488 praecedit
2653 3417 2722 3481 ",
2739 3425 2787 3470 et
2807 3414 3197 3485 praeformatur
3221 3412 3268 3443 “
3295 3411 3359 3466 ab
3381 3409 3512 3464 arti-

1924 3509 2022 3578 ﬁce
2060 3525 2153 3579 per
2195 3507 2404 3564 verbum
2451 3508 2760 3577 scripturae,
2805 3504 2934 3576 quid
2985 3503 3222 3573 futurum
3265 3509 3418 3566 esset,
3459 3507 3509 3554 et

1923 3598 2077 3670 quale
2103 3615 2213 3653 esse
2237 3597 2554 3661 conueniret,
2583 3605 2632 3651 et
2657 3595 2725 3649 ad
2754 3594 2908 3666 quale
2933 3592 3220 3665 principale
3247 3588 3511 3660 exemplar

1924 3691 2318 3747 similitudinem
2345 3688 2524 3758 ferret,
2550 3697 2597 3742 et
2625 3688 2680 3742 in
2719 3702 2821 3757 quo
2846 3685 3012 3754 fieret,
3043 3694 3090 3738 et
3116 3683 3242 3754 quid
3271 3696 3509 3753 operare-

1925 3791 2012 3839 tur
2033 3783 2252 3852 factum,
2280 3790 2327 3835 et
2354 3780 2538 3848 quibus
2557 3780 2949 3832 dominaretur:
2973 3775 3148 3830 omnia
3173 3773 3319 3843 prius
3341 3786 3510 3826 sermo

1927 3875 2298 3944 circumspicit,
2340 3883 2396 3926 ut
2437 3869 2860 3927 venerabiliorem
2899 3865 3248 3938 generationis
3282 3863 3512 3933 dignita-

1928 3977 2052 4033 tem,
2093 3967 2398 4036 priusquam
2432 3963 2486 4016 in
2512 3962 2788 4016 essentiam
2818 3959 3030 4021 veniret,
3068 3958 3176 4027 ipse
3212 3954 3507 4016 sortiretur,

1927 4059 2015 4129 qui
2055 4058 2401 4128 principatum
2438 4069 2642 4116 eorum,
2667 4067 2802 4120 quae
2826 4061 2966 4112 sunt,
2995 4062 3325 4117 possessurus
3351 4045 3504 4114 foret.

1931 4149 2073 4203 Dixit
2097 4149 2255 4212 enim,
2283 4146 2448 4215 inquit
2485 4143 2625 4197 Deus
2649 4157 2667 4194 .·
2696 4141 2976 4194 Faciamus
3000 4140 3255 4194 hominem
3283 4136 3352 4191 ad
3378 4137 3510 4192 ima-

1929 4241 2100 4312 ginem
2129 4248 2360 4292 nostram
2386 4245 2432 4290 et
2464 4234 2875 4298 similitudinem,
2899 4242 2947 4286 et
2971 4232 3267 4285 dominetur
3287 4228 3509 4298 piscium

1930 4331 2112 4395 maris,
2137 4339 2184 4386 et
2210 4329 2493 4384 bestiarum
2519 4338 2710 4389 terrae,
2731 4335 2778 4380 et
2798 4323 3085 4379 volatilium
3115 4320 3263 4384 caeli,
3292 4329 3341 4374 et
3365 4334 3512 4389 peco-

245 4424 328 4468 tas
359 4413 424 4466 ⁸³.
454 4415 590 4470 MAG.
627 4415 896 4472 Fortassis
923 4417 1208 4487 Dionysius
1237 4417 1556 4476 contradicit
1580 4398 1826 4484 Christo,
1856 4451 1906 4511 Ι)
1933 4438 2069 4487 rum,
2097 4430 2144 4476 et
2174 4418 2341 4474 omnis
2376 4427 2566 4470 terrae.
2597 4415 2664 4470 Et
2684 4415 2788 4470 hoc
2817 4414 2864 4468 ei
2894 4413 3076 4467 datum
3105 4419 3234 4511 est,“
3251 4407 3365 4463 sive
3387 4420 3510 4511 pec—

246 4503 340 4576 qni
363 4504 426 4558 de
447 4505 622 4573 seipso
637 4506 926 4574 praedicat,
955 4523 1012 4563 se
1033 4508 1204 4576 ipsum
1218 4509 1498 4564 veritatem
1515 4511 1666 4565 esse?
1681 4512 1823 4566 DISC.

246 4595 424 4650 Absit.
458 4596 594 4652 MAG.
625 4598 920 4667 Utrumque
945 4599 1109 4668 igitur
1129 4613 1315 4654 verum
1338 4609 1440 4666 est,
1465 4600 1607 4657 Deus
1629 4603 1827 4658 veritas

243 4695 351 4751 est,
368 4687 508 4744 Deus
522 4690 720 4752 veritas
735 4707 839 4746 non
853 4699 954 4746 est.
977 4692 1120 4748 Dtsc.
1136 4690 1250 4746 Non
1265 4693 1434 4747 solum
1449 4709 1636 4751 verum
1652 4697 1718 4762 “,
1731 4697 1828 4753 sed

245 4779 409 4832 etiam
425 4780 782 4838 verissimum.
802 4780 978 4838 Unum
993 4782 1210 4852 quidem
1226 4783 1426 4838 dictum
1439 4794 1518 4839 est
1534 4788 1827 4842 secundum

247 4866 656 4925 atlirmationem
687 4871 730 4901 ¹⁵
755 4886 850 4940 per
869 4872 1260 4939 metaphoram,
1289 4872 1541 4941 quoniam
1569 4873 1681 4943 ipse
1702 4889 1830 4930 con-

247 4957 393 5010 ditor
403 4967 485 5014 est
500 4959 542 4987 ¹⁶
557 4967 780 5013 etcausa
800 4958 1160 5028 primordialis
1176 4959 1436 5024 veritatis,
1451 4960 1602 5032 cujus
1615 4977 1680 5030 pa
1690 4962 1831 5017 rtici-

245 5049 466 5119 patione
481 5066 601 5104 vera
623 5060 768 5126 sunt,
784 5065 1152 5122 quaecumque
1166 5066 1289 5106 vera
1305 5061 1450 5119 sunt,
1469 5054 1681 5120 omnia;
1704 5056 1830 5114 alte-

1933 4522 2082 4567 caret
2100 4551 2115 4577 ,
2147 4511 2260 4569 sive
2288 4523 2392 4563 non
2420 4515 2698 4576 peccaret,
2730 4503 2978 4575 quamvis
3006 4517 3110 4556 non
3137 4498 3326 4554 eodem
3353 4494 3513 4551 modo

1933 4610 2164 4672 regeret,
2187 4599 2232 4655 si
2262 4613 2368 4660 non
2397 4603 2666 4670 peccaret,
2691 4608 2799 4663 quo
2822 4591 2979 4660 regit,
3008 4597 3293 4659 postquam
3321 4599 3513 4656 pecca~

1933 4692 2011 4746 vit
2037 4690 2102 4744 ἐ.
2137 4690 2204 4744 Ει
2233 4697 2291 4744 ιιι
2334 4687 2436 4743 hoc
2465 4685 2668 4741 certius
2705 4695 3016 4752 cognoscas,
3046 4693 3174 4734 num
3208 4676 3506 4740 existimas,

1934 4783 2207 4840 hominem
2236 4796 2298 4836 ea
2338 4787 2491 4850 parte
2517 4777 2633 4843 sui,
2674 4790 2779 4846 qua
2805 4775 2872 4828 ad
2903 4773 3190 4844 imaginem
3217 4770 3309 4826 Dei
3340 4769 3514 4825 factus

1935 4882 2038 4939 est,
2066 4870 2265 4926 animal
2290 4883 2432 4933 esse,
2460 4875 2553 4922 aut
2574 4882 2659 4932 ea,
2689 4881 2794 4934 qua
2825 4865 2967 4920 inter
2990 4861 3242 4918 animalia
3267 4860 3334 4916 de
3369 4869 3510 4915 terra

1935 4967 2226 5035 productus
2253 4972 2356 5025 est,
2389 4961 2676 5031 imaginem
2710 4958 2804 5013 Dei
2831 4957 3150 5021 subsistere,
3182 4962 3275 5008 aut
3301 4961 3510 5008 utrum-

1934 5071 2060 5126 que,
2089 5055 2190 5109 hoc
2220 5061 2323 5118 est,
2353 5061 2408 5106 et
2445 5050 2730 5118 imaginem
2761 5056 2816 5104 et
2849 5046 3049 5103 animal
3078 5045 3343 5102 veraciter
3370 5042 3422 5096 in
3448 5055 3514 5095 eo

1517 5205 1774 5264 VARIAE
1834 5206 2230 5266 LECTIONES.

324 5341 337 5370 '
368 5340 504 5392 enim
533 5355 639 5395 om.
673 5338 777 5394 CF.
843 5340 862 5370 '
896 5337 986 5392 Sic
1018 5337 1094 5406 A;
1127 5337 1210 5394 CF
1245 5337 1313 5391 Et
1338 5339 1404 5391 sit
1427 5337 1748 5395 diﬂ‘erentia.

1828 5343 1849 5374 ³
1881 5341 1969 5397 Sic
1993 5339 2168 5404 CF;A
2191 5340 2266 5393 sic
2287 5349 2355 5392 et.
2427 5339 2446 5369 ‘
2473 5338 2517 5394 Δ
2547 5339 2754 5391 recedit.
2823 5338 2843 5368 '
2873 5336 2962 5392 Sic
2989 5334 3104 5398 CF;
3134 5332 3178 5389 A
3208 5337 3524 5402 consequen.’

242 5410 538 5480 pritjalia;
571 5408 592 5439 ⁸
615 5407 707 5480 Sic
725 5407 902 5472 CF;A
927 5398 1175 5480 uidearis.
1251 5407 1272 5440 '
1304 5407 1394 5463 Sic
1409 5407 1530 5480 CF;
1552 5410 1606 5480 7A
1639 5427 1748 5465 esse
1768 5428 1935 5480 posse.
2008 5411 2032 5452 '-
2070 5398 2162 5480 Sic
2187 5407 2305 5480 CF;
2345 5409 2390 5462 Α
2415 5425 2518 5463 non
2539 5425 2682 5480 esse.
2741 5407 2762 5438 ’
2791 5406 2883 5461 Sic
2914 5405 3030 5469 CF;
3068 5404 3278 5480 omnino
3303 5398 3411 5480 0111.
3445 5398 3514 5480 As

246 5482 292 5516 ’θ
337 5478 428 5532 Sic
457 5478 575 5542 CF;
605 5479 650 5532 A
675 5495 851 5547 quam.

931 5478 969 5509 “
995 5493 1092 5548 pro
1126 5477 1262 5548 Deus
1291 5479 1330 5531 Α
1365 5479 1459 5548 ait.

242 5549 340 5603 sed
362 5550 414 5600 in
437 5548 794 5616 afﬁrmatione.
873 5549 916 5577 ”
945 5547 1017 5601 est
1048 5563 1154 5602 om.
1187 5547 1250 5600 A.

1546 5479 1587 5510 “
1634 5480 1679 5533 A
1716 5471 1824 5534 vita
1857 5491 1952 5536 est.
2030 5481 2073 5511 "
2103 5479 2146 5532 A
2174 5471 2374 5534 veritas
2403 5487 2498 5532 est.
2577 5478 2621 5510 “
2657 5478 2699 5532 A
2731 5492 2916 5531 verum
2950 5485 3045 5529 est.
3121 5473 3167 5505 "
3197 5473 3287 5527 Sic
3318 5471 3431 5536 CF;
3473 5475 3515 5524 A

1329 5550 1368 5580 ¹⁷
1396 5547 1485 5602 Sic
1507 5548 1610 5611 CF;
1650 5549 1688 5603 A
1731 5561 1873 5605 sunt.

243 5617 374 5678 CF;
411 5619 449 5671 Α
471 5627 544 5671 est
585 5619 844 5671 conditus.
921 5619 964 5648 ²¹
994 5617 1083 5671 Sic
1109 5617 1232 5682 CF;
1266 5619 1308 5671 A
1342 5617 1621 5682 Quoniam.
1697 5622 1742 5650 ¹¹
1764 5630 1871 5674 tota
1901 5637 2008 5674 om.
2043 5620 2105 5674 A.

1951 5552 1994 5582 ¹⁸
2026 5550 2117 5604 Sic
2153 5549 2271 5611 CF;
2311 5550 2350 5604 A
2381 5548 2716 5601 animalibus.
2797 5547 2838 5577 "
2866 5546 2957 5600 Sic
2981 5543 3098 5608 CF;
3129 5543 3171 5597 Α
3199 5558 3279 5596 eo.
3353 5542 3398 5573 ὀ
3427 5543 3517 5611 Sic

2185 5620 2231 5650 "
2262 5610 2351 5674 Sic
2380 5618 2494 5684 CF;
2530 5628 2735 5687 praeter
2755 5618 3014 5670 hominem
3052 5629 3160 5670 om.
3192 5614 3256 5667 Α.
3333 5611 3378 5643 ’⁵
3425 5610 3522 5666 Sic

245 5686 336 5751 με
364 5729 376 5750 ,
480 5687 758 5757 praeludit.
840 5690 882 5719 ”
908 5688 946 5740 Α
982 5688 1352 5754 performatur.
1433 5688 1477 5720 "
1505 5688 1594 5743 Sic
1622 5689 1726 5754 CF;
1759 5691 1796 5742 Α
1834 5701 2094 5760 peccatur.
