4028 6282
542 331 646 388 759

1880 314 2160 375 JOANNIS
2203 315 2394 371 SCUTI

3707 319 3815 375 760

544 460 648 500 non
668 439 1105 498 esse‘lDtsc.lloc
1122 438 1368 492 ultimum
1385 434 1531 489 nullo
1550 435 1706 488 modo
1723 429 2119 494 aestimarim‘;
2154 427 2198 488 Α
2229 445 2326 500 pro
2363 432 2732 499 experimento
2771 433 2904 487 solet
2945 433 3146 504 accipi,
3191 442 3244 488 et
3286 434 3427 504 quod
3474 443 3683 489 certum
3739 445 3822 489 est

545 541 680 592 haec
703 535 846 590 enim
871 532 1163 589 simulesse
1183 531 1234 582 in
1259 529 1474 582 homine
1496 542 1620 580 vera
1637 525 1774 579 ratio
1789 522 2120 592 comprobat.

542 627 674 684 illud
703 639 851 688 vero,
879 624 980 677 hoc
1001 631 1084 676 est
1106 620 1394 690 imaginem
1419 619 1469 671 in
1501 615 1715 671 animali
1747 623 1802 668 et
1827 613 2045 677 animal,
2073 612 2125 664 in

545 719 780 787 imagine
801 714 1020 769 omnino
1058 709 1300 781 negarim
1323 710 1367 773 ’,
1401 709 1442 762 si
1469 723 1554 761 me
1583 721 1686 760 non
1719 711 1960 759 moveret
1983 700 2128 769 quod

546 809 599 862 in
618 804 988 878 superioribus
1008 803 1029 834 ³
1055 818 1085 855 a
1110 809 1159 855 te
1174 800 1450 855 deﬁnitum
1472 807 1573 860 est,
1591 797 1863 851 hominem
1880 793 2131 848 videlicet

545 901 599 954 in
624 899 800 970 seipso
823 896 1018 964 ubique
1043 902 1212 954 totum
1234 906 1383 954 esse;
1411 905 1473 944 ex
1497 904 1603 958 quo
1625 891 1782 942 datur
1807 885 2046 956 intelligi,
2071 892 2129 938 ut

544 989 762 1059 opinor,
783 996 837 1041 et
867 993 1033 1039 totam
1059 983 1345 1052 imaginem
1377 979 1428 1032 in
1456 988 1567 1032 toto
1588 976 1840 1040 animali,
1873 984 1929 1029 et
1957 985 2128 1029 totum

547 1077 746 1133 animal
764 1078 816 1130 in
840 1085 948 1129 tota
970 1073 1200 1144 imagine
1219 1086 1314 1141 per
1341 1079 1508 1124 totum
1532 1069 1800 1122 hominem
1815 1067 2124 1122 subsistere.

548 1167 688 1222 Msa.
725 1165 911 1229 Miror,
949 1179 1046 1217 cur
1075 1171 1126 1216 te
1155 1161 1280 1214 talia
1314 1168 1589 1214 moverent
1610 1157 1650 1222 ³,
1681 1173 1801 1212 cum
1831 1157 2038 1220 videas,
2077 1156 2130 1209 in

548 1258 654 1311 hoc
721 1257 954 1310 maxime
1001 1253 1288 1322 imaginem
1355 1260 1410 1303 et
1452 1249 1856 1304 similitudinem
1920 1247 2012 1301 Dei
2077 1247 2130 1300 in

549 1347 784 1402 humana
850 1353 1041 1398 natura
1105 1355 1261 1412 posse
1325 1339 1601 1408 cognosci.
1663 1335 1731 1391 Ut
1786 1337 1929 1391 enim
1991 1335 2133 1388 Deus

549 1447 605 1492 et
649 1451 809 1506 supra
854 1435 1035 1490 omnia
1083 1441 1137 1488 et
1174 1433 1227 1486 in
1264 1431 1516 1486 omnibus
1559 1435 1674 1493 est,
1720 1429 1836 1497 ipse
1868 1425 2131 1495 siquidem

550 1530 782 1585 essentia
824 1528 1061 1584 onmium
1089 1533 1205 1589 est,
1243 1524 1333 1594 qui
1374 1537 1498 1577 vere
1532 1522 1679 1576 solus
1701 1529 1820 1583 est,
1852 1529 2051 1573 etcum
2079 1518 2132 1570 in

551 1617 804 1673 omnibus
835 1615 1076 1669 totus.sit
1111 1614 1154 1679 ⁵,
1184 1623 1335 1668 extra
1381 1611 1561 1666 omnia
1592 1618 1736 1664 totus
1761 1623 1881 1664 esse
1904 1623 2010 1662 non
2038 1607 2132 1660 de-

552 1709 710 1770 sinit,
746 1716 890 1761 totus
921 1706 971 1759 in
1001 1705 1220 1769 mundo,
1255 1713 1398 1758 totus
1422 1703 1564 1758 circa
1597 1701 1876 1763 mundum,
1908 1706 2052 1752 totus
2080 1698 2133 1750 in

552 1806 798 1852 creatura
828 1794 1090 1860 sensibili,
1123 1795 1174 1848 in
1205 1792 1523 1864 intelligibili
1550 1800 1727 1855 totus,
1751 1797 1895 1844 totus
1919 1788 2135 1842 univer-
2164 1777 2214 1838 B

552 1888 766 1942 sitatem
818 1886 943 1942 facit
971 1885 1024 1950 ⁸,
1065 1886 1116 1940 in
1145 1884 1495 1939 universitate
1540 1891 1683 1938 totus
1712 1881 1730 1912 ⁷
1784 1879 1877 1944 lit,
1921 1879 1975 1932 in
2024 1886 2136 1932 toto

553 1977 925 2034 universitatis
979 1985 1162 2040 totus,
1219 1976 1272 2030 in
1319 1973 1562 2043 partibus
1611 1972 1728 2040 ejus
1780 1977 1956 2034 totus,
2010 1968 2135 2038 quia

555 2069 669 2138 ipse
718 2077 800 2122 est
854 2076 909 2121 et
958 2076 1126 2122 totum
1178 2077 1234 2120 et
1285 2080 1447 2136 pars,
1496 2072 1552 2118 et
1592 2077 1767 2132 neque
1822 2070 1992 2116 totum
2047 2072 2138 2112 ne-

555 2172 662 2228 que
703 2171 868 2226 pars:
918 2155 990 2209 ita
1035 2155 1265 2213 humana
1306 2163 1496 2208 natura
1550 2153 1603 2206 in
1652 2151 1852 2204 mundo
1902 2164 2033 2212 suo,
2087 2149 2139 2201 in

557 2248 915 2301 universitate
941 2259 1037 2298 sua
1057 2285 1071 2308 ,
1099 2245 1152 2298 in
1191 2245 1434 2312 partibus
1460 2244 1571 2298 suis
1600 2243 1622 2274 ⁸
1650 2241 1952 2296 visibilibus
1981 2248 2036 2294 et
2064 2239 2142 2293 in-

556 2339 858 2392 visibilihus
881 2345 991 2391 tota
1023 2337 1075 2390 in
1107 2337 1281 2406 seipsa
1311 2345 1422 2400 est,
1455 2347 1508 2391 et
1538 2337 1590 2389 in
1627 2344 1740 2390 toto
1769 2349 1866 2388 suo
1899 2340 2007 2388 tota
2036 2341 2140 2398 est,

558 2437 612 2484 et
641 2430 693 2483 in
720 2428 959 2497 partibus
999 2428 1112 2482 suis
1154 2436 1267 2482 tota
1290 2467 1304 2491 ,
1345 2437 1634 2497 partesque
1661 2424 1682 2456 ’
1711 2423 1829 2493 ejus
1867 2423 1921 2477 in
1953 2423 2144 2492 seipsis

559 2528 736 2584 totae,
763 2528 818 2573 et
844 2519 897 2572 in
927 2527 1037 2573 toto
1065 2525 1223 2572 totae.
1261 2516 1393 2570 Nam
1427 2525 1479 2572 et
1521 2525 1761 2570 extrema
1798 2527 1925 2583 pars
1953 2511 2066 2580 ejus
2092 2521 2148 2566 et

558 2611 839 2675 vilissima,
871 2625 1067 2680 corpus
1095 2610 1238 2676 dico,
1271 2609 1561 2664 secundum
1599 2608 1838 2662 rationes
1878 2621 2004 2661 suas
2036 2614 2143 2658 tota

559 2708 642 2756 est
685 2699 737 2754 in
782 2708 894 2755 toto
935 2700 1182 2764 homine,
1225 2699 1478 2768 quoniam
1523 2712 1750 2767 corpus,
1797 2697 1849 2749 in
1885 2705 2145 2765 quantum

559 2805 686 2846 vere
714 2807 912 2862 corpus
933 2800 1016 2846 est
1036 2833 1050 2858 ,
1081 2793 1132 2846 in
1163 2792 1464 2847 rationibus
1494 2791 1606 2845 suis
1631 2789 1897 2852 subsistit,
1928 2802 2068 2858 quae
2095 2789 2145 2842 in

559 2883 731 2954 prima
763 2885 1072 2940 conditione
1117 2884 1290 2939 factae
1325 2891 1483 2948 sunt,
1526 2891 1580 2938 et
1617 2897 1736 2937 cum
1777 2881 2044 2949 in'seipsa
2074 2881 2145 2934 ita

561 2975 652 3037 sit,
679 2974 912 3029 humana
944 2975 1193 3030 videlicet
1220 2983 1411 3029 natura
1439 2973 1504 3039 ὀ,
1537 2981 1705 3027 totum
1733 2987 1888 3027 suum
1914 2970 2144 3026 excedit.

561 3065 677 3120 Non
705 3063 846 3119 enim
887 3066 1042 3120 aliter
1075 3065 1339 3121 conditori
1381 3079 1479 3120 suo
1513 3065 1811 3120 adhaerere
1849 3071 2059 3132 posset,
2101 3061 2147 3116 si

561 3156 741 3212 omnia
762 3197 776 3221 ,
806 3170 942 3225 quae
968 3155 1068 3210 sub
1098 3157 1212 3225 ipsa
1242 3157 1282 3187 ιι
1312 3165 1465 3222 sunt,
1503 3165 1558 3210 et
1595 3156 1824 3225 seipsam
1855 3168 1960 3208 non
1989 3167 2146 3209 exce-

565 3247 736 3311 deret,
761 3247 1016 3315 quoniam
1040 3247 1177 3300 inter
1197 3258 1416 3300 mentem
1443 3257 1694 3312 nostram,
1721 3254 1779 3299 ut
1803 3245 1881 3300 ait
1903 3245 2148 3315 Augusti-

564 3351 690 3400 nus,
716 3352 818 3404 qtta
853 3334 1064 3388 Patrem
1089 3335 1444 3405 intelligimus,
1477 3346 1523 3389 et
1551 3337 1835 3399 veritatem,
1876 3353 1967 3406 per
1991 3354 2146 3408 quant

564 3424 732 3492 ipsum
779 3423 1149 3493 intelligimus,
1203 3424 1350 3477 nulla
1397 3426 1702 3495 interposita
1753 3438 1996 3481 creatura
2051 3438 2146 3482 est.

567 3511 720 3578 Quod
749 3512 912 3566 etiam
943 3512 1056 3581 ipse
1095 3513 1414 3584 AreOpagita
1434 3555 1448 3579 ,
1480 3515 1790 3586 Dionysium
1832 3517 1954 3572 dico
1983 3518 2059 3582 ",
2095 3519 2148 3572 in

567 3601 864 3672 symbolica
895 3602 1158 3673 theologia
1192 3605 1416 3673 pulchre
1455 3604 1613 3659 docet
1641 3606 1827 3661 dicens
1859 3621 1873 3660 :
1906 3607 1950 3662 0
1986 3610 2150 3664 amice

573 3691 871 3757 Timothee,
916 3693 1056 3746 circa
1109 3694 1353 3762 mysticus
1396 3694 1770 3764 speculationes
1819 3697 2150 3750 corroborata

568 3781 754 3835 itinere
782 3781 825 3812 ³³
849 3791 896 3834 et
923 3798 1104 3836 sensus
1132 3783 1308 3836 desere
1343 3784 1408 3849 “,
1431 3794 1476 3837 et
1507 3785 1878 3840 intellectuales
1895 3789 2152 3856 operatio-

571 3888 682 3937 nes,
708 3881 756 3925 et
782 3873 1046 3927 sensibilia
1074 3884 1121 3927 et
1148 3873 1450 3940 invisibilia,
1474 3885 1520 3928 et
1549 3893 1697 3929 omne
1721 3893 1822 3930 non
1854 3894 1945 3932 ens
1972 3888 2019 3933 et
2039 3895 2151 3943 ens,

571 3970 619 4017 et
643 3962 711 4015 ad
735 3962 984 4016 unitatem
1003 4001 1019 4028 ,
1062 3972 1115 4016 ut
1139 3965 1382 4034 possibile
1401 4005 1416 4031 ,
1447 3966 1642 4020 inscius
1675 3969 1942 4023 restituere
1970 3971 2151 4038 ipsius,

568 4053 658 4123 qui
679 4062 752 4107 est
777 4070 932 4123 super
958 4053 1001 4084 ¹⁸
1024 4071 1222 4108 onmem
1245 4057 1520 4109 essentiam
1541 4067 1587 4110 et
1608 4058 1914 4124 scientiam;
1936 4076 1996 4113 ea
2017 4061 2152 4114 enim

570 4145 730 4214 teipso
768 4155 815 4199 et
852 4147 1088 4200 omnibus
1134 4148 1547 4202 intmcnsurabili
1593 4160 1640 4203 et
1686 4151 1922 4206 absoluto
1969 4155 2155 4208 mentis

570 4253 819 4302 excessu,
861 4240 932 4291 ad
969 4239 1453 4307 superessentialem
1493 4241 1789 4296 divinarum
1827 4245 2154 4299 tenebrarum

571 4326 812 4390 radiant,
845 4327 1020 4381 omnia
1060 4327 1299 4382 deserens
1327 4339 1374 4382 et
1418 4333 1481 4382 ab
1506 4332 1741 4386 omnibus
1776 4333 2042 4388 absolutus
2071 4352 2156 4389 as-

570 4415 776 4468 cendes.
830 4415 897 4468 Et
955 4416 1008 4468 itt
1053 4415 1345 4486 Evangelio
1388 4420 1645 4473 Dominus
1676 4423 1751 4475 ait
1790 4423 1874 4476 ¹⁶ε
1922 4422 2020 4476 Ubi
2062 4442 2153 4494 ego

571 4520 715 4564 sum,
762 4505 869 4558 illic
910 4517 956 4559 et
996 4507 1227 4560 minister
1265 4525 1439 4574 meus;
1483 4521 1565 4565 est
1593 4521 1772 4568 autem
1803 4513 1892 4569 ille
1918 4491 2149 4584 super—‘7
2181 4491 2231 4552 D

572 4591 776 4648 omnia.
803 4592 896 4648 Est
927 4595 1089 4664 igitur
1108 4595 1183 4650 illi
1205 4597 1508 4653 adhaerens
1532 4599 1693 4656 homo
1718 4616 1882 4673 super
1906 4605 1951 4638 ¹⁸
1973 4607 2153 4662 omnia

573 4691 629 4738 et
670 4699 830 4754 super
873 4686 914 4716 "
961 4688 1226 4758 seipsmn,
1265 4700 1528 4760 quantum
1569 4693 1624 4748 in
1659 4695 1910 4752 omnibus
1949 4708 2050 4753 est.
2091 4701 2156 4754 Et

575 4777 822 4843 quamvis
857 4777 1091 4833 humana
1130 4791 1320 4836 natura
1342 4825 1356 4849 ,
1393 4783 1518 4839 dum
1560 4785 1613 4840 in
1661 4786 1763 4843 hac
1798 4788 1904 4843 vita
1939 4793 2152 4846 mortali

573 4876 860 4933 versatur,
897 4871 1194 4927 adhaerere
1237 4873 1346 4928 Deo
1388 4872 1561 4944 reipsa
1594 4877 1638 4909 ⁸ο
1680 4893 1787 4933 non
1827 4881 2026 4949 possit,
2066 4898 2153 4936 ve-

573 4969 898 5026 rumtamen,
920 4961 1170 5030 quoniam
1196 4965 1444 5032 possibile
1466 4976 1549 5021 est
1569 4967 1618 5022 ei
1639 4978 1692 5022 et
1707 4971 1968 5035 naturale,
1991 4971 2158 5027 Crea-

575 5055 676 5108 tori
704 5069 804 5110 suo
829 5057 1144 5122 adhaerere,
1166 5058 1282 5126 ejus
1307 5059 1500 5129 gratia,
1529 5063 1613 5116 cui
1647 5062 1927 5130 adhaeret,
1959 5066 2156 5120 adhae-

573 5161 696 5202 rere
733 5163 836 5202 non
875 5149 1171 5220 incongrue
1201 5152 1416 5206 dicitur.
1449 5150 1622 5222 Saepe
1658 5153 1800 5209 enim
1827 5156 2154 5224 possibilitas

2230 522 2554 591 quandoque
2586 521 2720 587 fore,
2743 538 2841 592 pro
2866 526 3140 594 praesenti
3168 525 3465 594 computari
3496 526 3660 579 etiam
3688 540 3821 594 per—

2228 621 2350 666 acto
2386 614 2453 666 ’⁸.
2490 613 2553 665 Et
2587 613 2715 682 quid
2747 615 2880 678 dixi,
2912 615 2964 667 in
3004 614 3207 669 mundo
3233 630 3351 678 suo,
3381 614 3432 667 in
3459 615 3824 669 universitate

2227 718 2346 767 sua,
2369 718 2490 757 cum
2517 703 2756 773 apertius
2774 705 3164 772 pronuntiarim
3192 706 3238 735 "
3262 705 3314 758 itt
3339 706 3593 759 universo
3614 706 3826 760 mundo

2227 792 2423 847 visiliili
2463 802 2515 846 et
2562 793 2867 848 invisibili?
2911 793 3153 848 Humana
3207 794 3470 864 siquidem
3515 804 3719 848 natura
3773 797 3824 848 in

2228 885 2580 940 universitate
2596 884 2755 939 totius
2769 885 3016 940 conditae
3028 895 3252 939 naturae
3268 893 3374 939 tota
3391 895 3495 950 est,
3511 885 3826 954 quoniam"

2230 974 2283 1029 in
2325 975 2438 1044 ipsa
2466 975 2642 1030 omnis
2682 984 2932 1030 creatura
2972 975 3263 1028 constituta
3294 983 3376 1029 est
3399 1015 3413 1040 ,
3444 983 3499 1028 et
3530 974 3577 1005 “
3604 975 3659 1028 in
3709 975 3826 1045 ipsa

2229 1065 2474 1135 cepulata
2524 1074 2635 1129 est,
2677 1075 2729 1120 et
2767 1067 2819 1118 in
2861 1066 3032 1135 ipsum
3079 1080 3390 1133 reversura,
3418 1074 3472 1120 et
3507 1080 3606 1135 per
3642 1067 3826 1136 ipsum

2231 1156 2505 1211 salvanda.
2536 1156 2668 1210 Audi
2698 1155 3008 1211 Creatorem
3041 1155 3210 1225 ipsius
3237 1156 3502 1212 dicentem
3545 1174 3558 1209 :
3595 1155 3826 1209 Praedi-

2233 1259 2344 1302 cate
2383 1248 2720 1318 Evangelium
2768 1249 2908 1302 omni
2951 1258 3257 1313 creaturae;
3298 1249 3500 1304 homini
3553 1249 3826 1318 profecto.
3855 1257 3872 1274 '

2233 1340 2306 1393 lbi
2336 1338 2657 1402 intellectus,
2701 1339 2772 1393 ibi
2819 1339 2978 1404 ratio,
3016 1339 3086 1393 ihi
3125 1354 3317 1394 sensus
3345 1341 3412 1406 ι’,
3444 1340 3513 1394 ibi
3540 1340 3830 1396 seminalis

2233 1429 2362 1491 vita,
2388 1428 2460 1482 ibi
2487 1442 2704 1497 corpus,
2728 1444 2832 1484 non
2861 1430 2964 1484 hoc
2990 1430 3337 1498 corruptibile
3364 1440 3487 1501 post
3512 1441 3828 1501 peccatum,

2235 1519 2328 1573 sed
2363 1518 2490 1572 illud
2517 1528 2643 1572 ante
2679 1519 2959 1584 delictum;
2991 1535 3097 1574 non
3137 1520 3240 1575 hoc
3269 1521 3628 1590 compositum
3665 1531 3829 1590 atque

2236 1610 2496 1676 solubile,
2527 1613 2621 1666 sed
2652 1610 2779 1666 illud
2817 1611 3042 1680 simplex
3090 1621 3143 1667 et
3183 1612 3548 1677 individuum;
3585 1628 3698 1666 non
3731 1614 3829 1667 hoc

2237 1701 2471 1756 animale
2498 1710 2552 1756 et
2580 1709 2874 1766 terrenum,
2905 1702 2998 1756 sed
3027 1701 3152 1756 illud
3184 1701 3460 1771 spirituale
3485 1710 3539 1756 ct
3568 1701 3826 1766 caeleste,

2242 1813 2346 1852 non
2384 1799 2486 1852 hoc
2522 1811 2588 1851 ex
2623 1796 2820 1866 duplici
2866 1811 2997 1851 sexu
3042 1795 3088 1829 “
3116 1809 3212 1866 per
3263 1793 3508 1849 carnales
3547 1808 3829 1848 connexus

2241 1889 2538 1945 seminibus
2563 1887 2823 1957 genitum,
2853 1887 2948 1942 sed
2978 1885 3107 1941 illud
3135 1901 3201 1941 ex
3226 1884 3572 1955 simplicitate
3601 1893 3828 1939 naturae.

2240 1989 2365 2035 ante
2387 1977 2902 2049 praevaricationem
2926 1976 3245 2048 productum
3269 1974 3394 2029 etin
3424 1975 3828 2028 resurrectione

2241 2074 2500 2137 futurum;
2525 2087 2633 2126 non
2655 2071 2758 2126 hoc
2779 2083 3039 2138 corporeo
3062 2067 3240 2122 sensui
3258 2065 3556 2136 cognitum,
3579 2065 3678 2118 sed
3702 2062 3828 2116 illud

2243 2165 2294 2218 in
2327 2171 2537 2218 secreto
2567 2147 2800 2216 naturae.
2827 2159 3002 2214 adhuc
3043 2155 3345 2217 occultum;
3381 2171 3485 2209 non
3515 2155 3621 2208 hoc
3643 2195 3659 2219 ,
3693 2152 3828 2223 quod

2244 2254 2438 2308 merito
2469 2251 2676 2322 peccati
2708 2248 3134 2320 superadditum,
3167 2244 3258 2300 sed
3293 2245 3443 2309 illud,
3473 2243 3618 2314 quod
3652 2244 3830 2296 incor-

2244 2354 2434 2416 ruptae
2464 2344 2638 2398 adhuc
2671 2349 2894 2395 naturae
2922 2346 3037 2394 erat
3079 2337 3335 2400 insitum,
3375 2343 3431 2389 et
3468 2335 3521 2388 in
3555 2333 3706 2404 quod
3735 2333 3828 2386 hoc

2245 2432 2594 2504 corruptibile
2625 2441 2680 2486 et
2707 2428 2934 2484 mortale
2972 2441 3341 2483 reversurum.
3381 2423 3718 2489 Seminatur,
3751 2425 3827 2476 in-

2244 2525 2361 2596 quit
2390 2521 2702 2594 Apostolus,
2736 2521 2838 2575 hoc
2873 2527 2974 2584 est,
3009 2519 3075 2573 de
3113 2517 3318 2572 semine
3346 2515 3590 2569 nascitur
3630 2516 3688 2568 in
3721 2532 3832 2567 cor-

2245 2615 2502 2684 ruptione,
2545 2623 2715 2682 surget
2758 2611 2810 2665 in
2854 2611 3057 2664 virtute.
3109 2609 3163 2662 ln
3204 2607 3345 2676 qttali
3384 2607 3627 2660 virtute?
3669 2606 3833 2676 Ipsius

2245 2704 2494 2762 videlicet
2516 2702 2793 2771 corporis,
2822 2700 2964 2770 quod
3003 2699 3153 2768 prius
3180 2695 3498 2752 naturaliter
3525 2706 3608 2750 est
3645 2695 3830 2750 condi-

2248 2804 2379 2849 tum.
2408 2792 2713 2848 Seminatur
2734 2791 2788 2844 in
2814 2787 3142 2850 contumelia,
3163 2795 3341 2856 surget
3363 2787 3417 2838 in
3446 2784 3655 2856 g'oria;
3687 2784 3835 2838 semi-

2249 2895 2406 2939 natur
2431 2899 2617 2952 corpus
2646 2879 2892 2943 animale,
2924 2887 3098 2948 surget
3125 2893 3312 2946 corpus
3337 2873 3634 2944 spirituale.
3667 2872 3836 2927 Omne

2247 2976 2544 3048 siquidem,
2578 2975 2721 3044 quod
2762 2972 3081 3027 naturaliter
3120 2972 3171 3024 in
3211 2968 3431 3024 homine
3455 2975 3539 3022 est
3565 2976 3833 3026 creatum,

2250 3067 2559 3124 necessario
2589 3063 2936 3120 aeternaliter
2961 3070 3143 3116 manet
3169 3061 3434 3130 integrum
3464 3065 3630 3127 atque
3655 3057 3833 3111 incor-

2175 3131 2218 3193 Ο
2252 3168 2488 3230 ruptum.
2514 3157 2630 3211 Non
2654 3155 2796 3210 enim
2820 3155 3033 3209 divinae
3057 3152 3298 3222 justitiae
3320 3159 3402 3205 est
3423 3151 3623 3215 visum,
3656 3165 3723 3205 ex
3754 3163 3830 3206 eo.

2249 3251 2390 3322 quod
2416 3248 2562 3313 fecit,
2582 3247 2872 3316 quidquam
2894 3247 3092 3316 perire,
3116 3244 3432 3315 praesertim
3450 3257 3573 3298 cum
3591 3259 3702 3298 non
3727 3242 3833 3311 ipsa

2249 3351 2442 3399 natura
2462 3338 2787 3412 peccaverit,
2804 3335 2896 3392 sed
2919 3351 3170 3406 perversa
3192 3335 3461 3397 voluntas,
3485 3346 3627 3403 quae
3650 3341 3832 3387 contra

2250 3441 2503 3490 naturam
2523 3426 2899 3484 rationabilem
2923 3424 3368 3480 irrationabiliter
3389 3431 3655 3477 movetur.
3675 3421 3835 3491 Cujus

2250 3523 2329 3579 rei
2360 3521 2652 3576 maximum
2691 3525 2774 3574 est
2813 3524 3208 3588 argumentum.
3244 3513 3300 3569 Si
3343 3512 3669 3567 naturaliter
3703 3512 3835 3565 inest

2252 3611 2453 3668 homini
2488 3610 2677 3665 mortis
2701 3608 2908 3674 odium,
2939 3607 3206 3676 quomodo
3243 3605 3294 3659 in
3325 3605 3449 3660 odio
3477 3619 3582 3657 non
3616 3604 3834 3657 haberet

2252 3701 2570 3758 naturaliter
2607 3699 2798 3756 mortis
2836 3712 3055 3754 causam
3077 3737 3091 3760 ,
3122 3702 3400 3766 peccatum
3428 3693 3594 3748 dico?
3634 3693 3705 3746 Et
3740 3693 3832 3746 hoc

2253 3805 2538 3850 commune
2564 3789 2813 3844 omnibus
2855 3786 3177 3841 animalibus
3201 3795 3316 3851 est,
3349 3791 3575 3838 mortem
3613 3782 3832 3836 mortis-

2253 3897 2358 3954 que
2378 3896 2569 3936 causas
2591 3879 2829 3934 devitarc
2853 3887 2908 3932 et
2933 3877 3141 3932 timere.
3167 3875 3239 3932 Ut
3259 3890 3386 3946 ergo
3413 3873 3589 3928 nullus
3620 3873 3834 3942 sapiens

2254 3974 2369 4028 vult
2411 3985 2653 4028 errorem
2698 3970 3005 4032 incurrere,
3043 3967 3117 4021 ita
3159 3966 3390 4020 humana
3435 3974 3628 4018 natura
3671 3962 3832 4017 noluit

2255 4078 2503 4135 peccare,
2528 4077 2590 4115 ac
2618 4076 2716 4131 per
2744 4059 2846 4114 hoc
2880 4059 3126 4114 conditor
3169 4057 3510 4127 ipsius,.dum
3543 4055 3610 4110 sit
3637 4055 3833 4124 justus.

2257 4153 2430 4211 noluit
2457 4166 2574 4205 eam
2611 4149 2835 4220 punire,
2864 4147 3031 4204 voluit
3057 4157 3234 4202 autem
3279 4147 3328 4201 ei
3369 4145 3759 4216 superaddere,
3789 4145 3833 4196 in

2257 4259 2366 4316 quo
2392 4249 2573 4314 posset
2603 4239 2878 4302 delictum,
2919 4240 3061 4309 quod
3105 4255 3169 4292 ex
3200 4251 3450 4308 perversa
3477 4235 3761 4290 voluntate
3787 4245 3836 4288 et

2258 4334 2517 4403 suadente
2548 4338 2799 4400 serpente
2828 4328 3118 4392 acciderat,
3151 4343 3218 4382 nc
3251 4341 3462 4397 semper
3490 4325 3539 4382 ei
3569 4326 3834 4380 adhaere-

2260 4432 2364 4488 ret,
2401 4419 2638 4492 purgari.
2679 4417 2878 4473 Natura
2921 4419 3186 4487 siquidem
3226 4417 3504 4472 rationalis
3541 4425 3596 4470 et
3626 4416 3836 4471 intelleo

2258 4511 2486 4574 etualis,
2529 4509 2776 4580 quamvis
2819 4508 2991 4564 noluit
3027 4507 3159 4574 falli,
3200 4508 3373 4578 potuit
3418 4515 3597 4561 tamen
3643 4507 3835 4576 decipi.

2258 4603 2576 4673 praesertim
2603 4617 2728 4657 cum
2764 4601 2998 4656 nondum
3029 4601 3368 4655 formationis
3394 4614 3523 4654 suae
3551 4598 3838 4669 perfectio-

2258 4710 2381 4751 nem
2412 4693 2699 4762 acceperit,
2731 4708 2892 4762 quam
2921 4691 3116 4746 merito
3144 4691 3480 4746 obedientiae
3507 4699 3656 4745 esset
3683 4703 3837 4745 acce—

2257 4798 2415 4858 ptura
2447 4787 2501 4842 in
2532 4787 2769 4858 theosin,
2793 4785 3190 4840 deilieationem
3217 4785 3357 4848 dico,
3385 4782 3837 4838 transformanda.

2259 4880 2376 4936 Non
2405 4893 2534 4950 ergo
2563 4877 2821 4932 debemus
2861 4877 2926 4930 de
2963 4875 3193 4929 humana
3226 4885 3416 4929 natura
3447 4875 3718 4945 judicare,
3755 4888 3838 4928 sc-

2262 4971 2496 5028 cundum
2525 4968 2666 5038 quod
2697 4967 2972 5035 corporeis
3001 4966 3248 5021 sensibus
3276 4974 3518 5034 apparet,
3549 4976 3603 5019 ct
3647 4967 3840 5019 merito

2259 5059 2742 5134 praevaricationis
2767 5057 3068 5126 poenaliter
3092 5058 3157 5110 ad
3188 5056 3590 5112 similitudinem
3625 5056 3842 5109 irratio-

2261 5156 2524 5213 nabilium
2572 5151 2887 5208 animalium
2916 5166 3012 5222 per
3051 5152 3296 5219 copulam
3354 5165 3578 5203 sexuum
3637 5149 3689 5202 in
3742 5148 3842 5201 hoc

1870 5287 2120 5346 vanus
2155 5286 2558 5348 LECTIONES.
2613 5270 2618 5274 ’

648 5398 666 5468 f
715 5395 806 5452 Sic
860 5395 932 5452 LP
962 5395 1091 5468 ,VAV
1116 5362 1282 5450 nullo-
1310 5395 1740 5468 modq_dubium
1777 5409 1973 5468 oportet
2028 5402 2320 5456 aestimari.

575 5466 700 5532 CF;
754 5467 794 5520 A
836 5467 1116 5536 superiori.
1211 5467 1230 5497 ⁸
1265 5467 1356 5521 Sic
1396 5465 1548 5520 ACF.

576 5553 685 5590 om.
709 5538 772 5592 A.
865 5539 886 5571 ⁸
918 5537 1009 5591 Sic
1038 5536 1154 5600 CF;
1182 5537 1223 5590 A
1253 5549 1444 5606 partes.

577 5607 886 5678 Dionysium
913 5608 1030 5678 dico
1060 5622 1167 5661 om.
1198 5608 1261 5662 Α.
1342 5608 1384 5638 ¹³
1416 5607 1456 5659 Α
1491 5624 1694 5662 canere.

575 5677 750 5734 dicens
774 5680 866 5732 ait.
944 5679 983 5708 ⁸⁷
1019 5677 1061 5708 ⁸⁸
1099 5679 1138 5711 ¹⁹
1170 5679 1210 5729 Α
1240 5695 1418 5747 supra.

578 5747 710 5814 ipsa.
786 5748 833 5791 ³⁸
873 5747 960 5804 Sic
986 5747 1103 5813 CF;
1140 5749 1176 5801 A
1207 5749 1472 5816 quoniam.

1660 5467 1680 5498 ⁸
1730 5467 1769 5521 Δ
1811 5467 1916 5522 sic.

1774 5608 1816 5641 ¹’⁵
1847 5609 1887 5662 Α
1908 5610 2160 5664 deserere.

1515 5679 1558 5710 ’°
1584 5678 1624 5731 Α
1651 5695 1704 5731 sc
1725 5678 1856 5747 ipsa.

1553 5538 1593 5567 ¹⁰
1638 5537 1726 5591 Sic
1774 5537 1892 5598 CF;
1947 5541 2178 5594 humana
2229 5541 2459 5595 videlicet
2514 5537 2704 5592 natura
2758 5553 2868 5590 om.
2921 5537 2982 5588 Α.

1556 5624 1694 5662 nere.
1774 5608 1816 5641 ¹’⁵
1847 5609 2160 5664 Atleserere.
2239 5612 2282 5642 ¹⁵
2320 5612 2362 5664 Α
2391 5626 2569 5664 aratra.
2667 5607 2709 5638 "
2753 5607 2842 5661 Sic
2868 5606 2982 5664 CF:

1933 5626 2160 5664 reserere.
2240 5626 2282 5642 ιν
2320 5626 2362 5664 Α
2391 5626 2569 5679 sttpra.

1933 5683 1973 5710 “
2008 5681 2091 5735 Sit
2127 5679 2250 5747 CF;
2283 5682 2323 5734 li
2350 5697 2443 5750 pro
2473 5689 2606 5750 acto.

1551 5749 1594 5778 "‘
1625 5749 1712 5804 Sic
1743 5747 1860 5816 Cl";
1895 5751 1963 5804 ibi
1991 5767 2172 5806 sensus
2205 5747 2397 5808 0111.55.

2432 5402 2453 5432 ²
2497 5398 2595 5454 Sic
2651 5397 2764 5462 CF;
2824 5397 2866 5450 A
2921 5396 3143 5451 omnino
3193 5413 3293 5450 non
3342 5412 3604 5466 negarem.
3702 5395 3840 5449 ’Sie

2042 5473 2062 5501 ⁸
2102 5473 2487 5526 universitatem
2548 5469 2673 5538 facit
2723 5483 2832 5521 om.
2867 5468 2932 5520 A.
3061 5467 3080 5496 "
3127 5476 3265 5519 totus
3315 5482 3423 5520 om.
3479 5467 3540 5518 A.
3671 5467 3691 5495 ⁸
3730 5469 3840 5518 suis

2042 5557 2178 5594 naua
2229 5541 2459 5595 videlicet
2514 5548 2704 5592 natura
2758 5553 2868 5590 om.
2921 5537 2982 5588 Α.
3117 5537 3154 5566 ¹¹
3205 5537 3244 5588 Α
3290 5540 3418 5598 ipso.
3532 5537 3570 5567 "
3603 5535 3692 5589 Sic
3721 5535 3838 5596 CF;

2667 5607 2709 5638 "
2753 5607 2842 5661 Sic
2868 5606 2950 5661 CF
2973 5623 2984 5668 ;
3012 5606 3051 5658 Α
3077 5615 3130 5659 ει
3157 5606 3407 5659 Dominus
3454 5605 3508 5658 in
3555 5604 3842 5674 Evangelia

2684 5679 2726 5708 "
2757 5676 2845 5732 Sic
2877 5677 2982 5738 (JF;
3011 5678 3046 5728 A
3079 5677 3490 5744 pronuntiarem.
3568 5674 3614 5708 ”
3641 5675 3682 5728 Α
3709 5687 3757 5730 et
3790 5676 3839 5727 in

2479 5750 2521 5781 "‘
2551 5748 2640 5805 Sic
2671 5747 2781 5819 ων
2825 5747 2858 5799 ’l
2895 5748 3064 5816 ﬂuxu.
