4028 6282
249 330 346 398 701

1055 338 1145 395 DE
1180 335 1520 395 DIVISIONE
1557 336 1907 395 NA'IURAE.
1946 370 2015 380 -—
2049 291 2248 396 LIBER
2289 338 2639 410 QUARTUS.

3415 337 3524 395 762

248 451 448 508 mundo
468 448 1092 528 nasciturtemporaliter
1111 449 1659 522 corruptibiliterque,
1675 450 1829 520 cujus
1856 455 1903 514 Α
1932 451 2024 517 cit,
2065 453 2208 522 quod
2229 453 2280 507 in
2302 453 2405 507 hoc
2433 452 2600 508 homo
2641 449 2876 507 maxime
2898 448 3330 522 reprehenditur,
3369 451 3519 521 quia,

247 528 374 599 iinis
399 559 549 600 mors
573 552 683 607 est,
720 558 907 598 verum
944 544 1237 598 secundum
1277 542 1420 612 quod
1446 541 1513 596 ad
1543 540 1830 611 imaginem

250 636 368 700 Dei,
407 635 724 707 priusquam
761 644 1035 704 peccaret,
1078 635 1290 690 condita
1335 642 1436 688 est.
1488 632 1639 698 Quod
1669 633 1833 687 etiam

247 741 466 783 onmem
515 740 734 782 sensum
786 740 1141 794 corporeum,
1188 738 1512 793 omnemque
1551 721 1832 778 mortalem

249 816 633 887 cogitationem
669 830 767 885 pro
794 814 1053 870 inelfabili
1084 823 1325 869 naturae:
1340 813 1599 885 dignitate
1628 813 1835 868 incom-

248 906 691 989 prebensibiliter
732 905 904 977 fugit,
952 907 1048 962 sed
1081 906 1307 977 decepta
1344 914 1400 960 et
1426 904 1609 975 lapsa,
1634 918 1836 975 pravae

249 1018 382 1060 suae
425 1003 720 1059 voluntatis
767 1002 1002 1057 tenebris
1048 1002 1378 1067 obcaecata,
1419 1011 1474 1056 et
1512 1000 1744 1069 seipsam
1781 1006 1838 1054 et

249 1092 565 1149 Creatorem
617 1094 700 1149 sui
729 1094 747 1124 ¹
777 1092 1037 1148 oblivioni
1076 1092 1319 1148 tradidit.
1354 1091 1423 1146 Et
1456 1092 1590 1146 haec
1614 1099 1700 1145 est
1729 1088 1835 1144 mi-

249 1185 479 1239 serrima
516 1200 666 1240 mors
701 1185 898 1256 ipsius,
939 1182 1468 1254 profundissimaque
1498 1182 1551 1237 in
1605 1181 1835 1250 caligine

250 1274 591 1345 ignorantiae
615 1275 941 1340 submersio,
972 1285 1028 1331 et
1052 1290 1084 1329 a
1108 1274 1286 1345 seipsa
1318 1282 1374 1328 et
1400 1288 1431 1327 a
1454 1271 1714 1328 Creatore
1738 1286 1836 1327 suo

248 1366 563 1438 longissima
603 1367 893 1432 distantia,
925 1365 1387 1421 irrationabilibus
1423 1380 1554 1420 vero
1595 1364 1839 1421 mortali-

249 1458 459 1528 busque
495 1457 862 1513 animantibus
898 1457 1142 1527 proxima
1187 1456 1606 1527 turpissimaque
1651 1455 1838 1512 simili-

251 1550 414 1615 tudo;
461 1564 529 1605 ex
577 1563 684 1619 qua
730 1548 925 1602 iterum
971 1562 1131 1602 nemo
1166 1562 1287 1602 eam
1334 1546 1509 1616 potuit
1550 1546 1835 1612 redimere,

251 1628 533 1705 revocare,
562 1637 842 1702 reducere,
880 1646 937 1692 et
969 1637 1035 1692 ad
1059 1645 1261 1691 statum
1300 1636 1607 1707 pristinum,
1638 1637 1705 1693 de
1731 1652 1839 1708 quo

250 1731 556 1796 ceciderat,
589 1739 925 1795 restaurare,
960 1730 1056 1785 sed
1085 1729 1180 1785 Dei
1216 1730 1481 1801 sapientia
1501 1771 1517 1795 ,
1549 1745 1689 1800 quae
1715 1744 1836 1786 eam

1936 541 2062 605 dum
2097 527 2243 597 esset
2264 540 2547 612 spirituale
2574 540 2775 596 animal
2801 550 2856 597 et
2882 557 3118 611 sapiens,
3161 542 3212 595 in
3238 541 3409 610 prima
3437 540 3520 595 sui

1930 635 2239 709 conditione
2260 635 2329 690 ad
2376 634 2665 705 imaginem
2701 634 2792 689 Dei
2823 643 2879 689 et
2925 634 3354 698 similitudinem,
3409 633 3524 704 ipse

1882 746 1890 752 ·
1933 726 2254 798 insipienter
2276 735 2333 783 et
2362 726 2811 783 irrationabiliter
2860 741 2922 781 se
2962 742 3189 783 movens
3218 734 3408 801 contra
3437 728 3521 783 sui

1933 818 2228 874 conditoris
2250 817 2272 850 '
2302 818 2635 885 mandatum,
2668 818 3056 888 insipientium,
3090 819 3193 873 hoc
3220 831 3304 875 est
3336 818 3521 875 bruto-

1935 922 2056 962 rum
2072 907 2115 940 “
2129 908 2442 964 animalium
2457 907 2858 971 similitudinem
2873 908 3119 973 attraxit,
3136 922 3432 979 eorumque
3446 910 3524 964 in-

1936 996 2381 1053 convenientibus
2396 996 2498 1052 sibi
2514 998 2750 1052 motibus
2765 997 2806 1028 ”
2823 997 3121 1052 naturalem
3147 1008 3373 1054 naturae
3393 1012 3524 1054 suae

1935 1086 2274 1145 honestatem
2304 1088 2702 1145 dehonestavit.
2731 1088 2848 1144 Non
2889 1089 3033 1144 enim
3063 1090 3116 1144 in
3155 1105 3220 1146 eo
3250 1089 3523 1155 laudatur,

1937 1180 2081 1249 quod
2105 1180 2303 1235 animal
2330 1189 2435 1245 est,
2461 1181 2554 1236 sed
2592 1181 2735 1251 quod
2767 1182 2944 1252 imago
2968 1182 3065 1237 Dei
3087 1191 3173 1238 est
3198 1183 3262 1248 ι’,
3291 1182 3431 1237 sicut
3471 1185 3525 1237 in

1934 1282 2001 1324 eo
2022 1283 2129 1323 non
2152 1268 2507 1339 vituperatur,
2539 1271 2684 1339 quod
2706 1270 2930 1337 animal,
2955 1270 3050 1326 sed
3070 1270 3213 1341 quod
3233 1270 3525 1341 imaginem

1937 1357 2243 1414 deformare
2265 1360 2453 1424 voluit,
2498 1376 2660 1431 quam
2700 1361 2924 1431 perdere
2948 1377 3053 1418 non
3088 1362 3281 1432 potuit.
3308 1361 3442 1417 Nam
3472 1363 3527 1419 in

1936 1451 2134 1507 ceteris
2179 1451 2504 1507 animalibus
2531 1454 2933 1510 irrationabiles
2981 1464 3162 1510 motus
3194 1464 3378 1526 turpes
3418 1471 3524 1511 non

1937 1550 2082 1603 sunt,
2106 1542 2232 1597 dum
2261 1543 2583 1599 naturaliter
2620 1545 2700 1600 eis
2724 1545 2932 1610 insunt,
2962 1554 3019 1600 et
3040 1546 3158 1601 sine
3191 1546 3387 1615 quibus
3408 1547 3527 1601 ani-

1938 1633 2099 1689 malia
2112 1649 2235 1690 esse
2256 1650 2361 1690 non
2385 1635 2690 1706 possunt".
2713 1635 3159 1706 Reprehensibile
3180 1648 3264 1693 est
3283 1647 3463 1692 autem
3485 1636 3527 1669 ’δ

1938 1734 2100 1795 atque
2125 1723 2369 1781 deforme
2408 1725 2461 1780 in
2490 1726 2713 1781 animali
2746 1727 3073 1792 rationabili,
3099 1727 3151 1781 in
3180 1735 3359 1782 motus
3389 1728 3530 1783 irra-

250 1822 480 1888 creavit,
510 1836 740 1891 eamque
776 1822 828 1875 in
872 1820 1132 1876 unitatem
1163 1821 1266 1876 sibi
1302 1821 1323 1851 ’
1359 1821 1694 1877 substantiae
1741 1836 1833 1876 ac—
1865 1813 1911 1872 Β
1934 1806 2298 1882 ἰίοηεὺίιίιιιη,
2326 1818 2576 1887 quamvis
2598 1817 2873 1873 naturales
2894 1817 3000 1873 illis
3027 1818 3155 1885 sint,
3194 1817 3381 1873 illicito
3408 1835 3533 1888 per-

250 1911 417 1981 cepit,
435 1911 592 1966 utsic
612 1925 732 1965 eam
754 1910 1013 1977 salvaret,
1033 1918 1226 1965 cuncta
1251 1909 1498 1966 liberavit
1523 1910 1545 1943 ³
1596 1911 1835 1966 miseria.

250 2001 370 2059 Non
412 2011 466 2059 te
510 2002 676 2072 igitur
714 2010 956 2067 moveat,
984 2004 1129 2072 quod
1172 2002 1240 2057 de
1277 2003 1511 2058 humana
1542 2013 1733 2058 natura
1759 2003 1839 2058 di-

251 2102 400 2148 ctum
429 2102 544 2159 est,
575 2103 742 2148 totam
772 2094 826 2148 in
855 2094 1031 2161 seipsa
1064 2095 1265 2164 ubique
1288 2109 1437 2158 esse,
1468 2103 1526 2149 et
1549 2094 1837 2164 imaginem

251 2183 307 2238 in
337 2183 557 2254 animali
597 2191 786 2248 totam,
816 2191 872 2238 et
895 2184 1096 2239 animal
1124 2184 1178 2239 in
1204 2185 1440 2256 imagine
1469 2193 1659 2241 totum.

323 2273 376 2329 6.
400 2272 571 2330 Omne
585 2273 870 2343 siquidem,
890 2275 1030 2344 quod
1052 2274 1107 2328 in
1121 2289 1184 2341 ea
1200 2275 1446 2330 conditor
1461 2290 1591 2329 suus
1612 2276 1842 2345 primor-

250 2367 465 2424 dialiter
488 2368 711 2433 creavit,
730 2376 901 2422 totum
929 2368 1305 2440 integrumque
1331 2380 1536 2435 manet,
1561 2372 1736 2427 adhuc
1757 2380 1837 2427 ta-

251 2475 375 2516 men
398 2459 551 2525 latet,
574 2458 957 2514 revelationem
981 2458 1209 2515 ﬁliorum
1236 2461 1331 2515 Dei
1353 2473 1668 2531 expectans.
1694 2461 1837 2518 Dise.

251 2550 371 2608 Non
400 2566 485 2606 me
500 2549 747 2607 fortassis
763 2559 1021 2617 moveret,
1041 2551 1087 2606 si
1104 2551 1235 2606 mihi
1251 2551 1398 2607 clare
1410 2554 1686 2617 suaderes,
1700 2553 1844 2622 quod

252 2655 353 2712 per
373 2641 638 2712 meipsum
665 2641 971 2711 perspicere
997 2656 1102 2709 non
1122 2641 1292 2697 valeo.
1320 2642 1567 2698 Delibero
1589 2658 1842 2713 namque,

252 2739 437 2787 utrum
479 2731 663 2797 homo,
695 2731 743 2786 si
771 2746 878 2787 non
921 2743 1191 2802 peccaret,
1245 2732 1446 2787 animal
1476 2742 1624 2789 esset
1656 2751 1668 2786 :
1701 2734 1845 2804 quod

251 2822 419 2877 etiam
470 2821 577 2877 alio
625 2821 786 2876 modo
822 2835 1040 2890 possum
1086 2822 1288 2886 dicere,
1311 2838 1441 2877 num
1467 2823 1489 2854 ⁵
1514 2822 1676 2877 homo
1722 2831 1848 2877 ante

253 2922 535 2984 peccatum
565 2913 768 2969 animal
793 2914 947 2968 erat?
980 2912 1039 2969 Si
1077 2929 1183 2969 non
1207 2921 1345 2981 erat,
1373 2928 1471 2969 cur
1521 2921 1726 2968 tantum
1770 2913 1849 2969 la—

253 3007 565 3063 boravimus
587 3014 930 3077 quaerentes,
955 3016 1035 3073 et,
1070 3017 1131 3061 ut
1153 3016 1240 3062 est
1260 3006 1457 3073 visum,
1491 3006 1846 3071 invenientes,

253 3099 309 3153 in
339 3096 627 3154 universali
658 3096 1212 3167 genereanimalium'
1235 3097 1511 3153 hominem
1535 3096 1848 3153 conditum'

1942 1926 2131 1967 versae
2189 1911 2749 1983 voluntatis‘appetitu
2802 1912 3018 1976 cadere,
3053 1912 3107 1965 in
3159 1911 3346 1981 eisque
3394 1912 3531 1966 velle

1940 2019 2181 2069 manere,
2214 2004 2404 2059 relicta
2434 1992 2697 2074 superiori
2728 2003 3129 2075 pulchritudine
3157 2004 3371 2059 divinae
3397 2004 3530 2058 ima-

1941 2096 2102 2166 ginis.
2135 2096 2279 2153 Dtsc.
2311 2095 2442 2152 Jure
2489 2096 2706 2166 quidem
2761 2096 3011 2166 culpatur
3066 2095 3406 2151 rationabilis
3461 2096 3533 2151 ob

1942 2187 2254 2242 animalium
2306 2187 2756 2243 irratiOnabilium
2792 2196 2972 2243 motus
3001 2186 3064 2241 ⁸⁸.
3101 2186 3235 2242 Nam
3264 2187 3313 2242 si
3338 2186 3535 2257 aliquis

1944 2279 2107 2334 homo
2131 2280 2393 2335 honestae
2424 2279 2636 2334 formae
2652 2277 2929 2333 hestialem
2959 2277 3186 2349 ciiigiem
3214 2286 3407 2347 sponte
3435 2292 3533 2332 sua

1942 2371 2291 2435 seindueret,
2329 2387 2435 2427 non
2469 2371 2744 2426 immerito
2780 2371 3284 2441 reprehenderetur,
3331 2371 3401 2425 ab
3445 2385 3534 2435 eo,

1942 2461 2086 2530 quod
2123 2460 2317 2516 melius
2342 2470 2447 2526 est,
2480 2461 2533 2515 in
2563 2459 2639 2526 id,
2682 2459 2825 2530 quod
2877 2458 3046 2515 multo
3071 2458 3114 2491 “
3147 2459 3406 2526 deterius,
3444 2473 3534 2514 se-

1944 2551 2123 2620 ipsum
2154 2550 2540 2619 praecipitans.

2016 2639 2067 2691 '7.
2108 2638 2214 2695 Sed
2241 2640 2418 2695 adhuc
2440 2654 2666 2711 quaero,
2693 2655 2794 2696 cur
2817 2641 2956 2697 Deus
2982 2641 3259 2697 hominem
3289 2641 3342 2695 in
3370 2656 3536 2712 gene-

1947 2747 2005 2787 re
2042 2731 2353 2786 animalium
2384 2734 2609 2797 creavit,
2637 2749 2798 2803 quem
2851 2734 2918 2787 ad
2951 2733 3243 2805 imaginem
3274 2748 3427 2788 suam
3480 2741 3538 2788 et

1945 2823 2357 2879 similitudinem
2387 2822 2568 2880 facere
2605 2825 2810 2880 voluit?
2853 2824 3152 2881 Glutiosius
3168 2824 3366 2894 quippe
3394 2823 3540 2878 vide-

1948 2922 2120 2979 retur,
2145 2914 2295 2989 omni
2310 2914 2648 2970 animalitatc
2678 2915 2795 2971 fieri
2825 2915 3156 2980 absolutum,
3179 2916 3323 2985 quod
3345 2929 3538 2986 super-

1951 3007 2004 3061 ni
2039 3007 2377 3063 characteris
2418 3007 2695 3078 particeps
2729 3022 2850 3064 esse
2888 3007 3029 3061 ultra
3055 3006 3239 3061 omnia
3283 3004 3538 3060 animalia

1953 3094 2131 3152 fuerat
2147 3096 2403 3164 electum,
2456 3098 2880 3168 caelestiumque
2908 3098 3266 3154 essentiarum
3291 3111 3535 3159 consors,

250 3191 415 3247 esse?
462 3189 521 3246 Si
568 3190 713 3246 enim
750 3190 805 3245 in
833 3206 899 3246 eo
945 3203 1146 3262 genere
1193 3204 1300 3245 non
1345 3199 1429 3245 est
1476 3200 1713 3254 creatus,
1756 3198 1846 3244 aut
1877 3186 1920 3249 C
1951 3189 2148 3258 quibus
2187 3197 2527 3245 terrenorum
2569 3189 2886 3245 animalium
2925 3189 3071 3244 nulla
3112 3187 3542 3244 consubstantia-

251 3279 477 3337 omnino
502 3290 629 3336 ante
652 3290 938 3351 peceatum
967 3279 1172 3335 animal
1199 3295 1306 3336 non
1332 3289 1472 3347 erat,
1497 3290 1591 3336 aut
1629 3281 1674 3337 si
1705 3289 1845 3348 erat,

252 3372 311 3426 in
340 3370 447 3426 alio
485 3361 1041 3442 genere'amimalium
1087 3371 1338 3427 conditus
1384 3380 1521 3428 erat.
1552 3371 1706 3439 Quod
1749 3386 1851 3428 nec

251 3460 439 3516 divina
477 3459 758 3530 Scriptura
787 3459 1103 3526 introducit,
1132 3475 1233 3515 nec
1261 3460 1489 3532 diligens
1520 3462 1747 3517 rationis
1766 3461 1849 3519 in-

250 3547 476 3619 quisitio
495 3548 549 3603 in
579 3556 772 3603 natura
798 3563 979 3604 rerum
1004 3548 1227 3618 reperit.
1256 3547 1448 3605 Omnia
1469 3550 1614 3605 enim
1637 3549 1847 3605 anima-

250 3637 330 3693 lia
379 3638 437 3695 in
482 3653 589 3695 uno
636 3653 835 3709 genere
876 3639 1198 3706 subsistunt,
1234 3655 1265 3694 a
1305 3654 1413 3710 quo
1432 3655 1530 3711 per
1556 3639 1850 3696 divisiones

248 3732 574 3803 procedunt.
600 3732 672 3787 At
703 3732 752 3789 si
780 3733 835 3788 in
877 3747 947 3800 eo
969 3733 1111 3803 quod
1140 3734 1404 3804 scriptum
1430 3740 1515 3789 est
1536 3733 1557 3764 τ
1588 3748 1602 3787 :
1644 3730 1851 3788 Produ-

249 3832 342 3879 σαι
363 3832 505 3878 terra
541 3824 775 3879 animum
809 3824 1002 3891 vivam,
1046 3824 1189 3878 inter
1214 3822 1468 3879 animalia
1509 3831 1690 3878 cetera
1717 3837 1852 3878 con-

251 3916 391 3971 ditio
420 3916 654 3972 hominis
676 3917 987 3972 introducta
1018 3926 1100 3972 est
1120 3928 1245 3972 ante
1286 3926 1588 3986 peccatum,
1617 3928 1847 3986 quomo-

260 4007 328 4062 do
378 4004 665 4061 Psalmista
696 4007 860 4062 veluti
892 4023 1146 4078 magnum
1193 4008 1543 4078 opprobrium
1583 4008 1852 4062 humanae

251 4104 486 4152 naturae
514 4107 638 4167 post
656 4098 865 4167 lapsum
915 4099 1115 4169 ingerit
1141 4098 1328 4155 dicens
1359 4115 1372 4152 :
1406 4097 1601 4164 Homo,
1630 4114 1749 4153 cum
1793 4099 1851 4153 in

251 4191 457 4243 honore
485 4198 638 4254 esset,
672 4204 774 4243 non
806 4188 1082 4255 intellexit,
1113 4200 1446 4258 comparatus
1490 4200 1565 4244 est
1594 4190 1850 4260 jmnentis

253 4279 643 4349 insipientibus,
670 4289 717 4335 et
743 4280 929 4333 similis
959 4280 1130 4349 [actus
1159 4291 1235 4335 est
1261 4279 1411 4334 illis?
1443 4279 1544 4337 Ubi
1578 4280 1850 4349 Propheta

254 4375 447 4437 aperte
472 4367 685 4424 videtur
709 4370 1079 4438 pronuntiare,
1138 4369 1410 4424 hominem
1461 4378 1589 4424 ante
1638 4369 1849 4439 lapsum

253 4460 317 4515 in
342 4459 550 4515 honore
593 4459 888 4530 spiritualis
933 4460 1268 4517 substantiae
1298 4462 1436 4517 ultra
1462 4463 1705 4517 omnium
1734 4463 1852 4519 ani-

1949 3280 2073 3337 litas
2116 3282 2316 3338 sinitur
2354 3283 2550 3338 inesse.
2606 3282 2723 3338 Non
2767 3283 2912 3339 enim
2955 3282 3185 3337 terrenis
3224 3280 3543 3351 corporibus

1948 3383 2264 3446 gravantur,
2292 3391 2393 3432 nec
2420 3377 2702 3446 corporeis
2725 3375 2973 3431 sensibus
2993 3383 3218 3429 utuntur
3245 3373 3285 3404 ⁸⁷
3333 3370 3401 3425 ad
3451 3385 3542 3426 re-

1948 3480 2070 3519 rum
2111 3465 2446 3520 sensibilium
2496 3465 2767 3529 notitiam.
2798 3462 2912 3519 Non
2949 3464 3094 3520 enim
3137 3462 3180 3494 ¹⁸
3205 3462 3546 3516 extrinsecus

1950 3555 2269 3625 phantasias
2290 3556 2584 3627 accipiunt,
2631 3555 2727 3610 sed
2754 3554 3081 3609 intrinsecus
3113 3553 3166 3607 in
3218 3549 3412 3621 seipsis
3458 3564 3547 3603 ra-

1951 3645 2125 3703 tiones
2144 3659 2359 3710 eorum,
2387 3660 2526 3714 quae
2554 3645 2757 3709 vident,
2795 3650 3148 3716 cegnoscunt.
3180 3640 3314 3696 Nam
3351 3649 3405 3697 et
3427 3640 3549 3695 ani-

1950 3750 2038 3791 ma
2068 3751 2174 3791 non
2208 3744 2362 3791 extra
2389 3752 2448 3791 se
2468 3736 2631 3798 videt,
2648 3750 2790 3806 quae
2801 3735 2987 3799 sentit,
3006 3734 3102 3790 sed
3115 3749 3212 3804 per
3231 3732 3547 3803 phantasias

1949 3826 2005 3882 in
2031 3826 2234 3897 seipsa,
2263 3827 2411 3895 quod
2440 3826 2615 3898 angeli
2644 3842 2750 3882 non
2780 3825 3080 3896 patiuntur.
3109 3823 3367 3891 Quamvis
3394 3821 3548 3878 Plato

1949 3917 2199 3987 angelum
2235 3915 2464 3971 deﬁniat
2512 3914 2714 3970 animal
2772 3913 3039 3970 rationale
3087 3922 3143 3968 et
3193 3910 3544 3967 immortale:

1949 4012 2043 4066 sed
2091 4010 2234 4079 quod
2282 4008 2608 4065 auctoritate
2657 4005 2717 4063 S.
2779 4005 3097 4076 Scripturae
3126 4012 3549 4072 sanctorumque

1949 4101 2172 4157 Patrum
2195 4099 2427 4171 probare
2451 4113 2559 4153 non
2589 4110 2901 4167 possumus,
2924 4095 3066 4149 inter
3108 4102 3286 4149 certas
3329 4100 3549 4148 natura-

1949 4183 2496 4262 rumspectilationes,
2522 4187 2780 4259 quoniam
2800 4186 3145 4244 temerarium
3174 4193 3279 4251 est,
3302 4185 3551 4254 accipere

1950 4297 2058 4337 non
2099 4281 2381 4337 debemus.
2438 4279 2592 4348 Quod
2642 4286 2826 4335 autem
2866 4278 2911 4313 "
2949 4285 3172 4333 sanctus
3215 4275 3550 4347 Augustinus

1950 4387 2192 4429 sunnnos
2232 4370 2454 4442 angelos
2496 4369 2800 4441 spiritualia
2832 4384 2928 4424 sua
2968 4382 3218 4439 corpora,
3267 4367 3323 4421 in
3355 4366 3552 4436 quibus

1952 4477 2115 4533 saepe
2138 4470 2424 4533 apparent,
2452 4476 2559 4517 non
2599 4460 2775 4518 solum
2811 4460 3014 4516 habere
3042 4474 3146 4514 non
3177 4459 3425 4529 denegat,
3454 4472 3551 4514 ve-

255 4548 481 4604 malium
507 4558 755 4603 naturam
790 4550 1099 4606 substitisse
1124 4567 1139 4617 ;
1166 4567 1232 4607 eo
1261 4566 1390 4608 vero
1413 4552 1647 4621 labente,
1677 4554 1850 4626 digni-
1878 4556 1930 4617 D
1956 4569 2076 4609 rum
2098 4555 2266 4608 etiam
2293 4554 2603 4619 confirmat,
2631 4550 2779 4608 nullo
2808 4551 2971 4607 modo
2997 4549 3405 4619 compellitnss,
3430 4563 3553 4604 cae-

251 4647 535 4708 tatemque
557 4653 688 4694 suae
710 4648 933 4694 naturae
959 4655 1065 4695 non
1097 4641 1446 4712 intelligente,
1477 4643 1531 4697 in
1562 4653 1843 4699 contume-

257 4728 393 4782 liam
423 4726 793 4795 jumentorum
833 4730 1201 4787 similitudinis
1247 4732 1527 4790 cecidisse.
1561 4733 1620 4788 Si
1662 4743 1843 4788 autem
1874 4774 1875 4781 η

257 4826 389 4871 ante
414 4816 621 4886 lapsum
646 4818 848 4875 animal
868 4829 1009 4887 erat,
1033 4838 1132 4877 cur
1158 4832 1279 4892 post
1299 4824 1510 4893 lapsum
1534 4823 1589 4879 in
1613 4839 1678 4880 eo
1698 4823 1843 4894 juste

255 4902 697 4977 reprehenditur,
735 4910 1048 4966 animalium
1083 4912 1491 4971 similitudinem
1522 4914 1837 4979 incurrisse,

255 4997 461 5066 quibus
485 4999 806 5055 naturaliter
842 4999 944 5056 sub
967 5016 1075 5056 uno
1099 5015 1295 5073 genere
1320 5015 1642 5060 concreatus
1668 5005 1691 5037 ⁸
1715 5004 1842 5060 est?

255 5086 407 5144 Mtte.
462 5088 655 5147 Merito
711 5091 1075 5159 deliberares,
1125 5092 1170 5147 si
1211 5095 1472 5164 propheta
1526 5095 1845 5166 simpliciter

256 5177 507 5246 dixisset,
531 5189 875 5254 comparatus
896 5192 982 5241 est
996 5183 1348 5255 jumentis,et
1369 5184 1562 5241 similis
1576 5184 1750 5243 factus
1764 5195 1849 5243 est

256 5265 394 5328 illis
418 5267 639 5328 Addens
663 5285 792 5330 vero
814 5269 1078 5342 iumentis
1100 5274 1464 5343 insipientibus
1493 5276 1624 5333 satis
1646 5277 1850 5348 patefe-

1952 4646 2115 4703 lestes
2140 4647 2472 4703 substantias
2498 4644 2753 4700 animalia
2803 4658 2926 4700 esse
2953 4643 3197 4705 credere,
3226 4639 3550 4711 praesertim

1950 4752 2074 4792 cum
2109 4753 2217 4791 non
2264 4735 2581 4792 caelestium
2626 4744 2682 4790 et
2738 4733 3228 4804 incorruptibilinm
3258 4745 3550 4802 corporum

1950 4841 2074 4881 cum
2104 4827 2363 4897 angelicis
2415 4826 2698 4896 spiritibus
2748 4825 3031 4882 harmonia
3066 4822 3553 4893 inseparabilisque

1943 4910 2219 4983 iunctura,
2247 4918 2340 4973 sed
2371 4918 2711 4974 terrestrium
2737 4926 2795 4973 et
2810 4916 3244 4988 corruptibilium
3282 4930 3406 4972 cum
3434 4915 3555 4970 ani-

1951 5010 2144 5064 mabus
2159 5010 2274 5066 sive
2300 5009 2715 5065 rationabilibus
2738 5010 2854 5065 sive
2881 5007 3369 5072 irrationabilibus,
3385 5021 3549 5062 sensu

1952 5100 2250 5167 mediante,
2271 5101 2537 5157 connexio
2557 5101 2760 5155 animal
2782 5100 2998 5157 eﬂiciat.
3018 5100 3154 5155 Nam
3175 5099 3222 5155 si
3240 5113 3436 5154 sensus
3458 5113 3553 5155 ex-

1956 5192 2123 5249 terior
2148 5191 2411 5263 angelicis
2437 5192 2758 5261 corporibus
2787 5201 2950 5262 atque
2978 5189 3340 5246 intellectibus
3386 5188 3548 5253 inest,

1957 5284 2085 5353 quid
2128 5283 2400 5352 prohibet,
2450 5300 2517 5339 ne
2575 5283 2694 5339 illus
2737 5283 2991 5338 animalia
3036 5295 3262 5351 corpore
3287 5288 3341 5336 et
3370 5280 3551 5335 anima

1542 5387 1797 5444 VARIAE
1833 5389 2239 5450 LECTIONES.

335 5476 355 5509 ⁸
388 5476 481 5536 Sic
519 5476 595 5536 CF
623 5521 641 5546 ,
667 5480 716 5536 Δ
749 5495 924 5536 suum.
998 5481 1019 5513 ⁸
1050 5478 1143 5536 Sic
1179 5476 1304 5546 CF;
1344 5477 1390 5534 Α
1434 5495 1579 5534 suae.

257 5548 283 5578 ⁸
319 5546 414 5621 §ic
436 5548 648 5621 CF;_§
675 5548 1011 5606 animalium
1038 5566 1283 5621 generejw
1354 5550 1448 5621 fA
1486 5550 1703 5605 editum.

1711 5479 1731 5511 ³
1782 5479 1874 5535 Sic
1927 5481 2045 5549 CF;
2105 5484 2150 5537 Α
2202 5495 2249 5539 et
2311 5493 2500 5539 cuncta
2546 5483 2809 5539 liberaret.

1833 5551 1853 5583 "
1901 5552 1992 5608 Sic
2032 5552 2154 5619 CF;
2199 5563 2275 5609 est
2323 5569 2434 5607 oni.
2481 5554 2546 5608 A.

257 5621 282 5652 ’
317 5616 411 5674 Sic
433 5622 477 5674 A
501 5637 516 5686 ;
557 5619 643 5675 CF
662 5621 935 5676 creatoris.
1011 5616 1058 5658 ιδ
1083 5621 1174 5676 Sic
1201 5619 1316 5687 CF;
1347 5619 1445 5675 hoc
1468 5630 1543 5675 est
1567 5622 1838 5675 brutorum
1861 5636 1970 5677 om.
1993 5626 2060 5679 A.

2916 5481 2939 5513 ⁸
2986 5480 3076 5536 Sic
3126 5483 3205 5549 A;
3258 5480 3343 5537 CF
3405 5498 3551 5536 nam.

2680 5554 2702 5586 ⁸
2748 5552 2840 5608 Sic
2892 5552 2967 5617 A;
2999 5550 3084 5608 CF
3130 5560 3402 5607 concretus
3453 5560 3549 5605 est.

2166 5632 2205 5660 “
2236 5624 2329 5680 Sic
2360 5622 2478 5689 CF;
2524 5623 2566 5677 Α
2611 5622 2836 5678 motibus
2859 5623 2999 5683 sibi;
3078 5626 3120 5660 "
3167 5631 3243 5676 est
3286 5636 3395 5676 om.
3445 5619 3552 5675 CF.

266 5686 314 5719 "
341 5688 432 5744 Sic
459 5689 576 5766 CF;
607 5691 651 5766 ᾼ
670 5701 895 5766 possent.
972 5690 1138 5766 “‘Sic
1168 5690 1256 5766 Ci:
1275 5686 1361 5757 ;'A
1389 5700 1564 5745 autem
1592 5701 1716 5766 est._
1767 5692 1808 5723 ³³
1855 5692 1946 5749 Sic
1974 5695 2017 5748 Λ
2043 5711 2058 5759 ;
2096 5693 2182 5750 CF
2215 5686 2477 5766 culpatur
2507 5693 2840 5750 rationabilis
2873 5691 3119 5750 animalis
3174 5690 3554 5749 irrationabilis

266 5769 459 5814 motus.
537 5763 578 5792 "
604 5761 649 5815 Α
672 5760 915 5818 multum.
992 5763 1034 5806 ι⁷
1060 5762 1149 5818 Sic
1172 5760 1256 5817 CF
1275 5780 1288 5828 ;
1314 5770 1533 5816 utuntur
1555 5778 1663 5820 om.
1693 5762 1757 5816 Α.
1838 5765 1879 5797 ⁸⁸³
1908 5766 2040 5819 enim
2064 5782 2171 5822 om.
2203 5760 2321 5821 CF:
2388 5766 2427 5795 '9
2457 5765 2500 5818 Λ
2550 5774 2660 5818 aut.
