4028 6282
621 314 722 372 765

2001 336 2276 396 JOANNIS
2314 342 2507 399 SCOTI
3712 355 3784 408 τω

617 441 885 498 sensuque
921 431 936 462 ⁸
989 432 1258 490 mediante
1297 445 1351 490 et
1391 436 1662 495 intellectu
1710 443 2014 501 vivificante
2045 465 2192 502 com-
2219 457 2266 516 Α
2295 452 2654 508 essentialiter
2700 470 2803 510 non
2832 457 3090 513 subsistat
3119 458 3160 514 '.
3197 458 3290 516 Est
3315 461 3454 517 enim
3479 459 3730 521 intellectus
3752 462 3788 523 et

615 518 812 586 posita,
837 520 978 575 sicut
1001 521 1210 578 Platoni
1245 525 1439 594 placet,
1473 529 1753 588 dicamus?
1774 534 1838 589 Et
1864 537 1907 590 si
1939 539 2037 602 sic,
2061 555 2192 608 quae

618 622 677 663 re
702 609 756 664 in
785 625 981 680 genere
1011 614 1319 670 animalium
1349 635 1454 674 non
1477 629 1891 693 computantur?
1914 627 2192 699 Siquidem

619 708 673 754 et
709 701 891 767 homo,
931 705 974 758 si
1005 721 1109 760 non
1139 720 1408 776 peccaret,
1445 715 1644 768 animal
1673 727 1834 772 esset.
1881 720 1993 774 Non
2046 724 2189 778 enim

617 800 896 862 peccatum
930 794 996 847 de
1035 795 1249 851 homine
1299 798 1426 854 fecit
1476 803 1672 857 animal
1718 807 1761 871 ³,
1815 809 1909 863 sed
1975 819 2188 866 natura.

617 880 750 936 Nam
774 892 826 938 et
865 885 1082 955 angelos
1130 892 1592 956 praevaricatores
1631 899 1881 956 animalia
1907 917 2026 959 esse
2048 906 2190 960 nulla

619 973 782 1026 tradit
851 977 1170 1034 auctoritas.
1245 980 1396 1049 Quod
1480 988 1716 1043 maxime
1792 993 1888 1046 tali
1969 997 2192 1054 docetur

618 1074 952 1129 argumento.
1003 1064 1280 1136 Siquidem
1333 1071 1419 1126 illa
1477 1073 1656 1131 futura
1717 1077 1945 1138 felicitas
1977 1125 1992 1151 ,
2053 1103 2190 1156 quae

614 1153 816 1206 sanctis
883 1155 1188 1212 hominibus
1261 1162 1633 1230 promittitur,
1706 1184 1811 1223 non
1894 1173 1996 1227 alia
2069 1153 2189 1232 esse

615 1241 979 1310 praedicatur,
1044 1259 1204 1313 quam
1251 1249 1526 1316 angelicae
1572 1265 1798 1312 naturae
1851 1260 2090 1330 perfecta
2135 1274 2191 1320 et

614 1331 668 1383 in
725 1332 872 1386 nullo
910 1333 1164 1390 deficiens
1223 1340 1540 1408 aequalitas.
1593 1344 1725 1412 Quis
1773 1359 1951 1407 autem
1998 1369 2187 1410 sanum

612 1421 825 1488 sapiens
873 1422 1107 1479 futuram
1136 1424 1369 1484 hominis
1412 1437 1916 1495 transmutationem
1947 1445 2189 1501 credide-

615 1512 683 1566 rit
704 1513 867 1568 veluti
895 1529 961 1568 ex
993 1516 1209 1570 animali
1239 1517 1478 1576 inferiori
1509 1522 1562 1577 in
1594 1527 1796 1582 animal
1824 1533 2090 1600 superius,
2119 1550 2187 1591 ex

612 1612 826 1658 terreno
859 1605 910 1658 in
945 1606 1176 1662 caeleste
1203 1648 1217 1673 ,
1257 1624 1321 1664 ex
1358 1615 1636 1682 temporali
1683 1617 1734 1670 in
1768 1628 2042 1677 aeternum
2071 1664 2085 1689 ,
2119 1640 2186 1680 ex

611 1696 820 1750 mortali
850 1697 903 1750 in
931 1699 1249 1766 immortale,
1281 1717 1347 1757 ex
1379 1705 1578 1760 misero
1607 1707 1658 1761 in
1691 1709 1929 1779 beatum,
1963 1716 2054 1769 sed
2084 1731 2184 1786 po-

2296 542 2455 606 ratio,
2485 553 2569 598 est
2607 546 2856 600 caelestis
2881 548 3215 619 angelicique
3243 550 3479 619 corporis
3504 553 3698 608 habendi
3721 570 3768 610 na

2297 632 2538 688 turaliter
2564 634 2722 688 insita
2753 637 2910 701 ratio,
2945 653 3081 707 quae
3111 631 3228 707 post
3254 643 3670 697 resurrectionem
3706 644 3788 699 luce

2291 719 2492 776 clarius
2521 730 2574 775 et
2605 722 2657 776 in
2690 724 2845 778 bonis
2870 725 3150 794 apparebit
3177 736 3233 782 et
3259 729 3310 781 in
3337 729 3502 782 malis.
3526 729 3624 786 Hoc
3637 733 3788 786 enim"

2291 824 2577 869 commune
2597 816 2701 869 erit
2715 816 2995 870 universae
3019 817 3282 872 humanae
3306 828 3537 886 naturae,
3553 821 3599 888 in
3616 824 3787 877 aeternis

2291 901 2893 974 incorruptibilibusque
2919 921 2982 960 ac
3023 906 3393 974 spiritualibus
3419 909 3697 977 corporibus
3731 925 3786 965 re-

2290 1004 2529 1060 surgere.
2569 991 2890 1059 Seminatur,
2924 995 3115 1065 inquit,
3139 1012 3328 1066 corpus
3353 997 3392 1029 ¹¹
3424 997 3645 1064 animale,
3662 1010 3787 1069 turget

2291 1093 2476 1148 corpus
2521 1081 2812 1151 spirituale.
2860 1083 3026 1138 T0tus
3071 1084 3173 1139 iste
3220 1085 3449 1140 mundus
3491 1087 3716 1142 sensibilis
3751 1088 3786 1141 in

2289 1166 2404 1237 ipso
2432 1170 2681 1225 conditus
2711 1180 2812 1226 est.
2868 1170 3022 1226 Nulla
3069 1173 3213 1228 enim
3260 1190 3387 1244 pars
3422 1174 3530 1244 ejus
3564 1178 3784 1242 Invenitur,

2289 1260 2402 1314 sive
2435 1276 2694 1330 corporea
2725 1263 2838 1316 sive
2868 1263 3215 1333 incorporea,
3255 1278 3394 1335 quae
3423 1282 3522 1321 non
3554 1267 3598 1320 in
3626 1268 3786 1322 bomine

2288 1361 2468 1406 creata
2516 1353 2796 1421 subsistat,
2843 1354 3041 1420 sentit,
3094 1354 3252 1420 vivit,
3305 1357 3666 1425 incorporatur.
3706 1356 3785 1411 Noli

2287 1443 2455 1498 moles
2484 1459 2774 1514 corporeas
2803 1445 2856 1498 in
2883 1444 3102 1500 homine
3129 1461 3390 1514 pensare;
3415 1448 3642 1501 virtutem
3666 1447 3785 1516 magis

2286 1536 2567 1590 considera
2601 1536 2925 1603 naturalem,
2958 1538 3280 1606 praesertim
3304 1554 3425 1593 cum
3454 1539 3619 1593 videas
3642 1539 3683 1591 in
3707 1540 3784 1606 ipso

2285 1626 2520 1682 humano
2551 1642 2776 1697 corpore
2814 1629 3070 1699 pupillam
3111 1631 3284 1696 oculi,
3327 1645 3462 1700 quae
3488 1646 3597 1686 cum
3635 1631 3689 1686 sit
3712 1630 3761 1684 mi

2285 1717 2428 1770 nima
2458 1719 2695 1773 omnium
2723 1719 3086 1774 membrorum
3116 1723 3438 1791 quantitate,
3467 1722 3670 1776 maxima
3693 1723 3764 1776 sub

609 1787 713 1841 tius
741 1789 940 1853 omnia,
973 1804 1111 1859 quae
1157 1791 1207 1844 in
1242 1793 1343 1848 hac
1374 1795 1478 1849 vita
1531 1796 1582 1851 in
1634 1799 1941 1859 hominibus
1979 1807 2183 1862 sanctis
2213 1791 2258 1853 Β
2287 1807 2428 1862 sistit
2455 1809 2714 1878 potentia.
2753 1809 2810 1864 Si
2839 1825 2969 1882 ergo
2999 1811 3041 1843 “'
3063 1810 3202 1866 Deus
3249 1812 3514 1867 hominem
3559 1812 3604 1867 in
3643 1825 3782 1883 genere

605 1878 802 1933 ceteris
829 1881 1138 1960 communia
1177 1885 1497 1942 animalibus
1545 1887 1638 1944 seu
1690 1885 2061 1965 intelliguntur
2089 1916 2180 1957 seu

610 1965 916 2021 sentiuntur
939 1967 979 2032 ³,
1009 1969 1064 2025 in
1089 1968 1234 2024 illam
1264 1973 1550 2029 essentiam
1581 1979 1866 2036 caelestem
1894 1992 1946 2036 et
1976 1985 2183 2041 incom-

604 2057 980 2113 municabilem
1024 2061 1277 2130 omnique
1314 2064 1645 2122 animalitate
1689 2080 1960 2126 carentem
2000 2074 2182 2131 inetia-

603 2144 693 2200 bili
709 2147 937 2214 quadam
966 2150 1262 2206 mutatione
1285 2152 1584 2221 transferri,
1607 2159 1748 2226 quod
1779 2162 1938 2216 etiam
1954 2163 2178 2232 homini,

601 2239 647 2293 si
675 2254 778 2294 non
807 2251 1074 2308 peccaret,
1099 2241 1336 2299 futurum
1364 2247 1515 2300 erat?
1544 2249 1721 2315 Quare
1747 2252 1908 2322 igitur
1934 2255 2096 2313 homo
2127 2261 2179 2314 in

601 2344 799 2400 genere
845 2332 1176 2396 animalium,
1230 2350 1366 2403 quae
1417 2337 1482 2392 de
1529 2347 1670 2394 terra
1717 2345 1973 2412 producta
2033 2359 2177 2416 sunt,

602 2430 817 2478 creatus
845 2424 943 2487 sit,
982 2425 1033 2478 in
1065 2441 1171 2495 quo
1199 2442 1409 2498 semper
1437 2446 1548 2486 non
1579 2435 1852 2490 manebit?
1898 2438 2177 2510 Siquidem

601 2528 724 2567 cum
751 2514 982 2570 mundus
1006 2517 1127 2582 iste,
1159 2518 1310 2587 cujus
1339 2536 1462 2591 pars
1499 2525 1746 2581 animalis
1774 2527 1933 2585 homo
1960 2539 2064 2599 est,
2092 2533 2178 2589 in-

603 2607 846 2674 terierit,
889 2623 1068 2676 omne,
1098 2614 1237 2681 quod
1285 2615 1336 2668 in
1381 2617 1598 2674 homine
1643 2621 1875 2678 animale
1919 2633 2021 2691 est,
2055 2641 2175 2681 cum

599 2696 717 2765 ipso
744 2705 799 2752 et
823 2697 876 2753 in
907 2699 1020 2769 ipso
1065 2703 1278 2770 peribit.
1318 2705 1440 2760 Non
1478 2708 1620 2763 enim
1649 2709 1671 2741 ⁸
1703 2712 1830 2766 sinit
1860 2729 1984 2768 vera
2018 2717 2174 2784 ratio,

597 2796 767 2843 totum
797 2791 906 2860 pati
957 2793 1230 2848 interitum
1255 2837 1269 2860 ,
1318 2809 1497 2868 partes
1531 2815 1658 2856 vero
1687 2803 1829 2858 illius
1859 2806 1926 2860 ab
1957 2807 2175 2864 interitu

599 2879 817 2936 salvari.
865 2882 1034 2938 Porro
1079 2886 1124 2941 si
1179 2895 1322 2943 totus
1351 2892 1580 2948 mundus
1625 2909 1746 2948 cum
1783 2897 2034 2952 omnibus
2064 2901 2174 2956 suis

596 2972 839 3041 partibus
885 2974 1200 3032 interiturus
1230 2979 1362 3046 erit,
1396 2984 1662 3051 quomodo
1691 2985 1880 3051 homo,
1913 2986 1966 3040 in
1997 3003 2170 3059 quan-

599 3072 707 3117 tum
734 3077 860 3133 pars
885 3067 1068 3122 mundi
1099 3076 1199 3134 est,
1219 3079 1338 3138 post
1367 3074 1621 3128 mundum
1647 3077 1907 3142 manebit,
1939 3088 2029 3132 aut
2058 3081 2168 3146 ubi,

595 3165 689 3211 aut
732 3161 1000 3227 quomodo
1024 3199 1039 3226 ,
1092 3176 1195 3216 non
1245 3165 1376 3219 satis
1423 3166 1596 3220 video.
1644 3167 1723 3221 Ac
1749 3184 1846 3238 per
1884 3170 1984 3225 hoc
2013 3171 2170 3240 hujus
2199 3145 2242 3206 Ο

595 3250 926 3318 quaestionis
972 3253 1199 3309 nodulos
1261 3255 1436 3311 solvas
1465 3299 1479 3320 ,
1527 3259 1720 3314 obnixe
1768 3261 1963 3331 ﬂagito.
2031 3263 2168 3319 Mne.

570 3339 770 3396 'Altam
797 3343 952 3398 valde
975 3344 1238 3401 humanae
1257 3347 1578 3403 conditionis
1603 3351 1877 3420 physicam
1907 3353 2171 3410 theoriam

596 3431 854 3498 postulas,
885 3444 1231 3505 nostramque
1258 3440 1278 3470 ⁵
1307 3440 1723 3508 disputationem
1758 3443 1778 3473 °
1810 3443 2020 3515 longius
2047 3460 2173 3514 pro-

595 3522 744 3592 gredi
771 3525 1064 3593 oompellis.
1116 3527 1182 3581 Et
1211 3528 1340 3583 mihi
1369 3528 1634 3583 sullieeret
1665 3531 2014 3602 interroganti
2048 3535 2169 3600 tibi,

595 3627 764 3683 quare
789 3615 930 3671 Deus
954 3617 1225 3674 hominem
1253 3619 1305 3674 in
1327 3635 1523 3692 genere
1549 3622 1859 3678 animalium
1883 3628 2170 3693 creaverit,

595 3719 756 3774 quem
791 3707 859 3763 ad
898 3724 1047 3763 suam
1088 3710 1370 3780 imaginem
1405 3711 1580 3768 facere
1608 3716 1902 3786 proposuit,
1938 3719 2174 3776 breviter

596 3803 920 3870 respondere
943 3843 958 3869 ,
1006 3806 1130 3874 quia
1168 3805 1241 3861 ita
1284 3807 1454 3863 voluit
1480 3822 1601 3864 eum
1628 3812 1879 3880 condere,
1913 3823 1971 3868 ut
1997 3816 2169 3887 quod-

595 3890 716 3946 dam
745 3893 942 3949 animal
968 3904 1130 3961 esset,
1161 3896 1213 3951 in
1241 3913 1348 3968 quo
1375 3899 1656 3970 imaginem
1681 3918 1833 3958 suam
1859 3919 2170 3976 expressam

595 3979 984 4038 manifestaret.
1027 3983 1135 4039 Cur
1158 3995 1335 4041 autem
1369 3989 1440 4042 ita
1471 3989 1637 4045 voluit
1665 3993 1911 4062 quisquis
1935 3999 2169 4065 quaerit,

595 4071 811 4128 divinae
836 4075 1128 4131 voluntatis
1154 4092 1343 4134 causas
1382 4081 1612 4150 quaerit,
1643 4098 1776 4152 quas
1803 4100 2064 4166 quaerere
2091 4089 2172 4144 ni-

594 4162 697 4216 mis
723 4167 1177 4235 praesumptivum
1203 4169 1224 4200 '
1255 4178 1338 4224 est
1365 4179 1527 4240 atque
1555 4162 2023 4242 superbumIQuis
2035 4177 2170 4232 enim

591 4256 826 4323 cognovit
847 4256 868 4287 ⁸
894 4273 1102 4310 sensum
1131 4257 1382 4314 Domini?
1411 4260 1516 4316 Sed
1544 4263 1586 4316 si
1619 4264 1719 4318 hoc
1745 4265 1957 4331 dixero,
1987 4267 2169 4339 ingra-

593 4354 680 4401 tus
708 4345 952 4404 fortassis
981 4350 1162 4406 silebis
1180 4391 1194 4414 ,
1234 4362 1288 4407 et
1317 4370 1414 4408 nos
1443 4356 1754 4414 aestimabis
1785 4360 1859 4414 nil
1885 4363 1951 4414 ad
1977 4377 2170 4433 purum

2283 1898 2591 1951 animalium
2621 1914 2724 1956 non
2757 1910 2991 1966 crearet,
3014 1901 3112 1956 'ch
3138 1913 3287 1956 certe
3317 1903 3360 1956 si
3388 1904 3608 1956 omnittm
3634 1903 3781 1956 anima-

2282 1985 2411 2040 lium
2459 1997 2623 2043 totam
2657 1999 2905 2046 naturam
2951 1991 3005 2045 in
3037 1992 3254 2048 homine
3284 1992 3328 2024 ¹³
3357 2008 3458 2046 non
3489 1993 3777 2053 substitueret,

2280 2080 2550 2147 quomodo
2580 2082 2829 2136 universa
2860 2090 3110 2137 creatura
3152 2083 3380 2139 visibilis
3415 2095 3466 2139 et
3495 2082 3725 2138 invisibilis
3743 2081 3777 2134 iu

2281 2183 2346 2222 eo
2373 2171 2941 2240 comprehenderetur,
2970 2188 3032 2227 ac
3057 2188 3154 2243 per
3183 2175 3289 2229 hoc
3320 2172 3674 2228 rationabiliter
3691 2185 3777 2240 pos-

2281 2260 2449 2315 simus
2492 2262 2692 2328 dicere,
2729 2272 3011 2334 propterea
3051 2265 3193 2321 Deus
3238 2267 3505 2321 hominem
3550 2267 3596 2320 in
3637 2278 3778 2336 genere

2280 2349 2592 2406 animalium
2625 2352 2790 2407 voluit
2819 2354 3186 2421 substituere,
3234 2356 3487 2424 quoniam
3513 2355 3560 2408 in
3587 2355 3679 2423 ipso
3700 2366 3777 2405 om-

2280 2457 2402 2498 nem
2431 2454 2737 2500 creaturam
2769 2446 2812 2479 "
2835 2447 3002 2503 voluit
3043 2463 3253 2504 creare.
3301 2449 3408 2505 Cur
3451 2459 3610 2504 autem
3636 2449 3678 2502 in
3700 2447 3776 2516 ipso

2279 2549 2494 2591 onmem
2522 2546 2824 2593 creaturam
2855 2539 3024 2594 voluit
3047 2541 3322 2607 creare",
3367 2542 3410 2597 si
3453 2550 3584 2596 a'me
3600 2538 3774 2610 quaeris,

2282 2629 2600 2698 respondeo,
2628 2630 2752 2700 quia
2780 2631 2847 2685 ad
2873 2631 3162 2703 imaginem
3184 2642 3240 2688 et
3273 2634 3648 2689 similitudinem
3669 2643 3774 2686 suam

2279 2718 2445 2772 voluit
2496 2734 2619 2775 eum
2677 2720 2894 2787 facere,
2944 2733 3004 2800 ut
3055 2724 3504 2800 quemadmodum
3552 2720 3775 2796 principale

2276 2808 2580 2878 exemplum
2611 2819 2830 2880 superat
2857 2797 3036 2866 omnia
3074 2797 3346 2869 essentiae
3385 2813 3690 2875 excellentia,
3725 2809 3775 2862 ita

2278 2897 2456 2970 imago
2481 2899 2597 2968 ejus
2627 2910 2906 2972 superaret
2950 2916 3132 2958 omnia
3179 2905 3470 2960 creationis
3515 2904 3724 2975 dignitate
3741 2908 3777 2952 et

2276 2989 2469 3057 gratia.
2501 2988 2611 3045 Cur
2635 2998 2815 3045 autem
2846 2991 3153 3063 specialiter
3174 3009 3312 3063 prae
3339 2996 3525 3050 ceteris
3548 2990 3776 3048 visibilibus

2276 3091 2332 3135 et
2368 3081 2728 3138 invisibilibus
2756 3083 3024 3152 creaturis
3065 3085 3130 3139 ad
3163 3086 3451 3158 imaginem
3493 3102 3624 3143 suam
3651 3081 3775 3138 homi-

2273 3183 2396 3223 nem
2421 3169 2586 3224 voluit
2611 3170 2810 3237 facere,
2833 3171 3008 3227 fateor
3039 3187 3125 3228 me
3155 3177 3381 3231 omnino
3410 3177 3648 3248 ignorare.
3673 3173 3772 3226 Disc.

2271 3261 2399 3316 Mihi
2425 3263 2795 3336 interroganti,
2817 3281 2915 3319 cur
2943 3266 3084 3322 Deus
3112 3267 3165 3322 in
3191 3283 3394 3339 genere
3420 3268 3687 3326 animalium
3711 3265 3776 3317 llO'

2271 3351 2470 3407 minem
2495 3353 2664 3408 voluit
2695 3353 2895 3419 facere,
2927 3357 3081 3421 satis,
3105 3367 3163 3411 ut
3198 3361 3450 3425 aestimo,
3482 3368 3533 3413 et
3553 3352 3776 3410 rationabi-

2273 3443 2396 3497 liter
2422 3458 2759 3514 responsum.
2810 3445 3196 3502 Verumtamen
3245 3450 3427 3504 adliuc
3468 3455 3775 3518 quaero,qu0-

2271 3535 2430 3590 modo
2462 3536 2514 3590 in
2545 3537 2763 3592 homine
2804 3538 2985 3592 omnia
3029 3547 3211 3594 creata
3243 3550 3376 3595 sunt
3409 3548 3462 3594 et
3488 3540 3535 3594 in
3565 3539 3660 3608 ipso
3681 3533 3771 3588 sub-

2271 3626 2488 3691 sistunt,
2520 3643 2646 3682 num
2683 3627 2976 3683 secundum
3014 3629 3184 3684 solam
3215 3632 3520 3692 essentiam,
3551 3645 3608 3683 an
3633 3638 3772 3680 secun-

2270 3716 2397 3771 dum
2422 3718 2532 3773 sola
2563 3719 2884 3786 accidentia,
2917 3736 2985 3775 an
3017 3730 3210 3776 cuncta
3237 3722 3303 3788 ¹⁶,
3336 3737 3473 3792 quae
3499 3718 3774 3776 consideran-

2263 3816 2360 3862 tur
2386 3809 2439 3863 in
2476 3810 2724 3866 universa
2756 3821 3023 3878 creatura,
3057 3812 3159 3868 hoc
3201 3822 3308 3878 est,
3339 3813 3613 3870 secundum
3642 3818 3771 3862 essen-

2271 3899 2434 3966 tiam,
2487 3902 2749 3970 speciem,
2785 3900 3140 3958 diﬂerentiam
3170 3904 3215 3938 ιτ
3236 3913 3293 3959 et
3335 3904 3705 3976 proprietatem,
3738 3906 3774 3946 es

2269 3993 2472 4058 omnia,
2496 4008 2636 4062 quae
2655 3995 2800 4050 circa
2828 4010 2893 4050 ea
2922 3995 2990 4062 ",
3013 3995 3419 4067 intelliguntur?

2343 4084 2480 4140 Mne.
2501 4085 2649 4140 Hanc
2677 4075 3050 4156 quaestionem
3078 4089 3122 4123 "
3148 4105 3252 4145 non
3284 4091 3415 4145 mihi
3444 4087 3586 4143 facile
3601 4077 3774 4140 occnrril

2269 4175 2538 4245 quomodo
2593 4176 2990 4232 rationabiliter
3037 4178 3332 4233 absolvam.
3389 4177 3517 4232 Nam
3560 4174 3598 4230 si
3641 4173 3773 4226 dixero

2271 4269 2565 4322 secundum
2619 4268 2788 4323 solam
2852 4270 3187 4335 essentiam,
3237 4272 3432 4326 merito
3479 4261 3770 4337 respondebis,

2271 4359 2449 4411 omnia
2477 4359 2640 4428 igitur
2660 4358 2712 4412 in
2741 4366 2947 4413 tantum
2979 4359 3314 4415 solummodo
3341 4369 3481 4424 sunt,
3503 4359 3550 4412 in
3574 4360 3774 4425 quantum

592 4435 957 4508 perfectumve
980 4439 1174 4494 ducere
1204 4456 1376 4510 posse.
1407 4445 1519 4499 Non
1543 4447 1717 4502 dicam
1749 4450 1934 4522 igitur,
1957 4467 2056 4507 cur
2080 4469 2173 4510 vo-
2200 4487 2249 4547 Β
2273 4450 2634 4505 essentialiter
2660 4451 2980 4516 subsistunt,
3017 4462 3198 4507 cetera
3239 4469 3389 4515 vero,
3421 4465 3552 4547 quae
3577 4447 3776 4547 circa

594 4526 714 4591 luit,
742 4528 868 4597 quia
912 4543 1125 4611 omnem
1178 4530 1506 4589 intellectum
1550 4549 1798 4608 superat,
1836 4542 1929 4596 sed
1971 4543 2168 4613 dicam,

592 4627 753 4689 prout
786 4619 901 4689 ipse
932 4607 1165 4686 dederit,
1207 4625 1334 4693 quid
1366 4625 1542 4683 facere
1570 4607 1753 4685 voluit.
1793 4631 2018 4688 Omnem
2048 4607 2171 4705 qui;

592 4709 714 4764 dem
742 4719 1044 4766 creaturam
1093 4714 1355 4772 visibilem
1402 4729 1457 4775 et
1502 4721 1821 4780 invisibilem
1872 4726 1922 4780 in
1956 4727 2171 4784 homine

596 4798 762 4864 fecit,
808 4801 1060 4869 quoniam
1124 4803 1223 4875 ipsi
1283 4807 1606 4866 universitas
1651 4806 1898 4869 conditae
1942 4827 2170 4873 naturae

593 4892 771 4948 inesse
829 4891 1160 4964 intelligitur.
1239 4897 1496 4965 Quamvis
1559 4906 1702 4958 enim
1755 4907 1930 4962 adhuc
1980 4907 2166 4976 lateat,

592 4991 790 5052 quanta
825 4983 892 5038 sit
924 4988 1096 5055 prima
1123 4987 1358 5044 hominis
1386 4993 1623 5048 conditio
1665 5005 1784 5062 post
1829 4999 2170 5066 praevarica-

592 5073 794 5128 tionem
824 5075 1040 5144 superni
1075 5075 1290 5132 luminis
1319 5078 1550 5144 defectu,
1584 5083 1716 5136 nihil
1757 5093 1932 5139 tanien
1965 5085 2016 5139 in
2048 5101 2177 5142 cae-

591 5163 816 5221 lestibus
844 5167 1091 5221 essentiis
1121 5169 1436 5224 naturaliter
1463 5173 1641 5239 inest,
1689 5177 1829 5243 quod
1862 5177 1912 5230 in
1955 5178 2174 5233 homine

2273 4540 2503 4595 sentiam
2553 4539 2637 4593 vel
2684 4540 3040 4596 substantiam
3094 4541 3482 4613 intelliguntur,
3518 4540 3565 4593 in
3606 4539 3773 4630 num.sz

2273 4629 2642 4685 universitatis
2690 4644 2871 4684 rerum
2917 4646 3019 4686 nec
3063 4631 3421 4702 computanda
3475 4643 3565 4684 nec
3615 4628 3774 4694 pellit"s

2272 4725 2418 4773 sunt.
2475 4717 2538 4772 Et
2585 4719 2630 4772 si
2678 4719 2749 4772 ita
2779 4727 2883 4784 est,
2909 4734 3139 4790 quaeres
3164 4735 3194 4774 a
3231 4735 3338 4784 me,
3369 4720 3504 4774 unde
3524 4729 3636 4785 ergo
3667 4716 3775 4764 sunt.

2271 4823 2410 4880 quae
2436 4810 2577 4864 circa
2603 4811 2894 4864 essentiam
2919 4825 3099 4866 rerum
3136 4810 3516 4882 intelliguntur.
3545 4805 3596 4860 Si
3618 4803 3774 4858 dixem,

2269 4916 2337 4958 ex
2366 4901 2475 4956 Deo
2501 4898 2645 4954 facta
2670 4909 2815 4965 sunt,
2846 4899 3093 4955 dicturus
3134 4900 3266 4967 eris,
3297 4912 3463 4970 quare
3490 4909 3606 4965 ergo
3627 4891 3669 4944 in
3705 4899 3776 4940 ιιιι·

2269 4991 2421 5050 mero
2450 4992 2840 5057 universitatis,
2868 5007 3007 5063 quae
3053 4992 3106 5046 in
3155 4992 3373 5048 homine
3419 4990 3550 5044 facta
3589 4991 3677 5045 est,
3699 4988 3774 5031 n0"

2270 5081 2648 5140 includuntur?
2673 5081 2731 5137 Si
2759 5082 2948 5136 dixero
2969 5097 2998 5136 a
3024 5081 3134 5137 Deo
3155 5080 3298 5136 facta
3327 5095 3430 5135 non
3452 5082 3587 5139 sunt,
3608 5077 3776 5137 κεροπ-

2272 5174 2422 5230 dehis
2443 5214 2457 5240 ,
2495 5188 2601 5229 non
2629 5183 2753 5228 sunt
2780 5173 2972 5243 igitur;
3021 5187 3145 5226 nam
3174 5172 3220 5226 si
3248 5179 3456 5233 essent,
3493 5181 3589 5222 non
3613 5152 3776 5215 alitltltlo

1877 5291 2130 5349 VARIAE
2168 5290 2568 5349 LECTIONES.

666 5395 682 5426 ί
718 5393 802 5449 CF
831 5411 1005 5450 sensu.
1082 5396 1100 5424 ²
1131 5395 1222 5450 Sic
1257 5396 1373 5462 CF;
1406 5401 1446 5452 A
1480 5403 1749 5456 animalia.

591 5476 954 5536 naturamque.
1044 5463 1168 5536 g'hA
1217 5467 1585 5536 disputatione.

593 5537 810 5592 homine
850 5534 1215 5592 essentialiter
1268 5534 1368 5592 non
1426 5541 1698 5596 subsistat.

592 5607 665 5673 F;
697 5608 738 5663 C
778 5610 1005 5663 homine.
1115 5606 1158 5636 “
1196 5605 1286 5661 Sic
1330 5609 1448 5674 (1F;
1504 5610 1544 5663 Α
1590 5625 1850 5666 naturam.

595 5689 778 5733 cuncta
809 5678 851 5732 A
882 5686 1180 5745 cunctaque.

598 5747 978 5818 inquisitionem

1845 5406 1866 5436 ³
1902 5406 1991 5459 Sic
2022 5405 2139 5472 CF;
2191 5405 2236 5460 A
2265 5405 2556 5475 inteiligunt
2589 5420 2679 5458 seu
2717 5407 2963 5475 sentiunt.

1689 5475 1707 5505 "
1749 5473 1839 5528 Sic
1877 5475 1990 5538 Cl";
2041 5476 2085 5529 Α
2131 5473 2633 5545 ρταεδιιηῳιίιοειιηι.

1804 5545 1845 5575 ¹⁰
1879 5545 1962 5601 CF
1988 5545 2099 5602 Hoc
2126 5560 2266 5599 nam.

1959 5616 2002 5647 ¹⁸
2039 5615 2129 5670 Sic
2163 5613 2284 5681 CF;
2317 5613 2425 5669 Cur
2473 5623 2644 5666 autem
2669 5642 2738 5652 -—-
2781 5630 2956 5667 creare
2982 5629 3090 5667 om.
3121 5616 3183 5666 A.

1287 5680 1324 5709 ’⁷
1364 5681 1453 5733 Sic
1479 5679 1593 5746 CF;
1635 5683 1676 5735 Α
1718 5685 2002 5738 essentiam
2031 5697 2076 5739 et
2109 5679 2344 5755 speciem
2372 5694 2418 5736 et
2451 5683 2828 5737 dilli‘rentiam.

3061 5405 3102 5478 ’ᾗ
3122 5403 3212 5458 Sic
3450 5410 3622 5478 autent.
3681 5389 3718 5478 _'

2737 5474 2759 5505 ⁸
2795 5476 2833 5526 Λ
2868 5475 3148 5540 cognoscit.
3276 5473 3296 5505 ⁸
3324 5469 3423 5530 .CF.
3450 5465 3576 5538 quod
3621 5475 3702 5561 "3”
3738 5471 3773 5531 Ψ

2774 5543 2858 5576 ri:
2959 5544 3003 5574 ιι
3041 5544 3129 5576 ψη
3156 5543 3240 5576 me
3313 5543 3339 5576 Α
3375 5542 3533 5576 δηίων
3711 5523 3775 5576 Sic

2959 5544 3003 5574 ιι
3041 5544 3130 5597 Sic
3156 5543 3273 5607 cr,
3305 5543 3347 5597 Α
3375 5543 3538 5609 igitur.
3644 5543 3679 5561 ··
3711 5543 3774 5576 διε

2982 5629 3090 5666 om.
3121 5616 3183 5666 A.
3301 5613 3342 5644 ¹⁶
3379 5611 3463 5665 Sic
3488 5603 3589 5663 CF;
3625 5609 3704 5666 ῐηῗο
3725 5604 3774 5666 αἶ’

3379 5613 3463 5665 Sic
3488 5613 3589 5663 Cl";
3625 5613 3704 5666 l‘"0
3725 5613 3770 5643 “‘1

3419 5684 3459 5712 ευ
3497 5675 3577 5726 Sic
3615 5665 3705 5734 CF;
3740 5659 3770 5712 Α

2343 5546 2384 5576 ¹¹
2425 5560 2611 5612 corpus
2638 5558 2745 5597 om.
2774 5543 2879 5597 (JF.

2935 5685 2975 5715 ’⁸
3011 5701 3069 5735 ea
3120 5698 3226 5736 om.
3261 5684 3320 5735 Α.
