  <div class='ocr_page' id='page_1' title='image "/cluster/home/n/w/nwhite01/storage/ocr_20150623/122/hvd.32044015471659/420.png"; bbox 0 0 4028 6282; ppageno 0'>
   <div class='ocr_carea' id='block_1_1' title="bbox 619 301 727 311">
    <p class='ocr_par' dir='ltr' id='par_1_1' title="bbox 619 301 727 311">
     <span class='ocr_line' id='line_1_1' title="bbox 619 301 727 311; baseline 0 -1"><span class='ocrx_word' id='word_1_1' title='bbox 619 307 626 311; x_wconf 86' lang='grc'>.</span> <span class='ocrx_word' id='word_1_2' title='bbox 663 301 727 311; x_wconf 63' lang='grc' dir='ltr'><strong>ο-</strong></span> 
     </span>
    </p>
   </div>
   <div class='ocr_carea' id='block_1_2' title="bbox 203 301 3469 388">
    <p class='ocr_par' dir='ltr' id='par_1_2' title="bbox 203 301 3469 388">
     <span class='ocr_line' id='line_1_2' title="bbox 203 301 3469 388; baseline -0.006 -10"><span class='ocrx_word' id='word_1_3' title='bbox 203 322 308 378; x_wconf 83' lang='grc'><strong>765</strong></span> <span class='ocrx_word' id='word_1_4' title='bbox 619 307 626 311; x_wconf 83' lang='grc'><strong>’</strong></span> <span class='ocrx_word' id='word_1_5' title='bbox 663 301 727 311; x_wconf 73' lang='grc'><em>“’</em></span> <span class='ocrx_word' id='word_1_6' title='bbox 1021 318 1110 374; x_wconf 75' lang='lat' dir='ltr'><strong>ne</strong></span> <span class='ocrx_word' id='word_1_7' title='bbox 1143 313 1481 372; x_wconf 76' lang='lat' dir='ltr'><strong>DIVISIONE</strong></span> <span class='ocrx_word' id='word_1_8' title='bbox 1536 313 1883 388; x_wconf 67' lang='lat' dir='ltr'><strong>annuae.</strong></span> <span class='ocrx_word' id='word_1_9' title='bbox 1920 341 1990 354; x_wconf 90' lang='grc'><strong><em>-</em></strong></span> <span class='ocrx_word' id='word_1_10' title='bbox 2025 308 2228 365; x_wconf 75' lang='lat' dir='ltr'><strong>uasa</strong></span> <span class='ocrx_word' id='word_1_11' title='bbox 2266 303 2615 375; x_wconf 66' lang='lat' dir='ltr'><strong>ouanws.</strong></span> <span class='ocrx_word' id='word_1_12' title='bbox 3359 301 3469 360; x_wconf 85' lang='lat'><strong>766</strong></span> 
     </span>
    </p>
   </div>
   <div class='ocr_carea' id='block_1_3' title="bbox 206 413 3471 493">
    <p class='ocr_par' dir='ltr' id='par_1_3' title="bbox 206 413 3471 493">
     <span class='ocr_line' id='line_1_3' title="bbox 206 413 3471 493; baseline -0.003 -12"><span class='ocrx_word' id='word_1_13' title='bbox 206 437 389 484; x_wconf 71' lang='lat' dir='ltr'><strong>essent</strong></span> <span class='ocrx_word' id='word_1_14' title='bbox 419 428 435 460; x_wconf 86' lang='grc'>¹</span> <span class='ocrx_word' id='word_1_15' title='bbox 471 426 572 482; x_wconf 85' lang='lat' dir='ltr'><strong>nisi</strong></span> <span class='ocrx_word' id='word_1_16' title='bbox 602 439 664 480; x_wconf 79' lang='lat' dir='ltr'><strong>ex</strong></span> <span class='ocrx_word' id='word_1_17' title='bbox 698 441 858 480; x_wconf 87' lang='lat' dir='ltr'><strong>causa</strong></span> <span class='ocrx_word' id='word_1_18' title='bbox 884 426 1144 488; x_wconf 89' lang='lat' dir='ltr'><strong>omnium,</strong></span> <span class='ocrx_word' id='word_1_19' title='bbox 1173 437 1310 493; x_wconf 88' lang='lat' dir='ltr'><strong>quae</strong></span> <span class='ocrx_word' id='word_1_20' title='bbox 1343 423 1480 477; x_wconf 85' lang='lat' dir='ltr'><strong>Deus</strong></span> <span class='ocrx_word' id='word_1_21' title='bbox 1509 429 1610 477; x_wconf 92' lang='lat' dir='ltr'><strong>est.</strong></span> <span class='ocrx_word' id='word_1_22' title='bbox 1645 421 1710 475; x_wconf 84' lang='lat' dir='ltr'><strong>Et</strong></span> <span class='ocrx_word' id='word_1_23' title='bbox 1737 419 1782 474; x_wconf 90' lang='lat' dir='ltr'><strong>si</strong></span> <span class='ocrx_word' id='word_1_24' title='bbox 1814 427 1860 486; x_wconf 81' lang='grc' dir='ltr'><strong>Α</strong></span> <span class='ocrx_word' id='word_1_25' title='bbox 1889 426 2014 475; x_wconf 86' lang='lat' dir='ltr'><strong>sunt</strong></span> <span class='ocrx_word' id='word_1_26' title='bbox 2052 417 2203 473; x_wconf 82' lang='lat' dir='ltr'><strong>fieri?</strong></span> <span class='ocrx_word' id='word_1_27' title='bbox 2238 417 2378 472; x_wconf 73' lang='lat' dir='ltr'><strong>MAG.</strong></span> <span class='ocrx_word' id='word_1_28' title='bbox 2411 414 2466 470; x_wconf 88' lang='lat' dir='ltr'><strong>Si</strong></span> <span class='ocrx_word' id='word_1_29' title='bbox 2501 429 2630 484; x_wconf 88' lang='lat' dir='ltr'><strong>ergo</strong></span> <span class='ocrx_word' id='word_1_30' title='bbox 2661 413 2884 470; x_wconf 93' lang='lat' dir='ltr'><strong>alterius</strong></span> <span class='ocrx_word' id='word_1_31' title='bbox 2911 415 3124 484; x_wconf 79' lang='lat' dir='ltr'><strong>generis</strong></span> <span class='ocrx_word' id='word_1_32' title='bbox 3166 431 3258 470; x_wconf 92' lang='lat' dir='ltr'><strong>seu</strong></span> <span class='ocrx_word' id='word_1_33' title='bbox 3310 427 3471 470; x_wconf 77' lang='lat' dir='ltr'><strong>natu-</strong></span> 
     </span>
    </p>
   </div>
   <div class='ocr_carea' id='block_1_4' title="bbox 208 511 1783 585">
    <p class='ocr_par' dir='ltr' id='par_1_4' title="bbox 208 511 1783 585">
     <span class='ocr_line' id='line_1_4' title="bbox 208 511 1783 585; baseline -0.009 -9"><span class='ocrx_word' id='word_1_34' title='bbox 208 532 556 583; x_wconf 87' lang='lat' dir='ltr'><strong>eonsensero,</strong></span> <span class='ocrx_word' id='word_1_35' title='bbox 594 533 677 581; x_wconf 90' lang='lat' dir='ltr'><strong>ea,</strong></span> <span class='ocrx_word' id='word_1_36' title='bbox 715 532 854 585; x_wconf 88' lang='lat' dir='ltr'><strong>quae</strong></span> <span class='ocrx_word' id='word_1_37' title='bbox 899 517 1038 570; x_wconf 90' lang='lat' dir='ltr'><strong>circa</strong></span> <span class='ocrx_word' id='word_1_38' title='bbox 1088 514 1352 569; x_wconf 88' lang='lat' dir='ltr'><strong>essentias</strong></span> <span class='ocrx_word' id='word_1_39' title='bbox 1396 511 1783 580; x_wconf 82' lang='lat' dir='ltr'><strong>intelliguntur,</strong></span> 
     </span>
    </p>
   </div>
   <div class='ocr_carea' id='block_1_5' title="bbox 211 603 1785 672">
    <p class='ocr_par' dir='ltr' id='par_1_5' title="bbox 211 603 1785 672">
     <span class='ocr_line' id='line_1_5' title="bbox 211 603 1785 672; baseline -0.007 -9"><span class='ocrx_word' id='word_1_40' title='bbox 211 613 520 664; x_wconf 88' lang='lat' dir='ltr'><strong>innumero</strong></span> <span class='ocrx_word' id='word_1_41' title='bbox 563 621 743 660; x_wconf 81' lang='lat' dir='ltr'><strong>rerum</strong></span> <span class='ocrx_word' id='word_1_42' title='bbox 794 621 896 659; x_wconf 90' lang='lat' dir='ltr'><strong>non</strong></span> <span class='ocrx_word' id='word_1_43' title='bbox 944 620 1083 668; x_wconf 89' lang='lat' dir='ltr'><strong>esse,</strong></span> <span class='ocrx_word' id='word_1_44' title='bbox 1123 604 1247 672; x_wconf 85' lang='lat' dir='ltr'><strong>quia</strong></span> <span class='ocrx_word' id='word_1_45' title='bbox 1279 618 1308 656; x_wconf 92' lang='lat' dir='ltr'><strong>a</strong></span> <span class='ocrx_word' id='word_1_46' title='bbox 1343 603 1452 655; x_wconf 92' lang='lat' dir='ltr'><strong>Deo</strong></span> <span class='ocrx_word' id='word_1_47' title='bbox 1498 617 1600 654; x_wconf 87' lang='lat' dir='ltr'><strong>non</strong></span> <span class='ocrx_word' id='word_1_48' title='bbox 1642 609 1785 665; x_wconf 89' lang='lat' dir='ltr'><strong>sunt,</strong></span> 
     </span>
    </p>
   </div>
   <div class='ocr_carea' id='block_1_6' title="bbox 208 687 1789 764">
    <p class='ocr_par' dir='ltr' id='par_1_6' title="bbox 208 687 1789 764">
     <span class='ocr_line' id='line_1_6' title="bbox 208 687 1789 764; baseline -0.005 -14"><span class='ocrx_word' id='word_1_49' title='bbox 208 697 465 751; x_wconf 86' lang='lat' dir='ltr'><strong>continuo</strong></span> <span class='ocrx_word' id='word_1_50' title='bbox 490 695 653 756; x_wconf 89' lang='lat' dir='ltr'><strong>dices,</strong></span> <span class='ocrx_word' id='word_1_51' title='bbox 685 694 953 764; x_wconf 86' lang='lat' dir='ltr'><strong>quomodo</strong></span> <span class='ocrx_word' id='word_1_52' title='bbox 992 706 1120 760; x_wconf 79' lang='lat' dir='ltr'><strong>ergo</strong></span> <span class='ocrx_word' id='word_1_53' title='bbox 1162 688 1573 760; x_wconf 84' lang='lat' dir='ltr'><strong>intelliguntur?</strong></span> <span class='ocrx_word' id='word_1_54' title='bbox 1620 687 1789 742; x_wconf 84' lang='lat' dir='ltr'><strong>Omne</strong></span> 
     </span>
    </p>
   </div>
   <div class='ocr_carea' id='block_1_7' title="bbox 209 776 1792 854">
    <p class='ocr_par' dir='ltr' id='par_1_7' title="bbox 209 776 1792 854">
     <span class='ocr_line' id='line_1_7' title="bbox 209 776 1792 854; baseline -0.005 -15"><span class='ocrx_word' id='word_1_55' title='bbox 209 786 376 849; x_wconf 90' lang='lat' dir='ltr'><strong>enim,</strong></span> <span class='ocrx_word' id='word_1_56' title='bbox 405 783 547 854; x_wconf 85' lang='lat' dir='ltr'><strong>quod</strong></span> <span class='ocrx_word' id='word_1_57' title='bbox 599 800 660 837; x_wconf 81' lang='lat' dir='ltr'><strong>ex</strong></span> <span class='ocrx_word' id='word_1_58' title='bbox 717 785 826 836; x_wconf 88' lang='lat' dir='ltr'><strong>Deo</strong></span> <span class='ocrx_word' id='word_1_59' title='bbox 872 798 975 836; x_wconf 92' lang='lat' dir='ltr'><strong>non</strong></span> <span class='ocrx_word' id='word_1_60' title='bbox 1031 792 1113 835; x_wconf 89' lang='lat' dir='ltr'><strong>est</strong></span> <span class='ocrx_word' id='word_1_61' title='bbox 1144 820 1158 844; x_wconf 94' lang='lat'><strong>,</strong></span> <span class='ocrx_word' id='word_1_62' title='bbox 1206 779 1352 834; x_wconf 90' lang='lat' dir='ltr'><strong>nullo</strong></span> <span class='ocrx_word' id='word_1_63' title='bbox 1380 778 1535 832; x_wconf 91' lang='lat' dir='ltr'><strong>modo</strong></span> <span class='ocrx_word' id='word_1_64' title='bbox 1567 776 1792 847; x_wconf 87' lang='lat' dir='ltr'><strong>intelligi</strong></span> 
     </span>
    </p>
   </div>
   <div class='ocr_carea' id='block_1_8' title="bbox 212 868 1791 946">
    <p class='ocr_par' dir='ltr' id='par_1_8' title="bbox 212 868 1791 946">
     <span class='ocr_line' id='line_1_8' title="bbox 212 868 1791 946; baseline -0.006 -17"><span class='ocrx_word' id='word_1_65' title='bbox 212 883 410 946; x_wconf 89' lang='lat' dir='ltr'><strong>potest,</strong></span> <span class='ocrx_word' id='word_1_66' title='bbox 461 875 586 944; x_wconf 87' lang='lat' dir='ltr'><strong>quia</strong></span> <span class='ocrx_word' id='word_1_67' title='bbox 645 875 753 928; x_wconf 91' lang='lat' dir='ltr'><strong>ullo</strong></span> <span class='ocrx_word' id='word_1_68' title='bbox 809 875 964 927; x_wconf 87' lang='lat' dir='ltr'><strong>modo</strong></span> <span class='ocrx_word' id='word_1_69' title='bbox 1021 888 1124 926; x_wconf 90' lang='lat' dir='ltr'><strong>non</strong></span> <span class='ocrx_word' id='word_1_70' title='bbox 1180 881 1282 926; x_wconf 87' lang='lat' dir='ltr'><strong>est.</strong></span> <span class='ocrx_word' id='word_1_71' title='bbox 1339 868 1394 923; x_wconf 97' lang='lat' dir='ltr'><strong>Si</strong></span> <span class='ocrx_word' id='word_1_72' title='bbox 1444 869 1652 931; x_wconf 80' lang='lat' dir='ltr'><strong>dixero,</strong></span> <span class='ocrx_word' id='word_1_73' title='bbox 1685 883 1791 921; x_wconf 93' lang='lat' dir='ltr'><strong>non</strong></span> 
     </span>
    </p>
   </div>
   <div class='ocr_carea' id='block_1_9' title="bbox 213 961 1795 1028">
    <p class='ocr_par' dir='ltr' id='par_1_9' title="bbox 213 961 1795 1028">
     <span class='ocr_line' id='line_1_9' title="bbox 213 961 1795 1028; baseline -0.004 -10"><span class='ocrx_word' id='word_1_74' title='bbox 213 966 386 1018; x_wconf 88' lang='lat' dir='ltr'><strong>solum</strong></span> <span class='ocrx_word' id='word_1_75' title='bbox 439 964 736 1027; x_wconf 86' lang='lat' dir='ltr'><strong>essentias,</strong></span> <span class='ocrx_word' id='word_1_76' title='bbox 768 981 952 1017; x_wconf 74' lang='lat' dir='ltr'><strong>verum</strong></span> <span class='ocrx_word' id='word_1_77' title='bbox 1001 963 1165 1016; x_wconf 89' lang='lat' dir='ltr'><strong>etiam</strong></span> <span class='ocrx_word' id='word_1_78' title='bbox 1214 961 1425 1024; x_wconf 88' lang='lat' dir='ltr'><strong>omnia,</strong></span> <span class='ocrx_word' id='word_1_79' title='bbox 1455 974 1592 1028; x_wconf 88' lang='lat' dir='ltr'><strong>quae</strong></span> <span class='ocrx_word' id='word_1_80' title='bbox 1640 967 1795 1013; x_wconf 90' lang='lat' dir='ltr'><strong>natu-</strong></span> 
     </span>
    </p>
   </div>
   <div class='ocr_carea' id='block_1_10' title="bbox 216 1049 1791 1121">
    <p class='ocr_par' dir='ltr' id='par_1_10' title="bbox 216 1049 1791 1121">
     <span class='ocr_line' id='line_1_10' title="bbox 216 1049 1791 1121; baseline -0.003 -13"><span class='ocrx_word' id='word_1_81' title='bbox 216 1055 402 1109; x_wconf 67' lang='lat' dir='ltr'><strong>raliter</strong></span> <span class='ocrx_word' id='word_1_82' title='bbox 433 1055 574 1108; x_wconf 90' lang='lat' dir='ltr'><strong>circa</strong></span> <span class='ocrx_word' id='word_1_83' title='bbox 607 1070 698 1107; x_wconf 71' lang='lat' dir='ltr'><strong>cas</strong></span> <span class='ocrx_word' id='word_1_84' title='bbox 729 1054 1119 1121; x_wconf 85' lang='lat' dir='ltr'><strong>intelliguntur,</strong></span> <span class='ocrx_word' id='word_1_85' title='bbox 1150 1063 1205 1106; x_wconf 92' lang='lat' dir='ltr'><strong>et</strong></span> <span class='ocrx_word' id='word_1_86' title='bbox 1235 1067 1300 1106; x_wconf 83' lang='lat' dir='ltr'><strong>ex</strong></span> <span class='ocrx_word' id='word_1_87' title='bbox 1347 1054 1454 1105; x_wconf 89' lang='lat' dir='ltr'><strong>Deo</strong></span> <span class='ocrx_word' id='word_1_88' title='bbox 1479 1066 1616 1114; x_wconf 91' lang='lat' dir='ltr'><strong>esse,</strong></span> <span class='ocrx_word' id='word_1_89' title='bbox 1648 1059 1702 1104; x_wconf 88' lang='lat' dir='ltr'><strong>et</strong></span> <span class='ocrx_word' id='word_1_90' title='bbox 1740 1049 1791 1103; x_wconf 92' lang='lat' dir='ltr'><strong>in</strong></span> 
     </span>
    </p>
   </div>
   <div class='ocr_carea' id='block_1_11' title="bbox 215 1141 1792 1214">
    <p class='ocr_par' dir='ltr' id='par_1_11' title="bbox 215 1141 1792 1214">
     <span class='ocr_line' id='line_1_11' title="bbox 215 1141 1792 1214; baseline -0.003 -15"><span class='ocrx_word' id='word_1_91' title='bbox 215 1147 458 1214; x_wconf 89' lang='lat' dir='ltr'><strong>partibus</strong></span> <span class='ocrx_word' id='word_1_92' title='bbox 503 1145 869 1199; x_wconf 77' lang='lat' dir='ltr'><strong>universitatis</strong></span> <span class='ocrx_word' id='word_1_93' title='bbox 913 1145 1232 1213; x_wconf 79' lang='lat' dir='ltr'><strong>computari,</strong></span> <span class='ocrx_word' id='word_1_94' title='bbox 1274 1159 1379 1198; x_wconf 92' lang='lat' dir='ltr'><strong>non</strong></span> <span class='ocrx_word' id='word_1_95' title='bbox 1424 1152 1505 1197; x_wconf 91' lang='lat' dir='ltr'><strong>est</strong></span> <span class='ocrx_word' id='word_1_96' title='bbox 1550 1141 1792 1205; x_wconf 89' lang='lat' dir='ltr'><strong>dubium,</strong></span> 
     </span>
    </p>
   </div>
   <div class='ocr_carea' id='block_1_12' title="bbox 217 1236 1794 1307">
    <p class='ocr_par' dir='ltr' id='par_1_12' title="bbox 217 1236 1794 1307">
     <span class='ocr_line' id='line_1_12' title="bbox 217 1236 1794 1307; baseline -0.003 -17"><span class='ocrx_word' id='word_1_97' title='bbox 217 1238 347 1306; x_wconf 82' lang='lat' dir='ltr'><strong>quin</strong></span> <span class='ocrx_word' id='word_1_98' title='bbox 375 1238 394 1266; x_wconf 85' lang='grc'>²</span> <span class='ocrx_word' id='word_1_99' title='bbox 421 1253 604 1307; x_wconf 86' lang='lat' dir='ltr'><strong>cogar,</strong></span> <span class='ocrx_word' id='word_1_100' title='bbox 630 1253 792 1289; x_wconf 87' lang='lat' dir='ltr'><strong>unum</strong></span> <span class='ocrx_word' id='word_1_101' title='bbox 817 1252 882 1290; x_wconf 82' lang='lat' dir='ltr'><strong>ex</strong></span> <span class='ocrx_word' id='word_1_102' title='bbox 915 1236 1121 1290; x_wconf 89' lang='lat' dir='ltr'><strong>duobus</strong></span> <span class='ocrx_word' id='word_1_103' title='bbox 1141 1236 1356 1306; x_wconf 78' lang='lat' dir='ltr'><strong>eligere,</strong></span> <span class='ocrx_word' id='word_1_104' title='bbox 1381 1244 1474 1288; x_wconf 91' lang='lat' dir='ltr'><strong>aut</strong></span> <span class='ocrx_word' id='word_1_105' title='bbox 1503 1249 1606 1287; x_wconf 92' lang='lat' dir='ltr'><strong>non</strong></span> <span class='ocrx_word' id='word_1_106' title='bbox 1630 1243 1794 1288; x_wconf 89' lang='lat' dir='ltr'><strong>totam</strong></span> 
     </span>
    </p>
   </div>
   <div class='ocr_carea' id='block_1_13' title="bbox 217 1323 1796 1389">
    <p class='ocr_par' dir='ltr' id='par_1_13' title="bbox 217 1323 1796 1389">
     <span class='ocr_line' id='line_1_13' title="bbox 217 1323 1796 1389; baseline -0.003 -9"><span class='ocrx_word' id='word_1_107' title='bbox 217 1327 622 1380; x_wconf 83' lang='lat' dir='ltr'><strong>universitatem</strong></span> <span class='ocrx_word' id='word_1_108' title='bbox 650 1328 700 1380; x_wconf 91' lang='lat' dir='ltr'><strong>in</strong></span> <span class='ocrx_word' id='word_1_109' title='bbox 725 1327 938 1380; x_wconf 86' lang='lat' dir='ltr'><strong>homine</strong></span> <span class='ocrx_word' id='word_1_110' title='bbox 959 1326 1254 1389; x_wconf 87' lang='lat' dir='ltr'><strong>conditam,</strong></span> <span class='ocrx_word' id='word_1_111' title='bbox 1284 1325 1326 1378; x_wconf 88' lang='lat' dir='ltr'><strong>si</strong></span> <span class='ocrx_word' id='word_1_112' title='bbox 1355 1323 1686 1379; x_wconf 85' lang='lat' dir='ltr'><strong>solummodo</strong></span> <span class='ocrx_word' id='word_1_113' title='bbox 1713 1337 1796 1378; x_wconf 87' lang='lat' dir='ltr'><strong>es-</strong></span> 
     </span>
    </p>
   </div>
   <div class='ocr_carea' id='block_1_14' title="bbox 217 1415 1794 1484">
    <p class='ocr_par' dir='ltr' id='par_1_14' title="bbox 217 1415 1794 1484">
     <span class='ocr_line' id='line_1_14' title="bbox 217 1415 1794 1484; baseline -0.002 -13"><span class='ocrx_word' id='word_1_114' title='bbox 217 1417 428 1471; x_wconf 86' lang='lat' dir='ltr'><strong>sentiae</strong></span> <span class='ocrx_word' id='word_1_115' title='bbox 456 1417 505 1468; x_wconf 91' lang='lat' dir='ltr'><strong>in</strong></span> <span class='ocrx_word' id='word_1_116' title='bbox 540 1417 652 1484; x_wconf 89' lang='lat' dir='ltr'><strong>ipso</strong></span> <span class='ocrx_word' id='word_1_117' title='bbox 682 1415 854 1471; x_wconf 83' lang='lat' dir='ltr'><strong>factae</strong></span> <span class='ocrx_word' id='word_1_118' title='bbox 883 1427 1026 1478; x_wconf 89' lang='lat' dir='ltr'><strong>sunt,</strong></span> <span class='ocrx_word' id='word_1_119' title='bbox 1058 1427 1150 1468; x_wconf 91' lang='lat' dir='ltr'><strong>aut</strong></span> <span class='ocrx_word' id='word_1_120' title='bbox 1177 1424 1340 1468; x_wconf 87' lang='lat' dir='ltr'><strong>totam</strong></span> <span class='ocrx_word' id='word_1_121' title='bbox 1371 1415 1794 1480; x_wconf 81' lang='lat' dir='ltr'><strong>universitatem,</strong></span> 
     </span>
    </p>
   </div>
   <div class='ocr_carea' id='block_1_15' title="bbox 223 1505 1799 1576">
    <p class='ocr_par' dir='ltr' id='par_1_15' title="bbox 223 1505 1799 1576">
     <span class='ocr_line' id='line_1_15' title="bbox 223 1505 1799 1576; baseline -0.001 -14"><span class='ocrx_word' id='word_1_122' title='bbox 223 1509 327 1562; x_wconf 89' lang='lat' dir='ltr'><strong>hoc</strong></span> <span class='ocrx_word' id='word_1_123' title='bbox 357 1519 440 1562; x_wconf 89' lang='lat' dir='ltr'><strong>est</strong></span> <span class='ocrx_word' id='word_1_124' title='bbox 465 1510 749 1572; x_wconf 88' lang='lat' dir='ltr'><strong>essentias,</strong></span> <span class='ocrx_word' id='word_1_125' title='bbox 778 1517 831 1562; x_wconf 93' lang='lat' dir='ltr'><strong>ct</strong></span> <span class='ocrx_word' id='word_1_126' title='bbox 860 1523 1212 1576; x_wconf 84' lang='lat' dir='ltr'><strong>quaecunque</strong></span> <span class='ocrx_word' id='word_1_127' title='bbox 1237 1507 1379 1561; x_wconf 90' lang='lat' dir='ltr'><strong>circa</strong></span> <span class='ocrx_word' id='word_1_128' title='bbox 1409 1522 1520 1570; x_wconf 90' lang='lat' dir='ltr'><strong>eas,</strong></span> <span class='ocrx_word' id='word_1_129' title='bbox 1557 1516 1610 1563; x_wconf 90' lang='lat' dir='ltr'><strong>et</strong></span> <span class='ocrx_word' id='word_1_130' title='bbox 1640 1505 1693 1560; x_wconf 92' lang='lat' dir='ltr'><strong>in</strong></span> <span class='ocrx_word' id='word_1_131' title='bbox 1719 1506 1799 1561; x_wconf 89' lang='lat' dir='ltr'><strong>eis</strong></span> 
     </span>
    </p>
   </div>
   <div class='ocr_carea' id='block_1_16' title="bbox 221 1596 1798 1667">
    <p class='ocr_par' dir='ltr' id='par_1_16' title="bbox 221 1596 1798 1667">
     <span class='ocr_line' id='line_1_16' title="bbox 221 1596 1798 1667; baseline -0.001 -16"><span class='ocrx_word' id='word_1_132' title='bbox 221 1598 658 1667; x_wconf 88' lang='lat' dir='ltr'><strong>perspiciuntur,</strong></span> <span class='ocrx_word' id='word_1_133' title='bbox 709 1600 759 1652; x_wconf 94' lang='lat' dir='ltr'><strong>in</strong></span> <span class='ocrx_word' id='word_1_134' title='bbox 814 1598 1028 1651; x_wconf 87' lang='lat' dir='ltr'><strong>homine</strong></span> <span class='ocrx_word' id='word_1_135' title='bbox 1078 1598 1348 1650; x_wconf 91' lang='lat' dir='ltr'><strong>conditam</strong></span> <span class='ocrx_word' id='word_1_136' title='bbox 1380 1597 1400 1628; x_wconf 84' lang='grc'>⁸</span> <span class='ocrx_word' id='word_1_137' title='bbox 1456 1613 1595 1652; x_wconf 86' lang='lat' dir='ltr'><strong>esse.</strong></span> <span class='ocrx_word' id='word_1_138' title='bbox 1644 1596 1710 1651; x_wconf 87' lang='lat' dir='ltr'><strong>Et</strong></span> <span class='ocrx_word' id='word_1_139' title='bbox 1753 1596 1798 1651; x_wconf 86' lang='lat' dir='ltr'><strong>si</strong></span> 
     </span>
    </p>
   </div>
   <div class='ocr_carea' id='block_1_17' title="bbox 217 1686 1795 1757">
    <p class='ocr_par' dir='ltr' id='par_1_17' title="bbox 217 1686 1795 1757">
     <span class='ocr_line' id='line_1_17' title="bbox 217 1686 1795 1757; baseline 0.002 -19"><span class='ocrx_word' id='word_1_140' title='bbox 217 1686 430 1750; x_wconf 81' lang='lat' dir='ltr'><strong>dixero,</strong></span> <span class='ocrx_word' id='word_1_141' title='bbox 448 1702 551 1740; x_wconf 92' lang='lat' dir='ltr'><strong>non</strong></span> <span class='ocrx_word' id='word_1_142' title='bbox 579 1697 783 1757; x_wconf 79' lang='lat' dir='ltr'><strong>partem</strong></span> <span class='ocrx_word' id='word_1_143' title='bbox 811 1686 1197 1751; x_wconf 82' lang='lat' dir='ltr'><strong>universitatis,</strong></span> <span class='ocrx_word' id='word_1_144' title='bbox 1224 1686 1325 1742; x_wconf 91' lang='lat' dir='ltr'><strong>hoc</strong></span> <span class='ocrx_word' id='word_1_145' title='bbox 1339 1695 1422 1741; x_wconf 88' lang='lat' dir='ltr'><strong>est</strong></span> <span class='ocrx_word' id='word_1_146' title='bbox 1448 1686 1795 1753; x_wconf 87' lang='lat' dir='ltr'><strong>substantias,</strong></span> 
     </span>
    </p>
   </div>
   <div class='ocr_carea' id='block_1_18' title="bbox 223 1766 1872 1848">
    <p class='ocr_par' dir='ltr' id='par_1_18' title="bbox 223 1766 1872 1848">
     <span class='ocr_line' id='line_1_18' title="bbox 223 1766 1872 1848; baseline 0.001 -18"><span class='ocrx_word' id='word_1_147' title='bbox 223 1780 318 1832; x_wconf 86' lang='lat' dir='ltr'><strong>sed</strong></span> <span class='ocrx_word' id='word_1_148' title='bbox 348 1786 513 1830; x_wconf 89' lang='lat' dir='ltr'><strong>totum</strong></span> <span class='ocrx_word' id='word_1_149' title='bbox 544 1777 594 1830; x_wconf 93' lang='lat' dir='ltr'><strong>in</strong></span> <span class='ocrx_word' id='word_1_150' title='bbox 627 1777 842 1830; x_wconf 87' lang='lat' dir='ltr'><strong>homine</strong></span> <span class='ocrx_word' id='word_1_151' title='bbox 871 1777 1242 1842; x_wconf 92' lang='lat' dir='ltr'><strong>constitutum,</strong></span> <span class='ocrx_word' id='word_1_152' title='bbox 1269 1778 1584 1848; x_wconf 79' lang='lat' dir='ltr'><strong>gravissima</strong></span> <span class='ocrx_word' id='word_1_153' title='bbox 1630 1794 1796 1846; x_wconf 84' lang='lat' dir='ltr'><strong>quae-</strong></span> <span class='ocrx_word' id='word_1_154' title='bbox 1831 1766 1872 1824; x_wconf 82' lang='grc' dir='ltr'><strong>Β</strong></span> 
     </span>
    </p>
   </div>
   <div class='ocr_carea' id='block_1_19' title="bbox 223 1867 1799 1940">
    <p class='ocr_par' dir='ltr' id='par_1_19' title="bbox 223 1867 1799 1940">
     <span class='ocr_line' id='line_1_19' title="bbox 223 1867 1799 1940; baseline -0.001 -17"><span class='ocrx_word' id='word_1_155' title='bbox 223 1869 400 1923; x_wconf 90' lang='lat' dir='ltr'><strong>stione</strong></span> <span class='ocrx_word' id='word_1_156' title='bbox 437 1867 777 1937; x_wconf 80' lang='lat' dir='ltr'><strong>persequeris</strong></span> <span class='ocrx_word' id='word_1_157' title='bbox 815 1867 1060 1932; x_wconf 90' lang='lat' dir='ltr'><strong>dicendo,</strong></span> <span class='ocrx_word' id='word_1_158' title='bbox 1108 1869 1550 1923; x_wconf 89' lang='lat' dir='ltr'><strong>irrationabilitas</strong></span> <span class='ocrx_word' id='word_1_159' title='bbox 1588 1884 1718 1940; x_wconf 84' lang='lat' dir='ltr'><strong>ergo</strong></span> <span class='ocrx_word' id='word_1_160' title='bbox 1747 1869 1799 1922; x_wconf 94' lang='lat' dir='ltr'><strong>in</strong></span> 
     </span>
    </p>
   </div>
   <div class='ocr_carea' id='block_1_20' title="bbox 217 1958 1804 2030">
    <p class='ocr_par' dir='ltr' id='par_1_20' title="bbox 217 1958 1804 2030">
     <span class='ocr_line' id='line_1_20' title="bbox 217 1958 1804 2030; baseline 0 -16"><span class='ocrx_word' id='word_1_161' title='bbox 217 1975 290 2014; x_wconf 87' lang='lat' dir='ltr'><strong>eo</strong></span> <span class='ocrx_word' id='word_1_162' title='bbox 320 1959 456 2014; x_wconf 84' lang='lat' dir='ltr'><strong>facta</strong></span> <span class='ocrx_word' id='word_1_163' title='bbox 486 1969 586 2021; x_wconf 92' lang='lat' dir='ltr'><strong>est,</strong></span> <span class='ocrx_word' id='word_1_164' title='bbox 616 1969 667 2014; x_wconf 90' lang='lat' dir='ltr'><strong>et</strong></span> <span class='ocrx_word' id='word_1_165' title='bbox 704 1958 1033 2025; x_wconf 88' lang='lat' dir='ltr'><strong>bestialitas,</strong></span> <span class='ocrx_word' id='word_1_166' title='bbox 1083 1960 1568 2030; x_wconf 72' lang='lat' dir='ltr'><strong>quadrupedalitas,</strong></span> <span class='ocrx_word' id='word_1_167' title='bbox 1614 1959 1804 2014; x_wconf 81' lang='lat' dir='ltr'><strong>volati-</strong></span> 
     </span>
    </p>
   </div>
   <div class='ocr_carea' id='block_1_21' title="bbox 222 2047 1802 2120">
    <p class='ocr_par' dir='ltr' id='par_1_21' title="bbox 222 2047 1802 2120">
     <span class='ocr_line' id='line_1_21' title="bbox 222 2047 1802 2120; baseline 0 -16"><span class='ocrx_word' id='word_1_168' title='bbox 222 2051 380 2111; x_wconf 89' lang='lat' dir='ltr'><strong>litas,</strong></span> <span class='ocrx_word' id='word_1_169' title='bbox 407 2064 700 2120; x_wconf 90' lang='lat' dir='ltr'><strong>omnesque</strong></span> <span class='ocrx_word' id='word_1_170' title='bbox 740 2047 1072 2104; x_wconf 74' lang='lat' dir='ltr'><strong>dill‘erentiae</strong></span> <span class='ocrx_word' id='word_1_171' title='bbox 1120 2051 1452 2105; x_wconf 78' lang='lat' dir='ltr'><strong>diversorum</strong></span> <span class='ocrx_word' id='word_1_172' title='bbox 1493 2050 1802 2105; x_wconf 83' lang='lat' dir='ltr'><strong>animalium</strong></span> 
     </span>
    </p>
   </div>
   <div class='ocr_carea' id='block_1_22' title="bbox 221 2142 1801 2213">
    <p class='ocr_par' dir='ltr' id='par_1_22' title="bbox 221 2142 1801 2213">
     <span class='ocr_line' id='line_1_22' title="bbox 221 2142 1801 2213; baseline 0.001 -18"><span class='ocrx_word' id='word_1_173' title='bbox 221 2142 559 2212; x_wconf 90' lang='lat' dir='ltr'><strong>aliarumque</strong></span> <span class='ocrx_word' id='word_1_174' title='bbox 607 2157 808 2205; x_wconf 88' lang='lat' dir='ltr'><strong>rerum,</strong></span> <span class='ocrx_word' id='word_1_175' title='bbox 837 2142 1043 2210; x_wconf 75' lang='lat' dir='ltr'><strong>species</strong></span> <span class='ocrx_word' id='word_1_176' title='bbox 1072 2157 1306 2210; x_wconf 89' lang='lat' dir='ltr'><strong>quoque,</strong></span> <span class='ocrx_word' id='word_1_177' title='bbox 1335 2153 1389 2198; x_wconf 89' lang='lat' dir='ltr'><strong>et</strong></span> <span class='ocrx_word' id='word_1_178' title='bbox 1425 2143 1801 2213; x_wconf 83' lang='lat' dir='ltr'><strong>proprietates,</strong></span> 
     </span>
    </p>
   </div>
   <div class='ocr_carea' id='block_1_23' title="bbox 221 2229 1804 2301">
    <p class='ocr_par' dir='ltr' id='par_1_23' title="bbox 221 2229 1804 2301">
     <span class='ocr_line' id='line_1_23' title="bbox 221 2229 1804 2301; baseline 0.002 -18"><span class='ocrx_word' id='word_1_179' title='bbox 221 2240 278 2284; x_wconf 85' lang='lat' dir='ltr'><strong>et</strong></span> <span class='ocrx_word' id='word_1_180' title='bbox 335 2230 666 2292; x_wconf 86' lang='lat' dir='ltr'><strong>accidentia,</strong></span> <span class='ocrx_word' id='word_1_181' title='bbox 737 2239 790 2284; x_wconf 91' lang='lat' dir='ltr'><strong>et</strong></span> <span class='ocrx_word' id='word_1_182' title='bbox 827 2239 1005 2284; x_wconf 90' lang='lat' dir='ltr'><strong>cetera</strong></span> <span class='ocrx_word' id='word_1_183' title='bbox 1062 2229 1493 2297; x_wconf 88' lang='lat' dir='ltr'><strong>innumerabilia,</strong></span> <span class='ocrx_word' id='word_1_184' title='bbox 1543 2246 1681 2301; x_wconf 89' lang='lat' dir='ltr'><strong>quae</strong></span> <span class='ocrx_word' id='word_1_185' title='bbox 1737 2231 1804 2286; x_wconf 92' lang='lat' dir='ltr'><strong>ab</strong></span> 
     </span>
    </p>
   </div>
   <div class='ocr_carea' id='block_1_24' title="bbox 223 2317 1800 2388">
    <p class='ocr_par' dir='ltr' id='par_1_24' title="bbox 223 2317 1800 2388">
     <span class='ocr_line' id='line_1_24' title="bbox 223 2317 1800 2388; baseline 0.003 -17"><span class='ocrx_word' id='word_1_186' title='bbox 223 2320 457 2372; x_wconf 88' lang='lat' dir='ltr'><strong>humana</strong></span> <span class='ocrx_word' id='word_1_187' title='bbox 497 2329 683 2373; x_wconf 86' lang='lat' dir='ltr'><strong>natura</strong></span> <span class='ocrx_word' id='word_1_188' title='bbox 719 2317 876 2385; x_wconf 81' lang='lat' dir='ltr'><strong>longe</strong></span> <span class='ocrx_word' id='word_1_189' title='bbox 911 2318 1109 2373; x_wconf 84' lang='lat' dir='ltr'><strong>distare</strong></span> <span class='ocrx_word' id='word_1_190' title='bbox 1137 2319 1417 2385; x_wconf 77' lang='lat' dir='ltr'><strong>videntur,</strong></span> <span class='ocrx_word' id='word_1_191' title='bbox 1463 2321 1516 2375; x_wconf 93' lang='lat' dir='ltr'><strong>in</strong></span> <span class='ocrx_word' id='word_1_192' title='bbox 1576 2329 1800 2388; x_wconf 81' lang='lat' dir='ltr'><strong>tantum,</strong></span> 
     </span>
    </p>
   </div>
   <div class='ocr_carea' id='block_1_25' title="bbox 219 2407 1801 2478">
    <p class='ocr_par' dir='ltr' id='par_1_25' title="bbox 219 2407 1801 2478">
     <span class='ocr_line' id='line_1_25' title="bbox 219 2407 1801 2478; baseline 0.003 -18"><span class='ocrx_word' id='word_1_193' title='bbox 219 2419 285 2461; x_wconf 84' lang='lat' dir='ltr'><strong>ut</strong></span> <span class='ocrx_word' id='word_1_194' title='bbox 310 2409 355 2463; x_wconf 92' lang='lat' dir='ltr'><strong>si</strong></span> <span class='ocrx_word' id='word_1_195' title='bbox 386 2409 587 2462; x_wconf 85' lang='lat' dir='ltr'><strong>homini</strong></span> <span class='ocrx_word' id='word_1_196' title='bbox 635 2408 809 2462; x_wconf 91' lang='lat' dir='ltr'><strong>inesse</strong></span> <span class='ocrx_word' id='word_1_197' title='bbox 837 2407 1162 2472; x_wconf 92' lang='lat' dir='ltr'><strong>constiterit,</strong></span> <span class='ocrx_word' id='word_1_198' title='bbox 1193 2424 1295 2463; x_wconf 92' lang='lat' dir='ltr'><strong>non</strong></span> <span class='ocrx_word' id='word_1_199' title='bbox 1340 2423 1462 2464; x_wconf 90' lang='lat' dir='ltr'><strong>esse</strong></span> <span class='ocrx_word' id='word_1_200' title='bbox 1507 2409 1801 2478; x_wconf 87' lang='lat' dir='ltr'><strong>hominem,</strong></span> 
     </span>
    </p>
   </div>
   <div class='ocr_carea' id='block_1_26' title="bbox 221 2497 1800 2570">
    <p class='ocr_par' dir='ltr' id='par_1_26' title="bbox 221 2497 1800 2570">
     <span class='ocr_line' id='line_1_26' title="bbox 221 2497 1800 2570; baseline 0.003 -17"><span class='ocrx_word' id='word_1_201' title='bbox 221 2497 317 2553; x_wconf 71' lang='lat' dir='ltr'><strong>Sed</strong></span> <span class='ocrx_word' id='word_1_202' title='bbox 361 2498 725 2567; x_wconf 90' lang='lat' dir='ltr'><strong>turpissimum</strong></span> <span class='ocrx_word' id='word_1_203' title='bbox 774 2506 1071 2553; x_wconf 87' lang='lat' dir='ltr'><strong>monstrum</strong></span> <span class='ocrx_word' id='word_1_204' title='bbox 1111 2508 1257 2553; x_wconf 90' lang='lat' dir='ltr'><strong>recte</strong></span> <span class='ocrx_word' id='word_1_205' title='bbox 1311 2499 1600 2570; x_wconf 89' lang='lat' dir='ltr'><strong>judicetur.</strong></span> <span class='ocrx_word' id='word_1_206' title='bbox 1654 2501 1800 2558; x_wconf 80' lang='lat' dir='ltr'><strong>DISC.</strong></span> 
     </span>
    </p>
   </div>
   <div class='ocr_carea' id='block_1_27' title="bbox 222 2587 1802 2660">
    <p class='ocr_par' dir='ltr' id='par_1_27' title="bbox 222 2587 1802 2660">
     <span class='ocr_line' id='line_1_27' title="bbox 222 2587 1802 2660; baseline 0.001 -20"><span class='ocrx_word' id='word_1_207' title='bbox 222 2587 593 2643; x_wconf 83' lang='lat' dir='ltr'><strong>Difficultatcm</strong></span> <span class='ocrx_word' id='word_1_208' title='bbox 624 2589 954 2658; x_wconf 88' lang='lat' dir='ltr'><strong>quaestionis</strong></span> <span class='ocrx_word' id='word_1_209' title='bbox 981 2588 1300 2654; x_wconf 90' lang='lat' dir='ltr'><strong>cumulasti,</strong></span> <span class='ocrx_word' id='word_1_210' title='bbox 1332 2589 1670 2660; x_wconf 90' lang='lat' dir='ltr'><strong>quadamque</strong></span> <span class='ocrx_word' id='word_1_211' title='bbox 1709 2591 1802 2643; x_wconf 85' lang='lat' dir='ltr'><strong>de-</strong></span> 
     </span>
    </p>
   </div>
   <div class='ocr_carea' id='block_1_28' title="bbox 225 2679 1805 2752">
    <p class='ocr_par' dir='ltr' id='par_1_28' title="bbox 225 2679 1805 2752">
     <span class='ocr_line' id='line_1_28' title="bbox 225 2679 1805 2752; baseline 0.002 -20"><span class='ocrx_word' id='word_1_212' title='bbox 225 2679 567 2745; x_wconf 70' lang='lat' dir='ltr'><strong>liberatione,</strong></span> <span class='ocrx_word' id='word_1_213' title='bbox 597 2681 850 2750; x_wconf 85' lang='lat' dir='ltr'><strong>quicquid</strong></span> <span class='ocrx_word' id='word_1_214' title='bbox 891 2679 959 2733; x_wconf 87' lang='lat' dir='ltr'><strong>ab</strong></span> <span class='ocrx_word' id='word_1_215' title='bbox 988 2679 1092 2734; x_wconf 91' lang='lat' dir='ltr'><strong>alio</strong></span> <span class='ocrx_word' id='word_1_216' title='bbox 1140 2689 1530 2752; x_wconf 87' lang='lat' dir='ltr'><strong>opponeretur,</strong></span> <span class='ocrx_word' id='word_1_217' title='bbox 1560 2679 1652 2734; x_wconf 89' lang='lat' dir='ltr'><strong>tibi</strong></span> <span class='ocrx_word' id='word_1_218' title='bbox 1691 2681 1805 2750; x_wconf 89' lang='lat' dir='ltr'><strong>ipse</strong></span> 
     </span>
    </p>
   </div>
   <div class='ocr_carea' id='block_1_29' title="bbox 220 2772 1804 2844">
    <p class='ocr_par' dir='ltr' id='par_1_29' title="bbox 220 2772 1804 2844">
     <span class='ocr_line' id='line_1_29' title="bbox 220 2772 1804 2844; baseline 0.003 -20"><span class='ocrx_word' id='word_1_219' title='bbox 220 2774 544 2842; x_wconf 91' lang='lat' dir='ltr'><strong>opposuisti,</strong></span> <span class='ocrx_word' id='word_1_220' title='bbox 576 2788 638 2827; x_wconf 88' lang='lat' dir='ltr'><strong>ac</strong></span> <span class='ocrx_word' id='word_1_221' title='bbox 666 2787 762 2844; x_wconf 89' lang='lat' dir='ltr'><strong>per</strong></span> <span class='ocrx_word' id='word_1_222' title='bbox 794 2772 897 2828; x_wconf 89' lang='lat' dir='ltr'><strong>hoc</strong></span> <span class='ocrx_word' id='word_1_223' title='bbox 932 2783 1018 2826; x_wconf 91' lang='lat' dir='ltr'><strong>aut</strong></span> <span class='ocrx_word' id='word_1_224' title='bbox 1054 2789 1174 2826; x_wconf 88' lang='lat' dir='ltr'><strong>eam</strong></span> <span class='ocrx_word' id='word_1_225' title='bbox 1219 2772 1505 2836; x_wconf 88' lang='lat' dir='ltr'><strong>reserabis,</strong></span> <span class='ocrx_word' id='word_1_226' title='bbox 1544 2781 1634 2827; x_wconf 84' lang='lat' dir='ltr'><strong>aut</strong></span> <span class='ocrx_word' id='word_1_227' title='bbox 1680 2772 1804 2828; x_wconf 79' lang='lat' dir='ltr'><strong>abs-</strong></span> 
     </span>
    </p>
   </div>
   <div class='ocr_carea' id='block_1_30' title="bbox 221 2863 1802 2934">
    <p class='ocr_par' dir='ltr' id='par_1_30' title="bbox 221 2863 1802 2934">
     <span class='ocr_line' id='line_1_30' title="bbox 221 2863 1802 2934; baseline 0.003 -20"><span class='ocrx_word' id='word_1_228' title='bbox 221 2871 429 2916; x_wconf 85' lang='lat' dir='ltr'><strong>lrusam</strong></span> <span class='ocrx_word' id='word_1_229' title='bbox 461 2865 776 2934; x_wconf 86' lang='lat' dir='ltr'><strong>praeteribis</strong></span> <span class='ocrx_word' id='word_1_230' title='bbox 820 2863 861 2928; x_wconf 69' lang='grc'><strong>⁸,</strong></span> <span class='ocrx_word' id='word_1_231' title='bbox 913 2873 967 2917; x_wconf 91' lang='lat' dir='ltr'><strong>et</strong></span> <span class='ocrx_word' id='word_1_232' title='bbox 1003 2865 1068 2918; x_wconf 91' lang='lat' dir='ltr'><strong>ad</strong></span> <span class='ocrx_word' id='word_1_233' title='bbox 1115 2863 1215 2917; x_wconf 87' lang='lat' dir='ltr'><strong>alia</strong></span> <span class='ocrx_word' id='word_1_234' title='bbox 1263 2864 1284 2896; x_wconf 85' lang='lat'><strong>&#39;</strong></span> <span class='ocrx_word' id='word_1_235' title='bbox 1337 2865 1609 2929; x_wconf 86' lang='lat' dir='ltr'><strong>transibis,</strong></span> <span class='ocrx_word' id='word_1_236' title='bbox 1659 2863 1802 2934; x_wconf 91' lang='lat' dir='ltr'><strong>quod</strong></span> 
     </span>
    </p>
   </div>
   <div class='ocr_carea' id='block_1_31' title="bbox 224 2951 1805 3023">
    <p class='ocr_par' dir='ltr' id='par_1_31' title="bbox 224 2951 1805 3023">
     <span class='ocr_line' id='line_1_31' title="bbox 224 2951 1805 3023; baseline 0.004 -21"><span class='ocrx_word' id='word_1_237' title='bbox 224 2952 381 3005; x_wconf 62' lang='lat' dir='ltr'><strong>Valde</strong></span> <span class='ocrx_word' id='word_1_238' title='bbox 408 2952 754 3021; x_wconf 88' lang='lat' dir='ltr'><strong>incongrnmn</strong></span> <span class='ocrx_word' id='word_1_239' title='bbox 785 2953 1066 3008; x_wconf 72' lang='lat' dir='ltr'><strong>videbitur.</strong></span> <span class='ocrx_word' id='word_1_240' title='bbox 1096 2952 1233 3008; x_wconf 75' lang='grc' dir='ltr'><strong>ΜΑς.</strong></span> <span class='ocrx_word' id='word_1_241' title='bbox 1273 2952 1544 3008; x_wconf 88' lang='lat' dir='ltr'><strong>Conemur</strong></span> <span class='ocrx_word' id='word_1_242' title='bbox 1577 2954 1754 3023; x_wconf 89' lang='lat' dir='ltr'><strong>itaque</strong></span> <span class='ocrx_word' id='word_1_243' title='bbox 1781 2951 1805 2987; x_wconf 87' lang='grc'><strong><em>⁸</em></strong></span> 
     </span>
    </p>
   </div>
   <div class='ocr_carea' id='block_1_32' title="bbox 224 3041 1799 3114">
    <p class='ocr_par' dir='ltr' id='par_1_32' title="bbox 224 3041 1799 3114">
     <span class='ocr_line' id='line_1_32' title="bbox 224 3041 1799 3114; baseline 0.004 -20"><span class='ocrx_word' id='word_1_244' title='bbox 224 3041 371 3095; x_wconf 86' lang='lat' dir='ltr'><strong>illam</strong></span> <span class='ocrx_word' id='word_1_245' title='bbox 397 3046 786 3112; x_wconf 80' lang='lat' dir='ltr'><strong>quodammodo</strong></span> <span class='ocrx_word' id='word_1_246' title='bbox 835 3044 1157 3114; x_wconf 81' lang='lat' dir='ltr'><strong>censpicari,</strong></span> <span class='ocrx_word' id='word_1_247' title='bbox 1203 3059 1272 3099; x_wconf 91' lang='lat' dir='ltr'><strong>ne</strong></span> <span class='ocrx_word' id='word_1_248' title='bbox 1325 3047 1545 3101; x_wconf 91' lang='lat' dir='ltr'><strong>omnino</strong></span> <span class='ocrx_word' id='word_1_249' title='bbox 1599 3046 1799 3101; x_wconf 87' lang='lat' dir='ltr'><strong>intacta</strong></span> 
     </span>
    </p>
   </div>
   <div class='ocr_carea' id='block_1_33' title="bbox 224 3135 1800 3208">
    <p class='ocr_par' dir='ltr' id='par_1_33' title="bbox 224 3135 1800 3208">
     <span class='ocr_line' id='line_1_33' title="bbox 224 3135 1800 3208; baseline 0.006 -20"><span class='ocrx_word' id='word_1_250' title='bbox 224 3135 445 3190; x_wconf 89' lang='lat' dir='ltr'><strong>interim</strong></span> <span class='ocrx_word' id='word_1_251' title='bbox 507 3137 864 3208; x_wconf 86' lang='lat' dir='ltr'><strong>relinquatur.</strong></span> <span class='ocrx_word' id='word_1_252' title='bbox 925 3141 1069 3198; x_wconf 79' lang='lat' dir='ltr'><strong>DISC.</strong></span> <span class='ocrx_word' id='word_1_253' title='bbox 1121 3143 1248 3198; x_wconf 82' lang='lat' dir='ltr'><strong>Mihi</strong></span> <span class='ocrx_word' id='word_1_254' title='bbox 1312 3143 1800 3200; x_wconf 79' lang='lat' dir='ltr'><strong>alitersatisfaccre</strong></span> 
     </span>
    </p>
   </div>
   <div class='ocr_carea' id='block_1_34' title="bbox 226 3228 1805 3308">
    <p class='ocr_par' dir='ltr' id='par_1_34' title="bbox 226 3228 1805 3308">
     <span class='ocr_line' id='line_1_34' title="bbox 226 3228 1805 3308; baseline 0.004 -24"><span class='ocrx_word' id='word_1_255' title='bbox 226 3244 336 3284; x_wconf 91' lang='lat' dir='ltr'><strong>non</strong></span> <span class='ocrx_word' id='word_1_256' title='bbox 370 3228 590 3285; x_wconf 83' lang='lat' dir='ltr'><strong>valebis.</strong></span> <span class='ocrx_word' id='word_1_257' title='bbox 619 3231 759 3288; x_wconf 73' lang='lat' dir='ltr'><strong>MAG.</strong></span> <span class='ocrx_word' id='word_1_258' title='bbox 801 3233 994 3299; x_wconf 88' lang='lat' dir='ltr'><strong>Omne,</strong></span> <span class='ocrx_word' id='word_1_259' title='bbox 1035 3235 1177 3306; x_wconf 88' lang='lat' dir='ltr'><strong>quod</strong></span> <span class='ocrx_word' id='word_1_260' title='bbox 1216 3237 1558 3308; x_wconf 79' lang='lat' dir='ltr'><strong>cognoscitur</strong></span> <span class='ocrx_word' id='word_1_261' title='bbox 1603 3235 1805 3290; x_wconf 89' lang='lat' dir='ltr'><strong>intelle-</strong></span> 
     </span>
    </p>
   </div>
   <div class='ocr_carea' id='block_1_35' title="bbox 227 3320 1806 3396">
    <p class='ocr_par' dir='ltr' id='par_1_35' title="bbox 227 3320 1806 3396">
     <span class='ocr_line' id='line_1_35' title="bbox 227 3320 1806 3396; baseline 0.003 -22"><span class='ocrx_word' id='word_1_262' title='bbox 227 3331 320 3374; x_wconf 90' lang='lat' dir='ltr'><strong>ctu</strong></span> <span class='ocrx_word' id='word_1_263' title='bbox 345 3320 364 3351; x_wconf 88' lang='grc'><strong>⁷</strong></span> <span class='ocrx_word' id='word_1_264' title='bbox 394 3329 448 3375; x_wconf 91' lang='lat' dir='ltr'><strong>et</strong></span> <span class='ocrx_word' id='word_1_265' title='bbox 471 3321 702 3388; x_wconf 89' lang='lat' dir='ltr'><strong>ratione,</strong></span> <span class='ocrx_word' id='word_1_266' title='bbox 742 3338 836 3377; x_wconf 92' lang='lat' dir='ltr'><strong>seu</strong></span> <span class='ocrx_word' id='word_1_267' title='bbox 861 3340 1119 3394; x_wconf 87' lang='lat' dir='ltr'><strong>corporeo</strong></span> <span class='ocrx_word' id='word_1_268' title='bbox 1152 3341 1309 3380; x_wconf 90' lang='lat' dir='ltr'><strong>sensu</strong></span> <span class='ocrx_word' id='word_1_269' title='bbox 1340 3326 1685 3396; x_wconf 81' lang='lat' dir='ltr'><strong>imaginatur,</strong></span> <span class='ocrx_word' id='word_1_270' title='bbox 1716 3341 1806 3395; x_wconf 86' lang='lat' dir='ltr'><strong>pu-</strong></span> 
     </span>
    </p>
   </div>
   <div class='ocr_carea' id='block_1_36' title="bbox 229 3411 1807 3488">
    <p class='ocr_par' dir='ltr' id='par_1_36' title="bbox 229 3411 1807 3488">
     <span class='ocr_line' id='line_1_36' title="bbox 229 3411 1807 3488; baseline 0.004 -24"><span class='ocrx_word' id='word_1_271' title='bbox 229 3421 406 3476; x_wconf 90' lang='lat' dir='ltr'><strong>tasne,</strong></span> <span class='ocrx_word' id='word_1_272' title='bbox 428 3411 479 3466; x_wconf 92' lang='lat' dir='ltr'><strong>in</strong></span> <span class='ocrx_word' id='word_1_273' title='bbox 510 3412 646 3482; x_wconf 91' lang='lat' dir='ltr'><strong>ipso,</strong></span> <span class='ocrx_word' id='word_1_274' title='bbox 684 3414 774 3484; x_wconf 90' lang='lat' dir='ltr'><strong>qui</strong></span> <span class='ocrx_word' id='word_1_275' title='bbox 824 3415 1071 3487; x_wconf 84' lang='lat' dir='ltr'><strong>intelligit</strong></span> <span class='ocrx_word' id='word_1_276' title='bbox 1112 3425 1166 3473; x_wconf 90' lang='lat' dir='ltr'><strong>et</strong></span> <span class='ocrx_word' id='word_1_277' title='bbox 1194 3417 1380 3482; x_wconf 87' lang='lat' dir='ltr'><strong>sentit,</strong></span> <span class='ocrx_word' id='word_1_278' title='bbox 1413 3418 1807 3488; x_wconf 89' lang='lat' dir='ltr'><strong>quodammodo</strong></span> 
     </span>
    </p>
   </div>
   <div class='ocr_carea' id='block_1_37' title="bbox 226 3505 1804 3580">
    <p class='ocr_par' dir='ltr' id='par_1_37' title="bbox 226 3505 1804 3580">
     <span class='ocr_line' id='line_1_37' title="bbox 226 3505 1804 3580; baseline 0.003 -23"><span class='ocrx_word' id='word_1_279' title='bbox 226 3516 385 3573; x_wconf 82' lang='lat' dir='ltr'><strong>posse</strong></span> <span class='ocrx_word' id='word_1_280' title='bbox 417 3505 585 3559; x_wconf 89' lang='lat' dir='ltr'><strong>creari</strong></span> <span class='ocrx_word' id='word_1_281' title='bbox 621 3514 676 3559; x_wconf 90' lang='lat' dir='ltr'><strong>et</strong></span> <span class='ocrx_word' id='word_1_282' title='bbox 732 3506 902 3560; x_wconf 82' lang='lat' dir='ltr'><strong>cilici?</strong></span> <span class='ocrx_word' id='word_1_283' title='bbox 960 3508 1102 3563; x_wconf 81' lang='lat' dir='ltr'><strong>Disc.</strong></span> <span class='ocrx_word' id='word_1_284' title='bbox 1163 3510 1388 3565; x_wconf 80' lang='lat' dir='ltr'><strong>Videtur</strong></span> <span class='ocrx_word' id='word_1_285' title='bbox 1443 3509 1571 3564; x_wconf 91' lang='lat' dir='ltr'><strong>mihi</strong></span> <span class='ocrx_word' id='word_1_286' title='bbox 1628 3523 1804 3580; x_wconf 88' lang='lat' dir='ltr'><strong>posse.</strong></span> 
     </span>
    </p>
   </div>
   <div class='ocr_carea' id='block_1_38' title="bbox 229 3593 1809 3670">
    <p class='ocr_par' dir='ltr' id='par_1_38' title="bbox 229 3593 1809 3670">
     <span class='ocr_line' id='line_1_38' title="bbox 229 3593 1809 3670; baseline 0.004 -24"><span class='ocrx_word' id='word_1_287' title='bbox 229 3593 433 3648; x_wconf 81' lang='lat' dir='ltr'><strong>Rerum</strong></span> <span class='ocrx_word' id='word_1_288' title='bbox 463 3595 726 3664; x_wconf 87' lang='lat' dir='ltr'><strong>siquidem</strong></span> <span class='ocrx_word' id='word_1_289' title='bbox 757 3597 1088 3653; x_wconf 86' lang='lat' dir='ltr'><strong>sensibilium</strong></span> <span class='ocrx_word' id='word_1_290' title='bbox 1128 3601 1333 3668; x_wconf 90' lang='lat' dir='ltr'><strong>species</strong></span> <span class='ocrx_word' id='word_1_291' title='bbox 1379 3607 1432 3654; x_wconf 90' lang='lat' dir='ltr'><strong>et</strong></span> <span class='ocrx_word' id='word_1_292' title='bbox 1479 3599 1809 3670; x_wconf 88' lang='lat' dir='ltr'><strong>quantitates</strong></span> 
     </span>
    </p>
   </div>
   <div class='ocr_carea' id='block_1_39' title="bbox 230 3685 1808 3761">
    <p class='ocr_par' dir='ltr' id='par_1_39' title="bbox 230 3685 1808 3761">
     <span class='ocr_line' id='line_1_39' title="bbox 230 3685 1808 3761; baseline 0.001 -21"><span class='ocrx_word' id='word_1_293' title='bbox 230 3695 286 3740; x_wconf 91' lang='lat' dir='ltr'><strong>et</strong></span> <span class='ocrx_word' id='word_1_294' title='bbox 317 3685 623 3755; x_wconf 84' lang='lat' dir='ltr'><strong>qualitates,</strong></span> <span class='ocrx_word' id='word_1_295' title='bbox 654 3703 788 3756; x_wconf 91' lang='lat' dir='ltr'><strong>quas</strong></span> <span class='ocrx_word' id='word_1_296' title='bbox 819 3703 1078 3761; x_wconf 88' lang='lat' dir='ltr'><strong>corporeo</strong></span> <span class='ocrx_word' id='word_1_297' title='bbox 1103 3704 1263 3746; x_wconf 89' lang='lat' dir='ltr'><strong>sensu</strong></span> <span class='ocrx_word' id='word_1_298' title='bbox 1292 3691 1514 3760; x_wconf 83' lang='lat' dir='ltr'><strong>attingo,</strong></span> <span class='ocrx_word' id='word_1_299' title='bbox 1546 3689 1808 3760; x_wconf 88' lang='lat' dir='ltr'><strong>quodam-</strong></span> 
     </span>
    </p>
   </div>
   <div class='ocr_carea' id='block_1_40' title="bbox 232 3772 1810 3846">
    <p class='ocr_par' dir='ltr' id='par_1_40' title="bbox 232 3772 1810 3846">
     <span class='ocr_line' id='line_1_40' title="bbox 232 3772 1810 3846; baseline 0.003 -21"><span class='ocrx_word' id='word_1_300' title='bbox 232 3773 394 3826; x_wconf 91' lang='lat' dir='ltr'><strong>modo</strong></span> <span class='ocrx_word' id='word_1_301' title='bbox 431 3772 484 3826; x_wconf 92' lang='lat' dir='ltr'><strong>in</strong></span> <span class='ocrx_word' id='word_1_302' title='bbox 513 3787 597 3827; x_wconf 91' lang='lat' dir='ltr'><strong>me</strong></span> <span class='ocrx_word' id='word_1_303' title='bbox 637 3775 808 3828; x_wconf 88' lang='lat' dir='ltr'><strong>creari</strong></span> <span class='ocrx_word' id='word_1_304' title='bbox 840 3785 999 3846; x_wconf 89' lang='lat' dir='ltr'><strong>puto;</strong></span> <span class='ocrx_word' id='word_1_305' title='bbox 1029 3791 1214 3830; x_wconf 90' lang='lat' dir='ltr'><strong>earum</strong></span> <span class='ocrx_word' id='word_1_306' title='bbox 1242 3791 1474 3846; x_wconf 88' lang='lat' dir='ltr'><strong>namque</strong></span> <span class='ocrx_word' id='word_1_307' title='bbox 1499 3775 1810 3846; x_wconf 87' lang='lat' dir='ltr'><strong>phantasias</strong></span> 
     </span>
    </p>
   </div>
   <div class='ocr_carea' id='block_1_41' title="bbox 231 3861 1808 3937">
    <p class='ocr_par' dir='ltr' id='par_1_41' title="bbox 231 3861 1808 3937">
     <span class='ocr_line' id='line_1_41' title="bbox 231 3861 1808 3937; baseline 0.004 -22"><span class='ocrx_word' id='word_1_308' title='bbox 231 3861 361 3915; x_wconf 87' lang='lat' dir='ltr'><strong>dum</strong></span> <span class='ocrx_word' id='word_1_309' title='bbox 402 3863 693 3918; x_wconf 87' lang='lat' dir='ltr'><strong>memoriae</strong></span> <span class='ocrx_word' id='word_1_310' title='bbox 735 3864 915 3935; x_wconf 87' lang='lat' dir='ltr'><strong>inligo,</strong></span> <span class='ocrx_word' id='word_1_311' title='bbox 947 3881 1145 3936; x_wconf 86' lang='lat' dir='ltr'><strong>easque</strong></span> <span class='ocrx_word' id='word_1_312' title='bbox 1166 3867 1306 3921; x_wconf 90' lang='lat' dir='ltr'><strong>inter</strong></span> <span class='ocrx_word' id='word_1_313' title='bbox 1327 3867 1586 3937; x_wconf 88' lang='lat' dir='ltr'><strong>meipsum</strong></span> <span class='ocrx_word' id='word_1_314' title='bbox 1617 3873 1808 3931; x_wconf 88' lang='lat' dir='ltr'><strong>tracto,</strong></span> 
     </span>
    </p>
   </div>
   <div class='ocr_carea' id='block_1_42' title="bbox 233 3946 1812 4028">
    <p class='ocr_par' dir='ltr' id='par_1_42' title="bbox 233 3946 1812 4028">
     <span class='ocr_line' id='line_1_42' title="bbox 233 3946 1812 4028; baseline 0.002 -20"><span class='ocrx_word' id='word_1_315' title='bbox 233 3953 436 4019; x_wconf 82' lang='lat' dir='ltr'><strong>divido,</strong></span> <span class='ocrx_word' id='word_1_316' title='bbox 492 3969 760 4025; x_wconf 86' lang='lat' dir='ltr'><strong>comparo,</strong></span> <span class='ocrx_word' id='word_1_317' title='bbox 805 3971 869 4012; x_wconf 90' lang='lat' dir='ltr'><strong>ac</strong></span> <span class='ocrx_word' id='word_1_318' title='bbox 921 3957 1080 4012; x_wconf 78' lang='lat' dir='ltr'><strong>veluti</strong></span> <span class='ocrx_word' id='word_1_319' title='bbox 1134 3946 1186 4012; x_wconf 88' lang='lat' dir='ltr'><strong>in</strong></span> <span class='ocrx_word' id='word_1_320' title='bbox 1246 3958 1505 4012; x_wconf 89' lang='lat' dir='ltr'><strong>unitatem</strong></span> <span class='ocrx_word' id='word_1_321' title='bbox 1544 3957 1812 4028; x_wconf 90' lang='lat' dir='ltr'><strong>quandam</strong></span> 
     </span>
    </p>
   </div>
   <div class='ocr_carea' id='block_1_43' title="bbox 232 4045 1814 4120">
    <p class='ocr_par' dir='ltr' id='par_1_43' title="bbox 232 4045 1814 4120">
     <span class='ocr_line' id='line_1_43' title="bbox 232 4045 1814 4120; baseline 0.004 -23"><span class='ocrx_word' id='word_1_322' title='bbox 232 4045 448 4115; x_wconf 85' lang='lat' dir='ltr'><strong>colligo,</strong></span> <span class='ocrx_word' id='word_1_323' title='bbox 477 4047 742 4117; x_wconf 90' lang='lat' dir='ltr'><strong>quandam</strong></span> <span class='ocrx_word' id='word_1_324' title='bbox 776 4049 1020 4102; x_wconf 89' lang='lat' dir='ltr'><strong>notitiam</strong></span> <span class='ocrx_word' id='word_1_325' title='bbox 1079 4065 1285 4114; x_wconf 90' lang='lat' dir='ltr'><strong>rerum,</strong></span> <span class='ocrx_word' id='word_1_326' title='bbox 1337 4065 1473 4120; x_wconf 89' lang='lat' dir='ltr'><strong>quae</strong></span> <span class='ocrx_word' id='word_1_327' title='bbox 1529 4058 1677 4103; x_wconf 77' lang='lat' dir='ltr'><strong>extra</strong></span> <span class='ocrx_word' id='word_1_328' title='bbox 1727 4061 1814 4104; x_wconf 89' lang='lat' dir='ltr'><strong>me</strong></span> 
     </span>
    </p>
   </div>
   <div class='ocr_carea' id='block_1_44' title="bbox 233 4135 1815 4208">
    <p class='ocr_par' dir='ltr' id='par_1_44' title="bbox 233 4135 1815 4208">
     <span class='ocr_line' id='line_1_44' title="bbox 233 4135 1815 4208; baseline 0.003 -17"><span class='ocrx_word' id='word_1_329' title='bbox 233 4145 383 4199; x_wconf 78' lang='lat' dir='ltr'><strong>Sttni,</strong></span> <span class='ocrx_word' id='word_1_330' title='bbox 415 4136 467 4189; x_wconf 95' lang='lat' dir='ltr'><strong>in</strong></span> <span class='ocrx_word' id='word_1_331' title='bbox 498 4151 582 4191; x_wconf 91' lang='lat' dir='ltr'><strong>me</strong></span> <span class='ocrx_word' id='word_1_332' title='bbox 609 4135 742 4192; x_wconf 79' lang='lat' dir='ltr'><strong>elllci</strong></span> <span class='ocrx_word' id='word_1_333' title='bbox 782 4139 1068 4208; x_wconf 90' lang='lat' dir='ltr'><strong>perspicio.</strong></span> <span class='ocrx_word' id='word_1_334' title='bbox 1092 4137 1354 4195; x_wconf 88' lang='lat' dir='ltr'><strong>Similiter</strong></span> <span class='ocrx_word' id='word_1_335' title='bbox 1385 4140 1546 4195; x_wconf 86' lang='lat' dir='ltr'><strong>etiam</strong></span> <span class='ocrx_word' id='word_1_336' title='bbox 1591 4140 1815 4196; x_wconf 89' lang='lat' dir='ltr'><strong>interius</strong></span> 
     </span>
    </p>
   </div>
   <div class='ocr_carea' id='block_1_45' title="bbox 233 4224 1815 4302">
    <p class='ocr_par' dir='ltr' id='par_1_45' title="bbox 233 4224 1815 4302">
     <span class='ocr_line' id='line_1_45' title="bbox 233 4224 1815 4302; baseline 0.004 -24"><span class='ocrx_word' id='word_1_337' title='bbox 233 4224 661 4296; x_wconf 85' lang='lat' dir='ltr'><strong>intelligibilium,</strong></span> <span class='ocrx_word' id='word_1_338' title='bbox 703 4243 839 4298; x_wconf 91' lang='lat' dir='ltr'><strong>quae</strong></span> <span class='ocrx_word' id='word_1_339' title='bbox 882 4229 996 4284; x_wconf 92' lang='lat' dir='ltr'><strong>solo</strong></span> <span class='ocrx_word' id='word_1_340' title='bbox 1045 4231 1225 4284; x_wconf 88' lang='lat' dir='ltr'><strong>animo</strong></span> <span class='ocrx_word' id='word_1_341' title='bbox 1271 4231 1621 4302; x_wconf 89' lang='lat' dir='ltr'><strong>contemplor,</strong></span> <span class='ocrx_word' id='word_1_342' title='bbox 1666 4230 1815 4286; x_wconf 83' lang='lat' dir='ltr'><strong>verbi</strong></span> 
     </span>
    </p>
   </div>
   <div class='ocr_carea' id='block_1_46' title="bbox 234 4315 1815 4391">
    <p class='ocr_par' dir='ltr' id='par_1_46' title="bbox 234 4315 1815 4391">
     <span class='ocr_line' id='line_1_46' title="bbox 234 4315 1815 4391; baseline 0.006 -24"><span class='ocrx_word' id='word_1_343' title='bbox 234 4315 406 4384; x_wconf 80' lang='lat' dir='ltr'><strong>gratia</strong></span> <span class='ocrx_word' id='word_1_344' title='bbox 435 4315 730 4372; x_wconf 89' lang='lat' dir='ltr'><strong>liberalium</strong></span> <span class='ocrx_word' id='word_1_345' title='bbox 777 4318 1202 4391; x_wconf 86' lang='lat' dir='ltr'><strong>disciplinarum,</strong></span> <span class='ocrx_word' id='word_1_346' title='bbox 1226 4322 1484 4391; x_wconf 89' lang='lat' dir='ltr'><strong>quasdam</strong></span> <span class='ocrx_word' id='word_1_347' title='bbox 1533 4322 1815 4377; x_wconf 67' lang='lat' dir='ltr'><strong>notiones”</strong></span> 
     </span>
    </p>
   </div>
   <div class='ocr_carea' id='block_1_47' title="bbox 238 4403 1893 4508">
    <p class='ocr_par' dir='ltr' id='par_1_47' title="bbox 238 4403 1893 4508">
     <span class='ocr_line' id='line_1_47' title="bbox 238 4403 1893 4508; baseline 0.006 -52"><span class='ocrx_word' id='word_1_348' title='bbox 238 4403 403 4459; x_wconf 68' lang='lat' dir='ltr'><strong>veluti</strong></span> <span class='ocrx_word' id='word_1_349' title='bbox 437 4405 797 4476; x_wconf 80' lang='lat' dir='ltr'><strong>lntelligibilcs</strong></span> <span class='ocrx_word' id='word_1_350' title='bbox 821 4411 1049 4478; x_wconf 88' lang='lat' dir='ltr'><strong>species,</strong></span> <span class='ocrx_word' id='word_1_351' title='bbox 1096 4409 1220 4464; x_wconf 89' lang='lat' dir='ltr'><strong>dum</strong></span> <span class='ocrx_word' id='word_1_352' title='bbox 1274 4411 1514 4465; x_wconf 90' lang='lat' dir='ltr'><strong>studiose</strong></span> <span class='ocrx_word' id='word_1_353' title='bbox 1561 4424 1653 4466; x_wconf 87' lang='lat' dir='ltr'><strong>eas</strong></span> <span class='ocrx_word' id='word_1_354' title='bbox 1691 4425 1814 4481; x_wconf 86' lang='lat' dir='ltr'><strong>per-</strong></span> <span class='ocrx_word' id='word_1_355' title='bbox 1841 4448 1893 4508; x_wconf 67' lang='grc' dir='ltr'>Β</span> 
     </span>
    </p>
   </div>
   <div class='ocr_carea' id='block_1_48' title="bbox 236 4497 1816 4573">
    <p class='ocr_par' dir='ltr' id='par_1_48' title="bbox 236 4497 1816 4573">
     <span class='ocr_line' id='line_1_48' title="bbox 236 4497 1816 4573; baseline 0.006 -25"><span class='ocrx_word' id='word_1_356' title='bbox 236 4497 418 4567; x_wconf 89' lang='lat' dir='ltr'><strong>quiro,</strong></span> <span class='ocrx_word' id='word_1_357' title='bbox 444 4497 495 4551; x_wconf 92' lang='lat' dir='ltr'><strong>in</strong></span> <span class='ocrx_word' id='word_1_358' title='bbox 527 4514 614 4554; x_wconf 90' lang='lat' dir='ltr'><strong>me</strong></span> <span class='ocrx_word' id='word_1_359' title='bbox 639 4501 782 4555; x_wconf 90' lang='lat' dir='ltr'><strong>nasci</strong></span> <span class='ocrx_word' id='word_1_360' title='bbox 811 4510 865 4555; x_wconf 92' lang='lat' dir='ltr'><strong>et</strong></span> <span class='ocrx_word' id='word_1_361' title='bbox 892 4500 1006 4556; x_wconf 85' lang='lat' dir='ltr'><strong>fieri</strong></span> <span class='ocrx_word' id='word_1_362' title='bbox 1039 4502 1296 4573; x_wconf 87' lang='lat' dir='ltr'><strong>intelligo.</strong></span> <span class='ocrx_word' id='word_1_363' title='bbox 1341 4502 1477 4569; x_wconf 87' lang='lat' dir='ltr'><strong>Quid</strong></span> <span class='ocrx_word' id='word_1_364' title='bbox 1518 4512 1696 4558; x_wconf 89' lang='lat' dir='ltr'><strong>autem</strong></span> <span class='ocrx_word' id='word_1_365' title='bbox 1739 4503 1816 4557; x_wconf 86' lang='lat' dir='ltr'><strong>in-</strong></span> 
     </span>
    </p>
   </div>
   <div class='ocr_carea' id='block_1_49' title="bbox 239 4589 1813 4664">
    <p class='ocr_par' dir='ltr' id='par_1_49' title="bbox 239 4589 1813 4664">
     <span class='ocr_line' id='line_1_49' title="bbox 239 4589 1813 4664; baseline 0.003 -22"><span class='ocrx_word' id='word_1_366' title='bbox 239 4597 410 4643; x_wconf 89' lang='lat' dir='ltr'><strong>terest</strong></span> <span class='ocrx_word' id='word_1_367' title='bbox 441 4589 579 4644; x_wconf 90' lang='lat' dir='ltr'><strong>inter</strong></span> <span class='ocrx_word' id='word_1_368' title='bbox 604 4591 842 4645; x_wconf 89' lang='lat' dir='ltr'><strong>notitiam</strong></span> <span class='ocrx_word' id='word_1_369' title='bbox 869 4600 923 4646; x_wconf 92' lang='lat' dir='ltr'><strong>et</strong></span> <span class='ocrx_word' id='word_1_370' title='bbox 946 4608 1033 4646; x_wconf 91' lang='lat' dir='ltr'><strong>res</strong></span> <span class='ocrx_word' id='word_1_371' title='bbox 1064 4593 1223 4660; x_wconf 87' lang='lat' dir='ltr'><strong>ipsas,</strong></span> <span class='ocrx_word' id='word_1_372' title='bbox 1247 4609 1473 4664; x_wconf 90' lang='lat' dir='ltr'><strong>quarum</strong></span> <span class='ocrx_word' id='word_1_373' title='bbox 1494 4593 1681 4649; x_wconf 91' lang='lat' dir='ltr'><strong>notitia</strong></span> <span class='ocrx_word' id='word_1_374' title='bbox 1709 4601 1813 4660; x_wconf 91' lang='lat' dir='ltr'><strong>est,</strong></span> 
     </span>
    </p>
   </div>
   <div class='ocr_carea' id='block_1_50' title="bbox 238 4680 1816 4751">
    <p class='ocr_par' dir='ltr' id='par_1_50' title="bbox 238 4680 1816 4751">
     <span class='ocr_line' id='line_1_50' title="bbox 238 4680 1816 4751; baseline 0.006 -19"><span class='ocrx_word' id='word_1_375' title='bbox 238 4681 400 4751; x_wconf 86' lang='lat' dir='ltr'><strong>plane</strong></span> <span class='ocrx_word' id='word_1_376' title='bbox 422 4695 524 4735; x_wconf 93' lang='lat' dir='ltr'><strong>non</strong></span> <span class='ocrx_word' id='word_1_377' title='bbox 553 4680 726 4736; x_wconf 82' lang='lat' dir='ltr'><strong>video.</strong></span> <span class='ocrx_word' id='word_1_378' title='bbox 759 4682 894 4738; x_wconf 71' lang='lat' dir='ltr'><strong>MAG.</strong></span> <span class='ocrx_word' id='word_1_379' title='bbox 935 4684 1073 4750; x_wconf 83' lang='lat' dir='ltr'><strong>Quid</strong></span> <span class='ocrx_word' id='word_1_380' title='bbox 1104 4684 1197 4738; x_wconf 87' lang='lat' dir='ltr'><strong>tibi</strong></span> <span class='ocrx_word' id='word_1_381' title='bbox 1224 4686 1468 4740; x_wconf 81' lang='lat' dir='ltr'><strong>videtur?</strong></span> <span class='ocrx_word' id='word_1_382' title='bbox 1497 4686 1634 4740; x_wconf 88' lang='lat' dir='ltr'><strong>Num</strong></span> <span class='ocrx_word' id='word_1_383' title='bbox 1655 4686 1816 4742; x_wconf 89' lang='lat' dir='ltr'><strong>unius</strong></span> 
     </span>
    </p>
   </div>
   <div class='ocr_carea' id='block_1_51' title="bbox 241 4771 1811 4845">
    <p class='ocr_par' dir='ltr' id='par_1_51' title="bbox 241 4771 1811 4845">
     <span class='ocr_line' id='line_1_51' title="bbox 241 4771 1811 4845; baseline 0.004 -21"><span class='ocrx_word' id='word_1_384' title='bbox 241 4777 490 4834; x_wconf 87' lang='lat' dir='ltr'><strong>naturae,</strong></span> <span class='ocrx_word' id='word_1_385' title='bbox 525 4785 592 4824; x_wconf 91' lang='lat' dir='ltr'><strong>an</strong></span> <span class='ocrx_word' id='word_1_386' title='bbox 639 4771 858 4827; x_wconf 90' lang='lat' dir='ltr'><strong>alterius</strong></span> <span class='ocrx_word' id='word_1_387' title='bbox 903 4783 1027 4828; x_wconf 90' lang='lat' dir='ltr'><strong>sunt</strong></span> <span class='ocrx_word' id='word_1_388' title='bbox 1073 4790 1158 4829; x_wconf 89' lang='lat' dir='ltr'><strong>res</strong></span> <span class='ocrx_word' id='word_1_389' title='bbox 1207 4790 1501 4845; x_wconf 88' lang='lat' dir='ltr'><strong>earumque</strong></span> <span class='ocrx_word' id='word_1_390' title='bbox 1550 4776 1811 4841; x_wconf 87' lang='lat' dir='ltr'><strong>notitiae,</strong></span> 
     </span>
    </p>
   </div>
   <div class='ocr_carea' id='block_1_52' title="bbox 240 4858 1816 4930">
    <p class='ocr_par' dir='ltr' id='par_1_52' title="bbox 240 4858 1816 4930">
     <span class='ocr_line' id='line_1_52' title="bbox 240 4858 1816 4930; baseline 0.005 -19"><span class='ocrx_word' id='word_1_391' title='bbox 240 4873 384 4927; x_wconf 89' lang='lat' dir='ltr'><strong>quae</strong></span> <span class='ocrx_word' id='word_1_392' title='bbox 421 4858 475 4912; x_wconf 87' lang='lat' dir='ltr'><strong>in</strong></span> <span class='ocrx_word' id='word_1_393' title='bbox 525 4859 702 4913; x_wconf 87' lang='lat' dir='ltr'><strong>anima</strong></span> <span class='ocrx_word' id='word_1_394' title='bbox 739 4863 761 4894; x_wconf 76' lang='grc'><strong>⁸</strong></span> <span class='ocrx_word' id='word_1_395' title='bbox 809 4860 977 4916; x_wconf 82' lang='lat' dir='ltr'><strong>fiunt?</strong></span> <span class='ocrx_word' id='word_1_396' title='bbox 1033 4863 1172 4918; x_wconf 86' lang='lat' dir='ltr'><strong>DISC.</strong></span> <span class='ocrx_word' id='word_1_397' title='bbox 1223 4862 1480 4919; x_wconf 86' lang='lat' dir='ltr'><strong>Alterius.</strong></span> <span class='ocrx_word' id='word_1_398' title='bbox 1537 4862 1816 4930; x_wconf 86' lang='lat' dir='ltr'><strong>Quomodo</strong></span> 
     </span>
    </p>
   </div>
   <div class='ocr_carea' id='block_1_53' title="bbox 239 4948 1820 5022">
    <p class='ocr_par' dir='ltr' id='par_1_53' title="bbox 239 4948 1820 5022">
     <span class='ocr_line' id='line_1_53' title="bbox 239 4948 1820 5022; baseline 0.002 -17"><span class='ocrx_word' id='word_1_399' title='bbox 239 4948 391 5005; x_wconf 90' lang='lat' dir='ltr'><strong>cnim</strong></span> <span class='ocrx_word' id='word_1_400' title='bbox 430 4949 590 5004; x_wconf 90' lang='lat' dir='ltr'><strong>unius</strong></span> <span class='ocrx_word' id='word_1_401' title='bbox 643 4958 868 5006; x_wconf 85' lang='lat' dir='ltr'><strong>naturae</strong></span> <span class='ocrx_word' id='word_1_402' title='bbox 928 4953 1032 5006; x_wconf 90' lang='lat' dir='ltr'><strong>erit</strong></span> <span class='ocrx_word' id='word_1_403' title='bbox 1081 4953 1288 5022; x_wconf 89' lang='lat' dir='ltr'><strong>species</strong></span> <span class='ocrx_word' id='word_1_404' title='bbox 1341 4967 1619 5022; x_wconf 89' lang='lat' dir='ltr'><strong>corporea,</strong></span> <span class='ocrx_word' id='word_1_405' title='bbox 1670 4954 1820 5022; x_wconf 84' lang='lat' dir='ltr'><strong>verbi</strong></span> 
     </span>
    </p>
   </div>
   <div class='ocr_carea' id='block_1_54' title="bbox 240 5041 1821 5112">
    <p class='ocr_par' dir='ltr' id='par_1_54' title="bbox 240 5041 1821 5112">
     <span class='ocr_line' id='line_1_54' title="bbox 240 5041 1821 5112; baseline 0.001 -16"><span class='ocrx_word' id='word_1_406' title='bbox 240 5042 418 5112; x_wconf 87' lang='lat' dir='ltr'><strong>gratia</strong></span> <span class='ocrx_word' id='word_1_407' title='bbox 447 5041 722 5112; x_wconf 87' lang='lat' dir='ltr'><strong>cujusdam</strong></span> <span class='ocrx_word' id='word_1_408' title='bbox 753 5043 1023 5105; x_wconf 89' lang='lat' dir='ltr'><strong>animalis,</strong></span> <span class='ocrx_word' id='word_1_409' title='bbox 1063 5060 1154 5098; x_wconf 91' lang='lat' dir='ltr'><strong>seu</strong></span> <span class='ocrx_word' id='word_1_410' title='bbox 1192 5045 1413 5112; x_wconf 85' lang='lat' dir='ltr'><strong>herbae,</strong></span> <span class='ocrx_word' id='word_1_411' title='bbox 1445 5059 1539 5099; x_wconf 91' lang='lat' dir='ltr'><strong>seu</strong></span> <span class='ocrx_word' id='word_1_412' title='bbox 1591 5044 1821 5110; x_wconf 88' lang='lat' dir='ltr'><strong>arboris,</strong></span> 
     </span>
    </p>
   </div>
   <div class='ocr_carea' id='block_1_55' title="bbox 241 5131 1826 5202">
    <p class='ocr_par' dir='ltr' id='par_1_55' title="bbox 241 5131 1826 5202">
     <span class='ocr_line' id='line_1_55' title="bbox 241 5131 1826 5202; baseline 0.003 -18"><span class='ocrx_word' id='word_1_413' title='bbox 241 5141 302 5184; x_wconf 82' lang='lat' dir='ltr'><strong>et</strong></span> <span class='ocrx_word' id='word_1_414' title='bbox 325 5131 508 5185; x_wconf 90' lang='lat' dir='ltr'><strong>notitia</strong></span> <span class='ocrx_word' id='word_1_415' title='bbox 538 5131 674 5200; x_wconf 84' lang='lat' dir='ltr'><strong>ejus,</strong></span> <span class='ocrx_word' id='word_1_416' title='bbox 697 5147 836 5201; x_wconf 89' lang='lat' dir='ltr'><strong>quae</strong></span> <span class='ocrx_word' id='word_1_417' title='bbox 869 5134 920 5186; x_wconf 93' lang='lat' dir='ltr'><strong>in</strong></span> <span class='ocrx_word' id='word_1_418' title='bbox 965 5142 1155 5186; x_wconf 91' lang='lat' dir='ltr'><strong>natura</strong></span> <span class='ocrx_word' id='word_1_419' title='bbox 1196 5134 1510 5202; x_wconf 88' lang='lat' dir='ltr'><strong>incorporea</strong></span> <span class='ocrx_word' id='word_1_420' title='bbox 1562 5133 1826 5190; x_wconf 79' lang='lat' dir='ltr'><strong>eﬂicitur?</strong></span> 
     </span>
    </p>
   </div>
   <div class='ocr_carea' id='block_1_56' title="bbox 244 5219 1820 5294">
    <p class='ocr_par' dir='ltr' id='par_1_56' title="bbox 244 5219 1820 5294">
     <span class='ocr_line' id='line_1_56' title="bbox 244 5219 1820 5294; baseline 0.004 -20"><span class='ocrx_word' id='word_1_421' title='bbox 244 5219 450 5274; x_wconf 77' lang='lat' dir='ltr'><strong>Eadem</strong></span> <span class='ocrx_word' id='word_1_422' title='bbox 487 5221 692 5276; x_wconf 90' lang='lat' dir='ltr'><strong>ratione</strong></span> <span class='ocrx_word' id='word_1_423' title='bbox 713 5223 981 5291; x_wconf 87' lang='lat' dir='ltr'><strong>quomodo</strong></span> <span class='ocrx_word' id='word_1_424' title='bbox 1007 5221 1300 5292; x_wconf 89' lang='lat' dir='ltr'><strong>cujuspiam</strong></span> <span class='ocrx_word' id='word_1_425' title='bbox 1323 5223 1637 5294; x_wconf 87' lang='lat' dir='ltr'><strong>disciplinae</strong></span> <span class='ocrx_word' id='word_1_426' title='bbox 1657 5224 1820 5281; x_wconf 84' lang='lat' dir='ltr'><strong>intel-</strong></span> 
     </span>
    </p>
   </div>
   <div class='ocr_carea' id='block_1_57' title="bbox 246 5313 1818 5388">
    <p class='ocr_par' dir='ltr' id='par_1_57' title="bbox 246 5313 1818 5388">
     <span class='ocr_line' id='line_1_57' title="bbox 246 5313 1818 5388; baseline 0.003 -19"><span class='ocrx_word' id='word_1_427' title='bbox 246 5313 468 5384; x_wconf 87' lang='lat' dir='ltr'><strong>lig’rbilis</strong></span> <span class='ocrx_word' id='word_1_428' title='bbox 491 5315 698 5386; x_wconf 89' lang='lat' dir='ltr'><strong>species</strong></span> <span class='ocrx_word' id='word_1_429' title='bbox 725 5324 779 5369; x_wconf 90' lang='lat' dir='ltr'><strong>et</strong></span> <span class='ocrx_word' id='word_1_430' title='bbox 803 5316 990 5370; x_wconf 88' lang='lat' dir='ltr'><strong>notitia</strong></span> <span class='ocrx_word' id='word_1_431' title='bbox 1017 5316 1184 5386; x_wconf 88' lang='lat' dir='ltr'><strong>ipsius</strong></span> <span class='ocrx_word' id='word_1_432' title='bbox 1219 5317 1380 5371; x_wconf 91' lang='lat' dir='ltr'><strong>unius</strong></span> <span class='ocrx_word' id='word_1_433' title='bbox 1427 5325 1650 5372; x_wconf 87' lang='lat' dir='ltr'><strong>naturae</strong></span> <span class='ocrx_word' id='word_1_434' title='bbox 1697 5334 1818 5388; x_wconf 76' lang='lat' dir='ltr'><strong>pos-</strong></span> 
     </span>
    </p>
   </div>
   <div class='ocr_carea' id='block_1_58' title="bbox 1889 505 3466 576">
    <p class='ocr_par' dir='ltr' id='par_1_58' title="bbox 1889 505 3466 576">
     <span class='ocr_line' id='line_1_58' title="bbox 1889 505 3466 576; baseline 0 -14"><span class='ocrx_word' id='word_1_435' title='bbox 1889 523 2004 572; x_wconf 88' lang='lat' dir='ltr'><strong>rae,</strong></span> <span class='ocrx_word' id='word_1_436' title='bbox 2032 517 2086 563; x_wconf 91' lang='lat' dir='ltr'><strong>et</strong></span> <span class='ocrx_word' id='word_1_437' title='bbox 2112 520 2218 561; x_wconf 91' lang='lat' dir='ltr'><strong>non</strong></span> <span class='ocrx_word' id='word_1_438' title='bbox 2245 505 2504 576; x_wconf 87' lang='lat' dir='ltr'><strong>ejusdem,</strong></span> <span class='ocrx_word' id='word_1_439' title='bbox 2535 506 2638 570; x_wconf 92' lang='lat' dir='ltr'><strong>dic,</strong></span> <span class='ocrx_word' id='word_1_440' title='bbox 2669 520 2900 574; x_wconf 90' lang='lat' dir='ltr'><strong>quaeso,</strong></span> <span class='ocrx_word' id='word_1_441' title='bbox 2924 506 3052 574; x_wconf 91' lang='lat' dir='ltr'><strong>quid</strong></span> <span class='ocrx_word' id='word_1_442' title='bbox 3083 505 3274 561; x_wconf 90' lang='lat' dir='ltr'><strong>horum</strong></span> <span class='ocrx_word' id='word_1_443' title='bbox 3302 521 3466 576; x_wconf 58' lang='lat' dir='ltr'><strong>prae-</strong></span> 
     </span>
    </p>
   </div>
   <div class='ocr_carea' id='block_1_59' title="bbox 1889 597 3472 666">
    <p class='ocr_par' dir='ltr' id='par_1_59' title="bbox 1889 597 3472 666">
     <span class='ocr_line' id='line_1_59' title="bbox 1889 597 3472 666; baseline 0 -13"><span class='ocrx_word' id='word_1_444' title='bbox 1889 599 2120 653; x_wconf 86' lang='lat' dir='ltr'><strong>stantius</strong></span> <span class='ocrx_word' id='word_1_445' title='bbox 2145 599 2450 666; x_wconf 88' lang='lat' dir='ltr'><strong>ponendum</strong></span> <span class='ocrx_word' id='word_1_446' title='bbox 2491 597 2800 661; x_wconf 85' lang='lat' dir='ltr'><strong>arbitraris,</strong></span> <span class='ocrx_word' id='word_1_447' title='bbox 2846 613 2972 650; x_wconf 92' lang='lat' dir='ltr'><strong>num</strong></span> <span class='ocrx_word' id='word_1_448' title='bbox 3011 597 3325 653; x_wconf 88' lang='lat' dir='ltr'><strong>excelsioris</strong></span> <span class='ocrx_word' id='word_1_449' title='bbox 3370 613 3472 653; x_wconf 90' lang='lat' dir='ltr'><strong>na-</strong></span> 
     </span>
    </p>
   </div>
   <div class='ocr_carea' id='block_1_60' title="bbox 1892 687 3473 757">
    <p class='ocr_par' dir='ltr' id='par_1_60' title="bbox 1892 687 3473 757">
     <span class='ocr_line' id='line_1_60' title="bbox 1892 687 3473 757; baseline 0 -14"><span class='ocrx_word' id='word_1_450' title='bbox 1892 699 2042 744; x_wconf 88' lang='lat' dir='ltr'><strong>turae</strong></span> <span class='ocrx_word' id='word_1_451' title='bbox 2068 697 2192 742; x_wconf 93' lang='lat' dir='ltr'><strong>sunt</strong></span> <span class='ocrx_word' id='word_1_452' title='bbox 2222 702 2308 743; x_wconf 92' lang='lat' dir='ltr'><strong>res</strong></span> <span class='ocrx_word' id='word_1_453' title='bbox 2339 687 2569 757; x_wconf 90' lang='lat' dir='ltr'><strong>propriis</strong></span> <span class='ocrx_word' id='word_1_454' title='bbox 2601 687 2927 750; x_wconf 92' lang='lat' dir='ltr'><strong>notionibus,</strong></span> <span class='ocrx_word' id='word_1_455' title='bbox 2960 701 3025 740; x_wconf 92' lang='lat' dir='ltr'><strong>an</strong></span> <span class='ocrx_word' id='word_1_456' title='bbox 3050 687 3195 755; x_wconf 87' lang='lat' dir='ltr'><strong>ipsae</strong></span> <span class='ocrx_word' id='word_1_457' title='bbox 3225 687 3473 744; x_wconf 89' lang='lat' dir='ltr'><strong>notiones</strong></span> 
     </span>
    </p>
   </div>
   <div class='ocr_carea' id='block_1_61' title="bbox 1893 776 3471 847">
    <p class='ocr_par' dir='ltr' id='par_1_61' title="bbox 1893 776 3471 847">
     <span class='ocr_line' id='line_1_61' title="bbox 1893 776 3471 847; baseline -0.001 -13"><span class='ocrx_word' id='word_1_458' title='bbox 1893 779 2092 834; x_wconf 85' lang='lat' dir='ltr'><strong>rebus?</strong></span> <span class='ocrx_word' id='word_1_459' title='bbox 2132 778 2275 833; x_wconf 83' lang='lat' dir='ltr'><strong>DISC.</strong></span> <span class='ocrx_word' id='word_1_460' title='bbox 2309 776 2563 832; x_wconf 85' lang='lat' dir='ltr'><strong>Visibiles</strong></span> <span class='ocrx_word' id='word_1_461' title='bbox 2598 778 2803 847; x_wconf 89' lang='lat' dir='ltr'><strong>species</strong></span> <span class='ocrx_word' id='word_1_462' title='bbox 2830 777 3065 831; x_wconf 90' lang='lat' dir='ltr'><strong>melioris</strong></span> <span class='ocrx_word' id='word_1_463' title='bbox 3105 793 3223 832; x_wconf 91' lang='lat' dir='ltr'><strong>esse</strong></span> <span class='ocrx_word' id='word_1_464' title='bbox 3247 789 3471 834; x_wconf 87' lang='lat' dir='ltr'><strong>naturae</strong></span> 
     </span>
    </p>
   </div>
   <div class='ocr_carea' id='block_1_62' title="bbox 1892 867 3472 939">
    <p class='ocr_par' dir='ltr' id='par_1_62' title="bbox 1892 867 3472 939">
     <span class='ocr_line' id='line_1_62' title="bbox 1892 867 3472 939; baseline -0.001 -15"><span class='ocrx_word' id='word_1_465' title='bbox 1892 869 2202 924; x_wconf 90' lang='lat' dir='ltr'><strong>notionibus</strong></span> <span class='ocrx_word' id='word_1_466' title='bbox 2227 883 2411 924; x_wconf 90' lang='lat' dir='ltr'><strong>earum</strong></span> <span class='ocrx_word' id='word_1_467' title='bbox 2457 868 2708 932; x_wconf 83' lang='lat' dir='ltr'><strong>dixerim,</strong></span> <span class='ocrx_word' id='word_1_468' title='bbox 2733 867 2777 922; x_wconf 91' lang='lat' dir='ltr'><strong>si</strong></span> <span class='ocrx_word' id='word_1_469' title='bbox 2805 877 3023 922; x_wconf 91' lang='lat' dir='ltr'><strong>sanctus</strong></span> <span class='ocrx_word' id='word_1_470' title='bbox 3060 869 3387 939; x_wconf 84' lang='lat' dir='ltr'><strong>Augustinus</strong></span> <span class='ocrx_word' id='word_1_471' title='bbox 3419 869 3472 922; x_wconf 90' lang='lat' dir='ltr'><strong>in</strong></span> 
     </span>
    </p>
   </div>
   <div class='ocr_carea' id='block_1_63' title="bbox 1893 957 3470 1026">
    <p class='ocr_par' dir='ltr' id='par_1_63' title="bbox 1893 957 3470 1026">
     <span class='ocr_line' id='line_1_63' title="bbox 1893 957 3470 1026; baseline -0.001 -12"><span class='ocrx_word' id='word_1_472' title='bbox 1893 975 2034 1014; x_wconf 91' lang='lat' dir='ltr'><strong>nono</strong></span> <span class='ocrx_word' id='word_1_473' title='bbox 2071 961 2136 1014; x_wconf 90' lang='lat' dir='ltr'><strong>de</strong></span> <span class='ocrx_word' id='word_1_474' title='bbox 2174 957 2440 1014; x_wconf 86' lang='lat' dir='ltr'><strong>Triuitate</strong></span> <span class='ocrx_word' id='word_1_475' title='bbox 2470 959 2754 1012; x_wconf 89' lang='lat' dir='ltr'><strong>undecimo</strong></span> <span class='ocrx_word' id='word_1_476' title='bbox 2781 958 3016 1026; x_wconf 90' lang='lat' dir='ltr'><strong>capitulo</strong></span> <span class='ocrx_word' id='word_1_477' title='bbox 3050 959 3206 1013; x_wconf 87' lang='lat' dir='ltr'><strong>talem</strong></span> <span class='ocrx_word' id='word_1_478' title='bbox 3255 969 3470 1013; x_wconf 87' lang='lat' dir='ltr'><strong>senten-</strong></span> 
     </span>
    </p>
   </div>
   <div class='ocr_carea' id='block_1_64' title="bbox 1895 1049 3472 1120">
    <p class='ocr_par' dir='ltr' id='par_1_64' title="bbox 1895 1049 3472 1120">
     <span class='ocr_line' id='line_1_64' title="bbox 1895 1049 3472 1120; baseline -0.001 -16"><span class='ocrx_word' id='word_1_479' title='bbox 1895 1051 2024 1105; x_wconf 90' lang='lat' dir='ltr'><strong>tiam</strong></span> <span class='ocrx_word' id='word_1_480' title='bbox 2061 1066 2166 1105; x_wconf 92' lang='lat' dir='ltr'><strong>non</strong></span> <span class='ocrx_word' id='word_1_481' title='bbox 2198 1050 2572 1120; x_wconf 88' lang='lat' dir='ltr'><strong>pronuntiaret</strong></span> <span class='ocrx_word' id='word_1_482' title='bbox 2603 1066 2616 1102; x_wconf 89' lang='lat'><strong>:</strong></span> <span class='ocrx_word' id='word_1_483' title='bbox 2653 1050 2782 1102; x_wconf 84' lang='lat' dir='ltr'><strong>Cum</strong></span> <span class='ocrx_word' id='word_1_484' title='bbox 2809 1049 2850 1078; x_wconf 82' lang='grc'><strong>¹⁰</strong></span> <span class='ocrx_word' id='word_1_485' title='bbox 2879 1065 2971 1118; x_wconf 87' lang='lat' dir='ltr'><strong>per</strong></span> <span class='ocrx_word' id='word_1_486' title='bbox 3014 1065 3240 1113; x_wconf 84' lang='lat' dir='ltr'><strong>sensum,</strong></span> <span class='ocrx_word' id='word_1_487' title='bbox 3278 1051 3472 1118; x_wconf 89' lang='lat' dir='ltr'><strong>inquit,</strong></span> 
     </span>
    </p>
   </div>
   <div class='ocr_carea' id='block_1_65' title="bbox 1894 1138 3471 1209">
    <p class='ocr_par' dir='ltr' id='par_1_65' title="bbox 1894 1138 3471 1209">
     <span class='ocr_line' id='line_1_65' title="bbox 1894 1138 3471 1209; baseline 0.003 -17"><span class='ocrx_word' id='word_1_488' title='bbox 1894 1140 2125 1209; x_wconf 87' lang='lat' dir='ltr'><strong>corporis</strong></span> <span class='ocrx_word' id='word_1_489' title='bbox 2154 1139 2402 1192; x_wconf 75' lang='lat' dir='ltr'><strong>discimus</strong></span> <span class='ocrx_word' id='word_1_490' title='bbox 2427 1156 2666 1209; x_wconf 84' lang='lat' dir='ltr'><strong>corpora,</strong></span> <span class='ocrx_word' id='word_1_491' title='bbox 2685 1139 2744 1207; x_wconf 85' lang='lat' dir='ltr'><strong>ﬁt</strong></span> <span class='ocrx_word' id='word_1_492' title='bbox 2774 1138 2949 1209; x_wconf 85' lang='lat' dir='ltr'><strong>aliqua</strong></span> <span class='ocrx_word' id='word_1_493' title='bbox 2980 1157 3156 1192; x_wconf 82' lang='lat' dir='ltr'><strong>eorum</strong></span> <span class='ocrx_word' id='word_1_494' title='bbox 3184 1141 3471 1198; x_wconf 73' lang='lat' dir='ltr'><strong>similitudo</strong></span> 
     </span>
    </p>
   </div>
   <div class='ocr_carea' id='block_1_66' title="bbox 1895 1233 3472 1302">
    <p class='ocr_par' dir='ltr' id='par_1_66' title="bbox 1895 1233 3472 1302">
     <span class='ocr_line' id='line_1_66' title="bbox 1895 1233 3472 1302; baseline 0.002 -18"><span class='ocrx_word' id='word_1_495' title='bbox 1895 1233 1948 1285; x_wconf 89' lang='lat' dir='ltr'><strong>in</strong></span> <span class='ocrx_word' id='word_1_496' title='bbox 1975 1233 2150 1285; x_wconf 88' lang='lat' dir='ltr'><strong>animo</strong></span> <span class='ocrx_word' id='word_1_497' title='bbox 2174 1242 2373 1294; x_wconf 82' lang='lat' dir='ltr'><strong>nostro,</strong></span> <span class='ocrx_word' id='word_1_498' title='bbox 2395 1248 2528 1302; x_wconf 87' lang='lat' dir='ltr'><strong>quae</strong></span> <span class='ocrx_word' id='word_1_499' title='bbox 2554 1233 2833 1301; x_wconf 79' lang='lat' dir='ltr'><strong>phantasia</strong></span> <span class='ocrx_word' id='word_1_500' title='bbox 2889 1233 2941 1284; x_wconf 90' lang='lat' dir='ltr'><strong>in</strong></span> <span class='ocrx_word' id='word_1_501' title='bbox 2992 1234 3239 1286; x_wconf 85' lang='lat' dir='ltr'><strong>memoria</strong></span> <span class='ocrx_word' id='word_1_502' title='bbox 3291 1235 3331 1265; x_wconf 84' lang='lat'>“</span> <span class='ocrx_word' id='word_1_503' title='bbox 3376 1245 3472 1289; x_wconf 82' lang='lat' dir='ltr'><strong>est.</strong></span> 
     </span>
    </p>
   </div>
   <div class='ocr_carea' id='block_1_67' title="bbox 1898 1323 3476 1393">
    <p class='ocr_par' dir='ltr' id='par_1_67' title="bbox 1898 1323 3476 1393">
     <span class='ocr_line' id='line_1_67' title="bbox 1898 1323 3476 1393; baseline 0.002 -16"><span class='ocrx_word' id='word_1_504' title='bbox 1898 1323 2021 1378; x_wconf 88' lang='lat' dir='ltr'><strong>Non</strong></span> <span class='ocrx_word' id='word_1_505' title='bbox 2047 1325 2182 1378; x_wconf 81' lang='lat' dir='ltr'><strong>enim</strong></span> <span class='ocrx_word' id='word_1_506' title='bbox 2205 1326 2414 1378; x_wconf 87' lang='lat' dir='ltr'><strong>omnino</strong></span> <span class='ocrx_word' id='word_1_507' title='bbox 2438 1325 2548 1393; x_wconf 85' lang='lat' dir='ltr'><strong>ipsa</strong></span> <span class='ocrx_word' id='word_1_508' title='bbox 2572 1340 2792 1392; x_wconf 86' lang='lat' dir='ltr'><strong>corpora</strong></span> <span class='ocrx_word' id='word_1_509' title='bbox 2821 1324 2872 1375; x_wconf 91' lang='lat' dir='ltr'><strong>in</strong></span> <span class='ocrx_word' id='word_1_510' title='bbox 2901 1325 3076 1377; x_wconf 90' lang='lat' dir='ltr'><strong>animo</strong></span> <span class='ocrx_word' id='word_1_511' title='bbox 3101 1336 3244 1390; x_wconf 83' lang='lat' dir='ltr'><strong>sunt,</strong></span> <span class='ocrx_word' id='word_1_512' title='bbox 3274 1343 3389 1379; x_wconf 88' lang='lat' dir='ltr'><strong>cum</strong></span> <span class='ocrx_word' id='word_1_513' title='bbox 3413 1343 3476 1380; x_wconf 84' lang='lat' dir='ltr'><strong>ea</strong></span> 
     </span>
    </p>
   </div>
   <div class='ocr_carea' id='block_1_68' title="bbox 1896 1414 3476 1487">
    <p class='ocr_par' dir='ltr' id='par_1_68' title="bbox 1896 1414 3476 1487">
     <span class='ocr_line' id='line_1_68' title="bbox 1896 1414 3476 1487; baseline 0.001 -17"><span class='ocrx_word' id='word_1_514' title='bbox 1896 1417 2205 1487; x_wconf 85' lang='lat' dir='ltr'><strong>cogitamus,</strong></span> <span class='ocrx_word' id='word_1_515' title='bbox 2226 1416 2315 1470; x_wconf 84' lang='lat' dir='ltr'><strong>sed</strong></span> <span class='ocrx_word' id='word_1_516' title='bbox 2337 1431 2518 1469; x_wconf 85' lang='lat' dir='ltr'><strong>eorum</strong></span> <span class='ocrx_word' id='word_1_517' title='bbox 2548 1414 2936 1468; x_wconf 80' lang='lat' dir='ltr'><strong>similitudines.</strong></span> <span class='ocrx_word' id='word_1_518' title='bbox 2979 1415 3168 1468; x_wconf 80' lang='lat' dir='ltr'><strong>Melior</strong></span> <span class='ocrx_word' id='word_1_519' title='bbox 3187 1426 3261 1470; x_wconf 84' lang='lat' dir='ltr'><strong>est</strong></span> <span class='ocrx_word' id='word_1_520' title='bbox 3303 1429 3476 1471; x_wconf 86' lang='lat' dir='ltr'><strong>tamen</strong></span> 
     </span>
    </p>
   </div>
   <div class='ocr_carea' id='block_1_69' title="bbox 1897 1506 3479 1580">
    <p class='ocr_par' dir='ltr' id='par_1_69' title="bbox 1897 1506 3479 1580">
     <span class='ocr_line' id='line_1_69' title="bbox 1897 1506 3479 1580; baseline -0.001 -18"><span class='ocrx_word' id='word_1_521' title='bbox 1897 1508 2202 1580; x_wconf 79' lang='lat' dir='ltr'><strong>imaginatio</strong></span> <span class='ocrx_word' id='word_1_522' title='bbox 2225 1508 2454 1576; x_wconf 88' lang='lat' dir='ltr'><strong>corporis</strong></span> <span class='ocrx_word' id='word_1_523' title='bbox 2478 1508 2529 1560; x_wconf 89' lang='lat' dir='ltr'><strong>in</strong></span> <span class='ocrx_word' id='word_1_524' title='bbox 2563 1507 2758 1570; x_wconf 88' lang='lat' dir='ltr'><strong>animo,</strong></span> <span class='ocrx_word' id='word_1_525' title='bbox 2787 1523 2943 1576; x_wconf 88' lang='lat' dir='ltr'><strong>quam</strong></span> <span class='ocrx_word' id='word_1_526' title='bbox 2967 1506 3056 1559; x_wconf 88' lang='lat' dir='ltr'><strong>illa</strong></span> <span class='ocrx_word' id='word_1_527' title='bbox 3078 1510 3269 1576; x_wconf 80' lang='lat' dir='ltr'><strong>species</strong></span> <span class='ocrx_word' id='word_1_528' title='bbox 3297 1525 3479 1577; x_wconf 86' lang='lat' dir='ltr'><strong>corpo-</strong></span> 
     </span>
    </p>
   </div>
   <div class='ocr_carea' id='block_1_70' title="bbox 1899 1597 3478 1668">
    <p class='ocr_par' dir='ltr' id='par_1_70' title="bbox 1899 1597 3478 1668">
     <span class='ocr_line' id='line_1_70' title="bbox 1899 1597 3478 1668; baseline 0.001 -16"><span class='ocrx_word' id='word_1_529' title='bbox 1899 1600 2067 1665; x_wconf 85' lang='lat' dir='ltr'><strong>ris,in</strong></span> <span class='ocrx_word' id='word_1_530' title='bbox 2095 1609 2349 1668; x_wconf 87' lang='lat' dir='ltr'><strong>quantum</strong></span> <span class='ocrx_word' id='word_1_531' title='bbox 2380 1599 2506 1650; x_wconf 82' lang='lat' dir='ltr'><strong>haec</strong></span> <span class='ocrx_word' id='word_1_532' title='bbox 2533 1597 2587 1650; x_wconf 88' lang='lat' dir='ltr'><strong>in</strong></span> <span class='ocrx_word' id='word_1_533' title='bbox 2620 1598 2832 1651; x_wconf 84' lang='lat' dir='ltr'><strong>meliore</strong></span> <span class='ocrx_word' id='word_1_534' title='bbox 2875 1607 3064 1651; x_wconf 84' lang='lat' dir='ltr'><strong>natura</strong></span> <span class='ocrx_word' id='word_1_535' title='bbox 3095 1610 3168 1652; x_wconf 81' lang='lat' dir='ltr'><strong>est</strong></span> <span class='ocrx_word' id='word_1_536' title='bbox 3190 1640 3203 1659; x_wconf 91' lang='lat'><strong>,</strong></span> <span class='ocrx_word' id='word_1_537' title='bbox 3233 1601 3286 1652; x_wconf 87' lang='lat' dir='ltr'><strong>id</strong></span> <span class='ocrx_word' id='word_1_538' title='bbox 3314 1611 3386 1654; x_wconf 83' lang='lat' dir='ltr'><strong>est</strong></span> <span class='ocrx_word' id='word_1_539' title='bbox 3426 1602 3478 1654; x_wconf 88' lang='lat' dir='ltr'><strong>in</strong></span> 
     </span>
    </p>
   </div>
   <div class='ocr_carea' id='block_1_71' title="bbox 1899 1687 3481 1751">
    <p class='ocr_par' dir='ltr' id='par_1_71' title="bbox 1899 1687 3481 1751">
     <span class='ocr_line' id='line_1_71' title="bbox 1899 1687 3481 1751; baseline -0.001 -7"><span class='ocrx_word' id='word_1_540' title='bbox 1899 1689 2188 1744; x_wconf 75' lang='lat' dir='ltr'><strong>substantia</strong></span> <span class='ocrx_word' id='word_1_541' title='bbox 2224 1688 2386 1751; x_wconf 78' lang='lat' dir='ltr'><strong>vitali,</strong></span> <span class='ocrx_word' id='word_1_542' title='bbox 2416 1689 2571 1740; x_wconf 82' lang='lat' dir='ltr'><strong>sicuti</strong></span> <span class='ocrx_word' id='word_1_543' title='bbox 2601 1699 2674 1741; x_wconf 81' lang='lat' dir='ltr'><strong>est</strong></span> <span class='ocrx_word' id='word_1_544' title='bbox 2715 1688 2940 1740; x_wconf 84' lang='lat' dir='ltr'><strong>animus.</strong></span> <span class='ocrx_word' id='word_1_545' title='bbox 2969 1687 3092 1741; x_wconf 87' lang='lat' dir='ltr'><strong>Non</strong></span> <span class='ocrx_word' id='word_1_546' title='bbox 3126 1701 3296 1743; x_wconf 81' lang='lat' dir='ltr'><strong>autem</strong></span> <span class='ocrx_word' id='word_1_547' title='bbox 3327 1708 3402 1743; x_wconf 87' lang='lat' dir='ltr'><strong>res</strong></span> <span class='ocrx_word' id='word_1_548' title='bbox 3438 1693 3481 1722; x_wconf 80' lang='lat'>&quot;</span> 
     </span>
    </p>
   </div>
   <div class='ocr_carea' id='block_1_72' title="bbox 1901 1778 3481 1850">
    <p class='ocr_par' dir='ltr' id='par_1_72' title="bbox 1901 1778 3481 1850">
     <span class='ocr_line' id='line_1_72' title="bbox 1901 1778 3481 1850; baseline -0.001 -16"><span class='ocrx_word' id='word_1_549' title='bbox 1901 1778 2246 1850; x_wconf 79' lang='lat' dir='ltr'><strong>intelligibiles</strong></span> <span class='ocrx_word' id='word_1_550' title='bbox 2274 1781 2482 1832; x_wconf 81' lang='lat' dir='ltr'><strong>notione</strong></span> <span class='ocrx_word' id='word_1_551' title='bbox 2511 1795 2629 1843; x_wconf 82' lang='lat' dir='ltr'><strong>sua,</strong></span> <span class='ocrx_word' id='word_1_552' title='bbox 2651 1794 2785 1848; x_wconf 83' lang='lat' dir='ltr'><strong>quae</strong></span> <span class='ocrx_word' id='word_1_553' title='bbox 2814 1787 2886 1830; x_wconf 88' lang='lat' dir='ltr'><strong>est</strong></span> <span class='ocrx_word' id='word_1_554' title='bbox 2916 1780 2968 1830; x_wconf 88' lang='lat' dir='ltr'><strong>in</strong></span> <span class='ocrx_word' id='word_1_555' title='bbox 3013 1779 3210 1840; x_wconf 88' lang='lat' dir='ltr'><strong>anima,</strong></span> <span class='ocrx_word' id='word_1_556' title='bbox 3247 1781 3481 1832; x_wconf 78' lang='lat' dir='ltr'><strong>meliores</strong></span> 
     </span>
    </p>
   </div>
   <div class='ocr_carea' id='block_1_73' title="bbox 1902 1867 3480 1938">
    <p class='ocr_par' dir='ltr' id='par_1_73' title="bbox 1902 1867 3480 1938">
     <span class='ocr_line' id='line_1_73' title="bbox 1902 1867 3480 1938; baseline -0.001 -15"><span class='ocrx_word' id='word_1_557' title='bbox 1902 1887 2012 1924; x_wconf 81' lang='lat' dir='ltr'><strong>esse</strong></span> <span class='ocrx_word' id='word_1_558' title='bbox 2049 1872 2217 1923; x_wconf 85' lang='lat' dir='ltr'><strong>audeo</strong></span> <span class='ocrx_word' id='word_1_559' title='bbox 2240 1870 2430 1922; x_wconf 87' lang='lat' dir='ltr'><strong>dicere.</strong></span> <span class='ocrx_word' id='word_1_560' title='bbox 2466 1867 2616 1934; x_wconf 84' lang='lat' dir='ltr'><strong>Quod</strong></span> <span class='ocrx_word' id='word_1_561' title='bbox 2646 1868 2788 1923; x_wconf 91' lang='lat' dir='ltr'><strong>enim</strong></span> <span class='ocrx_word' id='word_1_562' title='bbox 2822 1868 3090 1938; x_wconf 84' lang='lat' dir='ltr'><strong>intelligit,</strong></span> <span class='ocrx_word' id='word_1_563' title='bbox 3126 1870 3314 1923; x_wconf 91' lang='lat' dir='ltr'><strong>melius</strong></span> <span class='ocrx_word' id='word_1_564' title='bbox 3344 1886 3480 1933; x_wconf 85' lang='lat' dir='ltr'><strong>esse,</strong></span> 
     </span>
    </p>
   </div>
   <div class='ocr_carea' id='block_1_74' title="bbox 1903 1958 3484 2031">
    <p class='ocr_par' dir='ltr' id='par_1_74' title="bbox 1903 1958 3484 2031">
     <span class='ocr_line' id='line_1_74' title="bbox 1903 1958 3484 2031; baseline -0.001 -16"><span class='ocrx_word' id='word_1_565' title='bbox 1903 1977 2061 2031; x_wconf 90' lang='lat' dir='ltr'><strong>quam</strong></span> <span class='ocrx_word' id='word_1_566' title='bbox 2090 1961 2229 2030; x_wconf 86' lang='lat' dir='ltr'><strong>quod</strong></span> <span class='ocrx_word' id='word_1_567' title='bbox 2253 1958 2585 2029; x_wconf 77' lang='lat' dir='ltr'><strong>intelligitur,</strong></span> <span class='ocrx_word' id='word_1_568' title='bbox 2603 1959 2741 2014; x_wconf 86' lang='lat' dir='ltr'><strong>ratio</strong></span> <span class='ocrx_word' id='word_1_569' title='bbox 2766 1959 3033 2014; x_wconf 81' lang='lat' dir='ltr'><strong>edocet&quot;.</strong></span> <span class='ocrx_word' id='word_1_570' title='bbox 3065 1959 3196 2012; x_wconf 85' lang='lat' dir='ltr'><strong>Nam</strong></span> <span class='ocrx_word' id='word_1_571' title='bbox 3229 1961 3272 2014; x_wconf 86' lang='lat' dir='ltr'><strong>si</strong></span> <span class='ocrx_word' id='word_1_572' title='bbox 3301 1976 3484 2026; x_wconf 29' lang='lat' dir='ltr'><strong>rerum,</strong></span> 
     </span>
    </p>
   </div>
   <div class='ocr_carea' id='block_1_75' title="bbox 1904 2048 3480 2120">
    <p class='ocr_par' dir='ltr' id='par_1_75' title="bbox 1904 2048 3480 2120">
     <span class='ocr_line' id='line_1_75' title="bbox 1904 2048 3480 2120; baseline -0.001 -16"><span class='ocrx_word' id='word_1_573' title='bbox 1904 2049 2143 2104; x_wconf 88' lang='lat' dir='ltr'><strong>oumium</strong></span> <span class='ocrx_word' id='word_1_574' title='bbox 2173 2048 2409 2120; x_wconf 86' lang='lat' dir='ltr'><strong>cognitio</strong></span> <span class='ocrx_word' id='word_1_575' title='bbox 2440 2048 2494 2103; x_wconf 92' lang='lat' dir='ltr'><strong>in</strong></span> <span class='ocrx_word' id='word_1_576' title='bbox 2524 2048 2706 2102; x_wconf 86' lang='lat' dir='ltr'><strong>divina</strong></span> <span class='ocrx_word' id='word_1_577' title='bbox 2754 2049 3014 2116; x_wconf 83' lang='lat' dir='ltr'><strong>sapientia</strong></span> <span class='ocrx_word' id='word_1_578' title='bbox 3064 2049 3327 2113; x_wconf 88' lang='lat' dir='ltr'><strong>subsistit,</strong></span> <span class='ocrx_word' id='word_1_579' title='bbox 3366 2064 3480 2103; x_wconf 86' lang='lat' dir='ltr'><strong>me-</strong></span> 
     </span>
    </p>
   </div>
   <div class='ocr_carea' id='block_1_76' title="bbox 1905 2137 3479 2208">
    <p class='ocr_par' dir='ltr' id='par_1_76' title="bbox 1905 2137 3479 2208">
     <span class='ocr_line' id='line_1_76' title="bbox 1905 2137 3479 2208; baseline 0.001 -17"><span class='ocrx_word' id='word_1_580' title='bbox 1905 2139 2091 2192; x_wconf 86' lang='lat' dir='ltr'><strong>liorem</strong></span> <span class='ocrx_word' id='word_1_581' title='bbox 2142 2153 2260 2192; x_wconf 87' lang='lat' dir='ltr'><strong>esse</strong></span> <span class='ocrx_word' id='word_1_582' title='bbox 2307 2137 2796 2208; x_wconf 88' lang='lat' dir='ltr'><strong>incomparabiliter</strong></span> <span class='ocrx_word' id='word_1_583' title='bbox 2852 2154 2969 2192; x_wconf 88' lang='lat' dir='ltr'><strong>eam</strong></span> <span class='ocrx_word' id='word_1_584' title='bbox 3013 2138 3173 2193; x_wconf 88' lang='lat' dir='ltr'><strong>rebus</strong></span> <span class='ocrx_word' id='word_1_585' title='bbox 3203 2139 3479 2203; x_wconf 89' lang='lat' dir='ltr'><strong>omnibus,</strong></span> 
     </span>
    </p>
   </div>
   <div class='ocr_carea' id='block_1_77' title="bbox 1903 2228 3481 2300">
    <p class='ocr_par' dir='ltr' id='par_1_77' title="bbox 1903 2228 3481 2300">
     <span class='ocr_line' id='line_1_77' title="bbox 1903 2228 3481 2300; baseline 0.001 -17"><span class='ocrx_word' id='word_1_586' title='bbox 1903 2244 2128 2300; x_wconf 84' lang='lat' dir='ltr'><strong>quarum</strong></span> <span class='ocrx_word' id='word_1_587' title='bbox 2153 2228 2388 2299; x_wconf 91' lang='lat' dir='ltr'><strong>cognitio</strong></span> <span class='ocrx_word' id='word_1_588' title='bbox 2416 2237 2520 2294; x_wconf 82' lang='lat' dir='ltr'><strong>est,</strong></span> <span class='ocrx_word' id='word_1_589' title='bbox 2541 2244 2644 2283; x_wconf 90' lang='lat' dir='ltr'><strong>non</strong></span> <span class='ocrx_word' id='word_1_590' title='bbox 2670 2237 2871 2282; x_wconf 88' lang='lat' dir='ltr'><strong>temere</strong></span> <span class='ocrx_word' id='word_1_591' title='bbox 2902 2230 3287 2297; x_wconf 89' lang='lat' dir='ltr'><strong>pronuntiarim</strong></span> <span class='ocrx_word' id='word_1_592' title='bbox 3340 2229 3405 2282; x_wconf 88' lang='lat' dir='ltr'><strong>Et</strong></span> <span class='ocrx_word' id='word_1_593' title='bbox 3437 2231 3481 2284; x_wconf 90' lang='lat' dir='ltr'><strong>si</strong></span> 
     </span>
    </p>
   </div>
   <div class='ocr_carea' id='block_1_78' title="bbox 1904 2317 3482 2388">
    <p class='ocr_par' dir='ltr' id='par_1_78' title="bbox 1904 2317 3482 2388">
     <span class='ocr_line' id='line_1_78' title="bbox 1904 2317 3482 2388; baseline -0.001 -16"><span class='ocrx_word' id='word_1_594' title='bbox 1904 2318 1976 2372; x_wconf 88' lang='lat' dir='ltr'><strong>ita</strong></span> <span class='ocrx_word' id='word_1_595' title='bbox 2002 2328 2104 2384; x_wconf 89' lang='lat' dir='ltr'><strong>est,</strong></span> <span class='ocrx_word' id='word_1_596' title='bbox 2134 2317 2254 2372; x_wconf 87' lang='lat' dir='ltr'><strong>talis</strong></span> <span class='ocrx_word' id='word_1_597' title='bbox 2286 2319 2441 2383; x_wconf 89' lang='lat' dir='ltr'><strong>ordo,</strong></span> <span class='ocrx_word' id='word_1_598' title='bbox 2465 2327 2524 2372; x_wconf 92' lang='lat' dir='ltr'><strong>ut</strong></span> <span class='ocrx_word' id='word_1_599' title='bbox 2561 2333 2704 2382; x_wconf 85' lang='lat' dir='ltr'><strong>reor,</strong></span> <span class='ocrx_word' id='word_1_600' title='bbox 2739 2334 2802 2372; x_wconf 84' lang='lat' dir='ltr'><strong>ex</strong></span> <span class='ocrx_word' id='word_1_601' title='bbox 2827 2318 3005 2370; x_wconf 78' lang='lat' dir='ltr'><strong>divina</strong></span> <span class='ocrx_word' id='word_1_602' title='bbox 3031 2317 3363 2387; x_wconf 71' lang='lat' dir='ltr'><strong>providentia</strong></span> <span class='ocrx_word' id='word_1_603' title='bbox 3388 2333 3482 2388; x_wconf 89' lang='lat' dir='ltr'><strong>per</strong></span> 
     </span>
    </p>
   </div>
   <div class='ocr_carea' id='block_1_79' title="bbox 1904 2409 3476 2477">
    <p class='ocr_par' dir='ltr' id='par_1_79' title="bbox 1904 2409 3476 2477">
     <span class='ocr_line' id='line_1_79' title="bbox 1904 2409 3476 2477; baseline 0 -16"><span class='ocrx_word' id='word_1_604' title='bbox 1904 2410 2209 2464; x_wconf 80' lang='lat' dir='ltr'><strong>universam</strong></span> <span class='ocrx_word' id='word_1_605' title='bbox 2264 2418 2567 2463; x_wconf 86' lang='lat' dir='ltr'><strong>creaturam</strong></span> <span class='ocrx_word' id='word_1_606' title='bbox 2616 2409 2886 2477; x_wconf 89' lang='lat' dir='ltr'><strong>procedit,</strong></span> <span class='ocrx_word' id='word_1_607' title='bbox 2940 2419 2992 2461; x_wconf 93' lang='lat' dir='ltr'><strong>ut</strong></span> <span class='ocrx_word' id='word_1_608' title='bbox 3038 2409 3214 2462; x_wconf 90' lang='lat' dir='ltr'><strong>omnis</strong></span> <span class='ocrx_word' id='word_1_609' title='bbox 3264 2419 3476 2472; x_wconf 87' lang='lat' dir='ltr'><strong>natura,</strong></span> 
     </span>
    </p>
   </div>
   <div class='ocr_carea' id='block_1_80' title="bbox 1903 2498 3480 2570">
    <p class='ocr_par' dir='ltr' id='par_1_80' title="bbox 1903 2498 3480 2570">
     <span class='ocr_line' id='line_1_80' title="bbox 1903 2498 3480 2570; baseline -0.001 -15"><span class='ocrx_word' id='word_1_610' title='bbox 1903 2515 2042 2569; x_wconf 91' lang='lat' dir='ltr'><strong>quae</strong></span> <span class='ocrx_word' id='word_1_611' title='bbox 2073 2499 2346 2570; x_wconf 89' lang='lat' dir='ltr'><strong>sequentis</strong></span> <span class='ocrx_word' id='word_1_612' title='bbox 2367 2515 2426 2554; x_wconf 89' lang='lat' dir='ltr'><strong>se</strong></span> <span class='ocrx_word' id='word_1_613' title='bbox 2447 2499 2691 2553; x_wconf 89' lang='lat' dir='ltr'><strong>notitiam</strong></span> <span class='ocrx_word' id='word_1_614' title='bbox 2722 2498 3148 2568; x_wconf 87' lang='lat' dir='ltr'><strong>comprehcndit,</strong></span> <span class='ocrx_word' id='word_1_615' title='bbox 3180 2515 3282 2553; x_wconf 91' lang='lat' dir='ltr'><strong>non</strong></span> <span class='ocrx_word' id='word_1_616' title='bbox 3310 2500 3480 2554; x_wconf 90' lang='lat' dir='ltr'><strong>solum</strong></span> 
     </span>
    </p>
   </div>
   <div class='ocr_carea' id='block_1_81' title="bbox 1905 2590 3482 2661">
    <p class='ocr_par' dir='ltr' id='par_1_81' title="bbox 1905 2590 3482 2661">
     <span class='ocr_line' id='line_1_81' title="bbox 1905 2590 3482 2661; baseline -0.001 -15"><span class='ocrx_word' id='word_1_617' title='bbox 1905 2592 2096 2646; x_wconf 89' lang='lat' dir='ltr'><strong>melior</strong></span> <span class='ocrx_word' id='word_1_618' title='bbox 2145 2600 2199 2646; x_wconf 91' lang='lat' dir='ltr'><strong>et</strong></span> <span class='ocrx_word' id='word_1_619' title='bbox 2239 2591 2484 2661; x_wconf 90' lang='lat' dir='ltr'><strong>superior</strong></span> <span class='ocrx_word' id='word_1_620' title='bbox 2520 2591 2613 2655; x_wconf 91' lang='lat' dir='ltr'><strong>sit,</strong></span> <span class='ocrx_word' id='word_1_621' title='bbox 2644 2605 2829 2645; x_wconf 87' lang='lat' dir='ltr'><strong>verum</strong></span> <span class='ocrx_word' id='word_1_622' title='bbox 2867 2590 3027 2643; x_wconf 85' lang='lat' dir='ltr'><strong>etiam</strong></span> <span class='ocrx_word' id='word_1_623' title='bbox 3059 2600 3112 2644; x_wconf 89' lang='lat' dir='ltr'><strong>et</strong></span> <span class='ocrx_word' id='word_1_624' title='bbox 3144 2590 3258 2660; x_wconf 90' lang='lat' dir='ltr'><strong>ipsa</strong></span> <span class='ocrx_word' id='word_1_625' title='bbox 3293 2591 3482 2644; x_wconf 90' lang='lat' dir='ltr'><strong>notitia</strong></span> 
     </span>
    </p>
   </div>
   <div class='ocr_carea' id='block_1_82' title="bbox 1905 2679 3485 2752">
    <p class='ocr_par' dir='ltr' id='par_1_82' title="bbox 1905 2679 3485 2752">
     <span class='ocr_line' id='line_1_82' title="bbox 1905 2679 3485 2752; baseline -0.001 -17"><span class='ocrx_word' id='word_1_626' title='bbox 1905 2681 2164 2752; x_wconf 85' lang='lat' dir='ltr'><strong>dignitate</strong></span> <span class='ocrx_word' id='word_1_627' title='bbox 2199 2691 2448 2744; x_wconf 91' lang='lat' dir='ltr'><strong>naturae,</strong></span> <span class='ocrx_word' id='word_1_628' title='bbox 2483 2681 2534 2734; x_wconf 93' lang='lat' dir='ltr'><strong>in</strong></span> <span class='ocrx_word' id='word_1_629' title='bbox 2571 2696 2676 2751; x_wconf 90' lang='lat' dir='ltr'><strong>qua</strong></span> <span class='ocrx_word' id='word_1_630' title='bbox 2709 2689 2810 2744; x_wconf 92' lang='lat' dir='ltr'><strong>est,</strong></span> <span class='ocrx_word' id='word_1_631' title='bbox 2839 2679 3118 2750; x_wconf 87' lang='lat' dir='ltr'><strong>praecedit</strong></span> <span class='ocrx_word' id='word_1_632' title='bbox 3145 2696 3263 2734; x_wconf 88' lang='lat' dir='ltr'><strong>eam</strong></span> <span class='ocrx_word' id='word_1_633' title='bbox 3311 2679 3485 2750; x_wconf 89' lang='lat' dir='ltr'><strong>longe,</strong></span> 
     </span>
    </p>
   </div>
   <div class='ocr_carea' id='block_1_83' title="bbox 1905 2769 3488 2842">
    <p class='ocr_par' dir='ltr' id='par_1_83' title="bbox 1905 2769 3488 2842">
     <span class='ocr_line' id='line_1_83' title="bbox 1905 2769 3488 2842; baseline -0.001 -16"><span class='ocrx_word' id='word_1_634' title='bbox 1905 2772 2057 2840; x_wconf 84' lang='lat' dir='ltr'><strong>cujus</strong></span> <span class='ocrx_word' id='word_1_635' title='bbox 2083 2773 2272 2827; x_wconf 88' lang='lat' dir='ltr'><strong>notitia</strong></span> <span class='ocrx_word' id='word_1_636' title='bbox 2300 2781 2400 2828; x_wconf 86' lang='lat' dir='ltr'><strong>est.</strong></span> <span class='ocrx_word' id='word_1_637' title='bbox 2432 2773 2510 2828; x_wconf 87' lang='lat' dir='ltr'><strong>Ac</strong></span> <span class='ocrx_word' id='word_1_638' title='bbox 2537 2787 2633 2842; x_wconf 89' lang='lat' dir='ltr'><strong>per</strong></span> <span class='ocrx_word' id='word_1_639' title='bbox 2669 2772 2772 2826; x_wconf 92' lang='lat' dir='ltr'><strong>hoc</strong></span> <span class='ocrx_word' id='word_1_640' title='bbox 2814 2769 3026 2826; x_wconf 80' lang='lat' dir='ltr'><strong>facilius</strong></span> <span class='ocrx_word' id='word_1_641' title='bbox 3063 2771 3287 2826; x_wconf 78' lang='lat' dir='ltr'><strong>dixerim</strong></span> <span class='ocrx_word' id='word_1_642' title='bbox 3307 2811 3321 2835; x_wconf 92' lang='lat'><strong>,</strong></span> <span class='ocrx_word' id='word_1_643' title='bbox 3352 2772 3488 2824; x_wconf 89' lang='lat' dir='ltr'><strong>noti-</strong></span> 
     </span>
    </p>
   </div>
   <div class='ocr_carea' id='block_1_84' title="bbox 1907 2863 3488 2935">
    <p class='ocr_par' dir='ltr' id='par_1_84' title="bbox 1907 2863 3488 2935">
     <span class='ocr_line' id='line_1_84' title="bbox 1907 2863 3488 2935; baseline -0.001 -17"><span class='ocrx_word' id='word_1_644' title='bbox 1907 2864 2037 2918; x_wconf 87' lang='lat' dir='ltr'><strong>tiatn</strong></span> <span class='ocrx_word' id='word_1_645' title='bbox 2075 2863 2490 2935; x_wconf 88' lang='lat' dir='ltr'><strong>intelligibilium</strong></span> <span class='ocrx_word' id='word_1_646' title='bbox 2529 2879 2707 2918; x_wconf 90' lang='lat' dir='ltr'><strong>rerum</strong></span> <span class='ocrx_word' id='word_1_647' title='bbox 2766 2863 3125 2932; x_wconf 78' lang='lat' dir='ltr'><strong>antiquiorem</strong></span> <span class='ocrx_word' id='word_1_648' title='bbox 3185 2877 3306 2917; x_wconf 87' lang='lat' dir='ltr'><strong>esse</strong></span> <span class='ocrx_word' id='word_1_649' title='bbox 3360 2863 3488 2932; x_wconf 88' lang='lat' dir='ltr'><strong>ipsis</strong></span> 
     </span>
    </p>
   </div>
   <div class='ocr_carea' id='block_1_85' title="bbox 1907 2951 3488 3024">
    <p class='ocr_par' dir='ltr' id='par_1_85' title="bbox 1907 2951 3488 3024">
     <span class='ocr_line' id='line_1_85' title="bbox 1907 2951 3488 3024; baseline 0.001 -19"><span class='ocrx_word' id='word_1_650' title='bbox 1907 2951 2328 3024; x_wconf 88' lang='lat' dir='ltr'><strong>intelligibilibus</strong></span> <span class='ocrx_word' id='word_1_651' title='bbox 2362 2952 2539 3007; x_wconf 90' lang='lat' dir='ltr'><strong>rebus.</strong></span> <span class='ocrx_word' id='word_1_652' title='bbox 2568 2952 2704 3005; x_wconf 76' lang='lat' dir='ltr'><strong>MAG.</strong></span> <span class='ocrx_word' id='word_1_653' title='bbox 2735 2951 2866 3005; x_wconf 91' lang='lat' dir='ltr'><strong>lllud</strong></span> <span class='ocrx_word' id='word_1_654' title='bbox 2902 2952 3146 3006; x_wconf 86' lang='lat' dir='ltr'><strong>fortassis</strong></span> <span class='ocrx_word' id='word_1_655' title='bbox 3172 2961 3314 3006; x_wconf 90' lang='lat' dir='ltr'><strong>recte</strong></span> <span class='ocrx_word' id='word_1_656' title='bbox 3341 2953 3488 3007; x_wconf 86' lang='lat' dir='ltr'><strong>dice—</strong></span> 
     </span>
    </p>
   </div>
   <div class='ocr_carea' id='block_1_86' title="bbox 1905 3038 3490 3110">
    <p class='ocr_par' dir='ltr' id='par_1_86' title="bbox 1905 3038 3490 3110">
     <span class='ocr_line' id='line_1_86' title="bbox 1905 3038 3490 3110; baseline -0.001 -15"><span class='ocrx_word' id='word_1_657' title='bbox 1905 3056 2013 3106; x_wconf 88' lang='lat' dir='ltr'><strong>res,</strong></span> <span class='ocrx_word' id='word_1_658' title='bbox 2045 3041 2090 3096; x_wconf 92' lang='lat' dir='ltr'><strong>si</strong></span> <span class='ocrx_word' id='word_1_659' title='bbox 2119 3041 2481 3110; x_wconf 85' lang='lat' dir='ltr'><strong>praestantius</strong></span> <span class='ocrx_word' id='word_1_660' title='bbox 2519 3042 2605 3100; x_wconf 75' lang='lat' dir='ltr'><strong>sit,</strong></span> <span class='ocrx_word' id='word_1_661' title='bbox 2657 3041 2796 3109; x_wconf 91' lang='lat' dir='ltr'><strong>quod</strong></span> <span class='ocrx_word' id='word_1_662' title='bbox 2850 3038 3132 3104; x_wconf 84' lang='lat' dir='ltr'><strong>formatur,</strong></span> <span class='ocrx_word' id='word_1_663' title='bbox 3181 3038 3289 3104; x_wconf 91' lang='lat' dir='ltr'><strong>illo,</strong></span> <span class='ocrx_word' id='word_1_664' title='bbox 3349 3039 3490 3108; x_wconf 79' lang='lat' dir='ltr'><strong>quod</strong></span> 
     </span>
    </p>
   </div>
   <div class='ocr_carea' id='block_1_87' title="bbox 1910 3126 3490 3199">
    <p class='ocr_par' dir='ltr' id='par_1_87' title="bbox 1910 3126 3490 3199">
     <span class='ocr_line' id='line_1_87' title="bbox 1910 3126 3490 3199; baseline -0.001 -16"><span class='ocrx_word' id='word_1_665' title='bbox 1910 3130 2122 3186; x_wconf 83' lang='lat' dir='ltr'><strong>format.</strong></span> <span class='ocrx_word' id='word_1_666' title='bbox 2155 3129 2299 3184; x_wconf 87' lang='lat' dir='ltr'><strong>Dtsc.</strong></span> <span class='ocrx_word' id='word_1_667' title='bbox 2330 3130 2507 3196; x_wconf 86' lang='lat' dir='ltr'><strong>Quare</strong></span> <span class='ocrx_word' id='word_1_668' title='bbox 2535 3129 2636 3183; x_wconf 70' lang='lat' dir='ltr'><strong>hoc</strong></span> <span class='ocrx_word' id='word_1_669' title='bbox 2663 3129 2929 3199; x_wconf 86' lang='lat' dir='ltr'><strong>Opponis?</strong></span> <span class='ocrx_word' id='word_1_670' title='bbox 2961 3127 3096 3183; x_wconf 63' lang='lat' dir='ltr'><strong>ch.</strong></span> <span class='ocrx_word' id='word_1_671' title='bbox 3131 3126 3265 3195; x_wconf 88' lang='lat' dir='ltr'><strong>Quia</strong></span> <span class='ocrx_word' id='word_1_672' title='bbox 3298 3129 3490 3182; x_wconf 86' lang='lat' dir='ltr'><strong>notitia</strong></span> 
     </span>
    </p>
   </div>
   <div class='ocr_carea' id='block_1_88' title="bbox 1908 3219 3487 3292">
    <p class='ocr_par' dir='ltr' id='par_1_88' title="bbox 1908 3219 3487 3292">
     <span class='ocr_line' id='line_1_88' title="bbox 1908 3219 3487 3292; baseline -0.003 -16"><span class='ocrx_word' id='word_1_673' title='bbox 1908 3223 2126 3287; x_wconf 90' lang='lat' dir='ltr'><strong>artium,</strong></span> <span class='ocrx_word' id='word_1_674' title='bbox 2152 3236 2290 3292; x_wconf 90' lang='lat' dir='ltr'><strong>quae</strong></span> <span class='ocrx_word' id='word_1_675' title='bbox 2316 3221 2368 3274; x_wconf 94' lang='lat' dir='ltr'><strong>in</strong></span> <span class='ocrx_word' id='word_1_676' title='bbox 2400 3221 2576 3274; x_wconf 87' lang='lat' dir='ltr'><strong>anima</strong></span> <span class='ocrx_word' id='word_1_677' title='bbox 2607 3229 2710 3285; x_wconf 91' lang='lat' dir='ltr'><strong>est,</strong></span> <span class='ocrx_word' id='word_1_678' title='bbox 2733 3223 2799 3274; x_wconf 89' lang='lat' dir='ltr'><strong>ab</strong></span> <span class='ocrx_word' id='word_1_679' title='bbox 2837 3220 2964 3289; x_wconf 88' lang='lat' dir='ltr'><strong>ipsis</strong></span> <span class='ocrx_word' id='word_1_680' title='bbox 3008 3220 3216 3274; x_wconf 88' lang='lat' dir='ltr'><strong>artibus</strong></span> <span class='ocrx_word' id='word_1_681' title='bbox 3265 3219 3487 3274; x_wconf 87' lang='lat' dir='ltr'><strong>formari</strong></span> 
     </span>
    </p>
   </div>
   <div class='ocr_carea' id='block_1_89' title="bbox 1909 3315 3489 3383">
    <p class='ocr_par' dir='ltr' id='par_1_89' title="bbox 1909 3315 3489 3383">
     <span class='ocr_line' id='line_1_89' title="bbox 1909 3315 3489 3383; baseline 0 -13"><span class='ocrx_word' id='word_1_682' title='bbox 1909 3317 2138 3370; x_wconf 80' lang='lat' dir='ltr'><strong>videtur.</strong></span> <span class='ocrx_word' id='word_1_683' title='bbox 2171 3315 2276 3370; x_wconf 90' lang='lat' dir='ltr'><strong>Sed</strong></span> <span class='ocrx_word' id='word_1_684' title='bbox 2333 3317 2378 3370; x_wconf 92' lang='lat' dir='ltr'><strong>si</strong></span> <span class='ocrx_word' id='word_1_685' title='bbox 2427 3317 2730 3371; x_wconf 82' lang='lat' dir='ltr'><strong>certissima</strong></span> <span class='ocrx_word' id='word_1_686' title='bbox 2791 3318 2998 3371; x_wconf 90' lang='lat' dir='ltr'><strong>ratione</strong></span> <span class='ocrx_word' id='word_1_687' title='bbox 3054 3318 3326 3383; x_wconf 86' lang='lat' dir='ltr'><strong>suaderes,</strong></span> <span class='ocrx_word' id='word_1_688' title='bbox 3383 3332 3489 3372; x_wconf 92' lang='lat' dir='ltr'><strong>non</strong></span> 
     </span>
    </p>
   </div>
   <div class='ocr_carea' id='block_1_90' title="bbox 1909 3404 3488 3471">
    <p class='ocr_par' dir='ltr' id='par_1_90' title="bbox 1909 3404 3488 3471">
     <span class='ocr_line' id='line_1_90' title="bbox 1909 3404 3488 3471; baseline 0.001 -11"><span class='ocrx_word' id='word_1_689' title='bbox 1909 3405 2156 3460; x_wconf 88' lang='lat' dir='ltr'><strong>notitiam</strong></span> <span class='ocrx_word' id='word_1_690' title='bbox 2194 3418 2262 3460; x_wconf 78' lang='lat' dir='ltr'><strong>ex</strong></span> <span class='ocrx_word' id='word_1_691' title='bbox 2288 3404 2512 3470; x_wconf 88' lang='lat' dir='ltr'><strong>artibus,</strong></span> <span class='ocrx_word' id='word_1_692' title='bbox 2537 3422 2721 3459; x_wconf 81' lang='lat' dir='ltr'><strong>verum</strong></span> <span class='ocrx_word' id='word_1_693' title='bbox 2746 3417 2888 3461; x_wconf 90' lang='lat' dir='ltr'><strong>artes</strong></span> <span class='ocrx_word' id='word_1_694' title='bbox 2917 3423 2982 3461; x_wconf 82' lang='lat' dir='ltr'><strong>ex</strong></span> <span class='ocrx_word' id='word_1_695' title='bbox 3022 3407 3208 3462; x_wconf 89' lang='lat' dir='ltr'><strong>notitia</strong></span> <span class='ocrx_word' id='word_1_696' title='bbox 3236 3405 3488 3471; x_wconf 87' lang='lat' dir='ltr'><strong>formari,</strong></span> 
     </span>
    </p>
   </div>
   <div class='ocr_carea' id='block_1_91' title="bbox 1911 3495 3490 3568">
    <p class='ocr_par' dir='ltr' id='par_1_91' title="bbox 1911 3495 3490 3568">
     <span class='ocr_line' id='line_1_91' title="bbox 1911 3495 3490 3568; baseline 0.003 -19"><span class='ocrx_word' id='word_1_697' title='bbox 1911 3504 2001 3549; x_wconf 91' lang='lat' dir='ltr'><strong>tua</strong></span> <span class='ocrx_word' id='word_1_698' title='bbox 2048 3495 2274 3550; x_wconf 80' lang='lat' dir='ltr'><strong>forsitan</strong></span> <span class='ocrx_word' id='word_1_699' title='bbox 2323 3495 2660 3550; x_wconf 89' lang='lat' dir='ltr'><strong>ratiocinatio</strong></span> <span class='ocrx_word' id='word_1_700' title='bbox 2710 3507 2854 3552; x_wconf 89' lang='lat' dir='ltr'><strong>recte</strong></span> <span class='ocrx_word' id='word_1_701' title='bbox 2899 3497 3291 3568; x_wconf 88' lang='lat' dir='ltr'><strong>ingrederetur.</strong></span> <span class='ocrx_word' id='word_1_702' title='bbox 3347 3498 3490 3553; x_wconf 81' lang='lat' dir='ltr'><strong>Dtsc.</strong></span> 
     </span>
    </p>
   </div>
   <div class='ocr_carea' id='block_1_92' title="bbox 1910 3582 3493 3657">
    <p class='ocr_par' dir='ltr' id='par_1_92' title="bbox 1910 3582 3493 3657">
     <span class='ocr_line' id='line_1_92' title="bbox 1910 3582 3493 3657; baseline 0.002 -20"><span class='ocrx_word' id='word_1_703' title='bbox 1910 3582 2098 3638; x_wconf 78' lang='lat' dir='ltr'><strong>Nonne</strong></span> <span class='ocrx_word' id='word_1_704' title='bbox 2127 3584 2270 3639; x_wconf 89' lang='lat' dir='ltr'><strong>inter</strong></span> <span class='ocrx_word' id='word_1_705' title='bbox 2299 3599 2396 3640; x_wconf 90' lang='lat' dir='ltr'><strong>nos</strong></span> <span class='ocrx_word' id='word_1_706' title='bbox 2416 3583 2718 3639; x_wconf 89' lang='lat' dir='ltr'><strong>confectum</strong></span> <span class='ocrx_word' id='word_1_707' title='bbox 2739 3583 2871 3654; x_wconf 90' lang='lat' dir='ltr'><strong>jam,</strong></span> <span class='ocrx_word' id='word_1_708' title='bbox 2903 3601 3084 3652; x_wconf 88' lang='lat' dir='ltr'><strong>oume,</strong></span> <span class='ocrx_word' id='word_1_709' title='bbox 3110 3587 3250 3657; x_wconf 91' lang='lat' dir='ltr'><strong>quod</strong></span> <span class='ocrx_word' id='word_1_710' title='bbox 3295 3586 3493 3640; x_wconf 89' lang='lat' dir='ltr'><strong>intelli-</strong></span> 
     </span>
    </p>
   </div>
   <div class='ocr_carea' id='block_1_93' title="bbox 1911 3675 3493 3748">
    <p class='ocr_par' dir='ltr' id='par_1_93' title="bbox 1911 3675 3493 3748">
     <span class='ocr_line' id='line_1_93' title="bbox 1911 3675 3493 3748; baseline 0.004 -20"><span class='ocrx_word' id='word_1_711' title='bbox 1911 3676 2004 3746; x_wconf 86' lang='lat' dir='ltr'><strong>git,</strong></span> <span class='ocrx_word' id='word_1_712' title='bbox 2041 3675 2148 3742; x_wconf 93' lang='lat' dir='ltr'><strong>illo,</strong></span> <span class='ocrx_word' id='word_1_713' title='bbox 2179 3676 2322 3746; x_wconf 89' lang='lat' dir='ltr'><strong>quod</strong></span> <span class='ocrx_word' id='word_1_714' title='bbox 2366 3676 2702 3748; x_wconf 87' lang='lat' dir='ltr'><strong>intelligitur,</strong></span> <span class='ocrx_word' id='word_1_715' title='bbox 2730 3679 3098 3748; x_wconf 89' lang='lat' dir='ltr'><strong>praestantius</strong></span> <span class='ocrx_word' id='word_1_716' title='bbox 3148 3679 3306 3734; x_wconf 86' lang='lat' dir='ltr'><strong>esse?</strong></span> <span class='ocrx_word' id='word_1_717' title='bbox 3353 3679 3493 3734; x_wconf 74' lang='lat' dir='ltr'><strong>MAG.</strong></span> 
     </span>
    </p>
   </div>
   <div class='ocr_carea' id='block_1_94' title="bbox 1911 3768 3499 3840">
    <p class='ocr_par' dir='ltr' id='par_1_94' title="bbox 1911 3768 3499 3840">
     <span class='ocr_line' id='line_1_94' title="bbox 1911 3768 3499 3840; baseline 0 -16"><span class='ocrx_word' id='word_1_718' title='bbox 1911 3768 2248 3824; x_wconf 87' lang='lat' dir='ltr'><strong>Confectum.</strong></span> <span class='ocrx_word' id='word_1_719' title='bbox 2282 3769 2424 3823; x_wconf 85' lang='lat' dir='ltr'><strong>Dtsc.</strong></span> <span class='ocrx_word' id='word_1_720' title='bbox 2461 3769 2555 3824; x_wconf 89' lang='lat' dir='ltr'><strong>Dic</strong></span> <span class='ocrx_word' id='word_1_721' title='bbox 2582 3784 2732 3840; x_wconf 90' lang='lat' dir='ltr'><strong>ergo,</strong></span> <span class='ocrx_word' id='word_1_722' title='bbox 2765 3778 2944 3824; x_wconf 90' lang='lat' dir='ltr'><strong>utrum</strong></span> <span class='ocrx_word' id='word_1_723' title='bbox 2971 3771 3161 3840; x_wconf 89' lang='lat' dir='ltr'><strong>peritia</strong></span> <span class='ocrx_word' id='word_1_724' title='bbox 3195 3771 3388 3825; x_wconf 89' lang='lat' dir='ltr'><strong>mentis</strong></span> <span class='ocrx_word' id='word_1_725' title='bbox 3417 3771 3499 3824; x_wconf 83' lang='lat' dir='ltr'><strong>in-</strong></span> 
     </span>
    </p>
   </div>
   <div class='ocr_carea' id='block_1_95' title="bbox 1913 3860 3495 3931">
    <p class='ocr_par' dir='ltr' id='par_1_95' title="bbox 1913 3860 3495 3931">
     <span class='ocr_line' id='line_1_95' title="bbox 1913 3860 3495 3931; baseline 0 -17"><span class='ocrx_word' id='word_1_726' title='bbox 1913 3861 2102 3930; x_wconf 88' lang='lat' dir='ltr'><strong>telligit</strong></span> <span class='ocrx_word' id='word_1_727' title='bbox 2143 3860 2503 3929; x_wconf 91' lang='lat' dir='ltr'><strong>disciplinam,</strong></span> <span class='ocrx_word' id='word_1_728' title='bbox 2544 3877 2610 3913; x_wconf 87' lang='lat' dir='ltr'><strong>an</strong></span> <span class='ocrx_word' id='word_1_729' title='bbox 2666 3860 2948 3930; x_wconf 90' lang='lat' dir='ltr'><strong>disciplina</strong></span> <span class='ocrx_word' id='word_1_730' title='bbox 3001 3862 3292 3931; x_wconf 87' lang='lat' dir='ltr'><strong>peritiam?</strong></span> <span class='ocrx_word' id='word_1_731' title='bbox 3355 3861 3495 3916; x_wconf 77' lang='lat' dir='ltr'><strong>MAG.</strong></span> 
     </span>
    </p>
   </div>
   <div class='ocr_carea' id='block_1_96' title="bbox 1913 3949 3498 4021">
    <p class='ocr_par' dir='ltr' id='par_1_96' title="bbox 1913 3949 3498 4021">
     <span class='ocr_line' id='line_1_96' title="bbox 1913 3949 3498 4021; baseline 0.002 -16"><span class='ocrx_word' id='word_1_732' title='bbox 1913 3950 2089 4006; x_wconf 80' lang='lat' dir='ltr'><strong>Mente</strong></span> <span class='ocrx_word' id='word_1_733' title='bbox 2156 3950 2379 4021; x_wconf 83' lang='lat' dir='ltr'><strong>intelligi</strong></span> <span class='ocrx_word' id='word_1_734' title='bbox 2443 3949 2783 4019; x_wconf 89' lang='lat' dir='ltr'><strong>disciplinam</strong></span> <span class='ocrx_word' id='word_1_735' title='bbox 2838 3965 2944 4006; x_wconf 87' lang='lat' dir='ltr'><strong>non</strong></span> <span class='ocrx_word' id='word_1_736' title='bbox 2999 3952 3203 4006; x_wconf 91' lang='lat' dir='ltr'><strong>dubito.</strong></span> <span class='ocrx_word' id='word_1_737' title='bbox 3259 3950 3316 4006; x_wconf 91' lang='lat' dir='ltr'><strong>Si</strong></span> <span class='ocrx_word' id='word_1_738' title='bbox 3370 3966 3498 4008; x_wconf 82' lang='lat' dir='ltr'><strong>vero</strong></span> 
     </span>
    </p>
   </div>
   <div class='ocr_carea' id='block_1_97' title="bbox 1913 4034 3498 4112">
    <p class='ocr_par' dir='ltr' id='par_1_97' title="bbox 1913 4034 3498 4112">
     <span class='ocr_line' id='line_1_97' title="bbox 1913 4034 3498 4112; baseline -0.001 -15"><span class='ocrx_word' id='word_1_739' title='bbox 1913 4043 2121 4106; x_wconf 90' lang='lat' dir='ltr'><strong>dixero,</strong></span> <span class='ocrx_word' id='word_1_740' title='bbox 2151 4057 2217 4098; x_wconf 84' lang='lat' dir='ltr'><strong>ex</strong></span> <span class='ocrx_word' id='word_1_741' title='bbox 2268 4042 2378 4112; x_wconf 91' lang='lat' dir='ltr'><strong>ipsa</strong></span> <span class='ocrx_word' id='word_1_742' title='bbox 2430 4055 2642 4112; x_wconf 91' lang='lat' dir='ltr'><strong>quoque</strong></span> <span class='ocrx_word' id='word_1_743' title='bbox 2695 4034 2897 4112; x_wconf 22' lang='lat' dir='ltr'><strong>peritia.</strong></span> <span class='ocrx_word' id='word_1_744' title='bbox 2935 4042 3203 4107; x_wconf 84' lang='lat' dir='ltr'><strong>similiter,</strong></span> <span class='ocrx_word' id='word_1_745' title='bbox 3253 4043 3392 4098; x_wconf 92' lang='lat' dir='ltr'><strong>sicut</strong></span> <span class='ocrx_word' id='word_1_746' title='bbox 3445 4051 3498 4098; x_wconf 90' lang='lat' dir='ltr'><strong>et</strong></span> 
     </span>
    </p>
   </div>
   <div class='ocr_carea' id='block_1_98' title="bbox 1915 4131 3499 4204">
    <p class='ocr_par' dir='ltr' id='par_1_98' title="bbox 1915 4131 3499 4204">
     <span class='ocr_line' id='line_1_98' title="bbox 1915 4131 3499 4204; baseline 0 -16"><span class='ocrx_word' id='word_1_747' title='bbox 1915 4143 2114 4196; x_wconf 89' lang='lat' dir='ltr'><strong>mente,</strong></span> <span class='ocrx_word' id='word_1_748' title='bbox 2141 4132 2292 4202; x_wconf 85' lang='lat' dir='ltr'><strong>cujus</strong></span> <span class='ocrx_word' id='word_1_749' title='bbox 2323 4134 2510 4204; x_wconf 89' lang='lat' dir='ltr'><strong>peritia</strong></span> <span class='ocrx_word' id='word_1_750' title='bbox 2539 4139 2637 4194; x_wconf 76' lang='lat' dir='ltr'><strong>est,</strong></span> <span class='ocrx_word' id='word_1_751' title='bbox 2672 4131 2896 4187; x_wconf 89' lang='lat' dir='ltr'><strong>eandem</strong></span> <span class='ocrx_word' id='word_1_752' title='bbox 2928 4133 3264 4203; x_wconf 85' lang='lat' dir='ltr'><strong>disciplinam</strong></span> <span class='ocrx_word' id='word_1_753' title='bbox 3300 4148 3499 4204; x_wconf 84' lang='lat' dir='ltr'><strong>cogno-</strong></span> 
     </span>
    </p>
   </div>
   <div class='ocr_carea' id='block_1_99' title="bbox 1915 4223 3502 4294">
    <p class='ocr_par' dir='ltr' id='par_1_99' title="bbox 1915 4223 3502 4294">
     <span class='ocr_line' id='line_1_99' title="bbox 1915 4223 3502 4294; baseline -0.003 -12"><span class='ocrx_word' id='word_1_754' title='bbox 1915 4227 2014 4291; x_wconf 90' lang='lat' dir='ltr'><strong>sci,</strong></span> <span class='ocrx_word' id='word_1_755' title='bbox 2046 4240 2257 4291; x_wconf 85' lang='lat' dir='ltr'><strong>vereor,</strong></span> <span class='ocrx_word' id='word_1_756' title='bbox 2281 4239 2349 4279; x_wconf 90' lang='lat' dir='ltr'><strong>ne</strong></span> <span class='ocrx_word' id='word_1_757' title='bbox 2376 4224 2561 4279; x_wconf 84' lang='lat' dir='ltr'><strong>videar</strong></span> <span class='ocrx_word' id='word_1_758' title='bbox 2589 4238 2853 4292; x_wconf 87' lang='lat' dir='ltr'><strong>asserere,</strong></span> <span class='ocrx_word' id='word_1_759' title='bbox 2885 4233 3115 4278; x_wconf 89' lang='lat' dir='ltr'><strong>mentem</strong></span> <span class='ocrx_word' id='word_1_760' title='bbox 3148 4223 3502 4294; x_wconf 83' lang='lat' dir='ltr'><strong>peritiamque</strong></span> 
     </span>
    </p>
   </div>
   <div class='ocr_carea' id='block_1_100' title="bbox 1915 4313 3501 4386">
    <p class='ocr_par' dir='ltr' id='par_1_100' title="bbox 1915 4313 3501 4386">
     <span class='ocr_line' id='line_1_100' title="bbox 1915 4313 3501 4386; baseline -0.003 -16"><span class='ocrx_word' id='word_1_761' title='bbox 1915 4315 2000 4370; x_wconf 80' lang='lat' dir='ltr'><strong>Sui</strong></span> <span class='ocrx_word' id='word_1_762' title='bbox 2021 4315 2124 4370; x_wconf 92' lang='lat' dir='ltr'><strong>duo</strong></span> <span class='ocrx_word' id='word_1_763' title='bbox 2147 4315 2407 4386; x_wconf 89' lang='lat' dir='ltr'><strong>quaedam</strong></span> <span class='ocrx_word' id='word_1_764' title='bbox 2434 4329 2554 4369; x_wconf 88' lang='lat' dir='ltr'><strong>esse</strong></span> <span class='ocrx_word' id='word_1_765' title='bbox 2577 4314 2887 4385; x_wconf 88' lang='lat' dir='ltr'><strong>disciplinae</strong></span> <span class='ocrx_word' id='word_1_766' title='bbox 2910 4314 3219 4368; x_wconf 88' lang='lat' dir='ltr'><strong>notionibus</strong></span> <span class='ocrx_word' id='word_1_767' title='bbox 3243 4313 3501 4383; x_wconf 61' lang='lat' dir='ltr'><strong>rigentia,</strong></span> 
     </span>
    </p>
   </div>
   <div class='ocr_carea' id='block_1_101' title="bbox 1917 4403 3505 4475">
    <p class='ocr_par' dir='ltr' id='par_1_101' title="bbox 1917 4403 3505 4475">
     <span class='ocr_line' id='line_1_101' title="bbox 1917 4403 3505 4475; baseline 0 -17"><span class='ocrx_word' id='word_1_768' title='bbox 1917 4412 2101 4458; x_wconf 91' lang='lat' dir='ltr'><strong>etnon</strong></span> <span class='ocrx_word' id='word_1_769' title='bbox 2132 4419 2294 4458; x_wconf 90' lang='lat' dir='ltr'><strong>unam</strong></span> <span class='ocrx_word' id='word_1_770' title='bbox 2325 4405 2660 4475; x_wconf 89' lang='lat' dir='ltr'><strong>eandemque</strong></span> <span class='ocrx_word' id='word_1_771' title='bbox 2708 4405 3019 4468; x_wconf 81' lang='lat' dir='ltr'><strong>essentiam,</strong></span> <span class='ocrx_word' id='word_1_772' title='bbox 3053 4404 3137 4458; x_wconf 91' lang='lat' dir='ltr'><strong>cui</strong></span> <span class='ocrx_word' id='word_1_773' title='bbox 3183 4403 3505 4458; x_wconf 89' lang='lat' dir='ltr'><strong>naturaliter</strong></span> 
     </span>
    </p>
   </div>
   <div class='ocr_carea' id='block_1_102' title="bbox 1921 4495 3504 4568">
    <p class='ocr_par' dir='ltr' id='par_1_102' title="bbox 1921 4495 3504 4568">
     <span class='ocr_line' id='line_1_102' title="bbox 1921 4495 3504 4568; baseline 0.001 -18"><span class='ocrx_word' id='word_1_774' title='bbox 1921 4495 2062 4550; x_wconf 87' lang='lat' dir='ltr'><strong>inest</strong></span> <span class='ocrx_word' id='word_1_775' title='bbox 2093 4495 2408 4566; x_wconf 91' lang='lat' dir='ltr'><strong>disciplinae</strong></span> <span class='ocrx_word' id='word_1_776' title='bbox 2438 4497 2694 4568; x_wconf 90' lang='lat' dir='ltr'><strong>cognitio.</strong></span> <span class='ocrx_word' id='word_1_777' title='bbox 2719 4495 2776 4551; x_wconf 90' lang='lat' dir='ltr'><strong>Si</strong></span> <span class='ocrx_word' id='word_1_778' title='bbox 2805 4505 2982 4550; x_wconf 89' lang='lat' dir='ltr'><strong>autem</strong></span> <span class='ocrx_word' id='word_1_779' title='bbox 3029 4504 3262 4550; x_wconf 87' lang='lat' dir='ltr'><strong>mentem</strong></span> <span class='ocrx_word' id='word_1_780' title='bbox 3314 4495 3504 4565; x_wconf 85' lang='lat' dir='ltr'><strong>suique</strong></span> 
     </span>
    </p>
   </div>
   <div class='ocr_carea' id='block_1_103' title="bbox 1921 4587 3506 4658">
    <p class='ocr_par' dir='ltr' id='par_1_103' title="bbox 1921 4587 3506 4658">
     <span class='ocr_line' id='line_1_103' title="bbox 1921 4587 3506 4658; baseline 0 -16"><span class='ocrx_word' id='word_1_781' title='bbox 1921 4589 2170 4658; x_wconf 87' lang='lat' dir='ltr'><strong>peritiam</strong></span> <span class='ocrx_word' id='word_1_782' title='bbox 2197 4603 2304 4643; x_wconf 91' lang='lat' dir='ltr'><strong>non</strong></span> <span class='ocrx_word' id='word_1_783' title='bbox 2329 4587 2436 4642; x_wconf 90' lang='lat' dir='ltr'><strong>duo</strong></span> <span class='ocrx_word' id='word_1_784' title='bbox 2467 4589 2749 4658; x_wconf 87' lang='lat' dir='ltr'><strong>quaedam,</strong></span> <span class='ocrx_word' id='word_1_785' title='bbox 2799 4588 2893 4643; x_wconf 90' lang='lat' dir='ltr'><strong>sed</strong></span> <span class='ocrx_word' id='word_1_786' title='bbox 2935 4604 3098 4642; x_wconf 89' lang='lat' dir='ltr'><strong>unum</strong></span> <span class='ocrx_word' id='word_1_787' title='bbox 3156 4597 3316 4658; x_wconf 91' lang='lat' dir='ltr'><strong>atque</strong></span> <span class='ocrx_word' id='word_1_788' title='bbox 3364 4587 3506 4642; x_wconf 89' lang='lat' dir='ltr'><strong>idem</strong></span> 
     </span>
    </p>
   </div>
   <div class='ocr_carea' id='block_1_104' title="bbox 1919 4679 3508 4749">
    <p class='ocr_par' dir='ltr' id='par_1_104' title="bbox 1919 4679 3508 4749">
     <span class='ocr_line' id='line_1_104' title="bbox 1919 4679 3508 4749; baseline 0 -16"><span class='ocrx_word' id='word_1_789' title='bbox 1919 4695 2046 4734; x_wconf 70' lang='lat' dir='ltr'><strong>vera</strong></span> <span class='ocrx_word' id='word_1_790' title='bbox 2075 4681 2232 4735; x_wconf 91' lang='lat' dir='ltr'><strong>docet</strong></span> <span class='ocrx_word' id='word_1_791' title='bbox 2257 4681 2414 4741; x_wconf 89' lang='lat' dir='ltr'><strong>ratio,</strong></span> <span class='ocrx_word' id='word_1_792' title='bbox 2438 4695 2601 4749; x_wconf 89' lang='lat' dir='ltr'><strong>cogor</strong></span> <span class='ocrx_word' id='word_1_793' title='bbox 2628 4679 2804 4743; x_wconf 89' lang='lat' dir='ltr'><strong>fateri,</strong></span> <span class='ocrx_word' id='word_1_794' title='bbox 2832 4694 3012 4743; x_wconf 91' lang='lat' dir='ltr'><strong>omne,</strong></span> <span class='ocrx_word' id='word_1_795' title='bbox 3043 4679 3186 4748; x_wconf 87' lang='lat' dir='ltr'><strong>quod</strong></span> <span class='ocrx_word' id='word_1_796' title='bbox 3214 4687 3393 4734; x_wconf 91' lang='lat' dir='ltr'><strong>mente</strong></span> <span class='ocrx_word' id='word_1_797' title='bbox 3424 4679 3508 4733; x_wconf 91' lang='lat' dir='ltr'><strong>in-</strong></span> 
     </span>
    </p>
   </div>
   <div class='ocr_carea' id='block_1_105' title="bbox 1922 4771 3507 4843">
    <p class='ocr_par' dir='ltr' id='par_1_105' title="bbox 1922 4771 3507 4843">
     <span class='ocr_line' id='line_1_105' title="bbox 1922 4771 3507 4843; baseline -0.001 -16"><span class='ocrx_word' id='word_1_798' title='bbox 1922 4772 2205 4843; x_wconf 88' lang='lat' dir='ltr'><strong>telligitur,</strong></span> <span class='ocrx_word' id='word_1_799' title='bbox 2229 4773 2424 4842; x_wconf 89' lang='lat' dir='ltr'><strong>peritia</strong></span> <span class='ocrx_word' id='word_1_800' title='bbox 2453 4787 2666 4842; x_wconf 91' lang='lat' dir='ltr'><strong>quoque</strong></span> <span class='ocrx_word' id='word_1_801' title='bbox 2721 4771 2802 4825; x_wconf 90' lang='lat' dir='ltr'><strong>sui</strong></span> <span class='ocrx_word' id='word_1_802' title='bbox 2855 4771 3100 4842; x_wconf 90' lang='lat' dir='ltr'><strong>intelligi,</strong></span> <span class='ocrx_word' id='word_1_803' title='bbox 3152 4780 3205 4826; x_wconf 89' lang='lat' dir='ltr'><strong>et</strong></span> <span class='ocrx_word' id='word_1_804' title='bbox 3253 4771 3507 4827; x_wconf 89' lang='lat' dir='ltr'><strong>continuo</strong></span> 
     </span>
    </p>
   </div>
   <div class='ocr_carea' id='block_1_106' title="bbox 1921 4861 3506 4934">
    <p class='ocr_par' dir='ltr' id='par_1_106' title="bbox 1921 4861 3506 4934">
     <span class='ocr_line' id='line_1_106' title="bbox 1921 4861 3506 4934; baseline 0 -17"><span class='ocrx_word' id='word_1_805' title='bbox 1921 4874 2197 4931; x_wconf 82' lang='lat' dir='ltr'><strong>sequetur,</strong></span> <span class='ocrx_word' id='word_1_806' title='bbox 2229 4872 2463 4918; x_wconf 83' lang='lat' dir='ltr'><strong>mentem</strong></span> <span class='ocrx_word' id='word_1_807' title='bbox 2513 4872 2567 4918; x_wconf 90' lang='lat' dir='ltr'><strong>et</strong></span> <span class='ocrx_word' id='word_1_808' title='bbox 2611 4862 2882 4934; x_wconf 88' lang='lat' dir='ltr'><strong>peritiam,</strong></span> <span class='ocrx_word' id='word_1_809' title='bbox 2936 4861 3017 4917; x_wconf 74' lang='lat' dir='ltr'><strong>vel</strong></span> <span class='ocrx_word' id='word_1_810' title='bbox 3068 4872 3214 4918; x_wconf 91' lang='lat' dir='ltr'><strong>certe</strong></span> <span class='ocrx_word' id='word_1_811' title='bbox 3269 4871 3506 4918; x_wconf 81' lang='lat' dir='ltr'><strong>mentem</strong></span> 
     </span>
    </p>
   </div>
   <div class='ocr_carea' id='block_1_107' title="bbox 1923 4952 3502 5026">
    <p class='ocr_par' dir='ltr' id='par_1_107' title="bbox 1923 4952 3502 5026">
     <span class='ocr_line' id='line_1_107' title="bbox 1923 4952 3502 5026; baseline -0.003 -16"><span class='ocrx_word' id='word_1_812' title='bbox 1923 4957 2174 5026; x_wconf 90' lang='lat' dir='ltr'><strong>peritam,</strong></span> <span class='ocrx_word' id='word_1_813' title='bbox 2207 4953 2618 5024; x_wconf 87' lang='lat' dir='ltr'><strong>praestantioris</strong></span> <span class='ocrx_word' id='word_1_814' title='bbox 2644 4963 2870 5008; x_wconf 88' lang='lat' dir='ltr'><strong>naturae</strong></span> <span class='ocrx_word' id='word_1_815' title='bbox 2900 4968 3022 5008; x_wconf 85' lang='lat' dir='ltr'><strong>esse</strong></span> <span class='ocrx_word' id='word_1_816' title='bbox 3070 4969 3137 5008; x_wconf 90' lang='lat' dir='ltr'><strong>ea</strong></span> <span class='ocrx_word' id='word_1_817' title='bbox 3187 4952 3462 5022; x_wconf 91' lang='lat' dir='ltr'><strong>disciplina</strong></span> <span class='ocrx_word' id='word_1_818' title='bbox 3486 4993 3502 5018; x_wconf 94' lang='lat'><strong>,</strong></span> 
     </span>
    </p>
   </div>
   <div class='ocr_carea' id='block_1_108' title="bbox 1924 5042 3506 5115">
    <p class='ocr_par' dir='ltr' id='par_1_108' title="bbox 1924 5042 3506 5115">
     <span class='ocr_line' id='line_1_108' title="bbox 1924 5042 3506 5115; baseline -0.001 -17"><span class='ocrx_word' id='word_1_819' title='bbox 1924 5060 2084 5115; x_wconf 87' lang='lat' dir='ltr'><strong>quam</strong></span> <span class='ocrx_word' id='word_1_820' title='bbox 2113 5043 2380 5114; x_wconf 91' lang='lat' dir='ltr'><strong>intelligit,</strong></span> <span class='ocrx_word' id='word_1_821' title='bbox 2411 5043 2458 5097; x_wconf 93' lang='lat' dir='ltr'><strong>si</strong></span> <span class='ocrx_word' id='word_1_822' title='bbox 2509 5043 2812 5113; x_wconf 90' lang='lat' dir='ltr'><strong>antiquiora</strong></span> <span class='ocrx_word' id='word_1_823' title='bbox 2855 5051 2980 5097; x_wconf 92' lang='lat' dir='ltr'><strong>sunt</strong></span> <span class='ocrx_word' id='word_1_824' title='bbox 3032 5042 3318 5098; x_wconf 90' lang='lat' dir='ltr'><strong>intellectis</strong></span> <span class='ocrx_word' id='word_1_825' title='bbox 3347 5042 3506 5097; x_wconf 71' lang='lat' dir='ltr'><strong>inteb-</strong></span> 
     </span>
    </p>
   </div>
   <div class='ocr_carea' id='block_1_109' title="bbox 1925 5133 3507 5208">
    <p class='ocr_par' dir='ltr' id='par_1_109' title="bbox 1925 5133 3507 5208">
     <span class='ocr_line' id='line_1_109' title="bbox 1925 5133 3507 5208; baseline -0.001 -17"><span class='ocrx_word' id='word_1_826' title='bbox 1925 5135 2163 5208; x_wconf 90' lang='lat' dir='ltr'><strong>ligentia.</strong></span> <span class='ocrx_word' id='word_1_827' title='bbox 2205 5135 2260 5189; x_wconf 92' lang='lat' dir='ltr'><strong>Si</strong></span> <span class='ocrx_word' id='word_1_828' title='bbox 2293 5143 2472 5189; x_wconf 88' lang='lat' dir='ltr'><strong>autem</strong></span> <span class='ocrx_word' id='word_1_829' title='bbox 2503 5135 2712 5201; x_wconf 80' lang='lat' dir='ltr'><strong>dixero,</strong></span> <span class='ocrx_word' id='word_1_830' title='bbox 2743 5135 2909 5204; x_wconf 88' lang='lat' dir='ltr'><strong>ipsam</strong></span> <span class='ocrx_word' id='word_1_831' title='bbox 2939 5133 3278 5204; x_wconf 89' lang='lat' dir='ltr'><strong>disciplinam</strong></span> <span class='ocrx_word' id='word_1_832' title='bbox 3302 5134 3507 5204; x_wconf 86' lang='lat' dir='ltr'><strong>peritae</strong></span> 
     </span>
    </p>
   </div>
   <div class='ocr_carea' id='block_1_110' title="bbox 1924 5225 3507 5298">
    <p class='ocr_par' dir='ltr' id='par_1_110' title="bbox 1924 5225 3507 5298">
     <span class='ocr_line' id='line_1_110' title="bbox 1924 5225 3507 5298; baseline -0.004 -15"><span class='ocrx_word' id='word_1_833' title='bbox 1924 5229 2120 5284; x_wconf 86' lang='lat' dir='ltr'><strong>mentis</strong></span> <span class='ocrx_word' id='word_1_834' title='bbox 2148 5228 2394 5298; x_wconf 89' lang='lat' dir='ltr'><strong>peritiam</strong></span> <span class='ocrx_word' id='word_1_835' title='bbox 2427 5227 2473 5260; x_wconf 74' lang='lat'><strong>“</strong></span> <span class='ocrx_word' id='word_1_836' title='bbox 2500 5242 2642 5293; x_wconf 86' lang='lat' dir='ltr'><strong>esse,</strong></span> <span class='ocrx_word' id='word_1_837' title='bbox 2671 5241 3007 5298; x_wconf 87' lang='lat' dir='ltr'><strong>consequens</strong></span> <span class='ocrx_word' id='word_1_838' title='bbox 3051 5225 3173 5288; x_wconf 87' lang='lat' dir='ltr'><strong>erit,</strong></span> <span class='ocrx_word' id='word_1_839' title='bbox 3220 5234 3314 5279; x_wconf 88' lang='lat' dir='ltr'><strong>aut</strong></span> <span class='ocrx_word' id='word_1_840' title='bbox 3354 5238 3507 5277; x_wconf 87' lang='lat' dir='ltr'><strong>men-</strong></span> 
     </span>
    </p>
   </div>
   <div class='ocr_carea' id='block_1_111' title="bbox 1928 5311 3508 5389">
    <p class='ocr_par' dir='ltr' id='par_1_111' title="bbox 1928 5311 3508 5389">
     <span class='ocr_line' id='line_1_111' title="bbox 1928 5311 3508 5389; baseline -0.004 -16"><span class='ocrx_word' id='word_1_841' title='bbox 1928 5327 2032 5375; x_wconf 92' lang='lat' dir='ltr'><strong>tem</strong></span> <span class='ocrx_word' id='word_1_842' title='bbox 2057 5319 2287 5389; x_wconf 89' lang='lat' dir='ltr'><strong>pcritam</strong></span> <span class='ocrx_word' id='word_1_843' title='bbox 2311 5318 2358 5356; x_wconf 73' lang='grc' dir='ltr'><strong>ι’</strong></span> <span class='ocrx_word' id='word_1_844' title='bbox 2380 5319 2823 5388; x_wconf 89' lang='lat' dir='ltr'><strong>disciplinamque</strong></span> <span class='ocrx_word' id='word_1_845' title='bbox 2851 5315 3079 5386; x_wconf 90' lang='lat' dir='ltr'><strong>peritam</strong></span> <span class='ocrx_word' id='word_1_846' title='bbox 3110 5315 3216 5369; x_wconf 90' lang='lat' dir='ltr'><strong>duo</strong></span> <span class='ocrx_word' id='word_1_847' title='bbox 3245 5311 3508 5384; x_wconf 90' lang='lat' dir='ltr'><strong>quaedam</strong></span> 
     </span>
    </p>
   </div>
   <div class='ocr_carea' id='block_1_112' title="bbox 1521 5425 2210 5485">
    <p class='ocr_par' dir='ltr' id='par_1_112' title="bbox 1521 5425 2210 5485">
     <span class='ocr_line' id='line_1_112' title="bbox 1521 5425 2210 5485; baseline 0 -3"><span class='ocrx_word' id='word_1_848' title='bbox 1521 5425 1774 5482; x_wconf 80' lang='lat' dir='ltr'><strong>VARIAE</strong></span> <span class='ocrx_word' id='word_1_849' title='bbox 1815 5427 2210 5485; x_wconf 70' lang='lat' dir='ltr'><strong>LECTIONES.</strong></span> 
     </span>
    </p>
   </div>
   <div class='ocr_carea' id='block_1_113' title="bbox 326 5517 1377 5590">
    <p class='ocr_par' dir='ltr' id='par_1_113' title="bbox 326 5517 1377 5590">
     <span class='ocr_line' id='line_1_113' title="bbox 326 5517 1377 5590; baseline -0.002 -17"><span class='ocrx_word' id='word_1_850' title='bbox 326 5519 344 5549; x_wconf 73' lang='grc' dir='ltr'>ί</span> <span class='ocrx_word' id='word_1_851' title='bbox 383 5528 546 5574; x_wconf 80' lang='lat' dir='ltr'><strong>essent</strong></span> <span class='ocrx_word' id='word_1_852' title='bbox 575 5533 682 5590; x_wconf 79' lang='lat' dir='ltr'><strong>om.</strong></span> <span class='ocrx_word' id='word_1_853' title='bbox 715 5517 820 5590; x_wconf 62' lang='lat' dir='ltr'><strong>CF.</strong></span> <span class='ocrx_word' id='word_1_854' title='bbox 918 5521 939 5551; x_wconf 78' lang='lat'>&#39;</span> <span class='ocrx_word' id='word_1_855' title='bbox 980 5519 1104 5590; x_wconf 82' lang='lat' dir='ltr'><strong>quin</strong></span> <span class='ocrx_word' id='word_1_856' title='bbox 1139 5532 1248 5572; x_wconf 91' lang='lat' dir='ltr'><strong>om.</strong></span> <span class='ocrx_word' id='word_1_857' title='bbox 1273 5519 1377 5572; x_wconf 82' lang='lat' dir='ltr'><strong>CF.</strong></span> 
     </span>
    </p>
   </div>
   <div class='ocr_carea' id='block_1_114' title="bbox 248 5588 1072 5659">
    <p class='ocr_par' dir='ltr' id='par_1_114' title="bbox 248 5588 1072 5659">
     <span class='ocr_line' id='line_1_114' title="bbox 248 5588 1072 5659; baseline -0.001 -17"><span class='ocrx_word' id='word_1_858' title='bbox 248 5588 434 5659; x_wconf 70' lang='lat' dir='ltr'><strong>aliam.</strong></span> <span class='ocrx_word' id='word_1_859' title='bbox 497 5590 552 5659; x_wconf 28' lang='grc' dir='ltr'><strong>η’</strong></span> <span class='ocrx_word' id='word_1_860' title='bbox 579 5588 670 5643; x_wconf 89' lang='lat' dir='ltr'><strong>Sic</strong></span> <span class='ocrx_word' id='word_1_861' title='bbox 705 5589 823 5659; x_wconf 62' lang='lat' dir='ltr'><strong>CF;</strong></span> <span class='ocrx_word' id='word_1_862' title='bbox 864 5589 907 5643; x_wconf 83' lang='lat' dir='ltr'><strong>A</strong></span> <span class='ocrx_word' id='word_1_863' title='bbox 933 5588 1072 5659; x_wconf 75' lang='lat' dir='ltr'><strong>ergo.</strong></span> 
     </span>
    </p>
   </div>
   <div class='ocr_carea' id='block_1_115' title="bbox 250 5657 1703 5726">
    <p class='ocr_par' dir='ltr' id='par_1_115' title="bbox 250 5657 1703 5726">
     <span class='ocr_line' id='line_1_115' title="bbox 250 5657 1703 5726; baseline -0.002 -13"><span class='ocrx_word' id='word_1_864' title='bbox 250 5657 448 5723; x_wconf 61' lang='lat' dir='ltr'><strong>L’F;&#39;A</strong></span> <span class='ocrx_word' id='word_1_865' title='bbox 476 5658 600 5712; x_wconf 88' lang='lat' dir='ltr'><strong>Cur.</strong></span> <span class='ocrx_word' id='word_1_866' title='bbox 679 5660 718 5690; x_wconf 81' lang='lat'><strong>&quot;</strong></span> <span class='ocrx_word' id='word_1_867' title='bbox 748 5657 838 5714; x_wconf 88' lang='lat' dir='ltr'><strong>Sic</strong></span> <span class='ocrx_word' id='word_1_868' title='bbox 861 5657 1050 5722; x_wconf 47' lang='lat' dir='ltr'><strong>CF;&#39;A</strong></span> <span class='ocrx_word' id='word_1_869' title='bbox 1084 5659 1365 5726; x_wconf 84' lang='lat' dir='ltr'><strong>phantasia</strong></span> <span class='ocrx_word' id='word_1_870' title='bbox 1407 5660 1703 5716; x_wconf 81' lang='lat' dir='ltr'><strong>memoriae.</strong></span> 
     </span>
    </p>
   </div>
   <div class='ocr_carea' id='block_1_116' title="bbox 1456 5517 2099 5582">
    <p class='ocr_par' dir='ltr' id='par_1_116' title="bbox 1456 5517 2099 5582">
     <span class='ocr_line' id='line_1_116' title="bbox 1456 5517 2099 5582; baseline -0.005 -8"><span class='ocrx_word' id='word_1_871' title='bbox 1456 5519 1476 5550; x_wconf 87' lang='grc'>³</span> <span class='ocrx_word' id='word_1_872' title='bbox 1515 5517 1604 5574; x_wconf 87' lang='lat' dir='ltr'><strong>Sic</strong></span> <span class='ocrx_word' id='word_1_873' title='bbox 1630 5518 1743 5582; x_wconf 78' lang='lat' dir='ltr'><strong>C‘F;</strong></span> <span class='ocrx_word' id='word_1_874' title='bbox 1780 5519 1822 5572; x_wconf 79' lang='grc' dir='ltr'><strong>Α</strong></span> <span class='ocrx_word' id='word_1_875' title='bbox 1871 5521 2099 5573; x_wconf 83' lang='lat' dir='ltr'><strong>condita.</strong></span> 
     </span>
    </p>
   </div>
   <div class='ocr_carea' id='block_1_117' title="bbox 1194 5587 1951 5653">
    <p class='ocr_par' dir='ltr' id='par_1_117' title="bbox 1194 5587 1951 5653">
     <span class='ocr_line' id='line_1_117' title="bbox 1194 5587 1951 5653; baseline -0.004 -11"><span class='ocrx_word' id='word_1_876' title='bbox 1194 5591 1214 5621; x_wconf 87' lang='grc'><strong>⁷</strong></span> <span class='ocrx_word' id='word_1_877' title='bbox 1256 5589 1346 5643; x_wconf 91' lang='lat' dir='ltr'><strong>Sic</strong></span> <span class='ocrx_word' id='word_1_878' title='bbox 1372 5587 1485 5653; x_wconf 82' lang='lat' dir='ltr'><strong>CF;</strong></span> <span class='ocrx_word' id='word_1_879' title='bbox 1526 5588 1569 5641; x_wconf 82' lang='lat' dir='ltr'><strong>A</strong></span> <span class='ocrx_word' id='word_1_880' title='bbox 1600 5591 1654 5642; x_wconf 85' lang='lat' dir='ltr'><strong>in</strong></span> <span class='ocrx_word' id='word_1_881' title='bbox 1679 5589 1951 5644; x_wconf 89' lang='lat' dir='ltr'><strong>ntellectu.</strong></span> 
     </span>
    </p>
   </div>
   <div class='ocr_carea' id='block_1_118' title="bbox 1809 5659 2272 5712">
    <p class='ocr_par' dir='ltr' id='par_1_118' title="bbox 1809 5659 2272 5712">
     <span class='ocr_line' id='line_1_118' title="bbox 1809 5659 2272 5712; baseline 0.002 -2"><span class='ocrx_word' id='word_1_882' title='bbox 1809 5661 1849 5690; x_wconf 82' lang='lat'>“</span> <span class='ocrx_word' id='word_1_883' title='bbox 1882 5675 1960 5711; x_wconf 72' lang='lat' dir='ltr'><strong>res</strong></span> <span class='ocrx_word' id='word_1_884' title='bbox 2012 5673 2118 5711; x_wconf 92' lang='lat' dir='ltr'><strong>om.</strong></span> <span class='ocrx_word' id='word_1_885' title='bbox 2170 5659 2272 5712; x_wconf 80' lang='lat' dir='ltr'><strong>CF.</strong></span> 
     </span>
    </p>
   </div>
   <div class='ocr_carea' id='block_1_119' title="bbox 2226 5513 3513 5588">
    <p class='ocr_par' dir='ltr' id='par_1_119' title="bbox 2226 5513 3513 5588">
     <span class='ocr_line' id='line_1_119' title="bbox 2226 5513 3513 5588; baseline -0.005 -13"><span class='ocrx_word' id='word_1_886' title='bbox 2226 5519 2352 5576; x_wconf 63' lang='lat' dir='ltr'><strong>‘CF</strong></span> <span class='ocrx_word' id='word_1_887' title='bbox 2401 5519 2692 5573; x_wconf 84' lang='lat' dir='ltr'><strong>abstrusam</strong></span> <span class='ocrx_word' id='word_1_888' title='bbox 2720 5517 3017 5588; x_wconf 68' lang='lat' dir='ltr'><strong>praeteries.</strong></span> <span class='ocrx_word' id='word_1_889' title='bbox 3117 5515 3250 5588; x_wconf 77' lang='lat' dir='ltr'><strong>‘Sic</strong></span> <span class='ocrx_word' id='word_1_890' title='bbox 3299 5513 3513 5588; x_wconf 42' lang='grc' dir='ltr'><strong>αῖς-Λ</strong></span> 
     </span>
    </p>
   </div>
   <div class='ocr_carea' id='block_1_120' title="bbox 2052 5585 3514 5643">
    <p class='ocr_par' dir='ltr' id='par_1_120' title="bbox 2052 5585 3514 5643">
     <span class='ocr_line' id='line_1_120' title="bbox 2052 5585 3514 5643; baseline -0.001 -1"><span class='ocrx_word' id='word_1_891' title='bbox 2052 5590 2073 5619; x_wconf 78' lang='grc'><strong>⁸</strong></span> <span class='ocrx_word' id='word_1_892' title='bbox 2101 5589 2183 5642; x_wconf 84' lang='lat' dir='ltr'><strong>CF</strong></span> <span class='ocrx_word' id='word_1_893' title='bbox 2225 5590 2519 5643; x_wconf 85' lang='lat' dir='ltr'><strong>notitioncs.</strong></span> <span class='ocrx_word' id='word_1_894' title='bbox 2593 5590 2616 5623; x_wconf 83' lang='grc'><strong>⁹</strong></span> <span class='ocrx_word' id='word_1_895' title='bbox 2655 5585 2745 5642; x_wconf 83' lang='lat' dir='ltr'><strong>Sic</strong></span> <span class='ocrx_word' id='word_1_896' title='bbox 2769 5586 2852 5642; x_wconf 73' lang='lat' dir='ltr'><strong>CF</strong></span> <span class='ocrx_word' id='word_1_897' title='bbox 2919 5585 3054 5639; x_wconf 68' lang='lat' dir='ltr'><strong>Acin</strong></span> <span class='ocrx_word' id='word_1_898' title='bbox 3079 5587 3269 5639; x_wconf 84' lang='lat' dir='ltr'><strong>animo.</strong></span> <span class='ocrx_word' id='word_1_899' title='bbox 3353 5585 3395 5615; x_wconf 76' lang='grc'><strong>⁸⁸⁵</strong></span> <span class='ocrx_word' id='word_1_900' title='bbox 3423 5586 3514 5640; x_wconf 80' lang='lat' dir='ltr'><strong>Sic</strong></span> 
     </span>
    </p>
   </div>
   <div class='ocr_carea' id='block_1_121' title="bbox 2380 5654 3512 5722">
    <p class='ocr_par' dir='ltr' id='par_1_121' title="bbox 2380 5654 3512 5722">
     <span class='ocr_line' id='line_1_121' title="bbox 2380 5654 3512 5722; baseline -0.003 -11"><span class='ocrx_word' id='word_1_901' title='bbox 2380 5658 2421 5690; x_wconf 84' lang='grc'><strong>¹³</strong></span> <span class='ocrx_word' id='word_1_902' title='bbox 2472 5657 2746 5711; x_wconf 79' lang='lat' dir='ltr'><strong>CFdorct.</strong></span> <span class='ocrx_word' id='word_1_903' title='bbox 2852 5655 2894 5687; x_wconf 75' lang='lat'><strong>“</strong></span> <span class='ocrx_word' id='word_1_904' title='bbox 2929 5654 3010 5710; x_wconf 83' lang='lat' dir='ltr'><strong>CF</strong></span> <span class='ocrx_word' id='word_1_905' title='bbox 3054 5657 3291 5722; x_wconf 80' lang='lat' dir='ltr'><strong>peritum.</strong></span> <span class='ocrx_word' id='word_1_906' title='bbox 3397 5655 3512 5708; x_wconf 75' lang='lat' dir='ltr'><strong>&quot;A</strong></span> 
     </span>
    </p>
   </div>
  </div>
