4028 6282
610 320 712 378 767

1998 313 2279 372 JOANNIS
2316 286 2545 373 scort’
3754 326 3828 381 τρε

608 446 730 491 esse
786 445 845 488 se
912 430 1143 486 invicem
1209 429 1583 501 intelligentia,
1643 437 1698 483 et
1754 442 1784 481 a
1847 444 1906 484 se
1968 426 2197 485 invicem
2228 430 2536 518 Aquadam
2564 430 2904 500 supcriorise
2934 440 3126 488 natura
3156 432 3828 506 lormantur.Dtsc.Sinipe-

608 523 919 588 intellecta,
987 522 1069 577 ac‘
1117 537 1216 593 per
1271 522 1376 576 hoc
1436 521 1647 592 aequali
1714 521 1975 593 dignitate
2034 531 2196 576 natu-

610 634 702 674 rae
756 615 1009 689 pollentia
1039 656 1054 681 ,
1102 622 1196 669 aut
1242 623 1479 670 mentem
1548 615 1905 686 peritiamque
1960 616 2041 670 sui
2112 616 2196 671 di-

610 706 1039 779 sciplinamque,
1095 720 1258 775 quam
1325 704 1615 774 intelligit,
1671 714 1727 759 et
1791 721 1823 760 a
1880 721 1986 777 qua
2044 706 2210 762 intcl-.

610 797 818 867 ligitur,
843 796 1003 851 unius
1029 793 1378 866 ejusdemque
1405 796 1675 852 essentiae
1708 794 1888 851 fateri.
1922 795 2031 853 Sed
2070 797 2200 868 quid

609 891 800 945 horum
817 887 1106 944 tenendum
1124 888 1215 954 sit,
1233 889 1470 943 nondum
1488 887 1632 943 clare
1648 897 1816 958 patet.
1838 889 1980 943 DISC.
1996 886 2199 944 Forsan

609 982 837 1051 patebit,
852 980 1143 1035 dummodo
1165 988 1367 1034 rectam
1393 979 1750 1034 ratiocinandi
1774 979 1915 1034 viam
1941 979 2049 1035 Deo
2065 979 2202 1035 duce

610 1071 994 1142 ingrediantur.
1021 1068 1161 1124 MAG.
1192 1070 1527 1136 Quaeramus
1560 1068 1745 1138 itaque
1772 1069 2105 1140 diligentias,
2137 1085 2201 1124 ac

610 1164 843 1232 primum
874 1162 1042 1227 dicas,
1070 1161 1211 1225 volo,
1245 1160 1441 1216 mentis
1473 1169 1744 1224 naturain,
1767 1160 1852 1215 cui
1879 1161 2017 1215 inest
2041 1160 2202 1215 disci-

610 1255 790 1324 plinae
812 1253 1025 1324 peritia,
1054 1251 1353 1322 simplicem
1378 1266 1520 1317 esse,
1549 1268 1616 1306 an
1646 1251 1787 1307 non?
1810 1252 1953 1307 Dtsc.
1978 1251 2200 1321 Simpli-

610 1360 731 1400 ccm
761 1360 883 1401 esse
912 1343 1147 1398 arbitror
1183 1343 1222 1396 ³.
1271 1343 1367 1397 Est
1403 1342 1545 1398 enim
1600 1341 1955 1411 incorporea,
1997 1342 2203 1397 intelle-

613 1436 824 1500 ctualis,
855 1451 920 1491 ac
945 1450 1040 1505 per
1064 1435 1167 1490 hoc
1194 1434 1341 1488 omni
1358 1434 1749 1503 compositione
1772 1449 1961 1489 carere
1983 1449 2202 1491 necesse

611 1537 714 1585 est.
748 1528 887 1586 MAG.
919 1529 1087 1583 liecte
1112 1527 1417 1582 arbitraris.
1442 1526 1679 1582 Putasne
1701 1526 1881 1596 igitur,
1908 1526 2110 1597 aliquid
2151 1528 2201 1582 ei

613 1621 880 1686 accidere,
911 1620 1055 1691 quod
1083 1619 1201 1691 ejus
1229 1620 1500 1675 essentiae
1537 1618 1856 1674 naturaliter
1881 1634 1988 1674 non
2023 1618 2204 1674 inest?

612 1710 763 1767 Disc.
804 1709 941 1766 Puto
973 1710 1214 1780 quidem.
1247 1709 1414 1764 Multa
1442 1709 1587 1764 enim
1610 1708 1925 1781 contingere
1945 1709 1992 1764 ei
2026 1709 2201 1764 video.

2300 521 2501 577 riorem
2524 530 2791 587 naturam,
2814 537 2881 578 ex
2909 538 3016 593 qua
3039 524 3176 579 haec
3197 523 3443 578 Trinitas
3467 531 3522 577 et
3548 525 3830 580 substituitur

2299 622 2354 667 et
2388 612 2652 668 formatur
2683 620 2737 667 et
2768 612 3109 687 intelligitur,
3145 614 3276 670 fides
3306 612 3585 670 Catholica
3617 628 3711 668 non
3739 630 3829 669 sua

2301 705 2474 768 deret,
2505 712 2560 759 et
2583 718 2689 758 non
2714 705 3043 775 approbaret
3068 704 3292 771 veritas,
3340 705 3587 761 fortassis
3612 721 3641 759 a
3661 707 3680 740 '
3703 707 3829 776 seipsa

2302 792 2561 859 formari,
2597 793 2683 848 vel
2730 805 2878 849 certe
2923 795 3279 868 principalem
3333 795 3562 851 formam
3602 810 3722 860 esse,
3758 812 3830 851 non

2304 882 2517 937 incaute
2570 883 2972 952 responderim;
3012 882 3129 955 jam
3176 899 3305 941 vero
3350 884 3604 955 quoniam
3647 886 3832 955 superior

2304 972 2477 1038 est",
2501 972 2642 1042 ipsa,
2680 985 2747 1027 ex
2773 988 2878 1043 qua
2920 972 3102 1029 omnia
3129 972 3463 1039 formantur,
3489 972 3727 1043 incipiunt
3757 973 3832 1029 lor-

2304 1066 2462 1131 tnari,
2494 1074 2551 1120 et
2576 1065 2643 1120 ad
2673 1081 2834 1136 quam
2857 1081 3119 1121 conversa
3142 1065 3474 1131 formantur,
3506 1082 3636 1135 quae
3671 1064 3727 1120 ad
3747 1081 3830 1121 eam

2305 1164 2694 1213 convertuntur
2720 1166 2814 1212 aut
2854 1166 3081 1228 possunt
3123 1156 3395 1222 converti,
3427 1155 3496 1210 ab
3520 1157 3689 1210 eadem
3715 1155 3831 1208 etiam

2306 1249 2504 1305 mentis
2550 1249 2874 1305 Trinitatem
2927 1248 3153 1305 formari
3187 1264 3297 1304 non
3334 1248 3542 1304 dubito.
3576 1234 3700 1302 MAG.
3737 1245 3831 1301 Hinc

2305 1342 2585 1412 ambigere
2630 1339 3031 1396 stultissimum.
3081 1339 3208 1397 Sola
3264 1340 3453 1409 itaque
3513 1339 3681 1394 divina
3721 1353 3831 1392 metu

2307 1433 2553 1487 notitiam
2584 1432 2852 1486 humanae
2880 1430 3099 1497 mentis,
3132 1430 3343 1501 peritae
3371 1428 3783 1500 disciplinalisque
3802 1427 3829 1457 "

2306 1543 2336 1580 a
2366 1540 2425 1580 se
2462 1525 2728 1580 formatae
2751 1531 2806 1579 et
2835 1524 2902 1578 ad
2930 1538 2988 1578 se
3015 1523 3080 1588 ”,
3110 1538 3296 1578 veram
3333 1522 3571 1592 possidet
3593 1522 3642 1575 in
3667 1536 3714 1575 se
3735 1519 3829 1588 ipsa.

2308 1616 2452 1673 Disc.
2470 1614 2749 1689 Nilverius
2761 1614 3178 1670 aestimandum.
3195 1613 3338 1669 MAG.
3355 1612 3610 1677 Putasne,
3623 1609 3829 1664 aiiudessc

2310 1708 2602 1762 humanam
2631 1714 2890 1771 mentem,
2921 1714 2976 1759 et
2997 1703 3145 1759 aliud
3168 1704 3450 1759 notionem
3480 1702 3593 1773 ejus
3630 1701 3677 1755 in
3702 1708 3829 1753 mente

611 1803 773 1860 Verbi
809 1803 1014 1874 gratia,
1063 1801 1434 1871 temporaliter
1479 1810 1747 1866 movetur,
1797 1800 1921 1856 dum
1954 1801 2067 1870 ipsa
2094 1815 2201 1854 non
2235 1792 2275 1851 Β
2306 1796 2984 1854 formantisetnoscentis?
3005 1791 3476 1851 Disc.Absit.lmo
3492 1808 3612 1848 vero
3636 1788 3826 1859 intelligo,

611 1895 684 1953 sit
706 1903 956 1964 tempus;
1008 1892 1202 1965 peritia
1251 1891 1661 1961 disciplinarum
1710 1891 1757 1948 ei
1801 1890 2027 1959 accidit,
2058 1906 2202 1946 nunc

609 1985 759 2042 enim
794 1985 996 2057 perita,
1025 1998 1169 2040 nunc
1201 1983 1639 2053 imperila,nunc
1679 1982 2205 2053 disciplinata,nunc

612 2076 1011 2148 indisciplinata
1062 2077 1084 2109 ⁸
1140 2075 1505 2146 dignoscitur,
1565 2091 1710 2130 nunc
1771 2075 2006 2146 sapiens,
2060 2088 2204 2129 nunc

611 2169 895 2241 insipiens,
927 2181 1073 2222 nunc
1109 2181 1321 2232 errans,
1351 2166 1568 2237 quando
1606 2165 2049 2221 irrationabiliter
2088 2165 2202 2219 vol-

609 2259 776 2323 vitur,
809 2273 954 2312 nunc
985 2255 1210 2310 rationis
1238 2256 1377 2309 viam
1406 2264 1552 2310 recte
1580 2256 1900 2327 ingreditur,
1937 2263 1992 2311 et
2036 2253 2205 2309 multa

613 2351 667 2406 id
693 2365 884 2421 genus.
906 2348 1047 2402 MAG.
1080 2346 1195 2403 Non
1224 2361 1353 2416 ergo
1376 2346 1566 2416 peritia
1595 2345 1909 2416 disciplinae
1940 2345 2023 2401 vel
2042 2345 2063 2377 ⁸
2090 2346 2204 2416 ipsa

613 2439 897 2510 disciplina
945 2437 1264 2515 naturaliter
1292 2438 1341 2493 ei
1376 2438 1546 2505 inest,
1592 2438 1686 2493 sed
1727 2453 1795 2493 ex
1837 2437 2205 2492 accidentibus

614 2530 665 2585 ei
692 2530 714 2561 ⁸
741 2529 1084 2584 extrinsecus
1098 2528 1440 2598 proveniunt.
1471 2528 1618 2583 Disc.
1645 2525 1761 2582 Non
1791 2528 1966 2583 ausim
1994 2527 2097 2583 hoc
2126 2527 2206 2582 di-

614 2634 760 2675 cere.
777 2618 963 2690 Neque
976 2619 1121 2674 enim
1138 2617 1160 2648 ⁸
1185 2616 1480 2673 verisimile
1500 2626 1606 2683 est,
1632 2616 1796 2672 Deum
1820 2617 1888 2672 ad
1918 2615 2205 2689 imaginem

612 2716 670 2764 et
693 2707 1104 2764 similitudinem
1131 2722 1284 2762 suam
1318 2721 1536 2762 creasse
1580 2715 1839 2772 mentem,
1867 2706 1953 2762 cui
1982 2715 2205 2762 natura-

613 2797 740 2854 liter
762 2798 955 2869 peritia
994 2805 1163 2868 atque
1187 2797 1471 2868 disciplina
1513 2812 1619 2852 non
1660 2796 1897 2869 ingenita
1928 2797 2030 2864 sit;
2076 2797 2206 2854 alio-

613 2890 747 2961 quin
778 2903 884 2945 non
909 2898 1055 2945 esset
1076 2900 1251 2954 mens,
1293 2887 1388 2942 sed
1429 2887 1588 2942 bruta
1617 2888 1882 2958 quaedam
1920 2886 2207 2944 irrationa-

613 2979 844 3051 hilisque
883 2980 992 3035 vita
1022 2979 1065 3033 ⁸.
1104 2977 1283 3035 Nam'
1323 2994 1431 3035 non
1480 2987 1627 3035 recte
1667 2979 1790 3049 quis
1852 2978 2087 3046 dixerit,
2148 2986 2208 3035 ut

615 3073 870 3139 arbitror,
906 3071 1180 3128 hominem
1210 3070 1277 3126 ad
1313 3068 1606 3142 imaginem
1635 3071 1730 3127 Dei
1767 3071 1969 3128 factum
2009 3086 2205 3129 secun-

2306 1904 2413 1945 non
2456 1887 2622 1943 aliam
2672 1902 2794 1942 csse
2843 1885 3205 1941 substantiam
3262 1882 3435 1940 totius
3482 1882 3728 1965 hominis,
3759 1879 3825 1934 nisi

2304 1995 2459 2036 suam
2526 1979 2801 2033 notionem
2869 1977 2924 2031 in
2981 1985 3164 2032 mente
3222 1976 3492 2041 artificis,
3537 1973 3624 2045 qui
3665 1971 3825 2033 omnia,

2305 2070 2621 2140 priusquam
2671 2066 2908 2134 fierent,
2957 2066 3015 2122 in
3065 2068 3244 2138 seipso
3287 2066 3574 2139 cognovit;
3619 2065 3826 2135 ipsamque

2304 2158 2668 2229 cognitionem
2702 2157 3065 2213 substantiam
3097 2170 3217 2212 esse
3249 2171 3477 2220 veram,
3506 2170 3568 2210 ac
3594 2154 3736 2209 solam
3764 2165 3825 2205 eo-

2306 2264 2447 2314 rum,
2487 2263 2627 2318 quae
2650 2249 2864 2320 cognita
2896 2257 3043 2314 sunt,
3088 2247 3350 2318 quoniam
3380 2247 3436 2303 in
3473 2246 3584 2317 ipsa
3611 2240 3825 2315 perfectis-

2305 2340 2442 2395 sime
2485 2337 2631 2394 facta
2674 2347 2729 2392 et
2773 2337 3123 2394 aeternaliter
3167 2345 3224 2393 et
3265 2335 3663 2391 immulahiliter
3703 2327 3825 2387 subsi-

2304 2445 2458 2492 stunt
2483 2434 2549 2486 ".
2583 2434 2722 2490 MAG.
2755 2434 3051 2491 Possumus
3071 2448 3203 2505 ergo
3232 2433 3512 2489 hominem
3532 2430 3726 2487 delinire
3739 2427 3822 2482 sic:

2304 2527 2479 2585 Homo
2529 2537 2617 2583 est
2669 2527 2820 2583 notio
2865 2527 3130 2603 quaedam
3181 2523 3567 2582 intellectualis
3606 2522 3654 2576 in
3704 2526 3825 2573 Illeltie

2304 2620 2486 2677 divina
2511 2618 2859 2674 aeternaliter
2875 2617 3042 2673 facta.
3067 2615 3211 2672 Disc.
3248 2614 3547 2674 Verissitna
3566 2621 3617 2667 et
3632 2606 3824 2683 probatis-

2304 2712 2443 2769 sima
2475 2709 2722 2767 deﬁnitio
2749 2710 2985 2765 hominis
3013 2719 3095 2765 est
3123 2709 3259 2774 ista;
3293 2718 3350 2765 et
3379 2722 3485 2762 non
3522 2702 3678 2760 solum
3707 2700 3826 2753 homi-

2306 2802 2416 2867 nis,
2446 2816 2636 2856 verum
2662 2800 2826 2855 etiam
2853 2800 3125 2864 omnium,
3172 2803 3316 2869 quae
3345 2798 3401 2853 in
3444 2795 3614 2852 divina
3635 2787 3823 2862 sapientia

2304 2891 2450 2948 facta
2479 2902 2625 2946 sunt.
2651 2889 2762 2945 Nec
2791 2904 3001 2956 vereor,
3037 2904 3132 2944 eos
3150 2929 3165 2954 ,
3195 2888 3291 2959 qui
3318 2888 3577 2944 deﬁniunt
3602 2883 3823 2941 hominem,

2306 2996 2415 3037 non
2436 2980 2732 3037 secundum
2755 2980 2899 3050 quod
2928 2979 3247 3050 intelligitur
3261 2992 3412 3044 esse,
3430 2976 3524 3033 sed
3549 2988 3609 3030 ex
3635 2974 3717 3035 his,
3732 2982 3825 3039 quae

2307 3071 2453 3127 circa
2479 3085 2603 3126 eum
2631 3069 3024 3140 intelliguntur,
3055 3070 3304 3125 dicentes
3332 3109 3348 3134 ,
3393 3069 3553 3124 homo
3579 3074 3651 3120 est
3684 3052 3825 3115 animal

615 3162 745 3220 dum
770 3160 1046 3229 accidens,
1072 3170 1129 3216 et
1157 3174 1265 3215 non
1308 3160 1603 3216 secundum
1633 3162 2014 3228 substantiam,
2046 3175 2205 3232 prae-
2236 3164 2282 3229 C
2314 3149 2597 3230 rationale,
2624 3161 2872 3229 mortale,
2918 3177 3113 3218 sensus
3153 3170 3208 3217 et
3254 3160 3569 3232 disciplinae
3609 3168 3762 3225 capax.
3790 3155 3825 3201 ἰι

613 3251 804 3309 sertim
842 3266 967 3307 cum
1014 3249 1345 3306 intellectum
1375 3259 1431 3306 et
1472 3251 1737 3307 rationem
1781 3251 2211 3308 substantialiter

617 3344 797 3401 inesse
819 3342 871 3399 ei
888 3345 1184 3400 videamus.
1199 3343 1339 3401 MAG.
1355 3342 1470 3399 Non
1494 3360 1622 3416 ergo
1636 3345 1970 3412 acciduntei,
1994 3346 2089 3402 sed
2111 3360 2210 3401 na-

616 3434 868 3491 turaliter
895 3434 1097 3491 insunt.
1112 3435 1258 3492 Dtsc.
1287 3434 1401 3492 Non
1432 3444 1638 3492 temere
1652 3434 1901 3503 dixerim,
1924 3446 1984 3493 ut
1997 3438 2208 3508 opinor.

618 3529 876 3598 Quamvis
897 3530 1043 3585 enim
1075 3528 1328 3600 imperita
1373 3538 1429 3585 et
1457 3530 1720 3600 insipiens
1752 3532 1900 3587 nasci
1942 3531 2210 3598 videatur,

617 3622 763 3692 quod
796 3622 847 3678 ei
873 3620 1073 3677 accidit
1119 3620 1288 3677 divini
1339 3622 1770 3693 transgressione
1815 3624 2076 3690 mandati,
2104 3639 2211 3695 qua

616 3721 674 3766 et
697 3711 897 3767 suimet
922 3717 979 3766 et
1019 3709 1298 3767 Creatoris
1344 3711 1428 3767 sui
1459 3711 1626 3768 oblita
1674 3722 1776 3793 est,
1825 3712 2103 3769 doctrinae
2133 3723 2211 3769 ta-

621 3820 745 3860 men
771 3804 972 3875 regulis
1000 3805 1293 3860 reformata
1326 3802 1495 3860 Deum
1532 3821 1689 3861 suum
1732 3816 1787 3862 et
1814 3807 2069 3879 seipsam,
2101 3807 2213 3863 sui-

619 3896 726 3968 quc
754 3895 1005 3967 peritiam
1029 3902 1089 3951 et
1112 3894 1477 3965 disciplinam,
1498 3904 1554 3952 et
1579 3897 1783 3964 omnia,
1815 3910 1957 3968 quae
1987 3906 2210 3955 natura-

619 3985 744 4043 liter
769 3987 824 4041 in
851 4000 917 4042 ea
945 3986 1263 4055 subsistunt,
1300 3986 1354 4043 in
1398 3987 1575 4057 seipsa
1604 3996 1784 4058 potest
1819 3990 2078 4059 reperire,
2107 3987 2213 4043 Re-

619 4074 918 4145 demptoris
961 4075 1045 4130 sui
1095 4076 1268 4146 gratia
1313 4075 1632 4131 illuminata.
1660 4075 1803 4132 MAG.
1832 4076 2213 4147 Restatigitur

621 4167 991 4234 considerare,
1017 4169 1289 4238 quomodo
1311 4168 1360 4224 ei
1386 4168 1572 4224 insunt
1599 4169 1794 4240 peritia
1822 4179 1879 4225 et
1903 4171 2208 4242 disciplina,

534 4273 539 4279 ‘
621 4275 752 4315 num
775 4259 940 4315 veluti
970 4259 1243 4315 naturales
1269 4259 1580 4329 qualitates,
1608 4275 1743 4330 quas
1773 4260 2002 4316 virtutes
2031 4260 2213 4331 appel-

622 4349 771 4414 lant,
820 4358 878 4404 ut
915 4360 1044 4405 sunt
1088 4349 1297 4418 species
1343 4348 1639 4420 sapientiae
1683 4358 1738 4403 et
1772 4348 2052 4415 scientiae,
2077 4365 2213 4420 quas

623 4437 792 4491 divini
830 4437 968 4491 radii
1007 4436 1421 4507 repercussione
1466 4438 1716 4508 percipit,
1765 4454 1835 4493 an
1876 4438 2041 4495 veluti
2086 4442 2212 4497 sub-

2317 3256 2461 3328 quod
2485 3266 2571 3312 est
2601 3254 2925 3320 mirabilius,
2954 3254 3096 3309 hanc
3123 3252 3498 3310 definitionem
3529 3247 3731 3306 usiadeni
3764 3258 3825 3291 ru.

2315 3355 2463 3413 cant,
2493 3346 2621 3402 dum
2649 3361 2761 3401 non
2788 3346 2856 3401 sit
2901 3345 3312 3411 substantialis,
3345 3344 3442 3402 sed
3468 3343 3604 3400 circa
3632 3340 3825 3424 substan-

2316 3438 2468 3504 tiam,
2515 3454 2584 3495 ex
2630 3438 2734 3506 his,
2787 3452 2925 3508 quae
2972 3453 3070 3509 per
3114 3439 3523 3510 generationem
3568 3427 3824 3489 Substauliae

2315 3530 2596 3594 accidunt,
2622 3530 2965 3585 extrinsecus
2995 3537 3294 3601 assumpta.
3339 3516 3499 3585 Notio
3540 3535 3733 3593 namque
3760 3519 3824 3572 bo-

2316 3619 2477 3675 minis
2507 3620 2559 3674 in
2588 3629 2768 3675 mente
2796 3620 2977 3676 divina
3004 3619 3140 3676 nihil
3167 3622 3364 3676 horum
3392 3630 3494 3678 est.
3533 3619 3601 3674 lbi
3629 3611 3823 3684 siquidem

2315 3709 2545 3780 simplex
2571 3719 2677 3777 est,
2709 3725 2811 3767 nec
2855 3711 2960 3767 hoc
2998 3726 3101 3768 nec
3143 3711 3272 3767 illud
3316 3712 3427 3769 dici
3473 3714 3823 3783 poteshamﬂcm

2316 3798 2686 3856 definitionem
2716 3810 2772 3856 et
2798 3801 3177 3858 collectionem
3205 3804 3445 3873 partium
3468 3811 3717 3872 superans,
3739 3792 3822 3846 dum

2316 3890 2382 3946 de
2407 3904 2469 3944 ea
2495 3905 2619 3947 esse
2665 3901 2874 3947 tantum
2916 3893 3284 3963 praedicatur,
3330 3910 3438 3951 non
3488 3902 3650 3949 autem
3687 3878 3823 3956 quid“

2314 3979 2547 4052 sit.|Sola
2562 3982 2763 4037 etenim
2777 3997 2843 4039 ac
2862 3996 2987 4038 vera
3005 3983 3206 4039 usiadis
3223 3985 3265 4022 ¹⁸
3288 3981 3529 4041 deﬁnitio
3539 3990 3630 4047 est,
3648 3989 3754 4049 quae
3766 3987 3825 4027 50'

2314 4068 2589 4127 lummodo
2609 4069 2839 4127 aﬂirmat
2856 4088 2998 4139 esse,
3023 4084 3076 4129 et
3100 4082 3263 4146 negat
3282 4077 3413 4147 quid
3436 4090 3568 4130 esse.
3596 4066 3712 4125 MAG.
3731 4063 3824 4118 Nunt

2318 4163 2413 4218 tibi
2440 4162 2658 4219 videtur
2683 4181 2863 4219 rerum
2885 4168 3127 4221 omnium
3158 4168 3497 4223 sensibilium
3522 4174 3575 4223 et
3594 4155 3825 4226 iutelligibi-
3862 4178 3863 4181 η

2316 4255 2465 4320 lium,
2491 4270 2631 4325 quae
2654 4265 2831 4326 potest
2856 4258 3090 4312 humana
3115 4274 3269 4315 mens
3292 4259 3601 4331 intelligere,
3622 4252 3824 4310 notionem

2315 4347 2588 4417 quandam
2632 4346 2686 4402 in
2735 4348 2954 4405 homine
2989 4350 3153 4406 esse?
3206 4353 3353 4407 DISC.
3388 4352 3599 4408 Videtur
3622 4346 3825 4418 plane;cl

2315 4437 2530 4508 quidem
2560 4454 2656 4508 per
2679 4439 2784 4495 hoc
2810 4440 3045 4496 maxime
3075 4441 3393 4513 intelligitur
3412 4444 3566 4499 homo
3584 4451 3705 4501 esse.
3725 4427 3823 4501 1W

623 4526 912 4582 stantialcs
938 4540 1064 4581 suas
1091 4534 1295 4597 partes,
1326 4527 1523 4596 quibus
1549 4529 1820 4596 consistit,
1852 4531 1926 4584 ita
1956 4539 2015 4585 ut
2040 4546 2208 4602 quae-
2242 4555 2289 4614 ι)
2315 4542 2669 4598 cunctorum,
2718 4550 2857 4603 quae
2895 4535 3011 4589 sive
3045 4536 3347 4605 aequaliter
3396 4535 3495 4592 sibi
3529 4538 3686 4589 creata
3706 4530 3821 4580 sunt.

623 4618 751 4673 dam
782 4618 1020 4674 Trinitas
1047 4619 1119 4673 sit
1144 4620 1302 4674 unius
1323 4621 1623 4687 essentiae,
1654 4637 1837 4689 mens,
1862 4624 2073 4693 peritia,
2128 4624 2212 4680 di-

623 4711 873 4782 sciplina.
898 4713 1044 4767 DISC.
1075 4712 1227 4779 Quod
1255 4721 1530 4783 postremo
1562 4716 1809 4786 posuisti,
1847 4718 2166 4774 crediderim
2192 4734 2206 4785 ;

623 4804 837 4861 videtur
865 4804 1010 4860 enim
1036 4804 1168 4860 mihi
1211 4806 1582 4864 substantialis
1621 4806 1884 4879 quaedam
1917 4821 1973 4867 et
2003 4827 2212 4867 conna-

629 4895 819 4951 turalis
837 4895 1097 4953 Trinitas.
1124 4895 1265 4953 MAG.
1286 4896 1437 4955 Mens
1452 4899 1634 4971 itaque
1654 4910 1708 4957 ct
1723 4903 1970 4972 peritiam
1986 4903 2214 4960 etdisci-

627 4989 829 5061 plinam
884 5005 1037 5047 suam
1096 4991 1386 5064 intelligit,
1430 5003 1486 5048 et
1537 5011 1568 5049 a
1614 5010 1710 5051 sua
1758 4998 1954 5067 peritia
2007 5011 2213 5067 suaque

627 5080 912 5152 disciplina
941 5081 1283 5154 intelligitur,
1307 5098 1414 5139 non
1443 5084 1595 5155 quid,
1622 5086 1716 5142 sed
1745 5088 1872 5159 quia
1899 5099 2013 5155 est;
2056 5088 2214 5143 aliter

626 5170 771 5225 enim
810 5173 1179 5228 coessentialis
1218 5181 1274 5229 et
1316 5175 1624 5247 coaequalis
1667 5176 1905 5234 Trinitas
1945 5159 2211 5236 non.erit.

632 5263 778 5320 Disc.
806 5263 916 5320 Nec
937 5266 1040 5321 hoc
1053 5265 1318 5336 negarim,
1343 5266 1469 5336 quia
1495 5268 1567 5323 ita
1604 5270 1745 5325 ratio
1765 5271 1786 5303 ⁸
1810 5287 1898 5327 me
1919 5272 2073 5328 fateri
2102 5274 2216 5329 exi-

629 5353 727 5424 git.
762 5352 900 5410 MAG.
924 5356 1057 5412 Vide
1082 5356 1267 5428 igitur,
1291 5368 1471 5414 utrum
1498 5376 1528 5415 a
1551 5376 1611 5417 se
1641 5362 1891 5429 invicem,
1921 5381 1989 5417 an
2016 5365 2084 5420 ab
2111 5365 2214 5419 alia

2317 4625 2432 4680 sive
2459 4624 2653 4694 quibus
2682 4625 2948 4680 dominari
2979 4627 3313 4696 praecipitur
3334 4667 3350 4693 ,
3401 4624 3576 4680 datum
3601 4629 3673 4676 est
3699 4616 3737 4673 ei
3761 4612 3826 4666 Ιιισ

2319 4714 2449 4770 bere
2493 4716 2791 4772 notionem.
2844 4716 3126 4783 Quomodo
3173 4718 3319 4774 enim
3364 4717 3654 4773 dotninatns
3689 4714 3824 4761 comm

2318 4802 2524 4863 homini
2554 4807 2779 4862 daretur
2797 4848 2812 4872 ,
2835 4823 3067 4877 quorum
3102 4808 3378 4865 notionem
3404 4823 3508 4865 non
3537 4790 3825 4860 baberctTSi-

2319 4899 2537 4971 quidem
2571 4898 2879 4954 dominatus
2897 4898 3043 4956 illius
3071 4908 3303 4964 erraret,
3333 4899 3379 4955 si
3401 4914 3486 4965 ea,
3505 4910 3633 4967 quae
3650 4889 3823 4958 regem.

2322 4995 2575 5051 nesciret.
2641 4991 2794 5060 Quod
2852 4993 3196 5065 apertissime
3245 4993 3429 5049 divina
3483 4989 3626 5047 nobis
3676 4977 3824 5037 indicat

2321 5085 2600 5157 Scriptura
2646 5080 2880 5140 dicens:
2929 5082 3200 5139 Formati:
3248 5085 3407 5154 igitur
3461 5080 3688 5136 Dominus

2320 5181 2384 5234 de
2442 5180 2600 5233 Immo
2662 5180 2860 5232 cunctis
2924 5177 3276 5233 animantibus
3330 5187 3493 5232 terrae
3543 5181 3587 5227 et
3632 5164 3820 5220 animi“!

2322 5272 2615 5327 volatilibus
2688 5272 2732 5302 ⁸⁸
2803 5269 2966 5338 caeli,
3032 5271 3255 5326 adduxit
3325 5286 3386 5326 ea
3453 5268 3519 5323 ad
3566 5263 3739 5319 Adam.
3782 5255 3820 5299 "

2322 5364 2543 5428 uideret,
2608 5364 2735 5434 quid
2795 5371 2996 5418 uocaret
3057 5379 3160 5418 ea:
3215 5378 3365 5418 omne
3418 5370 3581 5415 autem
3616 5345 3730 5423 ιιιοά
3762 5353 3841 5437 τοί

1915 5473 2003 5528 VA
2014 5473 2176 5529 ιιιΑΕ
2215 5475 2623 5533 LECTIONES.

707 5559 725 5591 ⁸
760 5556 845 5613 CF
874 5558 1161 5627 simplicem
1188 5558 1415 5614 arbitror
1438 5577 1569 5616 esse.

629 5644 745 5687 om.
799 5627 906 5684 CF.
976 5626 1005 5660 7'
1034 5626 1124 5684 Sic
1172 5628 1293 5694 CF;
1320 5630 1365 5684 A
1395 5628 1521 5685 Non
1550 5631 1715 5687 enim.

1675 5562 1695 5592 ⁸
1729 5560 1958 5635 εἰθβξ;
1987 5564 2322 5635 disciplinam
2351 5582 2489 5621 nunc
2533 5566 2927 5635 indisciplinata
2954 5581 3063 5620 om.
3108 5567 3171 5621 Α.

1820 5630 1841 5663 ⁸
1891 5632 1982 5688 Sic
2007 5634 2090 5689 CF
2107 5630 2127 5697 ;’
2155 5635 2198 5687 A
2231 5644 2443 5689 natura.

3274 5566 3297 5599 ³
3323 5566 3411 5621 Sic
3439 5562 3545 5625 cr;
3569 5560 3683 5625 Aule
3738 5547 3756 5577 ⁸
3774 5556 3816 5625 ε’

2544 5614 3171 5701 ἶξίῖᾶίίῖἆάῆἷὸιὶῐ.’
3194 5637 3260 5691 Α.
3323 5614 3501 5689 Ὗδῖἑ
3521 5614 3625 5693 CF;
3664 5614 3817 5701 Aman

633 5681 743 5778 ξᾷίζ
806 5681 1238 5778 δειλοιειίὸξῖσ
1263 5681 1777 5778 ’δ’ὲὶξιδέἶξξῐῇὲτ,
1799 5681 2199 5778 ειεῃὲἓὲρῖἑηὶξῐ
2218 5681 2377 5778 ξ’ξὲῘὰ
2390 5681 2537 5772 ἶπες
2579 5681 3028 5778 ιζ’ἷίίᾶἶρῖίιὶὲιῑέὲζ
3052 5681 3157 5739 Ἥ
3176 5681 3267 5764 ἑῖἑ
3292 5681 3639 5774 οΡξέιάῐῐεὶ
3661 5704 3746 5750 om.
3768 5681 3813 5738 Α·

642 5769 690 5802 ι’
710 5770 753 5824 Δ
785 5769 1034 5825 subsistit.
1115 5769 1159 5802 “
1187 5770 1232 5825 A
1260 5770 1420 5841 quod.
1497 5773 1541 5805 ¹⁵
1571 5769 1720 5845 Cotij.
1752 5773 1882 5828 ACF
1916 5776 2143 5830 usiades.
2220 5774 2264 5807 “
2292 5775 2335 5831 A
2368 5769 2678 5850 volantibus.
