4028 6282
3160 278 3187 305 ιο

247 290 357 349 m
1086 284 1176 342 ne
1211 282 1554 345 mvrswnn
1587 279 1943 345 utrum.
1986 314 2058 329 -
2090 283 2295 344 usus
2325 284 2658 356 QUARTUS
3160 279 3187 305 "
3438 301 3552 382 πα

246 404 386 459 sarit
414 400 587 457 Adam
616 416 827 459 annuae
865 400 1103 469 virentis,
1149 403 1321 473 ipsum
1364 409 1439 457 est
1481 416 1670 456 nomen
1704 399 1842 472 ejus.
1869 405 1922 465 Α
1949 398 2085 454 tiutn
2132 396 2440 467 multitudo,
2492 400 2660 457 veluti
2714 416 2786 459 ex
2839 403 3075 477 quodam
3127 406 3344 469 inﬁnito
3394 412 3550 475 fonte

249 492 325 551 Ut
361 493 566 559 rideret
594 534 609 557 ,
646 493 821 565 inquit
845 534 860 558 ,
906 495 1011 550 hoc
1059 502 1143 549 est
1167 533 1183 561 ,
1213 502 1273 548 ιιι
1308 493 1664 567 intelligeret,
1716 494 1847 564 quid
1950 507 2176 547 manare
2199 509 2306 549 non
2335 494 2555 559 desinit,
2587 502 2645 549 ut
2676 511 2781 552 non
2814 495 3087 558 immerito
3115 503 3446 563 assimiletur
3486 510 3545 567 ei

245 593 490 641 voearet.
535 583 591 640 Si
632 585 777 639 enim
826 602 932 640 non
997 585 1343 657 intelligeret,
1385 588 1655 657 quomodo
1701 597 1849 644 recte

243 692 446 734 vocare
493 678 709 748 posset?
742 676 912 736 Omne
956 690 1138 735 autem
1167 681 1314 752 quod
1354 683 1564 738 vocavit
1593 692 1635 751 ι,
1669 683 1847 755 ipsum

243 775 331 824 cst
356 781 551 823 nomen
579 767 697 839 ejus
720 769 772 837 ',
806 769 908 825 hoc
936 778 1037 836 est,
1094 770 1204 841 ipsa
1235 755 1490 830 est'notio
1521 775 1736 831 animae
1767 777 1847 833 vi-

245 857 446 914 ventis.
478 856 618 913 Mso.
642 859 781 927 Quid
801 875 929 933 ergo
956 861 1176 927 mirum,
1207 863 1251 918 si
1282 878 1461 919 rerum
1485 866 1657 934 notio,
1678 882 1844 938 quam

242 965 400 1008 mens
421 951 657 1008 humana
683 953 945 1023 possidet,
966 954 1092 1009 dum
1123 955 1175 1009 in
1196 970 1259 1010 ea
1278 966 1459 1012 creata
1482 967 1585 1025 est,
1604 960 1842 1030 ipsarum

242 1056 452 1109 rerum,
486 1058 715 1114 quarum
745 1045 896 1100 notio
922 1056 1025 1112 est,
1050 1046 1352 1103 substantia
1384 1049 1736 1122 intelligatur,
1774 1053 1843 1109 ad

239 1132 652 1190 similitudinem
680 1135 933 1191 videlicet
969 1137 1167 1194 mentis
1195 1139 1433 1205 divinae,
1468 1141 1520 1196 in
1552 1157 1660 1213 qua
1691 1143 1841 1200 notio

238 1223 611 1281 universitatis
636 1227 906 1293 conditae,
935 1228 1107 1298 ipsius
1135 1229 1502 1288 universitatis
1540 1233 1843 1291 incommu-

238 1316 490 1373 nicabilis
515 1317 815 1374 substantia
845 1330 961 1387 est;
1002 1330 1059 1377 et
1083 1324 1538 1393 quemadmodum
1562 1327 1839 1384 notionem

236 1409 509 1478 omnium,
555 1426 698 1481 quae
741 1412 795 1468 in
845 1416 1197 1472 universitate
1245 1425 1302 1473 et
1329 1417 1732 1492 intelliguntur,
1783 1433 1841 1479 et

237 1513 506 1573 corporeo
546 1519 708 1562 sensu
746 1507 1146 1580 percipiuntur,
1195 1509 1555 1568 substantiam
1604 1513 1839 1572 dicimus

236 1606 453 1662 eorum,
493 1610 635 1668 quae
665 1598 963 1657 intellectui
1004 1601 1087 1656 vel
1116 1604 1302 1659 sensui
1342 1606 1718 1673 succumbunt,
1762 1610 1837 1667 ita

236 1686 407 1745 etiam
433 1689 707 1747 notionem
731 1690 1160 1750 diﬁ‘erentiarum
1182 1712 1248 1752 ac
1268 1698 1659 1769 proprietatum
1681 1711 1837 1759 uatu-

1949 579 2247 639 Herculeae
2294 583 2497 656 hydrae
2522 582 2858 655 ﬁgmentum,
2883 587 3035 658 cujus
3058 593 3236 663 capita
3279 595 3334 651 in
3361 613 3539 669 quan-

1950 681 2061 728 tum
2098 682 2444 742 truncantur,
2469 675 2522 730 in
2551 685 2759 732 tantum
2782 690 3054 750 crescunt,
3082 682 3157 739 ita
3188 694 3247 740 ut
3282 703 3382 760 pro
3427 705 3539 748 uno

1947 774 2227 834 amputato
2267 775 2485 822 centum
2534 767 2817 836 ebulliant,
2872 772 3167 831 humanam
3212 793 3376 849 porro
3406 782 3539 842 insi.

1946 870 2122 913 nuans
2143 867 2417 926 naturam,
2440 875 2580 931 quae
2602 861 2794 934 hydra,
2819 863 2870 919 id
2887 872 2994 931 est,
3018 864 3140 923 fons
3162 872 3380 940 quidam
3400 878 3543 934 mul-

1947 947 2111 1018 tiplex
2136 962 2239 1018 est,
2271 960 2327 1008 et
2373 952 2618 1009 inﬁnitae
2655 954 3078 1026 profunditatis:
3116 977 3279 1034 quam
3323 979 3541 1037 praeter

1945 1040 2118 1096 solum
2162 1041 2468 1111 llerculem,
2527 1045 2678 1102 hoc'
2712 1057 2817 1115 est,
2857 1049 3135 1119 virtutem,
3187 1057 3309 1125 quis
3361 1069 3545 1130 potest

1942 1134 2292 1205 perspicere?
2320 1136 2490 1192 Nemo
2521 1139 2665 1195 enim
2695 1141 2791 1195 scit
2836 1141 2860 1175 ‘
2885 1160 3020 1214 quae
3060 1157 3180 1202 sunt
3220 1150 3277 1205 in
3301 1151 3539 1223 nomine,

1945 1224 2047 1279 nisi
2078 1226 2292 1295 spiritus
2320 1229 2566 1295 hominis,
2598 1232 2689 1307 qui
2727 1233 2780 1287 in
2806 1234 2916 1304 ipso
2940 1247 3039 1294 est.
3080 1238 3267 1312 itaque
3314 1244 3359 1300 si
3389 1248 3542 1304 notio

1943 1314 2032 1370 illa
2061 1318 2308 1387 interior,
2331 1338 2469 1393 quae
2501 1325 2667 1380 menti
2696 1326 2836 1383 inest
2855 1329 3146 1401 humanae,
3171 1351 3377 1407 rerum,
3405 1356 3539 1412 qua-

1944 1422 2062 1462 rum
2100 1411 2249 1466 notio
2284 1422 2384 1478 est,
2431 1415 2731 1474 substantia
2761 1421 3129 1490 constituitur,
3174 1411 3539 1503 consequens,

1943 1508 2079 1556 utet
2107 1501 2220 1572 ipsa
2252 1506 2421 1573 notio,
2463 1522 2569 1579 qua
2606 1510 2841 1581 seipsum
2887 1514 3048 1572 homo
3079 1501 3387 1591 cognoscit,
3439 1501 3538 1585 sua

1941 1592 2245 1652 substantia
2321 1598 2595 1656 credatur.
2660 1601 2799 1659 Mtte.
2859 1605 3210 1678 Consequens
3267 1614 3535 1683 profecto.

1942 1683 2184 1744 Diximus
2211 1691 2376 1758 enim,
2406 1702 2641 1751 mentem
2664 1695 2954 1754 humanam
2976 1702 3019 1766 ⁸,
3049 1702 3240 1774 suique
3264 1706 3536 1777 notitiam,

234 1780 545 1854 taliumque
567 1785 927 1843 accidentium
952 1788 1098 1860 ipsas
1119 1788 1476 1857 diﬂ'ereutias,
1508 1802 1563 1849 et
1592 1797 1837 1867 preprie-
1864 1792 1915 1868 Β
1939 1794 2044 1850 (Ιυ³
2074 1797 2133 1837 se
2157 1784 2325 1849 ηονίιι
2357 1793 2413 1840 ει
2450 1786 2815 1860 άίεείιιιίηειη,
2864 1808 2970 1863 qua
2999 1794 3231 1866 εθίβδτιῐη
3262 1797 3444 1867 disc".
3472 1811 3537 1858 ιη

235 1883 401 1942 tates,
431 1885 487 1932 et
513 1878 818 1936 accidentia
842 1897 964 1938 esse
990 1884 1274 1943 dicamus?
1294 1885 1442 1943 Dtsc.
1467 1888 1585 1945 Non
1614 1891 1832 1946 mirum.

232 1964 382 2023 Mss.
408 1966 605 2025 Creata
627 1980 711 2028 est
737 1973 901 2044 igitur
929 1974 982 2030 in
1008 1991 1076 2031 eo
1097 1976 1566 2048 irrationabilitas,
1588 1985 1837 2040 etomnis

232 2056 468 2126 species,
521 2060 806 2133 omnisque
851 2063 1177 2134 dill'erentia,
1229 2078 1286 2126 et
1329 2073 1632 2143 proprietas
1667 2075 1836 2147 ipsius

233 2143 742 2218 irrationabilitatis,
772 2162 830 2210 et
852 2157 1036 2213 omnia
1059 2173 1201 2229 quae
1225 2160 1246 2193 ³
1272 2162 1420 2218 circa
1466 2178 1588 2220 eam
1611 2143 1839 2225 naiura-

230 2237 363 2296 liter
383 2255 807 2314 cognoscuntur,
829 2250 1086 2319 quoniam
1110 2252 1303 2309 horum
1332 2257 1574 2312 omnium
1604 2269 1657 2314 et
1683 2261 1833 2317 simi-

231 2326 367 2385 lium
396 2332 588 2389 notitia
618 2334 673 2391 in
695 2335 814 2406 ipso
842 2340 1059 2396 condita
1080 2351 1186 2398 est.
1218 2342 1487 2401 Similinm
1515 2357 1697 2405 autem
1721 2352 1833 2409 dixi

229 2430 458 2492 propter
486 2422 599 2492 illa,
631 2440 772 2497 quae
799 2438 956 2485 extra
988 2433 1243 2489 animalia
1268 2446 1461 2492 natura
1489 2454 1671 2496 rerum
1696 2456 1830 2497 cou-

232 2512 393 2582 tinet,
443 2525 504 2571 ut
545 2528 672 2575 sunt
724 2523 908 2579 mundi
962 2524 1256 2593 elementa,
1293 2528 1583 2587 herbarum
1615 2550 1832 2608 quoque

229 2605 612 2680 lignorumque
638 2626 836 2684 genera
867 2622 927 2671 et
959 2618 1193 2687 species,
1217 2623 1550 2690 quantitates
1575 2634 1631 2679 et
1657 2605 1831 2698 quali-

233 2706 401 2767 tates,
428 2710 718 2776 ceteraque
743 2721 841 2778 per
871 2707 1294 2769 innumerabiles
1332 2712 1663 2774 diﬁ'erentias
1693 2720 1831 2775 mul-

232 2790 496 2863 tiplicata,
538 2811 767 2867 qnormn
818 2802 1059 2860 omnium
1109 2820 1238 2861 vera
1273 2809 1508 2880 cognitio
1558 2810 1830 2870 humanae

229 2892 462 2943 naturae
498 2888 660 2946 insita
685 2901 794 2959 est,
839 2896 1090 2965 quamvis
1116 2899 1296 2955 adhuc
1341 2900 1522 2960 inesse
1561 2907 1610 2960 ei
1664 2906 1831 2965 lateat

229 2975 490 3046 seipsatn,
512 2980 683 3037 donec
702 2984 769 3039 ad
789 2985 1074 3055 pristinam
1098 2988 1463 3061 integritatem
1489 2996 1825 3067 restituatur,

230 3065 290 3121 in
324 3072 883 3160 quamagnitudinem
922 3082 978 3131 et
1001 3077 1457 3148 pulchritudinem
1483 3085 1736 3160 imaginis
1767 3065 1823 3146 in

231 3171 293 3212 se
319 3157 567 3217 conditae
605 3164 896 3234 purissime
921 3166 1261 3226 intellectura
1288 3182 1390 3240 est,
1439 3184 1496 3230 et
1537 3148 1672 3234 nihil
1700 3195 1821 3238 eam
1849 3148 1896 3212 ε

229 3248 426 3307 latebit
450 3268 521 3308 ex
543 3253 652 3322 his,
672 3271 814 3328 quae
836 3257 891 3313 in
912 3273 974 3315 se
993 3261 1212 3319 condita
1233 3274 1379 3333 sunt,
1404 3267 1588 3325 divino
1620 3271 1826 3330 lumine

229 3341 439 3398 antbita
488 3342 530 3412 δ,
570 3355 626 3401 et
655 3347 709 3401 in
736 3348 905 3405 Deum
927 3365 1216 3420 conversa,
1256 3356 1312 3412 in
1342 3373 1452 3428 quo
1495 3362 1677 3418 omnia
1704 3380 1827 3435 per-

230 3434 422 3504 Spicue
459 3439 930 3510 contemplabitur.
984 3445 1069 3499 An
1117 3445 1260 3503 aliud
1305 3450 1477 3506 voluit
1507 3434 1828 3526 magniﬁcus

231 3526 492 3585 Boethius
517 3529 769 3604 intelligi,
799 3534 888 3590 ubi
915 3534 996 3594 ait
1020 3553 1035 3590 :
1070 3535 1344 3609 Sapientia
1370 3554 1444 3597 est
1468 3560 1665 3612 rerum,
1692 3564 1828 3619 quae

229 3631 378 3691 sunt,
394 3624 578 3692 suique
596 3625 971 3683 immutabilem
985 3629 1334 3689 substantiam
1354 3638 1669 3706 sortiuntur,
1686 3656 1829 3695 com-

230 3713 508 3787 prehensio
530 3716 552 3748 ⁵
575 3716 844 3773 veritatis?
885 3716 1018 3775 Esse
1047 3731 1225 3795 autem
1263 3724 1359 3780 illa
1407 3727 1655 3796 dicimus,
1691 3748 1828 3803 quae

231 3822 327 3863 nec
354 3807 639 3864 intentione
683 3821 955 3879 crescunt,
1006 3829 1098 3869 nec
1153 3818 1465 3873 retractione
1494 3822 1826 3890 minuuntur,

230 3914 327 3955 nec
351 3901 729 3959 uariationibus
755 3915 1144 3976 permutantur,
1171 3910 1263 3965 sed
1296 3912 1353 3966 in
1384 3913 1599 3984 propria
1627 3932 1830 3987 semper

228 3992 279 4048 ri
324 4008 454 4048 suae
490 4010 546 4050 se
588 4005 810 4055 naturae
849 4000 1099 4057 subsidiis
1142 4004 1270 4060 nixa
1309 4006 1632 4062 custodiunt.
1683 4006 1828 4064 Haec

227 4094 407 4140 autem
436 4097 557 4142 sunt
580 4088 883 4160 qualitates,
918 4094 1261 4165 quantitates,
1299 4096 1520 4167 formae,
1565 4101 1830 4171 magnitu-

121 4215 134 4226 ι
229 4179 415 4246 dines,
463 4185 1194 4256 parvitates,,aequalitates,
1237 4189 1603 4257 habitudines,
1652 4196 1824 4262 actus,

228 4273 618 4344 dispositiones,
667 4277 805 4344 loca,
846 4289 1109 4349 tempora,
1156 4292 1206 4337 et
1248 4284 1495 4355 quicquid
1534 4285 1829 4342 adunatum

226 4368 618 4439 quodammodo
646 4373 950 4443 corporibus
982 4376 1245 4431 invenitur
1266 4391 1285 4428 :
1304 4395 1442 4449 quae
1472 4380 1586 4450 ipsa
1616 4380 1827 4452 qu.dem

228 4470 427 4517 natura
475 4452 783 4535 incorporea
824 4478 980 4535 sunt,
1026 4480 1077 4525 et
1120 4471 1463 4528 immutabilis
1501 4473 1827 4530 substantiae

227 4554 439 4609 ratione
464 4556 710 4627 rigentia,
734 4560 1135 4630 participatione
1168 4579 1291 4618 vero
1334 4567 1569 4636 corporis
1609 4582 1822 4638 permu-

227 4656 435 4713 tentur,
465 4656 514 4702 et
540 4658 683 4703 tactu
709 4650 982 4706 variabilis
1008 4653 1085 4708 rei
1123 4655 1179 4710 in
1210 4656 1497 4711 vertibt'lem
1517 4658 1823 4714 inconstan-

227 4739 362 4794 tiam
391 4748 683 4796 transeam.
728 4741 795 4797 Et
814 4742 904 4799 ubi
928 4744 1063 4800 haec
1089 4744 1384 4803 subsistere
1416 4748 1692 4822 intelligis,
1720 4750 1827 4807 nisi

227 4830 291 4886 in
332 4830 639 4889 nationibus
660 4834 778 4890 suis
812 4834 868 4892 in
902 4837 1083 4893 anima
1107 4839 1403 4909 sapientis?
1435 4840 1536 4898 Ubi
1561 4845 1706 4899 enim
1737 4844 1826 4898 in-

227 4921 568 4995 telliguntur,
612 4925 687 4982 ibi
716 4937 866 4996 sunt,
893 4930 1005 4984 imo
1025 4945 1154 4987 vero
1177 4931 1484 4989 intellectus
1522 4936 1605 4992 sui
1629 4936 1823 4993 sunt‘.

225 5013 381 5072 Dtsc.
431 5015 742 5077 Praesentis
784 5023 1120 5092 quaestionis
1162 5026 1422 5083 reseratio
1474 5028 1824 5099 multiplicem

224 5110 404 5182 exigit
455 5113 887 5185 expositionem,
921 5124 979 5172 et
1021 5117 1149 5172 dum
1184 5126 1489 5186 reseratur,
1515 5120 1824 5179 innumera-

226 5201 361 5263 bilis
388 5205 729 5264 diversarum
774 5208 1150 5279 quaestionum
1194 5210 1431 5282 undique
1465 5212 1825 5270 circumstan-

1851 4524 1905 4586 D

1938 1872 2171 1944 seipsam
2216 1888 2508 1947 cognoscat
2536 1879 2601 1946 ⁸⁸,
2651 1897 2814 1937 unam
2842 1880 3199 1956 eamdemque
3235 1891 3532 1949 essentiam

1936 1964 2253 2022 Subsistet'e.
2285 1966 2430 2023 Disc.
2456 1968 2596 2038 Quid
2625 1987 2754 2044 ergo
2773 1973 3051 2032 dicemus?
3071 1976 3345 2050 Numquid
3369 1983 3535 2052 paulo

1936 2058 2188 2126 superius
2215 2061 2281 2115 ad
2304 2079 2498 2132 purum
2523 2066 2844 2124 deduximus
2864 2069 3099 2128 hominis
3133 2073 3527 2149 deﬁnitionem,

1934 2150 2196 2221 dicentes,
2235 2157 2398 2213 homo
2437 2170 2523 2216 est
2552 2164 2701 2220 natio
2724 2167 2993 2236 quaedam
3030 2169 3436 2243 intellectualis,
3468 2177 3528 2234 in

1934 2254 2118 2302 mente
2147 2248 2327 2305 divina
2368 2254 2716 2311 aeternalitrr
2759 2255 2935 2314 facta?
2964 2259 3032 2315 Et
3063 2261 3111 2317 si
3141 2262 3215 2318 ita
3250 2274 3355 2332 est,
3386 2283 3530 2339 quo-

1933 2340 2096 2395 modo
2118 2341 2211 2397 illa
2241 2345 2410 2412 notio,
2441 2363 2546 2418 qua
2576 2349 2742 2407 homo
2769 2352 3006 2422 seipsum
3045 2361 3349 2428 cognoscit,
3399 2364 3526 2420 sub-

1933 2431 2131 2486 stantia
2157 2449 2254 2488 sua
2280 2435 2373 2502 sit,
2403 2438 2448 2493 si
2477 2440 2757 2508 praedicta
2775 2442 3021 2500 delinitio
3055 2462 3162 2504 non
3196 2456 3403 2510 temere
3420 2463 3529 2512 sta-

1934 2528 2048 2575 tuta
2082 2530 2165 2604 est
2187 2524 2270 2579 “‘t
2298 2524 2438 2584 Msa.
2474 2527 2590 2585 Non
2632 2539 2836 2591 temere
2883 2537 3135 2607 quidem;
3185 2557 3311 2598 natu
3341 2553 3401 2602 et
3432 2545 3529 2604 illa

1932 2611 2192 2681 delinitio,
2245 2632 2386 2686 quae
2426 2619 2581 2688 dicit,
2629 2623 2905 2681 notionem
2937 2628 3210 2698 quandam
3256 2633 3309 2690 in
3345 2646 3531 2694 mente

1930 2701 2111 2759 divina
2137 2709 2488 2767 aeternaliter
2507 2711 2706 2771 factam
2732 2718 3095 2779 substantiam
3121 2723 3355 2784 hominis
3381 2744 3524 2799 esse,

1931 2809 2095 2851 verax
2120 2808 2224 2855 est.
2269 2800 2334 2856 Et
2362 2805 2505 2873 quod
2532 2821 2676 2864 nunc
2699 2808 2950 2879 dicimus,
2978 2814 3227 2872 notitiam
3249 2817 3527 2889 videlicet,

1929 2904 2036 2959 qua
2071 2905 2132 2947 se
2160 2907 2314 2949 mens
2338 2894 2575 2954 humana
2615 2903 2916 2973 cognoscit,
2948 2905 3384 2968 substantialiter
3420 2914 3525 2971 ho-

1928 2983 2058 3039 mini
2086 2984 2284 3052 inesse,
2306 3004 2413 3045 non
2439 2991 2880 3052 irrationabiliter
2906 2998 3150 3055 docetur.
3176 3001 3352 3062 Aliter
3377 3008 3527 3066 enim

1927 3077 2108 3133 omnis
2144 3087 2396 3137 creatura
2441 3082 2494 3139 in
2541 3082 2719 3143 Verbo
2758 3088 2879 3154 Dei,
2928 3089 2980 3145 in
3023 3107 3133 3164 quo
3157 3096 3341 3152 omnia
3376 3097 3527 3159 facta

1928 3177 2055 3222 sunt
2087 3168 2154 3234 ⁸³,
2181 3171 2584 3241 consideratur,
2616 3174 2774 3232 aliter
2803 3178 2856 3234 in
2884 3181 3081 3251 seipsa.
3127 3182 3267 3242 Hinc
3304 3200 3527 3251 sanctus

1927 3259 2262 3334 Augustinus
2294 3265 2348 3321 in
2379 3265 2649 3325 Exemero
2677 3286 2777 3327 suo
2805 3289 2820 3326 :
2853 3272 3042 3342 Aliter,
3068 3276 3263 3349 inquit,
3292 3283 3389 3338 sub
3410 3285 3527 3357 ipsa

1927 3365 2048 3410 sunt
2069 3373 2153 3424 ea,
2177 3374 2312 3429 quae
2332 3376 2427 3430 per
2448 3362 2621 3433 ipsum
2636 3362 2780 3433 facta
2800 3382 2946 3434 sunt,
2961 3368 3118 3426 aliter
3135 3372 3191 3428 in
3206 3374 3320 3444 ipso
3338 3389 3461 3434 sunt
3480 3380 3528 3413 ⁸³

1927 3463 2012 3514 ea,
2046 3464 2181 3521 quae
2203 3451 2311 3520 ipse
2339 3461 2436 3507 est.
2465 3451 2737 3525 Siquidem
2763 3456 3057 3516 intellectus
3091 3464 3327 3521 omnium
3348 3467 3407 3523 in
3442 3470 3527 3526 tli-

1929 3541 2052 3595 vina
2099 3544 2359 3612 sapientia
2400 3546 2696 3605 substantia
2738 3560 2815 3606 est
2861 3553 3115 3622 omnium,
3157 3557 3264 3613 into
3311 3561 3528 3630 omnia;

1929 3635 2156 3705 cognitio
2178 3652 2316 3702 vero,
2363 3655 2470 3711 qua
2517 3644 2745 3714 seipsam
2785 3645 2841 3701 in
2880 3648 3052 3719 seipse
3082 3650 3343 3723 intelligit,
3374 3655 3534 3713 intel-

1928 3723 2166 3783 lectualis
2189 3741 2236 3785 et
2259 3731 2535 3790 rationalis
2555 3746 2823 3805 creatura,
2843 3739 3001 3795 veluti
3017 3745 3248 3800 secunda
3267 3750 3532 3819 quaedam

1930 3821 2227 3875 substantia
2249 3821 2364 3892 ejus
2391 3833 2486 3892 est,
2513 3842 2618 3898 qua
2646 3845 2703 3883 se
2744 3830 2881 3885 norit
2904 3834 3255 3902 solummodo,
3290 3854 3348 3893 se
3378 3856 3533 3898 nosse

1929 3917 1979 3963 et
2001 3924 2112 3964 esse
2135 3919 2185 3965 et
2208 3912 2355 3978 velle,
2380 3930 2483 3970 non
2509 3927 2684 3972 autent
2703 3919 2830 3989 quid
2851 3922 2940 3976 sit.
2962 3921 3032 3978 Et
3051 3923 3146 3977 illa
3171 3926 3381 3995 quidem
3404 3931 3531 3985 sub-

1929 4000 2126 4056 stantia
2156 4002 2213 4055 in
2248 4004 2510 4073 sapientia
2541 4006 2640 4061 Dei
2666 4014 2969 4077 constituta,
3006 4022 3220 4069 aeterna
3251 4025 3300 4070 et
3327 4018 3529 4075 incom-

1931 4094 2197 4150 mutabilis
2235 4106 2334 4163 est,
2380 4099 2483 4153 ista
2520 4115 2641 4156 vero
2687 4103 2989 4173 temporalis
3020 4115 3066 4160 ct
3110 4112 3532 4179 commutabilis:

1929 4184 2024 4242 illa
2047 4189 2331 4258 praecedit,
2360 4191 2463 4245 ista
2487 4193 2756 4263 sequitur;
2803 4194 2897 4250 illa
2935 4197 3294 4266 primordialis
3314 4211 3362 4256 et
3395 4220 3529 4260 cau-

1931 4280 2081 4350 salis,
2109 4284 2209 4338 ista
2234 4285 2519 4355 procedens
2544 4285 2589 4318 ”
2615 4297 2664 4343 et
2705 4289 3013 4356 causatiaa;
3041 4289 3136 4346 illa
3163 4292 3530 4353 universaliter

1931 4376 2109 4431 omnia
2134 4374 2179 4409 “
2200 4378 2448 4444 continet,
2479 4378 2580 4433 ista
2601 4380 3015 4450 particulariter,
3036 4393 3291 4455 quantum
3316 4404 3350 4442 a
3369 4404 3531 4461 supe-

1931 4468 2063 4523 riori
2073 4467 2429 4536 distribuitur,
2452 4470 2687 4542 subjecta
2702 4471 2802 4527 sibi
2821 4489 2915 4544 per
2935 4475 3173 4531 notitiam
3190 4481 3528 4551 comprehen-

1931 4559 2031 4626 dit;
2063 4559 2127 4615 ab
2152 4559 2245 4615 illa
2273 4561 2535 4631 producta
2554 4573 2629 4619 est
2655 4564 2778 4630 ista,
2805 4566 2907 4620 ista
2936 4582 3054 4622 vero
3078 4584 3349 4626 reversuro
3370 4583 3445 4629 est
3470 4575 3531 4632 in

1924 4652 2094 4709 illam.
2112 4653 2178 4710 Et
2189 4668 2295 4711 non
2309 4655 2433 4713 dico
2448 4672 2591 4714 nunc
2605 4656 2749 4714 illam
2764 4649 3270 4730 superessentialem
3281 4666 3534 4725 substan-

1928 4745 2060 4803 tiam
2082 4745 2150 4813 ¹⁶,
2174 4762 2313 4817 quae
2332 4762 2431 4818 per
2450 4749 2683 4819 seipsam
2712 4751 2857 4806 Deus
2874 4759 2980 4817 est,
3011 4761 3067 4808 et
3092 4754 3250 4811 unica
3276 4758 3524 4819 omnium

1930 4851 2117 4904 causa,
2143 4837 2236 4894 sed
2265 4837 2430 4905 illam,
2459 4854 2600 4910 quae
2622 4839 3050 4912 primordialiter
3066 4843 3120 4899 in
3139 4846 3405 4915 sapientia
3429 4851 3527 4909 Dei

1930 4929 2074 4988 facta
2096 4939 2182 4986 est
2205 4929 2497 4988 causaliter
2512 4932 2578 4999 ",
2596 4932 2753 5005 cujus
2765 4931 2987 4991 ell‘ectus
3000 4936 3248 5003 esthace,
3264 4955 3424 5008 quam
3442 4955 3531 4996 se-

1931 5023 2112 5081 cundo
2140 5020 2259 5080 loco
2283 5023 2590 5092 statuimus,
2620 5025 2943 5094 substantia,
2972 5028 3081 5085 imo
3102 5029 3366 5087 naturalis
3393 5032 3530 5088 ordo

1931 5135 2113 5178 rerum
2126 5121 2425 5178 constituit.
2453 5122 2599 5179 Disc.
2614 5122 2761 5181 Duas
2775 5124 2938 5196 igitur
2951 5124 3280 5181 substantias
3292 5125 3530 5184 hominis

1932 5214 2233 5285 intelligere
2262 5215 2521 5272 debemus
2572 5231 2734 5271 unam
2763 5217 2982 5288 quidem
3010 5217 3063 5272 in
3086 5216 3528 5287 primordialibus

1539 5353 1628 5419 VA
1637 5355 1797 5412 RIAE
1832 5355 2127 5414 LECTION
2136 5355 2238 5412 ES.

311 5471 327 5502 ¹
358 5470 403 5525 Α
431 5478 663 5526 vocaret.
738 5467 895 5540 ’ejus
925 5484 1035 5561 om:
1062 5469 1138 5553 Α..
1208 5469 1230 5503 ⁸
1255 5486 1393 5542 quae
1435 5487 1547 5556 om.
1590 5472 1682 5558 Α..
1734 5471 1756 5503 ⁸
1781 5472 2040 5561 .Si‘eCF'E‘
2067 5472 2401 5561 A‘objecta.‘
2444 5471 2528 5561 ’,Α
2577 5471 3067 5561 comprensus-iane;
3130 5472 3275 5561 ’.εἰς
3315 5472 3449 5561 CF;
3477 5476 3528 5534 Α

226 5543 384 5601 sinit.
457 5541 477 5574 ⁷
499 5540 546 5595 Α
570 5540 646 5594 id.
721 5540 744 5573 ⁸
777 5541 868 5619 Sic
896 5541 936 5596 F
952 5559 969 5609 ;
998 5540 1046 5596 Α
1065 5541 1159 5596 scit
1180 5540 1352 5619 enim;
1382 5544 1613 5619 scitum.
1641 5543 1704 5598 C.
1781 5546 1804 5579 ⁹
1840 5542 2074 5619 διοριῆ
2103 5544 2150 5619 Α
2262 5552 2433 5619 arente
2459 5540 2714 5599 humana.
2761 5543 2833 5619 ,ιθ
2862 5543 2955 5619 Sic
2969 5543 3067 5619 CF
3083 5545 3176 5619 :A
3200 5556 3265 5619 et
3288 5558 3527 5619 seipsam

227 5611 519 5683 cognoscit.
600 5613 644 5645 ’ί
670 5612 761 5669 Sic
779 5611 898 5679 CF;
924 5615 971 5667 Α
995 5621 1198 5668 statuta
1224 5613 1312 5667 sit.

1394 5614 1436 5644 "
1458 5615 1602 5683 facta
1627 5626 1747 5671 sunt
1780 5631 1890 5671 om.
1917 5614 2024 5670 CF.
2105 5615 2147 5646 ⁸³
2176 5615 2266 5672 Sic
2291 5614 2408 5680 CF;
2454 5626 2575 5670 sunt
2603 5631 2713 5670 om.
2746 5614 2810 5669 A.

2894 5614 2938 5646 “
2965 5615 3057 5672 Sic
3092 5615 3210 5687 CF;
3239 5617 3281 5671 A
3306 5614 3527 5687 praere-

227 5687 384 5740 dens.
462 5683 507 5715 ⁸⁸
536 5683 627 5739 Sic
652 5683 773 5750 CF;
824 5683 872 5738 Α
910 5684 1194 5740 hominem.
1274 5684 1318 5716 “
1342 5684 1434 5741 Sic
1453 5684 1539 5742 CF
1562 5701 1576 5749 ;
1626 5686 1672 5740 A
1725 5686 2267 5758 superresscntialem
2321 5685 2877 5759 supersubstantialem
2916 5683 3316 5745 substantiam;
3351 5689 3393 5722 "
3431 5689 3527 5749 Sic

227 5754 356 5824 CF;
383 5756 428 5813 A
460 5766 508 5813 et
528 5756 840 5814 causaliter.

448 5859 456 5864 ’
661 5876 936 5938 Panos.
979 5869 1238 5937 CXXII.
1281 5931 1285 5934 .

3162 5873 3245 5941 ἥδ
