4028 6282
577 276 679 337 ’171

1984 254 2270 327 JOANNIS
2303 264 2504 327 SCO'l‘l

3736 278 3814 341 'I'l!

575 394 756 455 causis
808 370 1137 465 generalem,
1167 387 1395 447 alteram
1423 387 1478 445 in
1499 367 1702 445 "earum
1732 382 2013 443 eﬂ’ectibus
2044 400 2169 456 spe-
2201 390 2254 450 Α
2279 384 2422 441 nulla
2442 384 2593 442 ﬁnita
2611 383 2910 443 substantia
2924 386 3402 447 circumcluditur?
3424 386 3681 448 Μητιωθ
3693 401 3815 453 etiam

572 486 789 542 clalem.
834 483 971 538 Mac.
997 482 1139 537 Duas
1165 496 1271 536 non
1301 479 1530 535 dixerim
1549 521 1564 546 ,
1589 477 1683 535 sed
1705 492 1868 533 unam
1895 475 2181 547 dupliciter

572 576 923 635 intellectam.
990 573 1162 629 Aliter
1225 573 1366 628 enim
1431 572 1664 626 humana
1728 569 2028 627 substantia
2078 582 2181 639 per

573 668 938 727 conditionem
993 667 1046 721 in
1092 663 1549 719 intellectualibus
1603 663 1927 733 perspicitur
1976 660 2176 724 causis,

570 765 728 823 aliter
774 776 871 834 per
916 761 1319 833 generationem
1372 759 1423 813 in
1468 757 1770 813 effectibus.
1830 756 1906 811 lbi
1958 754 2193 825 quidem

569 854 717 913 omni
749 853 1107 908 mutabilitate
1153 851 1340 915 libera,
1380 850 1467 905 llic
1518 848 1863 903 tnutabilitati
1896 839 2130 902 obnoxia
2159 862 2174 912 ;

570 946 648 1005 ibi
687 947 912 1016 simplex
957 943 1314 1012 omnibusque
1366 938 1733 996 accidentibus
1769 939 2014 995 absoluta
2059 954 2177 994 om-

568 1032 696 1094 nem
722 1034 908 1106 cﬁ‘ugit
959 1030 1339 1088 contuitum'et
1378 1030 1707 1085 intellectum
1754 1030 1795 1094 ¹,
1832 1028 1919 1083 hic
1958 1042 2180 1099 compo-

572 1128 826 1187 sitionem
866 1124 1138 1197 quandam
1165 1140 1232 1179 ex
1259 1120 1653 1192 quantitatibus
1698 1128 1751 1174 et
1801 1118 2172 1189 qualitatibus,

572 1219 896 1289 ceterisque,
932 1232 1070 1287 quae
1094 1216 1238 1270 circa
1269 1230 1385 1268 eam
1420 1200 1815 1283 intelliguntur,
1836 1210 2050 1281 accipit,
2080 1224 2192 1280 per

570 1325 736 1382 quam
762 1312 781 1342 '
810 1309 1009 1364 mentis
1037 1308 1229 1379 recipit
1261 1306 1536 1360 intuitum.
1581 1305 1695 1359 Una
1747 1305 1931 1374 itaque
1962 1302 2180 1359 eadem-

570 1416 679 1472 que
704 1401 869 1455 veluti
894 1399 1085 1470 duplex
1116 1398 1313 1453 dicitur
1339 1404 1559 1467 propter
1578 1395 1847 1466 duplicem
1873 1394 1957 1449 sui
1986 1408 2179 1466 specu-

522 1538 529 1549 .
570 1492 855 1559 lationem,
889 1487 1087 1562 ubique
1131 1500 1312 1547 tamen
1356 1505 1509 1545 suam
1563 1488 2178 1560 incompreltensihilita-

571 1597 682 1643 tem
726 1585 977 1649 custodit,
1015 1585 1066 1639 in
1095 1584 1274 1639 causis
1302 1585 1424 1638 dico
1448 1582 1578 1638 etin
1608 1582 1906 1649 ell'ectibus,
1940 1583 2048 1638 hoc
2070 1590 2178 1648 est,

570 1678 687 1734 sive
724 1677 865 1732 nuda
907 1677 959 1730 in
1001 1689 1099 1730 sua
1143 1674 1521 1744 simplicitate,
1553 1674 1667 1729 sive
1697 1675 2068 1731 accidentibus
2096 1675 2180 1730 in-

2287 475 2390 532 hoc
2423 478 2662 532 maximo
2697 487 3019 550 argumento
3057 479 3346 552 colligitur,
3392 479 3532 551 quod
3564 481 3614 539 in
3648 482 3815 544 homine

2284 570 2465 626 omnis
2493 579 2747 627 creatura
2794 574 3229 631 substantialiter
3275 585 3459 633 creata
3496 578 3581 632 sit.
3618 579 3812 638 Omnium

2283 663 2575 733 siquidem,
2606 678 2746 736 quae
2788 673 2934 733 sunt,
2969 667 3270 722 sub~tantia
3302 666 3451 722 nullo
3476 669 3626 726 modo
3650 670 3811 729 deﬁniri

2282 763 2464 826 potest
2491 757 2620 826 quid
2654 757 2745 824 sit,
2785 766 2922 814 teste
2952 759 3215 831 Gregorio
3245 760 3511 834 theologo,
3546 763 3628 832 qui
3654 764 3813 821 detali-

2283 847 2387 903 bus
2414 847 2671 918 disputat,
2700 864 2865 920 agens
2889 850 3176 906 adversum
3216 865 3330 918 eos,
3358 853 3451 924 qui
3492 862 3687 927 negant,
3719 853 3811 913 Ver-

2282 937 2411 993 bum
2439 937 2536 993 Dei
2566 940 3020 1009 superessentiale
3060 941 3107 976 ε*
3147 955 3285 1008 esse,
3328 945 3691 1002 contendentes
3722 946 3813 1002 illud

2282 1027 2341 1083 in
2383 1027 2564 1097 aliqua
2601 1030 2905 1085 substantia
2947 1031 3289 1098 concludere,
3324 1042 3390 1088 a’c
3417 1048 3512 1105 per
3532 1035 3626 1091 hoc
3650 1051 3814 1093 nonsu-

2280 1132 2384 1189 per
2412 1119 2594 1173 omnia
2622 1134 2768 1186 esse,
2815 1121 2910 1176 sed
2951 1122 3005 1176 in
3045 1137 3275 1178 numero
3300 1125 3539 1180 omnium
3589 1127 3812 1194 contineri,

2282 1208 2532 1265 volentes
2574 1210 2934 1267 substantiam
2961 1212 3084 1269 Filii
3110 1227 3142 1267 a
3164 1214 3463 1270 substantia
3488 1214 3652 1274 Patris
3674 1232 3812 1290 segreo

2283 1312 2432 1369 gare.
2470 1297 2661 1370 itaque
2696 1300 2836 1356 sicut
2863 1302 3043 1358 divina
3085 1304 3347 1370 essentia,
3396 1305 3466 1362 ad
3506 1305 3646 1376 cujus
3681 1308 3815 1379 imagi-

2282 1405 2407 1446 nem
2447 1390 2588 1447 l‘acta
2619 1401 2725 1459 est,
2754 1394 2963 1449 inﬁnita
2992 1405 3105 1461 est,
3131 1396 3205 1451 ita
3233 1396 3326 1452 illa
3352 1397 3582 1454 humana
3611 1401 3811 1457 substitu-

2284 1486 2362 1544 tio
2385 1486 2532 1542 nullo
2561 1497 2709 1544 certo
2732 1489 2839 1543 ﬁne
2879 1490 3246 1559 terminatur;
3275 1506 3345 1548 ex
3375 1492 3464 1549 his
3503 1504 3682 1562 autem,
3717 1511 3813 1565 quae

2284 1578 2427 1634 circa
2468 1593 2591 1634 eam
2624 1579 3022 1652 intelliguntur,
3053 1580 3157 1637 hoc
3195 1591 3280 1639 est
3327 1585 3668 1655 temporibus,
3702 1585 3811 1651 locis,

2285 1669 2627 1735 differentiis,
2658 1673 3101 1743 proprietatibus,
3153 1674 3566 1745 quantitatibus,
3608 1678 3813 1749 qualitati-

572 1771 723 1826 duta.
762 1768 829 1823 In
867 1768 951 1823 his
995 1768 1138 1821 enim
1186 1767 1438 1821 onmibus
1478 1765 1607 1820 nulli
1659 1765 1953 1821 intellectui
1997 1776 2184 1821 creato
2214 1754 2265 1816 Β
2293 1761 2417 1827 bus,
2444 1760 2816 1829 relationibus,
2842 1761 3274 1831 ltabitudinibus,
3311 1767 3668 1836 positionibus,
3694 1768 3813 1824 actin

570 1860 790 1931 neque"
821 1859 1003 1915 sensui
1050 1858 1377 1923 succumbit,
1419 1872 1520 1913 nec
1564 1874 1593 1912 a
1638 1858 1816 1928 seipsa
1864 1856 2183 1928 intelligitur

570 1950 701 2021 quid
725 1950 815 2006 sit.
861 1952 1006 2005 Dtsc.
1040 1948 1178 2016 Quid
1205 1957 1452 2019 estergo,
1472 1947 1733 2019 quodjam
1753 1950 2178 2019 pridemdixisti,

568 2052 813 2100 mentem
840 2042 1055 2112 quidem
1084 2042 1374 2095 humanam
1407 2041 1701 2104 notionem,
1732 2056 1836 2110 qua
1874 2054 1931 2094 se
1976 2054 2178 2110 cogno-

569 2136 695 2202 scit,
722 2145 779 2191 et
805 2130 1164 2204 disciplinam,
1202 2147 1307 2200 qua
1348 2132 1580 2201 scipsatn
1633 2131 1813 2196 discit,
1863 2131 2082 2192 habere,
2126 2139 2180 2185 et

569 2242 717 2285 nunc
743 2227 941 2282 iterum
971 2238 1146 2295 neque
1169 2240 1199 2278 a
1230 2225 1429 2293 seipsa,
1463 2238 1640 2292 neque
1671 2224 1736 2277 ab
1773 2223 1877 2276 alia
1926 2231 2175 2277 creatura

570 2320 812 2391 dignosci
852 2330 1013 2388 posse
1050 2316 1296 2372 asseris?
1344 2315 1486 2371 hinc.
1516 2314 1817 2385 Utrumque
1843 2330 2027 2369 verum
2056 2330 2179 2370 esse

570 2411 711 2465 ratio
730 2410 1014 2480 perdocet:
1033 2409 1267 2462 humana
1289 2406 1555 2477 siquidem
1581 2421 1734 2461 mens
1753 2416 1805 2460 et
1827 2408 2059 2475 scipsam
2083 2422 2179 2461 no-

570 2503 672 2569 vit,
687 2511 744 2558 et
763 2501 999 2572 seipsam
1034 2513 1139 2555 non
1170 2498 1337 2556 novit.
1362 2498 1520 2554 Novit
1544 2498 1761 2568 quidem
1792 2500 1918 2568 quia
1942 2509 2046 2563 est,
2070 2513 2177 2554 non

571 2605 752 2654 autem
768 2594 1060 2665 novitquid
1075 2603 1178 2649 est.
1196 2594 1275 2648 Ae
1301 2606 1398 2663 per
1423 2594 1546 2659 hoc,
1568 2594 1703 2647 utin
1728 2594 1999 2663 prioribus
2024 2592 2177 2648 libris

570 2689 876 2754 docuimus,
892 2687 1125 2741 maxime
1140 2686 1317 2756 imago
1333 2685 1425 2739 Dei
1443 2699 1564 2740 esse
1585 2686 1637 2738 in
1661 2685 1877 2739 homine
1889 2684 1910 2714 δ
1925 2684 2172 2738 docetur.

569 2780 643 2840 Ut
670 2778 817 2836 enim
841 2779 984 2834 Deus
1003 2777 1507 2847 comprehensibilis
1536 2785 1641 2841 est,
1671 2776 1797 2830 dum
1826 2789 1893 2829 ex
1923 2784 2174 2830 creatura

570 2874 841 2945 colligitur
865 2873 992 2942 quia
1013 2880 1119 2937 est,
1147 2880 1203 2925 et
1225 2869 1789 2941 incomprehensibilis
1823 2877 1928 2933 est,
1972 2867 2099 2938 quia
2141 2881 2174 2921 a

568 2967 719 3025 nullo
754 2965 1028 3022 intellectu
1076 2966 1315 3019 humano
1360 2961 1448 3017 vel
1493 2961 1738 3033 angelico
1784 2959 2173 3031 comprehendi

568 3064 747 3131 potest
795 3056 925 3127 quid
955 3055 1027 3111 sit
1052 3054 1097 3123 ⁸,
1126 3070 1225 3109 nec
1265 3069 1294 3108 a
1337 3052 1537 3123 seipso,
1569 3052 1696 3123 quia
1737 3066 1843 3106 non
1890 3058 1976 3106 est
2016 3051 2168 3121 quid,

2289 1853 2469 1918 nibus,
2499 1854 2844 1923 passionibus
2871 1854 3211 1910 solummodo
3240 1856 3561 1929 intelligitur
3585 1873 3703 1924 esse,
3721 1859 3810 1930 quid

2287 1955 2468 1999 autem
2516 1945 2609 2010 sit,
2654 1959 3020 2016 nequaquam.
3059 1954 3239 2016 Atque
3282 1948 3413 2015 hinc
3441 1951 3594 2004 datur
3629 1950 3808 2021 intelligi,

2285 2038 2487 2094 nullius
2535 2046 2818 2107 creaturae
2857 2038 3020 2094 aliam
3050 2038 3466 2096 subsistentiam
3500 2052 3629 2107 esse,
3654 2050 3811 2112 praeter

2286 2131 2432 2187 illam
2464 2133 2751 2199 rationem,
2796 2133 3094 2195 secundum
3142 2149 3310 2205 quam
3354 2137 3407 2191 in
3448 2136 3809 2208 primordialibus

2285 2223 2464 2279 causis
2494 2224 2547 2278 in
2587 2223 2682 2278 Dei
2714 2222 2893 2279 Verbo
2932 2224 3226 2281 substituta
3254 2236 3346 2287 est
3366 2266 3382 2294 ,
3414 2240 3481 2282 ac
3505 2241 3597 2299 per
3619 2226 3811 2283 bocdeli-

2283 2316 2392 2371 niri
2422 2330 2525 2371 non
2550 2330 2711 2386 posse
2734 2317 2864 2386 quid
2885 2317 2975 2383 sit,
2995 2317 3121 2387 quia
3147 2328 3372 2390 superat
3396 2334 3600 2377 omnem
3627 2321 3808 2376 substan-

2286 2408 2466 2464 tialem
2500 2408 2893 2465 deﬁnitionem.
2931 2408 3199 2467 Deﬁnitur
3235 2421 3422 2470 autem
3466 2430 3559 2486 per
3597 2429 3703 2470 suas
3733 2414 3807 2469 cir-

2281 2506 2658 2572 cumstantias,
2711 2519 2852 2576 quae
2902 2507 3006 2563 sibi
3040 2509 3318 2577 accidunt,
3374 2512 3430 2567 in
3474 2512 3686 2584 speciem
3720 2525 3805 2583 pm-

2280 2598 2457 2668 priam
2512 2597 2558 2630 ⁸³
2608 2611 2707 2667 per
2740 2597 3146 2668 generationem
3191 2612 3287 2657 seu
3355 2601 3706 2676 intelligihilem
3742 2616 3805 2656 seu

2279 2687 2588 2745 eensihilem
2642 2688 2987 2759 proveniens.

2322 2814 2325 2817 λ
2347 2783 2401 2837 8.
2439 2782 2587 2838 Dtsc.
2621 2780 2926 2845 Humanam
2948 2784 3359 2859 angelicamque
3375 2797 3609 2844 naturam
3624 2797 3703 2843 aut
3714 2801 3803 2842 eau-

2277 2876 2400 2932 dem
2444 2883 2539 2929 aut
2583 2873 2887 2931 simillimas
2928 2890 3075 2943 esse,
3129 2887 3185 2935 et
3232 2879 3418 2935 divina
3470 2879 3726 2950 Scriptura,
3762 2886 3798 2932 et

2260 2962 2393 3095 Ipsa
2432 2965 2572 3021 ratio
2606 2964 2873 3036 perhibet.
2912 2964 3050 3022 Nam
3075 2975 3132 3023 et
3155 2969 3322 3025 homo
3348 2978 3404 3026 et
3429 2970 3635 3043 angelus
3655 2966 3788 3024 iutelle

2277 3055 2472 3095 pluralia
2508 3065 2563 3095 At
2606 3054 2889 3095 mlinnnlin
2917 3066 3169 3095 pransum
3219 3060 3425 3095 diuinu-
3479 3070 3528 3095 ΔΙ
3570 3069 3642 3095 ωε
3690 3059 3738 3095 l‘t
3772 3073 3788 3095 ε

2277 3055 2472 3111 ctualis
2508 3065 2565 3110 et
2606 3054 2890 3112 rationalis
2917 3066 3173 3115 creatura
3219 3060 3442 3127 dicitur,
3479 3070 3534 3117 et
3568 3069 3660 3117 est.
3690 3059 3741 3114 Et
3772 3057 3802 3111 si

570 3123 770 3220 quippe
792 3123 1263 3217 superessentialis
1289 3163 1301 3198 :
1331 3146 1405 3199 ita
1444 3145 1713 3199 humanae
1741 3143 1908 3198 menti
1939 3143 2043 3198 hoc
2081 3156 2170 3197 so-
2277 3147 2352 3204 ita
2396 3149 2619 3205 sibimet
2645 3149 2996 3217 conveniunt,
3034 3166 3144 3206 non
3188 3123 3468 3210 immerito
3491 3151 3801 3226 quaerendum,

568 3242 684 3299 lum
723 3241 881 3297 datur
934 3253 1114 3303 nosse,
1168 3253 1229 3293 se
1278 3250 1420 3303 esse,
1478 3234 1607 3306 quid
1655 3244 1835 3290 autem
1882 3234 1975 3299 sit,
2023 3232 2173 3288 nullo

569 3336 735 3392 modo
760 3336 811 3390 ei
839 3332 1187 3398 conceditur;
1209 3339 1265 3386 et
1292 3330 1436 3401 quod
1463 3337 1547 3385 est
1571 3328 1892 3393 mirabilius,
1916 3337 1972 3384 et
1996 3328 2173 3383 consi-

574 3426 892 3482 derantibus
939 3425 1147 3496 seipsos
1182 3430 1238 3480 et
1278 3422 1448 3477 Deum
1478 3422 1500 3453 ⁸
1530 3436 1688 3477 suum
1725 3422 2023 3493 pulchrius,
2054 3421 2174 3492 plus

573 3517 827 3573 laudatur
875 3529 1027 3571 mens
1067 3516 1301 3569 humana
1345 3514 1399 3568 itt
1436 3528 1532 3568 sua
1563 3513 1885 3581 ignorantia,
1915 3528 2076 3583 quam
2116 3514 2173 3567 in

574 3623 674 3667 sua
713 3608 958 3665 scientia.
996 3604 1341 3660 Laudabilius
1381 3618 1615 3673 namque
1641 3605 1694 3657 in
1723 3617 1787 3661 ea
1825 3612 1927 3667 est,
1974 3619 2034 3660 se
2077 3620 2174 3659 ne-

575 3701 718 3759 scire
753 3701 882 3771 quid
910 3701 1001 3766 sit,
1046 3710 1206 3770 quam
1249 3698 1391 3753 scire
1439 3696 1565 3767 quia
1604 3705 1710 3763 est,
1760 3697 1903 3752 sicut
1944 3695 2066 3768 plus
2117 3707 2173 3753 et

575 3793 982 3853 convenientius
1022 3792 1256 3864 pertinet
1288 3792 1308 3823 ⁷
1338 3792 1404 3845 ad
1429 3790 1646 3851 divinae
1679 3798 1907 3845 naturae
1956 3789 2171 3845 laudem

573 3891 789 3965 negatio
840 3887 956 3958 ejus
1002 3888 1025 3921 ⁸
1075 3903 1234 3958 quam
1284 3885 1590 3951 allirmatio,
1639 3894 1694 3941 et
1734 3886 2031 3956 sapientius
2089 3896 2173 3941 est

574 3986 825 4057 ignorare
854 3982 997 4038 illam
1019 3996 1181 4052 quam
1212 3995 1389 4043 nosse,
1419 3980 1570 4048 cujus
1600 3966 1903 4050 ignorauﬁa
1930 3993 2057 4033 vera
2090 3989 2174 4034 est

574 4076 859 4148 sapientia,
909 4089 1047 4146 quae
1097 4073 1287 4129 melius
1335 4072 1627 4129 nesciendo
1675 4072 1880 4138 scitur;
1924 4071 2170 4141 Apertis-

575 4170 714 4226 sime
747 4183 875 4240 ergo
903 4167 1084 4222 divina
1134 4166 1430 4220 similitudo
1483 4167 1536 4219 in
1588 4165 1821 4219 humana
1861 4174 2041 4220 mente
2090 4164 2172 4219 di-

575 4260 873 4333 gnoscitur,
902 4259 1027 4314 dum
1059 4257 1393 4313 solummodo
1421 4271 1543 4312 esse
1584 4256 1781 4321 scitur;
1826 4257 1956 4327 quid
1986 4266 2170 4312 autem

574 4362 682 4418 est,
714 4352 987 4417 nescitur;
1015 4359 1086 4414 et,
1116 4358 1175 4404 ut
1214 4351 1285 4404 ita
1327 4349 1522 4415 dicam,
1556 4357 1782 4420 negatur
1827 4349 1881 4403 in
1933 4361 1995 4404 ea
2042 4350 2169 4419 quid

574 4456 716 4508 esse,
744 4441 1044 4496 aﬂirmatur
1082 4438 1419 4493 solummodo
1458 4454 1598 4494 esse.
1650 4437 1762 4494 Nec
1813 4439 1917 4494 hoc
1960 4440 2169 4496 ratione

574 4543 756 4589 vacat.
804 4531 865 4588 Si
915 4532 1061 4586 enim
1109 4540 1526 4602 cognosceretur
1571 4531 1826 4601 quiddam
1871 4547 2009 4600 esse,
2063 4535 2168 4589 cir-

576 4625 905 4696 cumscripta
931 4622 1174 4696 profecto
1195 4624 1247 4678 in
1279 4624 1459 4693 aliquo
1482 4634 1663 4690 esset,
1691 4639 1757 4680 ac
1782 4638 1882 4695 per
1903 4625 2004 4681 hoc
2030 4626 2167 4681 ima-

575 4719 758 4793 ginem
788 4717 870 4773 sui
905 4715 1177 4772 Creatoris
1213 4729 1319 4770 non
1350 4715 1573 4771 omnino
1618 4716 1672 4770 in
1714 4730 1774 4773 se
1814 4718 2167 4787 exprimeret,

577 4810 670 4878 qui
713 4808 934 4866 omnino
972 4806 1468 4877 incircumscriptus
1497 4816 1610 4873 est,
1640 4807 1778 4862 etin
1818 4807 1963 4863 nullo
2008 4808 2168 4865 intel-

576 4901 778 4974 ugitur,
811 4898 937 4969 quia
968 4896 1210 4953 inﬁnitus
1231 4904 1315 4952 est
1335 4897 1379 4962 9,
1407 4912 1571 4967 super
1599 4914 1780 4966 omne,
1808 4900 1951 4970 quod
1974 4900 2172 4956 dicitur

575 5003 631 5051 et
659 4992 996 5064 intelligitur,
1022 4991 1511 5061 superessentialis.
1534 4992 1681 5047 Dtsc.
1710 4992 1991 5061 Quomodo
2010 4994 2174 5066 igitur
2200 4990 2211 5029 5'

574 5088 754 5144 omnis
797 5095 1048 5143 creatura
1099 5087 1151 5141 in
1204 5087 1391 5142 notitia
1444 5087 1680 5143 hominis
1719 5086 1863 5143 facta
1898 5099 2002 5156 est,
2032 5105 2173 5162 quae

576 5193 678 5236 nec
715 5178 947 5249 seipsam
992 5178 1269 5250 cognoscit
1295 5178 1425 5248 quid
1459 5178 1552 5244 sit,
1599 5188 1656 5232 et
1691 5179 1794 5235 hoc
1839 5195 1937 5251 pro
1976 5196 2172 5253 magna

574 5273 918 5346 laudeipsius
937 5273 1222 5345 accipitur,
1246 5288 1376 5344 prae
1401 5273 1563 5328 nimia
1580 5275 1660 5329 sui
1678 5274 2017 5342 excellentia,
2040 5279 2168 5333 dum

539 5416 548 5483 ς
594 5454 601 5459 .

2196 4489 2249 4553 D

2217 3212 2233 3317 ξ
2277 3257 2446 3313 quare
2471 3242 2652 3299 omnis
2676 3252 2929 3299 creatura
2958 3244 3015 3300 in
3044 3244 3264 3302 homine
3298 3253 3484 3304 creata
3513 3248 3698 3319 legitur,
3728 3256 3801 3301 non

2276 3342 2459 3398 autem
2486 3333 2541 3389 in
2570 3333 2782 3403 angelo.
2805 3332 2947 3391 huc.
2974 3333 3093 3390 Non
3115 3336 3234 3392 sine
3254 3351 3443 3403 causa,
3473 3348 3531 3393 ut
3549 3336 3723 3408 opinor.
3741 3332 3801 3388 Si-

2274 3425 2492 3507 quidem
2519 3423 2765 3479 videmus
2818 3425 2874 3478 in
2902 3424 3123 3482 homine
3164 3438 3271 3483 nan
3314 3444 3593 3500 perpauca,
3632 3440 3741 3499 quae
3767 3424 3802 3478 in

2276 3516 2465 3587 angelo
2513 3516 2833 3599 subsistere,
2874 3532 2976 3572 nec
3018 3520 3325 3575 auctoritas
3362 3521 3542 3586 tradit,
3585 3531 3669 3575 nec
3704 3515 3801 3571 ratio

2275 3609 2541 3680 intelligit,
2570 3619 2631 3665 ut
2661 3611 2766 3665 hoc
2807 3624 3006 3680 corpus
3046 3611 3303 3679 animale,
3351 3615 3493 3685 quod
3535 3613 3677 3668 etiam
3713 3616 3800 3663 ante

2274 3706 2557 3768 peccatum
2586 3699 2857 3754 humanae
2886 3700 3101 3755 animae
3123 3701 3441 3773 adjunctum
3487 3701 3638 3758 fuisse
3670 3697 3799 3755 divina

2277 3789 2561 3860 Scriptura
2615 3798 2869 3856 testatur,
2917 3798 3215 3863 corporeus
3258 3804 3480 3867 quoque
3517 3793 3802 3867 quinqueper-

2277 3886 2408 3940 titus
2438 3898 2631 3940 sensus
2659 3884 2902 3941 exterior
2920 3927 2935 3953 ,
2963 3901 3259 3959 rerumque
3287 3891 3609 3947 sensibilium
3634 3889 3801 3960 phanta-

2232 4002 2233 4005 η
2274 3976 2407 4041 siae,
2448 3990 2588 4046 quae
2636 3991 2734 4047 per
2782 3992 2906 4032 eum
2948 3977 3228 4036 humanae
3272 3984 3487 4039 animae
3536 3983 3798 4054 ingeruntur,

2276 4067 2712 4123 ratiocinationis
2751 4068 3421 4142 quoqueininquirendis
3455 4087 3622 4130 rerum
3649 4064 3801 4125 naturis

2266 4159 2550 4230 ,perplexio
2579 4175 2905 4229 morosaque
2931 4159 3237 4229 dillicultas,
3265 4164 3319 4219 in
3340 4163 3690 4222 discernendis
3709 4161 3800 4215 item

2268 4254 2566 4310 virtutibus
2601 4261 2656 4309 et
2685 4255 2828 4313 vitiis
2861 4254 3138 4311 laboriosa
3171 4256 3418 4326 solertia,
3450 4249 3800 4331 plurimaque“

2275 4360 2462 4416 genus.
2486 4344 2582 4400 llis
2611 4344 2756 4413 enim
2792 4345 3045 4402 omnibus
3064 4347 3368 4420 angelicam
3389 4350 3660 4407 essentiam
3680 4346 3718 4380 ⁸³
3732 4356 3800 4399 (ιο

2275 4448 2396 4495 rere
2418 4439 2782 4510 perspicuum,
2807 4447 2863 4494 et
2883 4447 3066 4495 tamen
3080 4448 3310 4499 naturae
3325 4457 3506 4500 rerum
3520 4443 3802 4499 inessenento

2274 4540 2423 4585 recte
2452 4529 2779 4600 sapientium
2816 4530 3122 4602 abnegarit.
3147 4531 3410 4600 Quamvis
3428 4535 3655 4595 videatur
3669 4529 3804 4600 Augu-

2266 4610 2447 4691 stinus
2472 4620 2678 4676 sentire
2702 4620 2925 4692 angelos
2962 4620 3007 4673 ’.⁸
3039 4621 3296 4681 docuisse
3323 4625 3379 4681 in
3400 4636 3585 4682 octavo
3609 4624 3646 4655 “
3666 4616 3803 4677 dolio

2271 4714 2445 4770 vitate
2457 4713 2576 4779 Dei,
2604 4715 2838 4784 septimo
2869 4715 2915 4748 ¹⁸
2938 4716 3199 4788 capitulo,
3230 4718 3321 4774 ubi
3352 4730 3653 4793 magnorum
3673 4710 3804 4788 philo-

2274 4812 2567 4884 sophorum
2598 4813 3073 4883 contemplationis
3118 4814 3379 4871 virtutem
3428 4816 3620 4880 laudat,
3643 4811 3717 4883 qui
3748 4805 3803 4859 ri-

2212 4908 2221 4961 β
2275 4909 2465 4963 derunt
2497 4922 2703 4962 omnem
2729 4908 2950 4971 speciem
2980 4907 3035 4961 in
3064 4924 3119 4963 re
3139 4924 3452 4983 quacunque
3471 4904 3703 4969 mutabili,
3726 4913 3802 4971 qu

2272 5012 2371 5067 est,
2401 4999 2653 5073 quicquid
2676 4997 2811 5054 illud
2835 5008 2913 5054 ut
2945 4998 3013 5066 ³⁸,
3037 5003 3404 5074 quoqume
3422 5011 3473 5058 et
3490 4999 3802 5075 qualiacunque

2271 5102 2465 5148 natura
2500 5101 2607 5159 est,
2647 5106 2753 5146 non
2782 5107 2893 5147 esse
2928 5106 3102 5163 posse,
3144 5093 3247 5148 nisi
3294 5094 3360 5149 ab
3390 5092 3490 5149 duo
3513 5094 3596 5165 qui
3620 5102 3714 5144 rere
3730 5090 3801 5143 nl.

2268 5189 2395 5259 quia
2424 5185 2926 5245 incommutabiliter
2954 5187 2995 5219 ⁸⁷
3022 5196 3121 5243 est.
3147 5188 3224 5243 Ac
3244 5202 3337 5259 per
3379 5189 3475 5245 hoc
3500 5190 3600 5245 sive
3626 5174 3802 5239 intin

2268 5278 2453 5334 mundi
2479 5293 2687 5349 corpus,
2720 5278 2946 5349 ﬁguras,
2979 5277 3260 5351 qualitates
3280 5320 3297 5349 ,
3330 5281 3701 5347 ordinatumque
3721 5283 3799 5325 προσ

1832 5389 2088 5450 VARIAE
2124 5392 2531 5458 LECTlONES.

587 5526 597 5535 ο
648 5504 798 5592 {CF
828 5506 1015 5591 eﬂ‘ugit
1040 5507 1306 5590 conditum
1340 5505 1675 5590 intellectum.
1750 5509 1770 5539 ¹
1793 5507 1889 5564 Sic
1913 5509 2035 5579 CF;
2066 5529 2164 5584 pro
2206 5515 2393 5584 accipit
2431 5529 2539 5638 Ker
2570 5527 2726 5593 quant
2772 5509 2820 5565 Α
2850 5511 3072 5581 patiens.
3144 5511 3171 5544 ³
3213 5512 3304 5569 Sic
3331 5513 3446 5578 CF;
3484 5512 3523 5566 Α
3558 5514 3797 5581 mutaque.

587 5585 599 5613 ⁵
637 5580 731 5636 Stc
758 5577 844 5633 LF
860 5597 876 5638 ;
909 5577 953 5631 A
980 5597 1035 5634 m
1057 5580 1264 5633 homine
1292 5596 1419 5633 esse.
1518 5578 1539 5609 ⁸
1580 5578 1668 5633 Stc
1694 5578 1807 5638 CF:
1841 5582 1885 5634 A
1914 5594 2007 5637 est.
2086 5586 2107 5617 ⁸
2147 5586 2237 5638 Sic
2276 5585 2390 5638 CF:
2503 5585 2813 5637 domimum.
2888 5584 2908 5614 "
2952 5582 3043 5637 Sic
3082 5583 3199 5638 CF:
3252 5586 3295 5638 A
3338 5584 3592 5638 pertineat.
3656 5578 3676 5611 ⁸
3714 5584 3797 5638 ⁸1⁸³

573 5579 599 5613 ⁸
637 5580 731 5636 Sic
758 5577 844 5633 CF
860 5597 876 5645 ;
909 5577 953 5631 A
980 5581 1035 5634 in
1057 5579 1264 5633 homine
1292 5596 1419 5633 esse.

572 5665 682 5707 om.
718 5653 783 5705 A.
861 5652 881 5683 ’
916 5648 1008 5705 Sic
1041 5648 1157 5715 (1F;
1203 5661 1277 5704 est
1321 5665 1429 5705 om.
1470 5649 1534 5704 A.

570 5726 819 5777 essentia.
892 5723 935 5754 ¹³
968 5722 1060 5778 Sic
1085 5722 1166 5776 CF
1183 5740 1197 5789 ;
1230 5721 1274 5775 A
1304 5722 1582 5791 angelicas.

1518 5578 1539 5609 ⁸
1580 5578 1668 5633 Sic
1694 5578 1807 5643 CF;
1841 5582 1885 5634 A
1914 5578 2024 5637 est.
2066 5578 2107 5617 ’⁸
2147 5586 2237 5641 Sic
2276 5578 2390 5649 CF;

2503 5571 2813 5666 doni-inium.
2851 5571 2908 5665 ’.⁷
2952 5582 3043 5637 Sic
3074 5583 3199 5666 .CF;
3252 5571 3592 5666 λιβρι-ἤθρει.
3656 5578 3676 5611 ⁸

1626 5650 2295 5727 ὀμᾼυξιιρςζεεδεηιίηιεηι.
2374 5645 2415 5687 ί¹
2453 5655 2543 5710 Sic
2578 5654 2803 5727 (ιιέῖςμΑ
2847 5655 2920 5727 fit
2942 5655 3114 5720 specie
3147 5645 3396 5727 propria:
3454 5654 3494 5685 "
3527 5653 3575 5727 ΑΔ
3613 5645 3797 5727 angeli?!

1685 5723 1724 5754 ""
1758 5717 1993 5791 Sic'CF;
2025 5728 2069 5780 Α
2096 5727 2146 5781 in
2176 5726 2308 5797 libro
2339 5735 2548 5797 octavo.
2625 5717 2799 5797 “Sic
2837 5717 3253 5797 Cl“;’A_se:t:-to.'
3300 5724 3345 5777 β*
3368 5722 3575 5797 Proqttt'
3610 5717 3797 5778 rw

568 5804 775 5850 omnem
803 5793 1088 5867 speciem...
1134 5792 1265 5850 illud
1298 5801 1371 5848 est
1401 5792 1485 5849 CF
1507 5793 1597 5864 qui
1623 5807 1858 5852 asserunt
1888 5796 2271 5870 quoquomodo
2297 5806 2403 5855 cet.
2480 5796 2521 5831 ³⁷
2544 5797 2588 5851 Α
2616 5795 3189 5853 incommunicabiliter.
