  <div class='ocr_page' id='page_1' title='image "/cluster/home/n/w/nwhite01/storage/ocr_20150623/122/hvd.32044015471659/424.png"; bbox 0 0 4028 6282; ppageno 0'>
   <div class='ocr_carea' id='block_1_1' title="bbox 214 1104 227 1151">
    <p class='ocr_par' dir='ltr' id='par_1_1' title="bbox 214 1104 227 1151">
     <span class='ocr_line' id='line_1_1' title="bbox 214 1104 227 1151; baseline 0 0"><span class='ocrx_word' id='word_1_1' title='bbox 214 1104 227 1151; x_wconf 84' lang='lat' dir='ltr'><strong><em>i</em></strong></span> 
     </span>
    </p>
   </div>
   <div class='ocr_carea' id='block_1_2' title="bbox 192 1238 233 1378">
    <p class='ocr_par' dir='ltr' id='par_1_2' title="bbox 192 1238 233 1378">
     <span class='ocr_line' id='line_1_2' title="bbox 192 1238 233 1378; baseline 0 -23"><span class='ocrx_word' id='word_1_2' title='bbox 192 1238 233 1378; x_wconf 58' lang='lat'><strong><em>:3</em></strong></span> 
     </span>
    </p>
   </div>
   <div class='ocr_carea' id='block_1_3' title="bbox 264 276 385 372">
    <p class='ocr_par' dir='ltr' id='par_1_3' title="bbox 264 276 385 372">
     <span class='ocr_line' id='line_1_3' title="bbox 264 276 385 372; baseline -0.008 -88"><span class='ocrx_word' id='word_1_3' title='bbox 264 276 385 372; x_wconf 66' lang='lat' dir='ltr'><strong><em>m.</em></strong></span> 
     </span>
    </p>
   </div>
   <div class='ocr_carea' id='block_1_4' title="bbox 1152 292 2754 363">
    <p class='ocr_par' dir='ltr' id='par_1_4' title="bbox 1152 292 2754 363">
     <span class='ocr_line' id='line_1_4' title="bbox 1152 292 2754 363; baseline -0.006 -4"><span class='ocrx_word' id='word_1_4' title='bbox 1152 300 1241 359; x_wconf 84' lang='lat' dir='ltr'><strong>DE</strong></span> <span class='ocrx_word' id='word_1_5' title='bbox 1278 297 1622 359; x_wconf 75' lang='lat' dir='ltr'><strong><em>DlVlSlONE</em></strong></span> <span class='ocrx_word' id='word_1_6' title='bbox 1658 292 2013 355; x_wconf 81' lang='lat' dir='ltr'><strong><em>NATURAE.</em></strong></span> <span class='ocrx_word' id='word_1_7' title='bbox 2052 322 2127 337; x_wconf 95' lang='lat'>—</span> <span class='ocrx_word' id='word_1_8' title='bbox 2162 292 2365 349; x_wconf 81' lang='lat' dir='ltr'><strong>LIBER</strong></span> <span class='ocrx_word' id='word_1_9' title='bbox 2402 292 2754 363; x_wconf 84' lang='lat' dir='ltr'><strong><em>QUARTUS.</em></strong></span> 
     </span>
    </p>
   </div>
   <div class='ocr_carea' id='block_1_5' title="bbox 3441 294 3547 355">
    <p class='ocr_par' dir='ltr' id='par_1_5' title="bbox 3441 294 3547 355">
     <span class='ocr_line' id='line_1_5' title="bbox 3441 294 3547 355; baseline 0.009 -1"><span class='ocrx_word' id='word_1_10' title='bbox 3441 294 3547 355; x_wconf 63' lang='grc'>771</span> 
     </span>
    </p>
   </div>
   <div class='ocr_carea' id='block_1_6' title="bbox 261 407 3548 494">
    <p class='ocr_par' dir='ltr' id='par_1_6' title="bbox 261 407 3548 494">
     <span class='ocr_line' id='line_1_6' title="bbox 261 407 3548 494; baseline -0.006 -7"><span class='ocrx_word' id='word_1_11' title='bbox 261 440 397 494; x_wconf 84' lang='lat' dir='ltr'><strong><em>tam,</em></strong></span> <span class='ocrx_word' id='word_1_12' title='bbox 422 433 469 482; x_wconf 86' lang='lat' dir='ltr'><strong><em>et</em></strong></span> <span class='ocrx_word' id='word_1_13' title='bbox 496 423 749 483; x_wconf 86' lang='lat' dir='ltr'><strong><em>elementa</em></strong></span> <span class='ocrx_word' id='word_1_14' title='bbox 776 420 1030 493; x_wconf 79' lang='lat' dir='ltr'><strong><em>disposita</em></strong></span> <span class='ocrx_word' id='word_1_15' title='bbox 1056 436 1087 475; x_wconf 91' lang='lat' dir='ltr'><strong><em>a</em></strong></span> <span class='ocrx_word' id='word_1_16' title='bbox 1111 418 1258 475; x_wconf 84' lang='lat' dir='ltr'><strong><em>caelo</em></strong></span> <span class='ocrx_word' id='word_1_17' title='bbox 1286 435 1448 491; x_wconf 86' lang='lat' dir='ltr'><strong><em>usque</em></strong></span> <span class='ocrx_word' id='word_1_18' title='bbox 1471 419 1538 473; x_wconf 88' lang='lat' dir='ltr'><strong><em>ad</em></strong></span> <span class='ocrx_word' id='word_1_19' title='bbox 1562 427 1775 481; x_wconf 88' lang='lat' dir='ltr'><strong><em>terram,</em></strong></span> <span class='ocrx_word' id='word_1_20' title='bbox 1798 423 1846 470; x_wconf 86' lang='lat' dir='ltr'><strong><em>et</em></strong></span> <span class='ocrx_word' id='word_1_21' title='bbox 1876 418 1933 478; x_wconf 68' lang='grc' dir='ltr'><strong><em>Αε</em></strong></span> <span class='ocrx_word' id='word_1_22' title='bbox 1952 412 2026 468; x_wconf 84' lang='lat' dir='ltr'><strong><em>tia</em></strong></span> <span class='ocrx_word' id='word_1_23' title='bbox 2063 423 2271 476; x_wconf 89' lang='lat' dir='ltr'><strong><em>rerum,</em></strong></span> <span class='ocrx_word' id='word_1_24' title='bbox 2306 420 2444 481; x_wconf 88' lang='lat' dir='ltr'><strong><em>quae</em></strong></span> <span class='ocrx_word' id='word_1_25' title='bbox 2470 407 2612 488; x_wconf 77' lang='lat' dir='ltr'><strong><em>intra</em></strong></span> <span class='ocrx_word' id='word_1_26' title='bbox 2643 424 2704 465; x_wconf 90' lang='lat' dir='ltr'><strong><em>se</em></strong></span> <span class='ocrx_word' id='word_1_27' title='bbox 2728 409 3095 477; x_wconf 74' lang='lat' dir='ltr'><strong><em>continentur,</em></strong></span> <span class='ocrx_word' id='word_1_28' title='bbox 3118 409 3175 466; x_wconf 83' lang='lat' dir='ltr'><strong><em>in</em></strong></span> <span class='ocrx_word' id='word_1_29' title='bbox 3199 418 3407 467; x_wconf 78' lang='lat' dir='ltr'><strong><em>tantum</em></strong></span> <span class='ocrx_word' id='word_1_30' title='bbox 3434 427 3548 469; x_wconf 85' lang='lat' dir='ltr'><strong><em>me-</em></strong></span> 
     </span>
    </p>
   </div>
   <div class='ocr_carea' id='block_1_7' title="bbox 258 509 1847 595">
    <p class='ocr_par' dir='ltr' id='par_1_7' title="bbox 258 509 1847 595">
     <span class='ocr_line' id='line_1_7' title="bbox 258 509 1847 595; baseline -0.009 -20"><span class='ocrx_word' id='word_1_31' title='bbox 258 524 597 595; x_wconf 82' lang='lat' dir='ltr'><strong><em>q&#39;uaeetmque</em></strong></span> <span class='ocrx_word' id='word_1_32' title='bbox 621 530 843 587; x_wconf 85' lang='lat' dir='ltr'><strong><em>corpora</em></strong></span> <span class='ocrx_word' id='word_1_33' title='bbox 878 513 930 567; x_wconf 85' lang='lat' dir='ltr'><strong><em>in</em></strong></span> <span class='ocrx_word' id='word_1_34' title='bbox 958 514 1033 567; x_wconf 84' lang='lat' dir='ltr'><strong><em>eis</em></strong></span> <span class='ocrx_word' id='word_1_35' title='bbox 1073 521 1214 575; x_wconf 87' lang='lat' dir='ltr'><strong><em>sunt,</em></strong></span> <span class='ocrx_word' id='word_1_36' title='bbox 1250 510 1595 565; x_wconf 33' lang='lat' dir='ltr'><strong><em>sive&#39;onmem</em></strong></span> <span class='ocrx_word' id='word_1_37' title='bbox 1627 509 1645 540; x_wconf 77' lang='grc' dir='ltr'>ί</span> <span class='ocrx_word' id='word_1_38' title='bbox 1668 509 1847 567; x_wconf 85' lang='lat' dir='ltr'><strong><em>vitam,</em></strong></span> 
     </span>
    </p>
   </div>
   <div class='ocr_carea' id='block_1_8' title="bbox 256 597 1851 689">
    <p class='ocr_par' dir='ltr' id='par_1_8' title="bbox 256 597 1851 689">
     <span class='ocr_line' id='line_1_8' title="bbox 256 597 1851 689; baseline -0.013 -18"><span class='ocrx_word' id='word_1_39' title='bbox 256 614 340 672; x_wconf 81' lang='lat' dir='ltr'><strong><em>vel</em></strong></span> <span class='ocrx_word' id='word_1_40' title='bbox 379 627 511 689; x_wconf 83' lang='lat' dir='ltr'><strong><em>quae</em></strong></span> <span class='ocrx_word' id='word_1_41' title='bbox 547 610 711 664; x_wconf 86' lang='lat' dir='ltr'><strong><em>nutrit</em></strong></span> <span class='ocrx_word' id='word_1_42' title='bbox 741 617 791 662; x_wconf 87' lang='lat' dir='ltr'><strong><em>et</em></strong></span> <span class='ocrx_word' id='word_1_43' title='bbox 819 607 1066 685; x_wconf 86' lang='lat' dir='ltr'><strong><em>continet,</em></strong></span> <span class='ocrx_word' id='word_1_44' title='bbox 1118 602 1292 675; x_wconf 79' lang='lat' dir='ltr'><strong><em>qualis</em></strong></span> <span class='ocrx_word' id='word_1_45' title='bbox 1340 610 1415 656; x_wconf 90' lang='lat' dir='ltr'><strong><em>est</em></strong></span> <span class='ocrx_word' id='word_1_46' title='bbox 1456 602 1508 655; x_wconf 90' lang='lat' dir='ltr'><strong><em>in</em></strong></span> <span class='ocrx_word' id='word_1_47' title='bbox 1553 597 1851 662; x_wconf 78' lang='lat' dir='ltr'><strong><em>arboribus,</em></strong></span> 
     </span>
    </p>
   </div>
   <div class='ocr_carea' id='block_1_9' title="bbox 260 686 1851 779">
    <p class='ocr_par' dir='ltr' id='par_1_9' title="bbox 260 686 1851 779">
     <span class='ocr_line' id='line_1_9' title="bbox 260 686 1851 779; baseline -0.012 -19"><span class='ocrx_word' id='word_1_48' title='bbox 260 704 340 762; x_wconf 78' lang='lat' dir='ltr'><strong><em>uel</em></strong></span> <span class='ocrx_word' id='word_1_49' title='bbox 362 686 495 779; x_wconf 72' lang='lat' dir='ltr'><strong><em>quae</em></strong></span> <span class='ocrx_word' id='word_1_50' title='bbox 524 711 570 755; x_wconf 90' lang='lat' dir='ltr'><strong><em>et</em></strong></span> <span class='ocrx_word' id='word_1_51' title='bbox 593 701 720 756; x_wconf 83' lang='lat' dir='ltr'><strong><em>haec</em></strong></span> <span class='ocrx_word' id='word_1_52' title='bbox 747 696 899 752; x_wconf 82' lang='lat' dir='ltr'><strong><em>habet</em></strong></span> <span class='ocrx_word' id='word_1_53' title='bbox 919 705 967 751; x_wconf 90' lang='lat' dir='ltr'><strong><em>et</em></strong></span> <span class='ocrx_word' id='word_1_54' title='bbox 990 696 1167 760; x_wconf 83' lang='lat' dir='ltr'><strong><em>sentit,</em></strong></span> <span class='ocrx_word' id='word_1_55' title='bbox 1190 693 1361 766; x_wconf 77' lang='lat' dir='ltr'><strong><em>qualis</em></strong></span> <span class='ocrx_word' id='word_1_56' title='bbox 1383 700 1457 765; x_wconf 85' lang='lat' dir='ltr'><strong><em>est</em></strong></span> <span class='ocrx_word' id='word_1_57' title='bbox 1481 690 1535 745; x_wconf 87' lang='lat' dir='ltr'><strong><em>in</em></strong></span> <span class='ocrx_word' id='word_1_58' title='bbox 1558 686 1851 761; x_wconf 84' lang='lat' dir='ltr'><strong><em>pecoribus,</em></strong></span> 
     </span>
    </p>
   </div>
   <div class='ocr_carea' id='block_1_10' title="bbox 260 778 1856 866">
    <p class='ocr_par' dir='ltr' id='par_1_10' title="bbox 260 778 1856 866">
     <span class='ocr_line' id='line_1_10' title="bbox 260 778 1856 866; baseline -0.012 -14"><span class='ocrx_word' id='word_1_59' title='bbox 260 786 339 853; x_wconf 76' lang='grc' dir='ltr'><strong><em>υἳί</em></strong></span> <span class='ocrx_word' id='word_1_60' title='bbox 362 778 510 866; x_wconf 74' lang='lat' dir='ltr'><strong><em>quae</em></strong></span> <span class='ocrx_word' id='word_1_61' title='bbox 549 802 596 847; x_wconf 86' lang='lat' dir='ltr'><strong><em>et</em></strong></span> <span class='ocrx_word' id='word_1_62' title='bbox 641 788 768 844; x_wconf 84' lang='lat' dir='ltr'><strong><em>haec</em></strong></span> <span class='ocrx_word' id='word_1_63' title='bbox 799 787 951 843; x_wconf 82' lang='lat' dir='ltr'><strong><em>habet</em></strong></span> <span class='ocrx_word' id='word_1_64' title='bbox 983 797 1031 841; x_wconf 89' lang='lat' dir='ltr'><strong><em>et</em></strong></span> <span class='ocrx_word' id='word_1_65' title='bbox 1063 782 1334 855; x_wconf 75' lang='lat' dir='ltr'><strong><em>intelligit,</em></strong></span> <span class='ocrx_word' id='word_1_66' title='bbox 1383 781 1554 852; x_wconf 86' lang='lat' dir='ltr'><strong><em>qualis</em></strong></span> <span class='ocrx_word' id='word_1_67' title='bbox 1578 789 1649 834; x_wconf 86' lang='lat' dir='ltr'><strong><em>est</em></strong></span> <span class='ocrx_word' id='word_1_68' title='bbox 1679 780 1733 834; x_wconf 85' lang='lat' dir='ltr'><strong><em>in</em></strong></span> <span class='ocrx_word' id='word_1_69' title='bbox 1764 778 1856 834; x_wconf 80' lang='lat' dir='ltr'><strong><em>ho-</em></strong></span> 
     </span>
    </p>
   </div>
   <div class='ocr_carea' id='block_1_11' title="bbox 261 869 1875 951">
    <p class='ocr_par' dir='ltr' id='par_1_11' title="bbox 261 869 1875 951">
     <span class='ocr_line' id='line_1_11' title="bbox 261 869 1875 951; baseline -0.012 -10"><span class='ocrx_word' id='word_1_70' title='bbox 261 883 510 947; x_wconf 84' lang='lat' dir='ltr'><strong><em>minibus,</em></strong></span> <span class='ocrx_word' id='word_1_71' title='bbox 542 880 620 936; x_wconf 78' lang='lat' dir='ltr'><strong><em>uel</em></strong></span> <span class='ocrx_word' id='word_1_72' title='bbox 647 895 782 951; x_wconf 87' lang='lat' dir='ltr'><strong><em>quae</em></strong></span> <span class='ocrx_word' id='word_1_73' title='bbox 812 876 1090 932; x_wconf 87' lang='lat' dir='ltr'><strong><em>nutritorio</em></strong></span> <span class='ocrx_word' id='word_1_74' title='bbox 1123 872 1356 928; x_wconf 83' lang='lat' dir='ltr'><strong><em>subsidio</em></strong></span> <span class='ocrx_word' id='word_1_75' title='bbox 1388 888 1491 926; x_wconf 88' lang='lat' dir='ltr'><strong><em>non</em></strong></span> <span class='ocrx_word' id='word_1_76' title='bbox 1522 871 1736 942; x_wconf 84' lang='lat' dir='ltr'><strong><em>indiget,</em></strong></span> <span class='ocrx_word' id='word_1_77' title='bbox 1766 869 1875 922; x_wconf 63' lang='lat' dir='ltr'><strong><em>scd’</em></strong></span> 
     </span>
    </p>
   </div>
   <div class='ocr_carea' id='block_1_12' title="bbox 262 964 1860 1037">
    <p class='ocr_par' dir='ltr' id='par_1_12' title="bbox 262 964 1860 1037">
     <span class='ocr_line' id='line_1_12' title="bbox 262 964 1860 1037; baseline -0.01 -6"><span class='ocrx_word' id='word_1_78' title='bbox 262 986 468 1032; x_wconf 81' lang='lat' dir='ltr'><strong><em>tantum</em></strong></span> <span class='ocrx_word' id='word_1_79' title='bbox 509 972 766 1036; x_wconf 75' lang='lat' dir='ltr'><strong><em>continet,</em></strong></span> <span class='ocrx_word' id='word_1_80' title='bbox 807 969 982 1034; x_wconf 85' lang='lat' dir='ltr'><strong><em>sentit,</em></strong></span> <span class='ocrx_word' id='word_1_81' title='bbox 1016 968 1290 1037; x_wconf 68' lang='lat' dir='ltr'><strong><em>intelligit,</em></strong></span> <span class='ocrx_word' id='word_1_82' title='bbox 1322 965 1493 1036; x_wconf 80' lang='lat' dir='ltr'><strong><em>quatis</em></strong></span> <span class='ocrx_word' id='word_1_83' title='bbox 1518 964 1674 1019; x_wconf 83' lang='lat' dir='ltr'><strong><em>estin</em></strong></span> <span class='ocrx_word' id='word_1_84' title='bbox 1709 978 1860 1034; x_wconf 83' lang='lat' dir='ltr'><strong><em>ange-</em></strong></span> 
     </span>
    </p>
   </div>
   <div class='ocr_carea' id='block_1_13' title="bbox 181 1052 1856 1133">
    <p class='ocr_par' dir='ltr' id='par_1_13' title="bbox 181 1052 1856 1133">
     <span class='ocr_line' id='line_1_13' title="bbox 181 1052 1856 1133; baseline -0.008 -13"><span class='ocrx_word' id='word_1_85' title='bbox 263 1052 498 1131; x_wconf 20' lang='lat' dir='ltr'><strong><em>lis,‘nisi</em></strong></span> <span class='ocrx_word' id='word_1_86' title='bbox 538 1061 602 1117; x_wconf 90' lang='lat' dir='ltr'><strong><em>ab</em></strong></span> <span class='ocrx_word' id='word_1_87' title='bbox 644 1059 736 1114; x_wconf 80' lang='lat' dir='ltr'><strong><em>illo</em></strong></span> <span class='ocrx_word' id='word_1_88' title='bbox 772 1074 882 1114; x_wconf 87' lang='lat' dir='ltr'><strong><em>esse</em></strong></span> <span class='ocrx_word' id='word_1_89' title='bbox 925 1074 1030 1133; x_wconf 87' lang='lat' dir='ltr'><strong><em>non</em></strong></span> <span class='ocrx_word' id='word_1_90' title='bbox 1070 1074 1241 1129; x_wconf 86' lang='lat' dir='ltr'><strong><em>posse,</em></strong></span> <span class='ocrx_word' id='word_1_91' title='bbox 1285 1057 1374 1127; x_wconf 84' lang='lat' dir='ltr'><strong><em>qui</em></strong></span> <span class='ocrx_word' id='word_1_92' title='bbox 1421 1054 1727 1124; x_wconf 76' lang='lat' dir='ltr'><strong><em>simpliciter</em></strong></span> <span class='ocrx_word' id='word_1_93' title='bbox 1760 1060 1856 1108; x_wconf 89' lang='lat' dir='ltr'><strong><em>est.</em></strong></span> 
     </span>
    </p>
   </div>
   <div class='ocr_carea' id='block_1_14' title="bbox 265 1142 1871 1213">
    <p class='ocr_par' dir='ltr' id='par_1_14' title="bbox 265 1142 1871 1213">
     <span class='ocr_line' id='line_1_14' title="bbox 265 1142 1871 1213; baseline -0.009 1"><span class='ocrx_word' id='word_1_94' title='bbox 265 1156 344 1213; x_wconf 82' lang='lat' dir='ltr'><strong><em>De</em></strong></span> <span class='ocrx_word' id='word_1_95' title='bbox 368 1170 528 1211; x_wconf 88' lang='lat' dir='ltr'><strong><em>sensu</em></strong></span> <span class='ocrx_word' id='word_1_96' title='bbox 555 1154 737 1207; x_wconf 86' lang='lat' dir='ltr'><strong><em>tamen</em></strong></span> <span class='ocrx_word' id='word_1_97' title='bbox 761 1148 1008 1205; x_wconf 89' lang='lat' dir='ltr'><strong><em>interiori</em></strong></span> <span class='ocrx_word' id='word_1_98' title='bbox 1030 1142 1234 1203; x_wconf 72' lang='lat' dir='ltr'><strong><em>dixisse</em></strong></span> <span class='ocrx_word' id='word_1_99' title='bbox 1257 1144 1601 1202; x_wconf 83' lang='lat' dir='ltr'><strong><em>crediderim.</em></strong></span> <span class='ocrx_word' id='word_1_100' title='bbox 1623 1145 1871 1200; x_wconf 73' lang='lat' dir='ltr'><strong><em>Proinde</em></strong></span> 
     </span>
    </p>
   </div>
   <div class='ocr_carea' id='block_1_15' title="bbox 267 1236 1860 1312">
    <p class='ocr_par' dir='ltr' id='par_1_15' title="bbox 267 1236 1860 1312">
     <span class='ocr_line' id='line_1_15' title="bbox 267 1236 1860 1312; baseline -0.009 -8"><span class='ocrx_word' id='word_1_101' title='bbox 267 1245 557 1304; x_wconf 71' lang='lat' dir='ltr'><strong><em>caelestem</em></strong></span> <span class='ocrx_word' id='word_1_102' title='bbox 602 1242 896 1300; x_wconf 82' lang='lat' dir='ltr'><strong><em>essentiam</em></strong></span> <span class='ocrx_word' id='word_1_103' title='bbox 945 1239 1300 1312; x_wconf 87' lang='lat' dir='ltr'><strong><em>plurimarum</em></strong></span> <span class='ocrx_word' id='word_1_104' title='bbox 1348 1249 1575 1293; x_wconf 87' lang='lat' dir='ltr'><strong><em>naturae</em></strong></span> <span class='ocrx_word' id='word_1_105' title='bbox 1625 1236 1860 1307; x_wconf 85' lang='lat' dir='ltr'><strong><em>partium</em></strong></span> 
     </span>
    </p>
   </div>
   <div class='ocr_carea' id='block_1_16' title="bbox 269 1328 1875 1407">
    <p class='ocr_par' dir='ltr' id='par_1_16' title="bbox 269 1328 1875 1407">
     <span class='ocr_line' id='line_1_16' title="bbox 269 1328 1875 1407; baseline -0.011 -10"><span class='ocrx_word' id='word_1_106' title='bbox 269 1340 700 1407; x_wconf 86' lang='lat' dir='ltr'><strong><em>motionumque,</em></strong></span> <span class='ocrx_word' id='word_1_107' title='bbox 728 1346 868 1405; x_wconf 85' lang='lat' dir='ltr'><strong><em>quae</em></strong></span> <span class='ocrx_word' id='word_1_108' title='bbox 890 1330 1213 1387; x_wconf 81' lang='lat' dir='ltr'><strong><em>naturaliter</em></strong></span> <span class='ocrx_word' id='word_1_109' title='bbox 1240 1330 1512 1383; x_wconf 84' lang='lat' dir='ltr'><strong><em>humanae</em></strong></span> <span class='ocrx_word' id='word_1_110' title='bbox 1544 1328 1729 1382; x_wconf 87' lang='lat' dir='ltr'><strong><em>insunt</em></strong></span> <span class='ocrx_word' id='word_1_111' title='bbox 1760 1332 1875 1379; x_wconf 87' lang='lat' dir='ltr'><strong><em>na-&#39;</em></strong></span> 
     </span>
    </p>
   </div>
   <div class='ocr_carea' id='block_1_17' title="bbox 271 1410 1862 1498">
    <p class='ocr_par' dir='ltr' id='par_1_17' title="bbox 271 1410 1862 1498">
     <span class='ocr_line' id='line_1_17' title="bbox 271 1410 1862 1498; baseline -0.011 -12"><span class='ocrx_word' id='word_1_112' title='bbox 271 1416 447 1493; x_wconf 78' lang='lat' dir='ltr'><strong><em>turae,</em></strong></span> <span class='ocrx_word' id='word_1_113' title='bbox 475 1410 750 1498; x_wconf 85' lang='lat' dir='ltr'><strong><em>expertem</em></strong></span> <span class='ocrx_word' id='word_1_114' title='bbox 770 1423 892 1494; x_wconf 85' lang='lat' dir='ltr'><strong><em>quis</em></strong></span> <span class='ocrx_word' id='word_1_115' title='bbox 920 1422 1165 1492; x_wconf 82' lang='lat' dir='ltr'><strong><em>ignorat?</em></strong></span> <span class='ocrx_word' id='word_1_116' title='bbox 1192 1420 1394 1475; x_wconf 88' lang='lat' dir='ltr'><strong><em>Eorum</em></strong></span> <span class='ocrx_word' id='word_1_117' title='bbox 1419 1419 1583 1473; x_wconf 86' lang='lat' dir='ltr'><strong><em>etiam</em></strong></span> <span class='ocrx_word' id='word_1_118' title='bbox 1614 1416 1862 1471; x_wconf 82' lang='lat' dir='ltr'><strong><em>notitiam</em></strong></span> 
     </span>
    </p>
   </div>
   <div class='ocr_carea' id='block_1_18' title="bbox 272 1508 1871 1593">
    <p class='ocr_par' dir='ltr' id='par_1_18' title="bbox 272 1508 1871 1593">
     <span class='ocr_line' id='line_1_18' title="bbox 272 1508 1871 1593; baseline -0.012 -16"><span class='ocrx_word' id='word_1_119' title='bbox 272 1535 413 1593; x_wconf 84' lang='lat' dir='ltr'><strong><em>quae</em></strong></span> <span class='ocrx_word' id='word_1_120' title='bbox 438 1518 513 1587; x_wconf 88' lang='lat' dir='ltr'><strong><em>ei,</em></strong></span> <span class='ocrx_word' id='word_1_121' title='bbox 557 1514 778 1572; x_wconf 82' lang='lat' dir='ltr'><strong><em>caelesti</em></strong></span> <span class='ocrx_word' id='word_1_122' title='bbox 804 1514 925 1570; x_wconf 89' lang='lat' dir='ltr'><strong><em>dico</em></strong></span> <span class='ocrx_word' id='word_1_123' title='bbox 953 1512 1293 1568; x_wconf 82' lang='lat' dir='ltr'><strong><em>substantiae</em></strong></span> <span class='ocrx_word' id='word_1_124' title='bbox 1323 1511 1380 1575; x_wconf 82' lang='lat'><strong><em>&#39;,</em></strong></span> <span class='ocrx_word' id='word_1_125' title='bbox 1423 1517 1519 1564; x_wconf 88' lang='lat' dir='ltr'><strong><em>aut</em></strong></span> <span class='ocrx_word' id='word_1_126' title='bbox 1566 1508 1871 1564; x_wconf 70' lang='lat' dir='ltr'><strong><em>secundum:</em></strong></span> 
     </span>
    </p>
   </div>
   <div class='ocr_carea' id='block_1_19' title="bbox 274 1592 1915 1670">
    <p class='ocr_par' dir='ltr' id='par_1_19' title="bbox 274 1592 1915 1670">
     <span class='ocr_line' id='line_1_19' title="bbox 274 1592 1915 1670; baseline -0.011 -2"><span class='ocrx_word' id='word_1_127' title='bbox 274 1592 631 1669; x_wconf 80' lang='lat' dir='ltr'><strong><em>substantiam</em></strong></span> <span class='ocrx_word' id='word_1_128' title='bbox 659 1623 765 1664; x_wconf 90' lang='lat' dir='ltr'><strong><em>non</em></strong></span> <span class='ocrx_word' id='word_1_129' title='bbox 789 1606 1006 1670; x_wconf 90' lang='lat' dir='ltr'><strong><em>insunt,</em></strong></span> <span class='ocrx_word' id='word_1_130' title='bbox 1036 1614 1131 1660; x_wconf 87' lang='lat' dir='ltr'><strong><em>aut</em></strong></span> <span class='ocrx_word' id='word_1_131' title='bbox 1152 1603 1449 1659; x_wconf 89' lang='lat' dir='ltr'><strong><em>secundum</em></strong></span> <span class='ocrx_word' id='word_1_132' title='bbox 1472 1601 1725 1657; x_wconf 85' lang='lat' dir='ltr'><strong><em>accidens</em></strong></span> <span class='ocrx_word' id='word_1_133' title='bbox 1756 1592 1869 1654; x_wconf 76' lang='lat' dir='ltr'><strong><em>non</em></strong></span> <span class='ocrx_word' id='word_1_134' title='bbox 1912 1632 1915 1635; x_wconf 53' lang='grc' dir='ltr'>μ</span> 
     </span>
    </p>
   </div>
   <div class='ocr_carea' id='block_1_20' title="bbox 274 1689 1869 1773">
    <p class='ocr_par' dir='ltr' id='par_1_20' title="bbox 274 1689 1869 1773">
     <span class='ocr_line' id='line_1_20' title="bbox 274 1689 1869 1773; baseline -0.011 -12"><span class='ocrx_word' id='word_1_135' title='bbox 274 1703 613 1773; x_wconf 81' lang='lat' dir='ltr'><strong><em>contingunt,</em></strong></span> <span class='ocrx_word' id='word_1_136' title='bbox 636 1714 744 1755; x_wconf 89' lang='lat' dir='ltr'><strong><em>non</em></strong></span> <span class='ocrx_word' id='word_1_137' title='bbox 775 1697 979 1753; x_wconf 89' lang='lat' dir='ltr'><strong><em>habere</em></strong></span> <span class='ocrx_word' id='word_1_138' title='bbox 1004 1710 1133 1751; x_wconf 88' lang='lat' dir='ltr'><strong><em>vera</em></strong></span> <span class='ocrx_word' id='word_1_139' title='bbox 1163 1702 1392 1750; x_wconf 83' lang='lat' dir='ltr'><strong><em>testatur</em></strong></span> <span class='ocrx_word' id='word_1_140' title='bbox 1416 1691 1575 1747; x_wconf 85' lang='lat' dir='ltr'><strong><em>ratio.</em></strong></span> <span class='ocrx_word' id='word_1_141' title='bbox 1604 1689 1869 1759; x_wconf 79' lang='lat' dir='ltr'><strong><em>Quamvis</em></strong></span> 
     </span>
    </p>
   </div>
   <div class='ocr_carea' id='block_1_21' title="bbox 1957 501 3550 578">
    <p class='ocr_par' dir='ltr' id='par_1_21' title="bbox 1957 501 3550 578">
     <span class='ocr_line' id='line_1_21' title="bbox 1957 501 3550 578; baseline 0.003 -19"><span class='ocrx_word' id='word_1_142' title='bbox 1957 503 2062 559; x_wconf 85' lang='lat' dir='ltr'><strong><em>lior</em></strong></span> <span class='ocrx_word' id='word_1_143' title='bbox 2086 510 2172 559; x_wconf 89' lang='lat' dir='ltr'><strong><em>est</em></strong></span> <span class='ocrx_word' id='word_1_144' title='bbox 2208 501 2294 558; x_wconf 85' lang='lat' dir='ltr'><strong><em>his</em></strong></span> <span class='ocrx_word' id='word_1_145' title='bbox 2318 544 2332 568; x_wconf 95' lang='lat'><strong><em>,</em></strong></span> <span class='ocrx_word' id='word_1_146' title='bbox 2372 516 2603 572; x_wconf 87' lang='lat' dir='ltr'><strong><em>quorum</em></strong></span> <span class='ocrx_word' id='word_1_147' title='bbox 2636 504 2827 560; x_wconf 87' lang='lat' dir='ltr'><strong><em>notitia</em></strong></span> <span class='ocrx_word' id='word_1_148' title='bbox 2852 514 2951 570; x_wconf 89' lang='lat' dir='ltr'><strong><em>est,</em></strong></span> <span class='ocrx_word' id='word_1_149' title='bbox 2980 507 3035 561; x_wconf 90' lang='lat' dir='ltr'><strong><em>in</em></strong></span> <span class='ocrx_word' id='word_1_150' title='bbox 3067 516 3329 578; x_wconf 88' lang='lat' dir='ltr'><strong><em>quantum</em></strong></span> <span class='ocrx_word' id='word_1_151' title='bbox 3356 507 3550 563; x_wconf 79' lang='lat' dir='ltr'><strong><em>melior</em></strong></span> 
     </span>
    </p>
   </div>
   <div class='ocr_carea' id='block_1_22' title="bbox 1958 593 3551 664">
    <p class='ocr_par' dir='ltr' id='par_1_22' title="bbox 1958 593 3551 664">
     <span class='ocr_line' id='line_1_22' title="bbox 1958 593 3551 664; baseline 0.003 -15"><span class='ocrx_word' id='word_1_152' title='bbox 1958 602 2043 649; x_wconf 89' lang='lat' dir='ltr'><strong><em>est</em></strong></span> <span class='ocrx_word' id='word_1_153' title='bbox 2071 602 2288 658; x_wconf 87' lang='lat' dir='ltr'><strong><em>natura,</em></strong></span> <span class='ocrx_word' id='word_1_154' title='bbox 2314 593 2368 648; x_wconf 90' lang='lat' dir='ltr'><strong><em>in</em></strong></span> <span class='ocrx_word' id='word_1_155' title='bbox 2398 607 2505 664; x_wconf 87' lang='lat' dir='ltr'><strong><em>qua</em></strong></span> <span class='ocrx_word' id='word_1_156' title='bbox 2530 596 2821 650; x_wconf 89' lang='lat' dir='ltr'><strong><em>constituta</em></strong></span> <span class='ocrx_word' id='word_1_157' title='bbox 2843 604 2945 651; x_wconf 92' lang='lat' dir='ltr'><strong><em>est.</em></strong></span> <span class='ocrx_word' id='word_1_158' title='bbox 2968 593 3158 653; x_wconf 89' lang='lat' dir='ltr'><strong><em>Omnis</em></strong></span> <span class='ocrx_word' id='word_1_159' title='bbox 3179 604 3358 652; x_wconf 89' lang='lat' dir='ltr'><strong><em>autem</em></strong></span> <span class='ocrx_word' id='word_1_160' title='bbox 3380 598 3551 653; x_wconf 48' lang='lat' dir='ltr'><strong><em>ratius</em></strong></span> 
     </span>
    </p>
   </div>
   <div class='ocr_carea' id='block_1_23' title="bbox 1960 686 3546 749">
    <p class='ocr_par' dir='ltr' id='par_1_23' title="bbox 1960 686 3546 749">
     <span class='ocr_line' id='line_1_23' title="bbox 1960 686 3546 749; baseline 0.004 -7"><span class='ocrx_word' id='word_1_161' title='bbox 1960 686 2154 743; x_wconf 86' lang='lat' dir='ltr'><strong><em>nabilis</em></strong></span> <span class='ocrx_word' id='word_1_162' title='bbox 2182 697 2376 743; x_wconf 85' lang='lat' dir='ltr'><strong><em>natura</em></strong></span> <span class='ocrx_word' id='word_1_163' title='bbox 2403 690 2550 744; x_wconf 88' lang='lat' dir='ltr'><strong><em>omni</em></strong></span> <span class='ocrx_word' id='word_1_164' title='bbox 2578 689 2936 747; x_wconf 87' lang='lat' dir='ltr'><strong><em>irrationabili</em></strong></span> <span class='ocrx_word' id='word_1_165' title='bbox 2965 700 3020 748; x_wconf 87' lang='lat' dir='ltr'><strong><em>et</em></strong></span> <span class='ocrx_word' id='word_1_166' title='bbox 3043 693 3289 749; x_wconf 80' lang='lat' dir='ltr'><strong><em>sensibili</em></strong></span> <span class='ocrx_word' id='word_1_167' title='bbox 3318 703 3546 749; x_wconf 84' lang='lat' dir='ltr'><strong><em>naturae</em></strong></span> 
     </span>
    </p>
   </div>
   <div class='ocr_carea' id='block_1_24' title="bbox 1963 778 3570 869">
    <p class='ocr_par' dir='ltr' id='par_1_24' title="bbox 1963 778 3570 869">
     <span class='ocr_line' id='line_1_24' title="bbox 1963 778 3570 869; baseline 0.003 -35"><span class='ocrx_word' id='word_1_168' title='bbox 1963 786 2110 869; x_wconf 82' lang='lat' dir='ltr'><strong><em>recta</em></strong></span> <span class='ocrx_word' id='word_1_169' title='bbox 2139 778 2351 865; x_wconf 80' lang='lat' dir='ltr'><strong><em>ratione</em></strong></span> <span class='ocrx_word' id='word_1_170' title='bbox 2379 781 2754 850; x_wconf 80' lang='lat' dir='ltr'><strong><em>praeponitur,</em></strong></span> <span class='ocrx_word' id='word_1_171' title='bbox 2777 783 3033 852; x_wconf 86' lang='lat' dir='ltr'><strong><em>quoniam</em></strong></span> <span class='ocrx_word' id='word_1_172' title='bbox 3064 782 3175 839; x_wconf 88' lang='lat' dir='ltr'><strong><em>Deo</em></strong></span> <span class='ocrx_word' id='word_1_173' title='bbox 3200 785 3570 856; x_wconf 87' lang='lat' dir='ltr'><strong><em>propinquior-</em></strong></span> 
     </span>
    </p>
   </div>
   <div class='ocr_carea' id='block_1_25' title="bbox 1961 870 3551 944">
    <p class='ocr_par' dir='ltr' id='par_1_25' title="bbox 1961 870 3551 944">
     <span class='ocr_line' id='line_1_25' title="bbox 1961 870 3551 944; baseline 0.003 -15"><span class='ocrx_word' id='word_1_174' title='bbox 1961 879 2067 929; x_wconf 85' lang='lat' dir='ltr'><strong><em>est.</em></strong></span> <span class='ocrx_word' id='word_1_175' title='bbox 2099 870 2440 942; x_wconf 82' lang='lat' dir='ltr'><strong><em>Quapropter</em></strong></span> <span class='ocrx_word' id='word_1_176' title='bbox 2475 882 2531 927; x_wconf 90' lang='lat' dir='ltr'><strong><em>et</em></strong></span> <span class='ocrx_word' id='word_1_177' title='bbox 2561 888 2668 943; x_wconf 88' lang='lat' dir='ltr'><strong><em>res,</em></strong></span> <span class='ocrx_word' id='word_1_178' title='bbox 2700 888 2930 944; x_wconf 88' lang='lat' dir='ltr'><strong><em>quarum</em></strong></span> <span class='ocrx_word' id='word_1_179' title='bbox 2960 873 2982 906; x_wconf 78' lang='lat'><strong>’</strong></span> <span class='ocrx_word' id='word_1_180' title='bbox 3013 875 3239 930; x_wconf 85' lang='lat' dir='ltr'><strong><em>notitiae</em></strong></span> <span class='ocrx_word' id='word_1_181' title='bbox 3283 875 3551 933; x_wconf 86' lang='lat' dir='ltr'><strong><em>humanae</em></strong></span> 
     </span>
    </p>
   </div>
   <div class='ocr_carea' id='block_1_26' title="bbox 1963 965 3553 1030">
    <p class='ocr_par' dir='ltr' id='par_1_26' title="bbox 1963 965 3553 1030">
     <span class='ocr_line' id='line_1_26' title="bbox 1963 965 3553 1030; baseline 0.002 -9"><span class='ocrx_word' id='word_1_182' title='bbox 1963 973 2190 1021; x_wconf 89' lang='lat' dir='ltr'><strong><em>naturae</em></strong></span> <span class='ocrx_word' id='word_1_183' title='bbox 2220 965 2424 1030; x_wconf 84' lang='lat' dir='ltr'><strong><em>insunt,</em></strong></span> <span class='ocrx_word' id='word_1_184' title='bbox 2461 965 2515 1019; x_wconf 89' lang='lat' dir='ltr'><strong><em>in</em></strong></span> <span class='ocrx_word' id='word_1_185' title='bbox 2546 965 2659 1021; x_wconf 85' lang='lat' dir='ltr'><strong><em>suis</em></strong></span> <span class='ocrx_word' id='word_1_186' title='bbox 2681 965 2992 1021; x_wconf 90' lang='lat' dir='ltr'><strong><em>notionibus</em></strong></span> <span class='ocrx_word' id='word_1_187' title='bbox 3012 966 3308 1023; x_wconf 85' lang='lat' dir='ltr'><strong><em>subsistere</em></strong></span> <span class='ocrx_word' id='word_1_188' title='bbox 3335 984 3441 1024; x_wconf 90' lang='lat' dir='ltr'><strong><em>non</em></strong></span> <span class='ocrx_word' id='word_1_189' title='bbox 3466 969 3553 1024; x_wconf 86' lang='lat' dir='ltr'><strong><em>in-</em></strong></span> 
     </span>
    </p>
   </div>
   <div class='ocr_carea' id='block_1_27' title="bbox 1965 1056 3550 1143">
    <p class='ocr_par' dir='ltr' id='par_1_27' title="bbox 1965 1056 3550 1143">
     <span class='ocr_line' id='line_1_27' title="bbox 1965 1056 3550 1143; baseline 0.003 -30"><span class='ocrx_word' id='word_1_190' title='bbox 1965 1071 2203 1128; x_wconf 76' lang='lat' dir='ltr'><strong><em>congrue</em></strong></span> <span class='ocrx_word' id='word_1_191' title='bbox 2233 1057 2620 1143; x_wconf 84' lang='lat' dir='ltr'><strong><em>intclliguntur.</em></strong></span> <span class='ocrx_word' id='word_1_192' title='bbox 2654 1056 2761 1114; x_wconf 78' lang='lat' dir='ltr'><strong><em>&#39;Ubi</em></strong></span> <span class='ocrx_word' id='word_1_193' title='bbox 2794 1060 2938 1114; x_wconf 87' lang='lat' dir='ltr'><strong><em>enim</em></strong></span> <span class='ocrx_word' id='word_1_194' title='bbox 2969 1059 3159 1115; x_wconf 85' lang='lat' dir='ltr'><strong><em>melius</em></strong></span> <span class='ocrx_word' id='word_1_195' title='bbox 3174 1061 3550 1132; x_wconf 82' lang='lat' dir='ltr'><strong><em>cognitionem</em></strong></span> 
     </span>
    </p>
   </div>
   <div class='ocr_carea' id='block_1_28' title="bbox 1966 1140 3553 1223">
    <p class='ocr_par' dir='ltr' id='par_1_28' title="bbox 1966 1140 3553 1223">
     <span class='ocr_line' id='line_1_28' title="bbox 1966 1140 3553 1223; baseline 0.001 -16"><span class='ocrx_word' id='word_1_196' title='bbox 1966 1164 2120 1207; x_wconf 86' lang='lat' dir='ltr'><strong><em>suam</em></strong></span> <span class='ocrx_word' id='word_1_197' title='bbox 2142 1140 2444 1218; x_wconf 88' lang='lat' dir='ltr'><strong><em>patiuntur,</em></strong></span> <span class='ocrx_word' id='word_1_198' title='bbox 2476 1140 2548 1205; x_wconf 80' lang='lat' dir='ltr'><strong><em>ibi</em></strong></span> <span class='ocrx_word' id='word_1_199' title='bbox 2586 1151 2768 1206; x_wconf 89' lang='lat' dir='ltr'><strong><em>verius</em></strong></span> <span class='ocrx_word' id='word_1_200' title='bbox 2795 1152 3029 1208; x_wconf 77' lang='lat' dir='ltr'><strong><em>existere</em></strong></span> <span class='ocrx_word' id='word_1_201' title='bbox 3050 1152 3378 1223; x_wconf 76' lang='lat' dir='ltr'><strong><em>iudicandae</em></strong></span> <span class='ocrx_word' id='word_1_202' title='bbox 3406 1163 3553 1209; x_wconf 90' lang='lat' dir='ltr'><strong><em>sunt.</em></strong></span> 
     </span>
    </p>
   </div>
   <div class='ocr_carea' id='block_1_29' title="bbox 1967 1232 3554 1315">
    <p class='ocr_par' dir='ltr' id='par_1_29' title="bbox 1967 1232 3554 1315">
     <span class='ocr_line' id='line_1_29' title="bbox 1967 1232 3554 1315; baseline 0.003 -18"><span class='ocrx_word' id='word_1_203' title='bbox 1967 1241 2138 1297; x_wconf 87' lang='lat' dir='ltr'><strong><em>Porro</em></strong></span> <span class='ocrx_word' id='word_1_204' title='bbox 2186 1242 2229 1298; x_wconf 90' lang='lat' dir='ltr'><strong><em>si</em></strong></span> <span class='ocrx_word' id='word_1_205' title='bbox 2278 1257 2366 1298; x_wconf 90' lang='lat' dir='ltr'><strong><em>res</em></strong></span> <span class='ocrx_word' id='word_1_206' title='bbox 2400 1232 2557 1313; x_wconf 84' lang='lat' dir='ltr'><strong><em>ipsae</em></strong></span> <span class='ocrx_word' id='word_1_207' title='bbox 2588 1245 2640 1298; x_wconf 90' lang='lat' dir='ltr'><strong><em>in</em></strong></span> <span class='ocrx_word' id='word_1_208' title='bbox 2673 1245 2984 1300; x_wconf 88' lang='lat' dir='ltr'><strong><em>notionibus</em></strong></span> <span class='ocrx_word' id='word_1_209' title='bbox 3032 1247 3145 1302; x_wconf 87' lang='lat' dir='ltr'><strong><em>suis</em></strong></span> <span class='ocrx_word' id='word_1_210' title='bbox 3173 1246 3354 1302; x_wconf 89' lang='lat' dir='ltr'><strong><em>verius</em></strong></span> <span class='ocrx_word' id='word_1_211' title='bbox 3391 1260 3554 1315; x_wconf 85' lang='lat' dir='ltr'><strong><em>quam</em></strong></span> 
     </span>
    </p>
   </div>
   <div class='ocr_carea' id='block_1_30' title="bbox 1968 1334 3556 1404">
    <p class='ocr_par' dir='ltr' id='par_1_30' title="bbox 1968 1334 3556 1404">
     <span class='ocr_line' id='line_1_30' title="bbox 1968 1334 3556 1404; baseline 0.003 -15"><span class='ocrx_word' id='word_1_212' title='bbox 1968 1334 2023 1389; x_wconf 86' lang='lat' dir='ltr'><strong><em>in</em></strong></span> <span class='ocrx_word' id='word_1_213' title='bbox 2054 1334 2246 1404; x_wconf 88' lang='lat' dir='ltr'><strong><em>seipsis</em></strong></span> <span class='ocrx_word' id='word_1_214' title='bbox 2270 1334 2598 1401; x_wconf 90' lang='lat' dir='ltr'><strong><em>subsistunt,</em></strong></span> <span class='ocrx_word' id='word_1_215' title='bbox 2631 1337 2856 1391; x_wconf 82' lang='lat' dir='ltr'><strong><em>notitiae</em></strong></span> <span class='ocrx_word' id='word_1_216' title='bbox 2891 1346 3072 1392; x_wconf 87' lang='lat' dir='ltr'><strong><em>autem</em></strong></span> <span class='ocrx_word' id='word_1_217' title='bbox 3117 1353 3305 1395; x_wconf 88' lang='lat' dir='ltr'><strong><em>earum</em></strong></span> <span class='ocrx_word' id='word_1_218' title='bbox 3347 1339 3556 1394; x_wconf 87' lang='lat' dir='ltr'><strong><em>homini</em></strong></span> 
     </span>
    </p>
   </div>
   <div class='ocr_carea' id='block_1_31' title="bbox 1971 1416 3563 1499">
    <p class='ocr_par' dir='ltr' id='par_1_31' title="bbox 1971 1416 3563 1499">
     <span class='ocr_line' id='line_1_31' title="bbox 1971 1416 3563 1499; baseline 0.005 -20"><span class='ocrx_word' id='word_1_219' title='bbox 1971 1425 2295 1482; x_wconf 84' lang='lat' dir='ltr'><strong><em>naturaliter</em></strong></span> <span class='ocrx_word' id='word_1_220' title='bbox 2343 1426 2553 1493; x_wconf 81' lang='lat' dir='ltr'><strong><em>insunt,</em></strong></span> <span class='ocrx_word' id='word_1_221' title='bbox 2598 1428 2651 1483; x_wconf 87' lang='lat' dir='ltr'><strong><em>in</em></strong></span> <span class='ocrx_word' id='word_1_222' title='bbox 2699 1429 2918 1483; x_wconf 84' lang='lat' dir='ltr'><strong><em>homine</em></strong></span> <span class='ocrx_word' id='word_1_223' title='bbox 2970 1416 3134 1499; x_wconf 75' lang='lat' dir='ltr'><strong><em>igitur</em></strong></span> <span class='ocrx_word' id='word_1_224' title='bbox 3181 1430 3563 1487; x_wconf 75' lang='lat' dir='ltr'><strong><em>uuiVersaliter</em></strong></span> 
     </span>
    </p>
   </div>
   <div class='ocr_carea' id='block_1_32' title="bbox 1972 1506 3562 1587">
    <p class='ocr_par' dir='ltr' id='par_1_32' title="bbox 1972 1506 3562 1587">
     <span class='ocr_line' id='line_1_32' title="bbox 1972 1506 3562 1587; baseline 0.002 -14"><span class='ocrx_word' id='word_1_225' title='bbox 1972 1526 2190 1573; x_wconf 87' lang='lat' dir='ltr'><strong><em>creatae</em></strong></span> <span class='ocrx_word' id='word_1_226' title='bbox 2215 1526 2364 1573; x_wconf 90' lang='lat' dir='ltr'><strong><em>sunt.</em></strong></span> <span class='ocrx_word' id='word_1_227' title='bbox 2388 1518 2542 1587; x_wconf 82' lang='lat' dir='ltr'><strong><em>Quod</em></strong></span> <span class='ocrx_word' id='word_1_228' title='bbox 2571 1518 2777 1577; x_wconf 88' lang='lat' dir='ltr'><strong><em>reditus</em></strong></span> <span class='ocrx_word' id='word_1_229' title='bbox 2810 1506 3051 1576; x_wconf 80' lang='lat' dir='ltr'><strong><em>omnium</em></strong></span> <span class='ocrx_word' id='word_1_230' title='bbox 3082 1523 3136 1577; x_wconf 91' lang='lat' dir='ltr'><strong><em>in</em></strong></span> <span class='ocrx_word' id='word_1_231' title='bbox 3157 1522 3430 1578; x_wconf 85' lang='lat' dir='ltr'><strong><em>hominem</em></strong></span> <span class='ocrx_word' id='word_1_232' title='bbox 3461 1536 3562 1577; x_wconf 81' lang='lat' dir='ltr'><strong><em>suo</em></strong></span> 
     </span>
    </p>
   </div>
   <div class='ocr_carea' id='block_1_33' title="bbox 1975 1609 3560 1683">
    <p class='ocr_par' dir='ltr' id='par_1_33' title="bbox 1975 1609 3560 1683">
     <span class='ocr_line' id='line_1_33' title="bbox 1975 1609 3560 1683; baseline 0.002 -18"><span class='ocrx_word' id='word_1_233' title='bbox 1975 1617 2219 1680; x_wconf 89' lang='lat' dir='ltr'><strong><em>tempore</em></strong></span> <span class='ocrx_word' id='word_1_234' title='bbox 2251 1609 2624 1667; x_wconf 85' lang='lat' dir='ltr'><strong><em>indubitanter</em></strong></span> <span class='ocrx_word' id='word_1_235' title='bbox 2651 1613 2919 1683; x_wconf 83' lang='lat' dir='ltr'><strong><em>probabit.</em></strong></span> <span class='ocrx_word' id='word_1_236' title='bbox 2949 1613 3065 1681; x_wconf 82' lang='lat' dir='ltr'><strong><em>Qua</em></strong></span> <span class='ocrx_word' id='word_1_237' title='bbox 3089 1615 3232 1669; x_wconf 90' lang='lat' dir='ltr'><strong><em>enim</em></strong></span> <span class='ocrx_word' id='word_1_238' title='bbox 3264 1615 3478 1669; x_wconf 85' lang='lat' dir='ltr'><strong><em>ratione</em></strong></span> <span class='ocrx_word' id='word_1_239' title='bbox 3508 1613 3560 1668; x_wconf 92' lang='lat' dir='ltr'><strong><em>in</em></strong></span> 
     </span>
    </p>
   </div>
   <div class='ocr_carea' id='block_1_34' title="bbox 1974 1703 3561 1774">
    <p class='ocr_par' dir='ltr' id='par_1_34' title="bbox 1974 1703 3561 1774">
     <span class='ocr_line' id='line_1_34' title="bbox 1974 1703 3561 1774; baseline 0.003 -20"><span class='ocrx_word' id='word_1_240' title='bbox 1974 1715 2098 1755; x_wconf 89' lang='lat' dir='ltr'><strong><em>eum</em></strong></span> <span class='ocrx_word' id='word_1_241' title='bbox 2130 1714 2414 1757; x_wconf 87' lang='lat' dir='ltr'><strong><em>reversura</em></strong></span> <span class='ocrx_word' id='word_1_242' title='bbox 2440 1712 2587 1768; x_wconf 89' lang='lat' dir='ltr'><strong><em>sunt,</em></strong></span> <span class='ocrx_word' id='word_1_243' title='bbox 2616 1704 2659 1759; x_wconf 92' lang='lat' dir='ltr'><strong><em>si</em></strong></span> <span class='ocrx_word' id='word_1_244' title='bbox 2690 1703 2743 1757; x_wconf 90' lang='lat' dir='ltr'><strong><em>in</em></strong></span> <span class='ocrx_word' id='word_1_245' title='bbox 2772 1718 2838 1759; x_wconf 85' lang='lat' dir='ltr'><strong><em>eo</em></strong></span> <span class='ocrx_word' id='word_1_246' title='bbox 2857 1704 3265 1759; x_wconf 84' lang='lat' dir='ltr'><strong><em>connaturalem</em></strong></span> <span class='ocrx_word' id='word_1_247' title='bbox 3289 1704 3561 1774; x_wconf 86' lang='lat' dir='ltr'><strong><em>quandam</em></strong></span> 
     </span>
    </p>
   </div>
   <div class='ocr_carea' id='block_1_35' title="bbox 276 1777 3563 1869">
    <p class='ocr_par' dir='ltr' id='par_1_35' title="bbox 276 1777 3563 1869">
     <span class='ocr_line' id='line_1_35' title="bbox 276 1777 3563 1869; baseline -0.01 -18"><span class='ocrx_word' id='word_1_248' title='bbox 276 1795 421 1851; x_wconf 89' lang='lat' dir='ltr'><strong><em>enim</em></strong></span> <span class='ocrx_word' id='word_1_249' title='bbox 446 1790 620 1865; x_wconf 80' lang='lat' dir='ltr'><strong><em>angeli</em></strong></span> <span class='ocrx_word' id='word_1_250' title='bbox 649 1777 915 1845; x_wconf 85' lang='lat' dir='ltr'><strong><em>mundum</em></strong></span> <span class='ocrx_word' id='word_1_251' title='bbox 960 1787 1122 1841; x_wconf 89' lang='lat' dir='ltr'><strong><em>istum</em></strong></span> <span class='ocrx_word' id='word_1_252' title='bbox 1154 1794 1480 1853; x_wconf 88' lang='lat' dir='ltr'><strong><em>omnemque</em></strong></span> <span class='ocrx_word' id='word_1_253' title='bbox 1502 1782 1523 1813; x_wconf 85' lang='grc'>³</span> <span class='ocrx_word' id='word_1_254' title='bbox 1544 1777 1866 1851; x_wconf 80' lang='lat' dir='ltr'><strong><em>corpoream</em></strong></span> <span class='ocrx_word' id='word_1_255' title='bbox 1897 1788 1943 1850; x_wconf 73' lang='grc' dir='ltr'><strong>Β</strong></span> <span class='ocrx_word' id='word_1_256' title='bbox 1971 1794 2357 1864; x_wconf 48' lang='lat' dir='ltr'><strong><em>cognationem.</em></strong></span> <span class='ocrx_word' id='word_1_257' title='bbox 2379 1794 2423 1829; x_wconf 81' lang='grc' dir='ltr'>ιο</span> <span class='ocrx_word' id='word_1_258' title='bbox 2451 1812 2557 1852; x_wconf 72' lang='lat' dir='ltr'><strong><em>non</em></strong></span> <span class='ocrx_word' id='word_1_259' title='bbox 2588 1796 2945 1868; x_wconf 52' lang='lat' dir='ltr'><strong><em>possiderem,</em></strong></span> <span class='ocrx_word' id='word_1_260' title='bbox 2987 1808 3040 1853; x_wconf 62' lang='grc' dir='ltr'>οι</span> <span class='ocrx_word' id='word_1_261' title='bbox 3080 1798 3149 1853; x_wconf 62' lang='lat' dir='ltr'><strong><em>ab</em></strong></span> <span class='ocrx_word' id='word_1_262' title='bbox 3192 1814 3257 1854; x_wconf 66' lang='lat' dir='ltr'><strong>eo</strong></span> <span class='ocrx_word' id='word_1_263' title='bbox 3296 1798 3563 1869; x_wconf 54' lang='lat' dir='ltr'><strong><em>quodam.</em></strong></span> 
     </span>
    </p>
   </div>
   <div class='ocr_carea' id='block_1_36' title="bbox 277 1871 1872 1949">
    <p class='ocr_par' dir='ltr' id='par_1_36' title="bbox 277 1871 1872 1949">
     <span class='ocr_line' id='line_1_36' title="bbox 277 1871 1872 1949; baseline -0.011 -6"><span class='ocrx_word' id='word_1_264' title='bbox 277 1896 587 1944; x_wconf 89' lang='lat' dir='ltr'><strong><em>creaturam</em></strong></span> <span class='ocrx_word' id='word_1_265' title='bbox 628 1880 1010 1939; x_wconf 83' lang='lat' dir='ltr'><strong><em>administrare</em></strong></span> <span class='ocrx_word' id='word_1_266' title='bbox 1046 1876 1474 1949; x_wconf 66' lang='lat' dir='ltr'><strong><em>perhibeantur,</em></strong></span> <span class='ocrx_word' id='word_1_267' title='bbox 1518 1873 1666 1928; x_wconf 88' lang='lat' dir='ltr'><strong><em>nullo</em></strong></span> <span class='ocrx_word' id='word_1_268' title='bbox 1711 1871 1872 1926; x_wconf 86' lang='lat' dir='ltr'><strong><em>modo</em></strong></span> 
     </span>
    </p>
   </div>
   <div class='ocr_carea' id='block_1_37' title="bbox 279 1966 1874 2050">
    <p class='ocr_par' dir='ltr' id='par_1_37' title="bbox 279 1966 1874 2050">
     <span class='ocr_line' id='line_1_37' title="bbox 279 1966 1874 2050; baseline -0.011 -15"><span class='ocrx_word' id='word_1_269' title='bbox 279 1990 461 2036; x_wconf 87' lang='lat' dir='ltr'><strong><em>tamen</em></strong></span> <span class='ocrx_word' id='word_1_270' title='bbox 505 1975 727 2050; x_wconf 85' lang='lat' dir='ltr'><strong><em>putandi</em></strong></span> <span class='ocrx_word' id='word_1_271' title='bbox 772 1981 897 2029; x_wconf 88' lang='lat' dir='ltr'><strong><em>sunt</em></strong></span> <span class='ocrx_word' id='word_1_272' title='bbox 927 1972 995 2027; x_wconf 85' lang='lat' dir='ltr'><strong><em>ad</em></strong></span> <span class='ocrx_word' id='word_1_273' title='bbox 1040 1973 1143 2027; x_wconf 88' lang='lat' dir='ltr'><strong><em>hoc</em></strong></span> <span class='ocrx_word' id='word_1_274' title='bbox 1183 1969 1551 2042; x_wconf 87' lang='lat' dir='ltr'><strong><em>peragendum</em></strong></span> <span class='ocrx_word' id='word_1_275' title='bbox 1596 1966 1874 2037; x_wconf 85' lang='lat' dir='ltr'><strong><em>corporeis</em></strong></span> 
     </span>
    </p>
   </div>
   <div class='ocr_carea' id='block_1_38' title="bbox 279 2060 1873 2136">
    <p class='ocr_par' dir='ltr' id='par_1_38' title="bbox 279 2060 1873 2136">
     <span class='ocr_line' id='line_1_38' title="bbox 279 2060 1873 2136; baseline -0.01 -7"><span class='ocrx_word' id='word_1_276' title='bbox 279 2071 550 2136; x_wconf 76' lang='lat' dir='ltr'><strong><em>sensibus,</em></strong></span> <span class='ocrx_word' id='word_1_277' title='bbox 576 2084 671 2124; x_wconf 90' lang='lat' dir='ltr'><strong><em>seu</em></strong></span> <span class='ocrx_word' id='word_1_278' title='bbox 693 2066 927 2122; x_wconf 89' lang='lat' dir='ltr'><strong><em>motibus</em></strong></span> <span class='ocrx_word' id='word_1_279' title='bbox 954 2063 1214 2120; x_wconf 82' lang='lat' dir='ltr'><strong><em>localibus</em></strong></span> <span class='ocrx_word' id='word_1_280' title='bbox 1237 2063 1320 2118; x_wconf 87' lang='lat' dir='ltr'><strong><em>vel</em></strong></span> <span class='ocrx_word' id='word_1_281' title='bbox 1351 2060 1755 2132; x_wconf 82' lang='lat' dir='ltr'><strong><em>temporalibus,</em></strong></span> <span class='ocrx_word' id='word_1_282' title='bbox 1782 2067 1873 2114; x_wconf 86' lang='lat' dir='ltr'><strong><em>aut</em></strong></span> 
     </span>
    </p>
   </div>
   <div class='ocr_carea' id='block_1_39' title="bbox 279 2153 1876 2231">
    <p class='ocr_par' dir='ltr' id='par_1_39' title="bbox 279 2153 1876 2231">
     <span class='ocr_line' id='line_1_39' title="bbox 279 2153 1876 2231; baseline -0.01 -11"><span class='ocrx_word' id='word_1_283' title='bbox 279 2161 587 2220; x_wconf 63' lang='lat' dir='ltr'><strong><em>Visibilibus</em></strong></span> <span class='ocrx_word' id='word_1_284' title='bbox 612 2156 1041 2231; x_wconf 87' lang='lat' dir='ltr'><strong><em>apparitionibus</em></strong></span> <span class='ocrx_word' id='word_1_285' title='bbox 1068 2156 1333 2225; x_wconf 77' lang='lat' dir='ltr'><strong><em>indigere.</em></strong></span> <span class='ocrx_word' id='word_1_286' title='bbox 1378 2153 1522 2208; x_wconf 81' lang='lat' dir='ltr'><strong><em>Haec</em></strong></span> <span class='ocrx_word' id='word_1_287' title='bbox 1548 2154 1729 2207; x_wconf 86' lang='lat' dir='ltr'><strong><em>autem</em></strong></span> <span class='ocrx_word' id='word_1_288' title='bbox 1759 2166 1876 2206; x_wconf 79' lang='lat' dir='ltr'><strong><em>ont-</em></strong></span> 
     </span>
    </p>
   </div>
   <div class='ocr_carea' id='block_1_40' title="bbox 280 2241 1873 2322">
    <p class='ocr_par' dir='ltr' id='par_1_40' title="bbox 280 2241 1873 2322">
     <span class='ocr_line' id='line_1_40' title="bbox 280 2241 1873 2322; baseline -0.01 -11"><span class='ocrx_word' id='word_1_289' title='bbox 280 2242 398 2319; x_wconf 78' lang='lat' dir='ltr'><strong><em>nia,</em></strong></span> <span class='ocrx_word' id='word_1_290' title='bbox 439 2265 578 2322; x_wconf 89' lang='lat' dir='ltr'><strong><em>quae</em></strong></span> <span class='ocrx_word' id='word_1_291' title='bbox 614 2249 772 2306; x_wconf 88' lang='lat' dir='ltr'><strong><em>nobis</em></strong></span> <span class='ocrx_word' id='word_1_292' title='bbox 804 2247 1058 2303; x_wconf 88' lang='lat' dir='ltr'><strong><em>accidunt</em></strong></span> <span class='ocrx_word' id='word_1_293' title='bbox 1100 2260 1198 2316; x_wconf 89' lang='lat' dir='ltr'><strong><em>pro</em></strong></span> <span class='ocrx_word' id='word_1_294' title='bbox 1227 2253 1449 2300; x_wconf 86' lang='lat' dir='ltr'><strong><em>nostrae</em></strong></span> <span class='ocrx_word' id='word_1_295' title='bbox 1480 2254 1705 2298; x_wconf 88' lang='lat' dir='ltr'><strong><em>naturae</em></strong></span> <span class='ocrx_word' id='word_1_296' title='bbox 1733 2241 1873 2296; x_wconf 85' lang='lat' dir='ltr'><strong><em>indi-</em></strong></span> 
     </span>
    </p>
   </div>
   <div class='ocr_carea' id='block_1_41' title="bbox 282 2336 1879 2417">
    <p class='ocr_par' dir='ltr' id='par_1_41' title="bbox 282 2336 1879 2417">
     <span class='ocr_line' id='line_1_41' title="bbox 282 2336 1879 2417; baseline -0.008 -16"><span class='ocrx_word' id='word_1_297' title='bbox 282 2345 499 2417; x_wconf 87' lang='lat' dir='ltr'><strong><em>gentia,</em></strong></span> <span class='ocrx_word' id='word_1_298' title='bbox 544 2343 787 2398; x_wconf 89' lang='lat' dir='ltr'><strong><em>locorum</em></strong></span> <span class='ocrx_word' id='word_1_299' title='bbox 837 2349 1247 2409; x_wconf 87' lang='lat' dir='ltr'><strong><em>temporumque</em></strong></span> <span class='ocrx_word' id='word_1_300' title='bbox 1302 2336 1660 2391; x_wconf 81' lang='lat' dir='ltr'><strong><em>varietatibus</em></strong></span> <span class='ocrx_word' id='word_1_301' title='bbox 1702 2336 1879 2389; x_wconf 86' lang='lat' dir='ltr'><strong><em>adhuc</em></strong></span> 
     </span>
    </p>
   </div>
   <div class='ocr_carea' id='block_1_42' title="bbox 282 2428 1879 2505">
    <p class='ocr_par' dir='ltr' id='par_1_42' title="bbox 282 2428 1879 2505">
     <span class='ocr_line' id='line_1_42' title="bbox 282 2428 1879 2505; baseline -0.008 -12"><span class='ocrx_word' id='word_1_302' title='bbox 282 2434 582 2505; x_wconf 83' lang='lat' dir='ltr'><strong><em>subiectae,</em></strong></span> <span class='ocrx_word' id='word_1_303' title='bbox 633 2449 739 2489; x_wconf 92' lang='lat' dir='ltr'><strong><em>non</em></strong></span> <span class='ocrx_word' id='word_1_304' title='bbox 781 2430 994 2485; x_wconf 87' lang='lat' dir='ltr'><strong><em>illorum</em></strong></span> <span class='ocrx_word' id='word_1_305' title='bbox 1034 2428 1320 2501; x_wconf 86' lang='lat' dir='ltr'><strong><em>potestatis</em></strong></span> <span class='ocrx_word' id='word_1_306' title='bbox 1359 2428 1573 2484; x_wconf 83' lang='lat' dir='ltr'><strong><em>delectu</em></strong></span> <span class='ocrx_word' id='word_1_307' title='bbox 1609 2429 1689 2482; x_wconf 90' lang='lat' dir='ltr'><strong><em>eis</em></strong></span> <span class='ocrx_word' id='word_1_308' title='bbox 1736 2428 1879 2482; x_wconf 47' lang='lat' dir='ltr'><strong><em>accis</em></strong></span> 
     </span>
    </p>
   </div>
   <div class='ocr_carea' id='block_1_43' title="bbox 284 2520 1879 2594">
    <p class='ocr_par' dir='ltr' id='par_1_43' title="bbox 284 2520 1879 2594">
     <span class='ocr_line' id='line_1_43' title="bbox 284 2520 1879 2594; baseline -0.008 -9"><span class='ocrx_word' id='word_1_309' title='bbox 284 2520 419 2585; x_wconf 78' lang='lat' dir='ltr'><strong><em>dere</em></strong></span> <span class='ocrx_word' id='word_1_310' title='bbox 464 2536 608 2583; x_wconf 89' lang='lat' dir='ltr'><strong><em>recte</em></strong></span> <span class='ocrx_word' id='word_1_311' title='bbox 652 2523 963 2594; x_wconf 88' lang='lat' dir='ltr'><strong><em>judicantur</em></strong></span> <span class='ocrx_word' id='word_1_312' title='bbox 991 2522 1033 2576; x_wconf 70' lang='grc'><strong>⁸.</strong></span> <span class='ocrx_word' id='word_1_313' title='bbox 1074 2522 1209 2577; x_wconf 86' lang='lat' dir='ltr'><strong><em>Dum</em></strong></span> <span class='ocrx_word' id='word_1_314' title='bbox 1251 2521 1396 2576; x_wconf 90' lang='lat' dir='ltr'><strong><em>enim</em></strong></span> <span class='ocrx_word' id='word_1_315' title='bbox 1445 2520 1744 2591; x_wconf 85' lang='lat' dir='ltr'><strong><em>spiritualia</em></strong></span> <span class='ocrx_word' id='word_1_316' title='bbox 1781 2535 1879 2574; x_wconf 89' lang='lat' dir='ltr'><strong><em>sua</em></strong></span> 
     </span>
    </p>
   </div>
   <div class='ocr_carea' id='block_1_44' title="bbox 282 2611 1878 2691">
    <p class='ocr_par' dir='ltr' id='par_1_44' title="bbox 282 2611 1878 2691">
     <span class='ocr_line' id='line_1_44' title="bbox 282 2611 1878 2691; baseline -0.009 -12"><span class='ocrx_word' id='word_1_317' title='bbox 282 2634 517 2691; x_wconf 80' lang='lat' dir='ltr'><strong><em>corpora</em></strong></span> <span class='ocrx_word' id='word_1_318' title='bbox 543 2626 597 2673; x_wconf 90' lang='lat' dir='ltr'><strong><em>et</em></strong></span> <span class='ocrx_word' id='word_1_319' title='bbox 620 2616 908 2672; x_wconf 81' lang='lat' dir='ltr'><strong><em>invisibilia</em></strong></span> <span class='ocrx_word' id='word_1_320' title='bbox 930 2615 985 2669; x_wconf 90' lang='lat' dir='ltr'><strong><em>in</em></strong></span> <span class='ocrx_word' id='word_1_321' title='bbox 1009 2613 1213 2668; x_wconf 80' lang='lat' dir='ltr'><strong><em>formas</em></strong></span> <span class='ocrx_word' id='word_1_322' title='bbox 1234 2611 1471 2668; x_wconf 88' lang='lat' dir='ltr'><strong><em>visibiles</em></strong></span> <span class='ocrx_word' id='word_1_323' title='bbox 1495 2619 1878 2675; x_wconf 82' lang='lat' dir='ltr'><strong><em>transmutant,</em></strong></span> 
     </span>
    </p>
   </div>
   <div class='ocr_carea' id='block_1_45' title="bbox 282 2705 1880 2774">
    <p class='ocr_par' dir='ltr' id='par_1_45' title="bbox 282 2705 1880 2774">
     <span class='ocr_line' id='line_1_45' title="bbox 282 2705 1880 2774; baseline -0.008 -1"><span class='ocrx_word' id='word_1_324' title='bbox 282 2719 368 2774; x_wconf 82' lang='lat' dir='ltr'><strong><em>ita</em></strong></span> <span class='ocrx_word' id='word_1_325' title='bbox 391 2725 449 2772; x_wconf 88' lang='lat' dir='ltr'><strong><em>ut</em></strong></span> <span class='ocrx_word' id='word_1_326' title='bbox 478 2712 784 2769; x_wconf 85' lang='lat' dir='ltr'><strong><em>mortalium</em></strong></span> <span class='ocrx_word' id='word_1_327' title='bbox 808 2710 1059 2766; x_wconf 89' lang='lat' dir='ltr'><strong><em>sensibus</em></strong></span> <span class='ocrx_word' id='word_1_328' title='bbox 1083 2706 1399 2772; x_wconf 87' lang='lat' dir='ltr'><strong><em>visibiliter,</em></strong></span> <span class='ocrx_word' id='word_1_329' title='bbox 1431 2705 1709 2772; x_wconf 79' lang='lat' dir='ltr'><strong><em>localiter,</em></strong></span> <span class='ocrx_word' id='word_1_330' title='bbox 1743 2713 1880 2761; x_wconf 50' lang='lat' dir='ltr'><strong><em>tem.</em></strong></span> 
     </span>
    </p>
   </div>
   <div class='ocr_carea' id='block_1_46' title="bbox 291 2796 1885 2883">
    <p class='ocr_par' dir='ltr' id='par_1_46' title="bbox 291 2796 1885 2883">
     <span class='ocr_line' id='line_1_46' title="bbox 291 2796 1885 2883; baseline -0.009 -19"><span class='ocrx_word' id='word_1_331' title='bbox 291 2806 549 2883; x_wconf 85' lang='lat' dir='ltr'><strong><em>poraliter</em></strong></span> <span class='ocrx_word' id='word_1_332' title='bbox 582 2804 795 2877; x_wconf 88' lang='lat' dir='ltr'><strong><em>possint</em></strong></span> <span class='ocrx_word' id='word_1_333' title='bbox 815 2815 1099 2873; x_wconf 65' lang='lat' dir='ltr'><strong><em>apparere,</em></strong></span> <span class='ocrx_word' id='word_1_334' title='bbox 1140 2815 1245 2855; x_wconf 88' lang='lat' dir='ltr'><strong><em>non</em></strong></span> <span class='ocrx_word' id='word_1_335' title='bbox 1288 2798 1392 2854; x_wconf 88' lang='lat' dir='ltr'><strong><em>hoc</em></strong></span> <span class='ocrx_word' id='word_1_336' title='bbox 1418 2798 1499 2853; x_wconf 89' lang='lat' dir='ltr'><strong><em>eis</em></strong></span> <span class='ocrx_word' id='word_1_337' title='bbox 1538 2796 1733 2852; x_wconf 90' lang='lat' dir='ltr'><strong><em>accidit</em></strong></span> <span class='ocrx_word' id='word_1_338' title='bbox 1758 2806 1885 2865; x_wconf 81' lang='lat' dir='ltr'><strong><em>pro-</em></strong></span> 
     </span>
    </p>
   </div>
   <div class='ocr_carea' id='block_1_47' title="bbox 286 2890 1887 2975">
    <p class='ocr_par' dir='ltr' id='par_1_47' title="bbox 286 2890 1887 2975">
     <span class='ocr_line' id='line_1_47' title="bbox 286 2890 1887 2975; baseline -0.009 -17"><span class='ocrx_word' id='word_1_339' title='bbox 286 2912 416 2975; x_wconf 86' lang='lat' dir='ltr'><strong><em>pter</em></strong></span> <span class='ocrx_word' id='word_1_340' title='bbox 437 2899 785 2969; x_wconf 89' lang='lat' dir='ltr'><strong><em>semetipsos,</em></strong></span> <span class='ocrx_word' id='word_1_341' title='bbox 820 2894 913 2950; x_wconf 88' lang='lat' dir='ltr'><strong><em>sed</em></strong></span> <span class='ocrx_word' id='word_1_342' title='bbox 941 2901 1166 2965; x_wconf 86' lang='lat' dir='ltr'><strong><em>prepter</em></strong></span> <span class='ocrx_word' id='word_1_343' title='bbox 1201 2892 1470 2956; x_wconf 87' lang='lat' dir='ltr'><strong><em>homines,</em></strong></span> <span class='ocrx_word' id='word_1_344' title='bbox 1502 2890 1698 2960; x_wconf 87' lang='lat' dir='ltr'><strong><em>quibus</em></strong></span> <span class='ocrx_word' id='word_1_345' title='bbox 1736 2903 1887 2958; x_wconf 84' lang='lat' dir='ltr'><strong><em>prae-</em></strong></span> 
     </span>
    </p>
   </div>
   <div class='ocr_carea' id='block_1_48' title="bbox 293 2979 1885 3058">
    <p class='ocr_par' dir='ltr' id='par_1_48' title="bbox 293 2979 1885 3058">
     <span class='ocr_line' id='line_1_48' title="bbox 293 2979 1885 3058; baseline -0.011 -9"><span class='ocrx_word' id='word_1_346' title='bbox 293 3000 453 3056; x_wconf 89' lang='lat' dir='ltr'><strong><em>sunt,</em></strong></span> <span class='ocrx_word' id='word_1_347' title='bbox 477 2999 533 3047; x_wconf 91' lang='lat' dir='ltr'><strong><em>et</em></strong></span> <span class='ocrx_word' id='word_1_348' title='bbox 559 2989 739 3045; x_wconf 88' lang='lat' dir='ltr'><strong><em>divina</em></strong></span> <span class='ocrx_word' id='word_1_349' title='bbox 764 2985 1017 3058; x_wconf 84' lang='lat' dir='ltr'><strong><em>mysteria</em></strong></span> <span class='ocrx_word' id='word_1_350' title='bbox 1040 2982 1335 3039; x_wconf 84' lang='lat' dir='ltr'><strong><em>declarant.</em></strong></span> <span class='ocrx_word' id='word_1_351' title='bbox 1359 2979 1495 3035; x_wconf 78' lang='lat' dir='ltr'><strong><em>Nam</em></strong></span> <span class='ocrx_word' id='word_1_352' title='bbox 1518 2979 1759 3035; x_wconf 87' lang='lat' dir='ltr'><strong><em>localiter</em></strong></span> <span class='ocrx_word' id='word_1_353' title='bbox 1781 2992 1885 3032; x_wconf 88' lang='lat' dir='ltr'><strong><em>non</em></strong></span> 
     </span>
    </p>
   </div>
   <div class='ocr_carea' id='block_1_49' title="bbox 280 3070 1889 3155">
    <p class='ocr_par' dir='ltr' id='par_1_49' title="bbox 280 3070 1889 3155">
     <span class='ocr_line' id='line_1_49' title="bbox 280 3070 1889 3155; baseline -0.012 -13"><span class='ocrx_word' id='word_1_354' title='bbox 280 3087 482 3142; x_wconf 57' lang='lat' dir='ltr'><strong><em>«idem</em></strong></span> <span class='ocrx_word' id='word_1_355' title='bbox 508 3097 607 3155; x_wconf 88' lang='lat' dir='ltr'><strong><em>per</em></strong></span> <span class='ocrx_word' id='word_1_356' title='bbox 643 3095 890 3145; x_wconf 86' lang='lat' dir='ltr'><strong><em>sensum,</em></strong></span> <span class='ocrx_word' id='word_1_357' title='bbox 934 3090 1111 3149; x_wconf 88' lang='lat' dir='ltr'><strong><em>neque</em></strong></span> <span class='ocrx_word' id='word_1_358' title='bbox 1157 3073 1530 3147; x_wconf 86' lang='lat' dir='ltr'><strong><em>temporaliter</em></strong></span> <span class='ocrx_word' id='word_1_359' title='bbox 1568 3072 1648 3127; x_wconf 86' lang='lat' dir='ltr'><strong><em>eis</em></strong></span> <span class='ocrx_word' id='word_1_360' title='bbox 1692 3070 1889 3125; x_wconf 86' lang='lat' dir='ltr'><strong><em>accidit</em></strong></span> 
     </span>
    </p>
   </div>
   <div class='ocr_carea' id='block_1_50' title="bbox 1978 1887 3568 1960">
    <p class='ocr_par' dir='ltr' id='par_1_50' title="bbox 1978 1887 3568 1960">
     <span class='ocr_line' id='line_1_50' title="bbox 1978 1887 3568 1960; baseline 0.003 -20"><span class='ocrx_word' id='word_1_361' title='bbox 1978 1887 2139 1942; x_wconf 90' lang='lat' dir='ltr'><strong><em>modo</em></strong></span> <span class='ocrx_word' id='word_1_362' title='bbox 2166 1894 2270 1941; x_wconf 86' lang='lat' dir='ltr'><strong><em>non</em></strong></span> <span class='ocrx_word' id='word_1_363' title='bbox 2300 1890 2696 1958; x_wconf 83' lang='lat' dir='ltr'><strong><em>procederent?</em></strong></span> <span class='ocrx_word' id='word_1_364' title='bbox 2738 1889 2815 1944; x_wconf 88' lang='lat' dir='ltr'><strong><em>De</em></strong></span> <span class='ocrx_word' id='word_1_365' title='bbox 2859 1892 2985 1960; x_wconf 87' lang='lat' dir='ltr'><strong><em>quo</em></strong></span> <span class='ocrx_word' id='word_1_366' title='bbox 3007 1891 3181 1945; x_wconf 88' lang='lat' dir='ltr'><strong><em>reditu</em></strong></span> <span class='ocrx_word' id='word_1_367' title='bbox 3215 1894 3314 1945; x_wconf 82' lang='lat' dir='ltr'><strong><em>s&#39;uo</em></strong></span> <span class='ocrx_word' id='word_1_368' title='bbox 3342 1891 3460 1945; x_wconf 89' lang='lat' dir='ltr'><strong><em>loco</em></strong></span> <span class='ocrx_word' id='word_1_369' title='bbox 3483 1893 3568 1945; x_wconf 89' lang='lat' dir='ltr'><strong><em>di-</em></strong></span> 
     </span>
    </p>
   </div>
   <div class='ocr_carea' id='block_1_51' title="bbox 1977 1977 3567 2051">
    <p class='ocr_par' dir='ltr' id='par_1_51' title="bbox 1977 1977 3567 2051">
     <span class='ocr_line' id='line_1_51' title="bbox 1977 1977 3567 2051; baseline 0.004 -20"><span class='ocrx_word' id='word_1_370' title='bbox 1977 1977 2210 2033; x_wconf 85' lang='lat' dir='ltr'><strong><em>cendum</em></strong></span> <span class='ocrx_word' id='word_1_371' title='bbox 2240 1980 2611 2048; x_wconf 83' lang='lat' dir='ltr'><strong><em>promisimus.</em></strong></span> <span class='ocrx_word' id='word_1_372' title='bbox 2642 1978 2789 2036; x_wconf 74' lang='lat' dir='ltr'><strong><em>Drs&#39;c.</em></strong></span> <span class='ocrx_word' id='word_1_373' title='bbox 2820 1980 2986 2045; x_wconf 85' lang='lat' dir='ltr'><strong><em>Haec,</em></strong></span> <span class='ocrx_word' id='word_1_374' title='bbox 3010 1982 3261 2051; x_wconf 85' lang='lat' dir='ltr'><strong><em>quamvis</em></strong></span> <span class='ocrx_word' id='word_1_375' title='bbox 3285 1982 3440 2038; x_wconf 87' lang='lat' dir='ltr'><strong><em>valde</em></strong></span> <span class='ocrx_word' id='word_1_376' title='bbox 3460 1982 3567 2037; x_wconf 82' lang='lat' dir='ltr'><strong><em>dif-</em></strong></span> 
     </span>
    </p>
   </div>
   <div class='ocr_carea' id='block_1_52' title="bbox 1979 2067 3569 2143">
    <p class='ocr_par' dir='ltr' id='par_1_52' title="bbox 1979 2067 3569 2143">
     <span class='ocr_line' id='line_1_52' title="bbox 1979 2067 3569 2143; baseline 0.004 -20"><span class='ocrx_word' id='word_1_377' title='bbox 1979 2067 2140 2123; x_wconf 87' lang='lat' dir='ltr'><strong><em>ﬁcilia</em></strong></span> <span class='ocrx_word' id='word_1_378' title='bbox 2157 2070 2464 2137; x_wconf 86' lang='lat' dir='ltr'><strong><em>videantur,</em></strong></span> <span class='ocrx_word' id='word_1_379' title='bbox 2486 2072 2740 2142; x_wconf 87' lang='lat' dir='ltr'><strong><em>quoniam</em></strong></span> <span class='ocrx_word' id='word_1_380' title='bbox 2766 2072 3027 2143; x_wconf 87' lang='lat' dir='ltr'><strong><em>simplicis</em></strong></span> <span class='ocrx_word' id='word_1_381' title='bbox 3049 2073 3327 2128; x_wconf 80' lang='lat' dir='ltr'><strong><em>doctrinae</em></strong></span> <span class='ocrx_word' id='word_1_382' title='bbox 3348 2074 3569 2129; x_wconf 89' lang='lat' dir='ltr'><strong><em>modum</em></strong></span> 
     </span>
    </p>
   </div>
   <div class='ocr_carea' id='block_1_53' title="bbox 1977 2162 3566 2233">
    <p class='ocr_par' dir='ltr' id='par_1_53' title="bbox 1977 2162 3566 2233">
     <span class='ocr_line' id='line_1_53' title="bbox 1977 2162 3566 2233; baseline 0.003 -17"><span class='ocrx_word' id='word_1_383' title='bbox 1977 2162 2279 2228; x_wconf 80' lang='lat' dir='ltr'><strong><em>excedunt,</em></strong></span> <span class='ocrx_word' id='word_1_384' title='bbox 2335 2163 2691 2233; x_wconf 84' lang='lat' dir='ltr'><strong><em>speeulatri&#39;ce</em></strong></span> <span class='ocrx_word' id='word_1_385' title='bbox 2745 2172 2922 2217; x_wconf 86' lang='lat' dir='ltr'><strong><em>tamen</em></strong></span> <span class='ocrx_word' id='word_1_386' title='bbox 2950 2164 3286 2220; x_wconf 86' lang='lat' dir='ltr'><strong><em>considerata</em></strong></span> <span class='ocrx_word' id='word_1_387' title='bbox 3336 2166 3566 2231; x_wconf 74' lang='lat' dir='ltr'><strong><em>reticue,</em></strong></span> 
     </span>
    </p>
   </div>
   <div class='ocr_carea' id='block_1_54' title="bbox 1980 2251 3569 2327">
    <p class='ocr_par' dir='ltr' id='par_1_54' title="bbox 1980 2251 3569 2327">
     <span class='ocr_line' id='line_1_54' title="bbox 1980 2251 3569 2327; baseline 0.003 -21"><span class='ocrx_word' id='word_1_388' title='bbox 1980 2251 2323 2323; x_wconf 84' lang='lat' dir='ltr'><strong><em>amplitudini</em></strong></span> <span class='ocrx_word' id='word_1_389' title='bbox 2356 2254 2626 2310; x_wconf 84' lang='lat' dir='ltr'><strong><em>humanae</em></strong></span> <span class='ocrx_word' id='word_1_390' title='bbox 2669 2255 2998 2311; x_wconf 88' lang='lat' dir='ltr'><strong><em>conditionis</em></strong></span> <span class='ocrx_word' id='word_1_391' title='bbox 3045 2255 3421 2327; x_wconf 84' lang='lat' dir='ltr'><strong><em>intelligendae</em></strong></span> <span class='ocrx_word' id='word_1_392' title='bbox 3468 2257 3569 2311; x_wconf 85' lang='lat' dir='ltr'><strong><em>ad-</em></strong></span> 
     </span>
    </p>
   </div>
   <div class='ocr_carea' id='block_1_55' title="bbox 1978 2345 3573 2418">
    <p class='ocr_par' dir='ltr' id='par_1_55' title="bbox 1978 2345 3573 2418">
     <span class='ocr_line' id='line_1_55' title="bbox 1978 2345 3573 2418; baseline 0.001 -18"><span class='ocrx_word' id='word_1_393' title='bbox 1978 2346 2198 2400; x_wconf 88' lang='lat' dir='ltr'><strong><em>modum</em></strong></span> <span class='ocrx_word' id='word_1_394' title='bbox 2247 2346 2613 2413; x_wconf 86' lang='lat' dir='ltr'><strong><em>couveniunt,</em></strong></span> <span class='ocrx_word' id='word_1_395' title='bbox 2667 2345 3065 2418; x_wconf 89' lang='lat' dir='ltr'><strong><em>utilissimeque</em></strong></span> <span class='ocrx_word' id='word_1_396' title='bbox 3124 2347 3452 2417; x_wconf 86' lang='lat' dir='ltr'><strong><em>proﬁciunt,</em></strong></span> <span class='ocrx_word' id='word_1_397' title='bbox 3509 2350 3573 2401; x_wconf 82' lang='lat' dir='ltr'><strong><em>ut</em></strong></span> 
     </span>
    </p>
   </div>
   <div class='ocr_carea' id='block_1_56' title="bbox 1982 2438 3572 2510">
    <p class='ocr_par' dir='ltr' id='par_1_56' title="bbox 1982 2438 3572 2510">
     <span class='ocr_line' id='line_1_56' title="bbox 1982 2438 3572 2510; baseline -0.001 -16"><span class='ocrx_word' id='word_1_398' title='bbox 1982 2454 2087 2494; x_wconf 88' lang='lat' dir='ltr'><strong><em>non</em></strong></span> <span class='ocrx_word' id='word_1_399' title='bbox 2112 2438 2387 2495; x_wconf 86' lang='lat' dir='ltr'><strong><em>immerito</em></strong></span> <span class='ocrx_word' id='word_1_400' title='bbox 2414 2441 2680 2503; x_wconf 86' lang='lat' dir='ltr'><strong><em>dicamus,</em></strong></span> <span class='ocrx_word' id='word_1_401' title='bbox 2706 2456 2810 2495; x_wconf 92' lang='lat' dir='ltr'><strong><em>non</em></strong></span> <span class='ocrx_word' id='word_1_402' title='bbox 2840 2440 3112 2495; x_wconf 88' lang='lat' dir='ltr'><strong><em>hominem</em></strong></span> <span class='ocrx_word' id='word_1_403' title='bbox 3134 2442 3198 2495; x_wconf 87' lang='lat' dir='ltr'><strong><em>in</em></strong></span> <span class='ocrx_word' id='word_1_404' title='bbox 3220 2450 3421 2510; x_wconf 80' lang='lat' dir='ltr'><strong><em>genere</em></strong></span> <span class='ocrx_word' id='word_1_405' title='bbox 3450 2439 3572 2493; x_wconf 53' lang='lat' dir='ltr'><strong><em>auia</em></strong></span> 
     </span>
    </p>
   </div>
   <div class='ocr_carea' id='block_1_57' title="bbox 1981 2529 3576 2602">
    <p class='ocr_par' dir='ltr' id='par_1_57' title="bbox 1981 2529 3576 2602">
     <span class='ocr_line' id='line_1_57' title="bbox 1981 2529 3576 2602; baseline 0 -18"><span class='ocrx_word' id='word_1_406' title='bbox 1981 2529 2226 2596; x_wconf 88' lang='lat' dir='ltr'><strong><em>malimn,</em></strong></span> <span class='ocrx_word' id='word_1_407' title='bbox 2258 2531 2351 2586; x_wconf 86' lang='lat' dir='ltr'><strong><em>sed</em></strong></span> <span class='ocrx_word' id='word_1_408' title='bbox 2374 2532 2544 2602; x_wconf 86' lang='lat' dir='ltr'><strong><em>magis</em></strong></span> <span class='ocrx_word' id='word_1_409' title='bbox 2568 2547 2729 2586; x_wconf 90' lang='lat' dir='ltr'><strong><em>omne</em></strong></span> <span class='ocrx_word' id='word_1_410' title='bbox 2750 2546 2917 2599; x_wconf 84' lang='lat' dir='ltr'><strong><em>genus</em></strong></span> <span class='ocrx_word' id='word_1_411' title='bbox 2942 2531 3256 2586; x_wconf 83' lang='lat' dir='ltr'><strong><em>animalium</em></strong></span> <span class='ocrx_word' id='word_1_412' title='bbox 3282 2531 3333 2585; x_wconf 90' lang='lat' dir='ltr'><strong><em>in</em></strong></span> <span class='ocrx_word' id='word_1_413' title='bbox 3357 2530 3576 2585; x_wconf 82' lang='lat' dir='ltr'><strong><em>homine</em></strong></span> 
     </span>
    </p>
   </div>
   <div class='ocr_carea' id='block_1_58' title="bbox 1980 2621 3576 2693">
    <p class='ocr_par' dir='ltr' id='par_1_58' title="bbox 1980 2621 3576 2693">
     <span class='ocr_line' id='line_1_58' title="bbox 1980 2621 3576 2693; baseline -0.001 -17"><span class='ocrx_word' id='word_1_414' title='bbox 1980 2621 2051 2677; x_wconf 80' lang='lat' dir='ltr'><strong><em>de</em></strong></span> <span class='ocrx_word' id='word_1_415' title='bbox 2082 2632 2252 2686; x_wconf 89' lang='lat' dir='ltr'><strong><em>terra,</em></strong></span> <span class='ocrx_word' id='word_1_416' title='bbox 2282 2623 2387 2677; x_wconf 88' lang='lat' dir='ltr'><strong><em>hoc</em></strong></span> <span class='ocrx_word' id='word_1_417' title='bbox 2420 2630 2523 2687; x_wconf 90' lang='lat' dir='ltr'><strong><em>est,</em></strong></span> <span class='ocrx_word' id='word_1_418' title='bbox 2557 2623 2826 2679; x_wconf 82' lang='lat' dir='ltr'><strong><em>soliditate</em></strong></span> <span class='ocrx_word' id='word_1_419' title='bbox 2872 2634 3099 2678; x_wconf 87' lang='lat' dir='ltr'><strong><em>naturae</em></strong></span> <span class='ocrx_word' id='word_1_420' title='bbox 3148 2622 3492 2693; x_wconf 86' lang='lat' dir='ltr'><strong><em>productum,</em></strong></span> <span class='ocrx_word' id='word_1_421' title='bbox 3521 2631 3576 2675; x_wconf 88' lang='lat' dir='ltr'><strong><em>et</em></strong></span> 
     </span>
    </p>
   </div>
   <div class='ocr_carea' id='block_1_59' title="bbox 1984 2711 3579 2783">
    <p class='ocr_par' dir='ltr' id='par_1_59' title="bbox 1984 2711 3579 2783">
     <span class='ocr_line' id='line_1_59' title="bbox 1984 2711 3579 2783; baseline 0 -19"><span class='ocrx_word' id='word_1_422' title='bbox 1984 2724 2092 2766; x_wconf 87' lang='lat' dir='ltr'><strong><em>non</em></strong></span> <span class='ocrx_word' id='word_1_423' title='bbox 2124 2711 2298 2767; x_wconf 88' lang='lat' dir='ltr'><strong><em>solum</em></strong></span> <span class='ocrx_word' id='word_1_424' title='bbox 2323 2728 2484 2767; x_wconf 87' lang='lat' dir='ltr'><strong><em>onme</em></strong></span> <span class='ocrx_word' id='word_1_425' title='bbox 2512 2728 2682 2783; x_wconf 86' lang='lat' dir='ltr'><strong><em>genus</em></strong></span> <span class='ocrx_word' id='word_1_426' title='bbox 2708 2712 3043 2776; x_wconf 87' lang='lat' dir='ltr'><strong><em>animalium,</em></strong></span> <span class='ocrx_word' id='word_1_427' title='bbox 3068 2728 3254 2768; x_wconf 83' lang='lat' dir='ltr'><strong><em>verum</em></strong></span> <span class='ocrx_word' id='word_1_428' title='bbox 3277 2713 3436 2767; x_wconf 89' lang='lat' dir='ltr'><strong><em>etiam</em></strong></span> <span class='ocrx_word' id='word_1_429' title='bbox 3465 2712 3579 2765; x_wconf 87' lang='lat' dir='ltr'><strong><em>uni-</em></strong></span> 
     </span>
    </p>
   </div>
   <div class='ocr_carea' id='block_1_60' title="bbox 1989 2803 3579 2865">
    <p class='ocr_par' dir='ltr' id='par_1_60' title="bbox 1989 2803 3579 2865">
     <span class='ocr_line' id='line_1_60' title="bbox 1989 2803 3579 2865; baseline -0.001 -4"><span class='ocrx_word' id='word_1_430' title='bbox 1989 2806 2297 2861; x_wconf 89' lang='lat' dir='ltr'><strong><em>versitatem</em></strong></span> <span class='ocrx_word' id='word_1_431' title='bbox 2322 2806 2591 2861; x_wconf 86' lang='lat' dir='ltr'><strong><em>conditam</em></strong></span> <span class='ocrx_word' id='word_1_432' title='bbox 2621 2805 2674 2859; x_wconf 93' lang='lat' dir='ltr'><strong><em>in</em></strong></span> <span class='ocrx_word' id='word_1_433' title='bbox 2702 2806 2918 2860; x_wconf 87' lang='lat' dir='ltr'><strong><em>homine</em></strong></span> <span class='ocrx_word' id='word_1_434' title='bbox 2939 2803 3156 2865; x_wconf 83' lang='lat' dir='ltr'><strong><em>factam,</em></strong></span> <span class='ocrx_word' id='word_1_435' title='bbox 3185 2804 3257 2858; x_wconf 88' lang='lat' dir='ltr'><strong><em>ita</em></strong></span> <span class='ocrx_word' id='word_1_436' title='bbox 3287 2811 3347 2858; x_wconf 86' lang='lat' dir='ltr'><strong><em>ut</em></strong></span> <span class='ocrx_word' id='word_1_437' title='bbox 3372 2806 3579 2860; x_wconf 85' lang='lat' dir='ltr'><strong><em>veraci-</em></strong></span> 
     </span>
    </p>
   </div>
   <div class='ocr_carea' id='block_1_61' title="bbox 1991 2884 3579 2967">
    <p class='ocr_par' dir='ltr' id='par_1_61' title="bbox 1991 2884 3579 2967">
     <span class='ocr_line' id='line_1_61' title="bbox 1991 2884 3579 2967; baseline -0.001 -14"><span class='ocrx_word' id='word_1_438' title='bbox 1991 2902 2073 2954; x_wconf 86' lang='lat' dir='ltr'><strong><em>ter</em></strong></span> <span class='ocrx_word' id='word_1_439' title='bbox 2101 2898 2167 2953; x_wconf 88' lang='lat' dir='ltr'><strong><em>de</em></strong></span> <span class='ocrx_word' id='word_1_440' title='bbox 2187 2897 2408 2953; x_wconf 89' lang='lat' dir='ltr'><strong><em>homine</em></strong></span> <span class='ocrx_word' id='word_1_441' title='bbox 2436 2884 2768 2966; x_wconf 80' lang='lat' dir='ltr'><strong><em>intelligatur</em></strong></span> <span class='ocrx_word' id='word_1_442' title='bbox 2790 2898 2933 2967; x_wconf 88' lang='lat' dir='ltr'><strong><em>quod</em></strong></span> <span class='ocrx_word' id='word_1_443' title='bbox 2972 2895 3183 2952; x_wconf 80' lang='lat' dir='ltr'><strong><em>Veritas</em></strong></span> <span class='ocrx_word' id='word_1_444' title='bbox 3208 2896 3377 2951; x_wconf 75' lang='lat' dir='ltr'><strong><em>dixit:</em></strong></span> <span class='ocrx_word' id='word_1_445' title='bbox 3415 2895 3579 2951; x_wconf 85' lang='lat' dir='ltr'><strong><em>Prae-</em></strong></span> 
     </span>
    </p>
   </div>
   <div class='ocr_carea' id='block_1_62' title="bbox 1988 2982 3576 3060">
    <p class='ocr_par' dir='ltr' id='par_1_62' title="bbox 1988 2982 3576 3060">
     <span class='ocr_line' id='line_1_62' title="bbox 1988 2982 3576 3060; baseline -0.003 -15"><span class='ocrx_word' id='word_1_446' title='bbox 1988 2982 2162 3045; x_wconf 69' lang='lat' dir='ltr'><strong><em>dicate</em></strong></span> <span class='ocrx_word' id='word_1_447' title='bbox 2204 2988 2543 3060; x_wconf 84' lang='lat' dir='ltr'><strong><em>Evangelium</em></strong></span> <span class='ocrx_word' id='word_1_448' title='bbox 2583 2990 2725 3043; x_wconf 88' lang='lat' dir='ltr'><strong><em>omni</em></strong></span> <span class='ocrx_word' id='word_1_449' title='bbox 2752 2998 3055 3053; x_wconf 86' lang='lat' dir='ltr'><strong><em>creaturae;</em></strong></span> <span class='ocrx_word' id='word_1_450' title='bbox 3084 2989 3213 3043; x_wconf 86' lang='lat' dir='ltr'><strong><em>item</em></strong></span> <span class='ocrx_word' id='word_1_451' title='bbox 3240 2987 3528 3059; x_wconf 87' lang='lat' dir='ltr'><strong><em>Apostolus</em></strong></span> <span class='ocrx_word' id='word_1_452' title='bbox 3560 2996 3576 3040; x_wconf 83' lang='lat' dir='ltr'><strong><em>t</em></strong></span> 
     </span>
    </p>
   </div>
   <div class='ocr_carea' id='block_1_63' title="bbox 1994 3080 3579 3153">
    <p class='ocr_par' dir='ltr' id='par_1_63' title="bbox 1994 3080 3579 3153">
     <span class='ocr_line' id='line_1_63' title="bbox 1994 3080 3579 3153; baseline -0.004 -14"><span class='ocrx_word' id='word_1_453' title='bbox 1994 3082 2179 3139; x_wconf 82' lang='lat' dir='ltr'><strong><em>Omnis</em></strong></span> <span class='ocrx_word' id='word_1_454' title='bbox 2205 3093 2448 3137; x_wconf 78' lang='lat' dir='ltr'><strong><em>creatura</em></strong></span> <span class='ocrx_word' id='word_1_455' title='bbox 2484 3082 2816 3153; x_wconf 85' lang='lat' dir='ltr'><strong><em>congemiscit</em></strong></span> <span class='ocrx_word' id='word_1_456' title='bbox 2856 3091 2903 3135; x_wconf 89' lang='lat' dir='ltr'><strong><em>et</em></strong></span> <span class='ocrx_word' id='word_1_457' title='bbox 2937 3081 3161 3152; x_wconf 83' lang='lat' dir='ltr'><strong><em>parturit</em></strong></span> <span class='ocrx_word' id='word_1_458' title='bbox 3193 3096 3354 3151; x_wconf 84' lang='lat' dir='ltr'><strong><em>usque</em></strong></span> <span class='ocrx_word' id='word_1_459' title='bbox 3382 3080 3579 3134; x_wconf 70' lang='lat' dir='ltr'><strong><em>adhuc.</em></strong></span> 
     </span>
    </p>
   </div>
   <div class='ocr_carea' id='block_1_64' title="bbox 292 3153 3584 3248">
    <p class='ocr_par' dir='ltr' id='par_1_64' title="bbox 292 3153 3584 3248">
     <span class='ocr_line' id='line_1_64' title="bbox 292 3153 3584 3248; baseline -0.007 2"><span class='ocrx_word' id='word_1_460' title='bbox 292 3192 478 3240; x_wconf 58' lang='lat'><strong><em>“0559&#39;</em></strong></span> <span class='ocrx_word' id='word_1_461' title='bbox 521 3174 653 3248; x_wconf 60' lang='lat' dir='ltr'><strong><em>llum</em></strong></span> <span class='ocrx_word' id='word_1_462' title='bbox 697 3173 751 3229; x_wconf 76' lang='grc' dir='ltr'><strong><em>ίη</em></strong></span> <span class='ocrx_word' id='word_1_463' title='bbox 794 3183 974 3227; x_wconf 58' lang='lat' dir='ltr'><strong>rerum</strong></span> <span class='ocrx_word' id='word_1_464' title='bbox 1023 3166 1492 3224; x_wconf 63' lang='lat' dir='ltr'><strong><em>adminis‘ra‘im‘e</em></strong></span> <span class='ocrx_word' id='word_1_465' title='bbox 1535 3164 1710 3220; x_wconf 66' lang='grc' dir='ltr'><strong><em>δθιυτί</em></strong></span> <span class='ocrx_word' id='word_1_466' title='bbox 1736 3170 1883 3227; x_wconf 64' lang='lat' dir='ltr'><strong><em>sum:</em></strong></span> <span class='ocrx_word' id='word_1_467' title='bbox 1910 3153 1959 3216; x_wconf 63' lang='grc' dir='ltr'><strong>(ἶ</strong></span> <span class='ocrx_word' id='word_1_468' title='bbox 1986 3177 2089 3232; x_wconf 88' lang='lat' dir='ltr'><strong><em>Cui</em></strong></span> <span class='ocrx_word' id='word_1_469' title='bbox 2118 3188 2295 3232; x_wconf 85' lang='lat' dir='ltr'><strong><em>autem</em></strong></span> <span class='ocrx_word' id='word_1_470' title='bbox 2342 3177 2477 3231; x_wconf 89' lang='lat' dir='ltr'><strong><em>haec</em></strong></span> <span class='ocrx_word' id='word_1_471' title='bbox 2504 3173 2589 3230; x_wconf 83' lang='lat' dir='ltr'><strong><em>vel</em></strong></span> <span class='ocrx_word' id='word_1_472' title='bbox 2625 3175 2850 3229; x_wconf 89' lang='lat' dir='ltr'><strong><em>nimium</em></strong></span> <span class='ocrx_word' id='word_1_473' title='bbox 2879 3175 3128 3229; x_wconf 88' lang='lat' dir='ltr'><strong><em>abstrusa</em></strong></span> <span class='ocrx_word' id='word_1_474' title='bbox 3156 3173 3198 3206; x_wconf 82' lang='lat'>“</span> <span class='ocrx_word' id='word_1_475' title='bbox 3222 3213 3237 3238; x_wconf 92' lang='lat'><strong><em>,</em></strong></span> <span class='ocrx_word' id='word_1_476' title='bbox 3264 3173 3347 3227; x_wconf 85' lang='lat' dir='ltr'><strong><em>vel</em></strong></span> <span class='ocrx_word' id='word_1_477' title='bbox 3371 3173 3584 3242; x_wconf 85' lang='lat' dir='ltr'><strong><em>penitus</em></strong></span> 
     </span>
    </p>
   </div>
   <div class='ocr_carea' id='block_1_65' title="bbox 301 3260 1891 3343">
    <p class='ocr_par' dir='ltr' id='par_1_65' title="bbox 301 3260 1891 3343">
     <span class='ocr_line' id='line_1_65' title="bbox 301 3260 1891 3343; baseline -0.011 -17"><span class='ocrx_word' id='word_1_478' title='bbox 301 3271 501 3343; x_wconf 87' lang='lat' dir='ltr'><strong><em>quippe</em></strong></span> <span class='ocrx_word' id='word_1_479' title='bbox 529 3268 658 3323; x_wconf 85' lang='lat' dir='ltr'><strong><em>dum</em></strong></span> <span class='ocrx_word' id='word_1_480' title='bbox 695 3272 822 3321; x_wconf 89' lang='lat' dir='ltr'><strong><em>sunt</em></strong></span> <span class='ocrx_word' id='word_1_481' title='bbox 848 3264 869 3296; x_wconf 78' lang='grc'><strong><em>⁵</em></strong></span> <span class='ocrx_word' id='word_1_482' title='bbox 901 3260 1250 3317; x_wconf 85' lang='lat' dir='ltr'><strong><em>aeternaliter</em></strong></span> <span class='ocrx_word' id='word_1_483' title='bbox 1275 3266 1438 3329; x_wconf 83' lang='lat' dir='ltr'><strong><em>super</em></strong></span> <span class='ocrx_word' id='word_1_484' title='bbox 1470 3270 1633 3313; x_wconf 90' lang='lat' dir='ltr'><strong><em>omne</em></strong></span> <span class='ocrx_word' id='word_1_485' title='bbox 1679 3265 1891 3324; x_wconf 86' lang='lat' dir='ltr'><strong><em>tempus</em></strong></span> 
     </span>
    </p>
   </div>
   <div class='ocr_carea' id='block_1_66' title="bbox 299 3345 1894 3423">
    <p class='ocr_par' dir='ltr' id='par_1_66' title="bbox 299 3345 1894 3423">
     <span class='ocr_line' id='line_1_66' title="bbox 299 3345 1894 3423; baseline -0.013 -6"><span class='ocrx_word' id='word_1_486' title='bbox 299 3369 357 3418; x_wconf 88' lang='lat' dir='ltr'><strong><em>et</em></strong></span> <span class='ocrx_word' id='word_1_487' title='bbox 382 3362 558 3414; x_wconf 89' lang='lat' dir='ltr'><strong><em>locum</em></strong></span> <span class='ocrx_word' id='word_1_488' title='bbox 595 3359 651 3412; x_wconf 90' lang='lat' dir='ltr'><strong><em>in</em></strong></span> <span class='ocrx_word' id='word_1_489' title='bbox 683 3352 1141 3423; x_wconf 85' lang='lat' dir='ltr'><strong><em>contemplatione</em></strong></span> <span class='ocrx_word' id='word_1_490' title='bbox 1181 3349 1451 3417; x_wconf 87' lang='lat' dir='ltr'><strong><em>veritatis,</em></strong></span> <span class='ocrx_word' id='word_1_491' title='bbox 1482 3348 1668 3416; x_wconf 86' lang='lat' dir='ltr'><strong><em>inqua</em></strong></span> <span class='ocrx_word' id='word_1_492' title='bbox 1708 3345 1894 3400; x_wconf 83' lang='lat' dir='ltr'><strong><em>vident</em></strong></span> 
     </span>
    </p>
   </div>
   <div class='ocr_carea' id='block_1_67' title="bbox 280 3436 1894 3509">
    <p class='ocr_par' dir='ltr' id='par_1_67' title="bbox 280 3436 1894 3509">
     <span class='ocr_line' id='line_1_67' title="bbox 280 3436 1894 3509; baseline -0.012 0"><span class='ocrx_word' id='word_1_493' title='bbox 280 3452 467 3509; x_wconf 79' lang='lat' dir='ltr'><strong><em>~simul</em></strong></span> <span class='ocrx_word' id='word_1_494' title='bbox 496 3445 983 3505; x_wconf 84' lang='lat' dir='ltr'><strong><em>administrationis</em></strong></span> <span class='ocrx_word' id='word_1_495' title='bbox 1009 3458 1142 3500; x_wconf 88' lang='lat' dir='ltr'><strong><em>suae</em></strong></span> <span class='ocrx_word' id='word_1_496' title='bbox 1160 3456 1372 3499; x_wconf 86' lang='lat' dir='ltr'><strong><em>causas.</em></strong></span> <span class='ocrx_word' id='word_1_497' title='bbox 1406 3440 1471 3495; x_wconf 80' lang='lat' dir='ltr'><strong><em>Et</em></strong></span> <span class='ocrx_word' id='word_1_498' title='bbox 1502 3454 1571 3494; x_wconf 92' lang='lat' dir='ltr'><strong><em>ne</em></strong></span> <span class='ocrx_word' id='word_1_499' title='bbox 1593 3453 1681 3493; x_wconf 90' lang='lat' dir='ltr'><strong><em>me</em></strong></span> <span class='ocrx_word' id='word_1_500' title='bbox 1707 3436 1894 3491; x_wconf 82' lang='lat' dir='ltr'><strong><em>existi-</em></strong></span> 
     </span>
    </p>
   </div>
   <div class='ocr_carea' id='block_1_68' title="bbox 301 3532 1895 3603">
    <p class='ocr_par' dir='ltr' id='par_1_68' title="bbox 301 3532 1895 3603">
     <span class='ocr_line' id='line_1_68' title="bbox 301 3532 1895 3603; baseline -0.012 0"><span class='ocrx_word' id='word_1_501' title='bbox 301 3563 423 3603; x_wconf 89' lang='lat' dir='ltr'><strong><em>mes</em></strong></span> <span class='ocrx_word' id='word_1_502' title='bbox 465 3546 533 3600; x_wconf 87' lang='lat' dir='ltr'><strong><em>de</em></strong></span> <span class='ocrx_word' id='word_1_503' title='bbox 574 3542 828 3599; x_wconf 89' lang='lat' dir='ltr'><strong><em>omnibus</em></strong></span> <span class='ocrx_word' id='word_1_504' title='bbox 855 3532 1179 3595; x_wconf 83' lang='lat' dir='ltr'><strong><em>caelestibus</em></strong></span> <span class='ocrx_word' id='word_1_505' title='bbox 1215 3534 1468 3591; x_wconf 87' lang='lat' dir='ltr'><strong><em>essentiis</em></strong></span> <span class='ocrx_word' id='word_1_506' title='bbox 1500 3532 1626 3587; x_wconf 89' lang='lat' dir='ltr'><strong><em>talia</em></strong></span> <span class='ocrx_word' id='word_1_507' title='bbox 1655 3546 1895 3602; x_wconf 85' lang='lat' dir='ltr'><strong><em>pronun-</em></strong></span> 
     </span>
    </p>
   </div>
   <div class='ocr_carea' id='block_1_69' title="bbox 305 3623 1896 3706">
    <p class='ocr_par' dir='ltr' id='par_1_69' title="bbox 305 3623 1896 3706">
     <span class='ocr_line' id='line_1_69' title="bbox 305 3623 1896 3706; baseline -0.011 -11"><span class='ocrx_word' id='word_1_508' title='bbox 305 3641 465 3706; x_wconf 80' lang='lat' dir='ltr'><strong><em>tiare,</em></strong></span> <span class='ocrx_word' id='word_1_509' title='bbox 513 3637 608 3694; x_wconf 88' lang='lat' dir='ltr'><strong><em>sed</em></strong></span> <span class='ocrx_word' id='word_1_510' title='bbox 649 3637 717 3691; x_wconf 83' lang='lat' dir='ltr'><strong><em>de</em></strong></span> <span class='ocrx_word' id='word_1_511' title='bbox 760 3630 1278 3691; x_wconf 75' lang='lat' dir='ltr'><strong><em>excellentioribus‘</em></strong></span> <span class='ocrx_word' id='word_1_512' title='bbox 1322 3628 1661 3683; x_wconf 89' lang='lat' dir='ltr'><strong><em>solummodo</em></strong></span> <span class='ocrx_word' id='word_1_513' title='bbox 1691 3623 1896 3679; x_wconf 87' lang='lat' dir='ltr'><strong><em>ordini-</em></strong></span> 
     </span>
    </p>
   </div>
   <div class='ocr_carea' id='block_1_70' title="bbox 305 3714 1895 3805">
    <p class='ocr_par' dir='ltr' id='par_1_70' title="bbox 305 3714 1895 3805">
     <span class='ocr_line' id='line_1_70' title="bbox 305 3714 1895 3805; baseline -0.013 -13"><span class='ocrx_word' id='word_1_514' title='bbox 305 3737 429 3800; x_wconf 90' lang='lat' dir='ltr'><strong><em>bus,</em></strong></span> <span class='ocrx_word' id='word_1_515' title='bbox 465 3733 558 3805; x_wconf 88' lang='lat' dir='ltr'><strong><em>qui</em></strong></span> <span class='ocrx_word' id='word_1_516' title='bbox 589 3742 804 3802; x_wconf 88' lang='lat' dir='ltr'><strong><em>semper</em></strong></span> <span class='ocrx_word' id='word_1_517' title='bbox 844 3728 989 3784; x_wconf 86' lang='lat' dir='ltr'><strong><em>circa</em></strong></span> <span class='ocrx_word' id='word_1_518' title='bbox 1040 3727 1206 3782; x_wconf 88' lang='lat' dir='ltr'><strong><em>lleum</em></strong></span> <span class='ocrx_word' id='word_1_519' title='bbox 1237 3730 1383 3787; x_wconf 91' lang='lat' dir='ltr'><strong><em>sunt,</em></strong></span> <span class='ocrx_word' id='word_1_520' title='bbox 1418 3728 1473 3776; x_wconf 89' lang='lat' dir='ltr'><strong><em>et</em></strong></span> <span class='ocrx_word' id='word_1_521' title='bbox 1517 3718 1710 3790; x_wconf 86' lang='lat' dir='ltr'><strong><em>quibus</em></strong></span> <span class='ocrx_word' id='word_1_522' title='bbox 1750 3714 1895 3772; x_wconf 84' lang='lat' dir='ltr'><strong><em>nulla</em></strong></span> 
     </span>
    </p>
   </div>
   <div class='ocr_carea' id='block_1_71' title="bbox 311 3811 1900 3900">
    <p class='ocr_par' dir='ltr' id='par_1_71' title="bbox 311 3811 1900 3900">
     <span class='ocr_line' id='line_1_71' title="bbox 311 3811 1900 3900; baseline -0.013 -17"><span class='ocrx_word' id='word_1_523' title='bbox 311 3827 615 3900; x_wconf 81' lang='lat' dir='ltr'><strong><em>ignorantia</em></strong></span> <span class='ocrx_word' id='word_1_524' title='bbox 664 3825 806 3879; x_wconf 89' lang='lat' dir='ltr'><strong><em>inest</em></strong></span> <span class='ocrx_word' id='word_1_525' title='bbox 848 3829 1065 3893; x_wconf 87' lang='lat' dir='ltr'><strong><em>praeter</em></strong></span> <span class='ocrx_word' id='word_1_526' title='bbox 1104 3818 1250 3874; x_wconf 84' lang='lat' dir='ltr'><strong><em>illam</em></strong></span> <span class='ocrx_word' id='word_1_527' title='bbox 1294 3815 1599 3870; x_wconf 87' lang='lat' dir='ltr'><strong><em>divinarum</em></strong></span> <span class='ocrx_word' id='word_1_528' title='bbox 1649 3811 1900 3865; x_wconf 84' lang='lat' dir='ltr'><strong><em>tenebra-</em></strong></span> 
     </span>
    </p>
   </div>
   <div class='ocr_carea' id='block_1_72' title="bbox 310 3904 1901 3990">
    <p class='ocr_par' dir='ltr' id='par_1_72' title="bbox 310 3904 1901 3990">
     <span class='ocr_line' id='line_1_72' title="bbox 310 3904 1901 3990; baseline -0.013 -12"><span class='ocrx_word' id='word_1_529' title='bbox 310 3937 452 3987; x_wconf 89' lang='lat' dir='ltr'><strong><em>rum,</em></strong></span> <span class='ocrx_word' id='word_1_530' title='bbox 486 3932 629 3990; x_wconf 90' lang='lat' dir='ltr'><strong><em>quae</em></strong></span> <span class='ocrx_word' id='word_1_531' title='bbox 657 3926 878 3987; x_wconf 85' lang='lat' dir='ltr'><strong><em>superat</em></strong></span> <span class='ocrx_word' id='word_1_532' title='bbox 920 3927 1136 3969; x_wconf 90' lang='lat' dir='ltr'><strong><em>omnem</em></strong></span> <span class='ocrx_word' id='word_1_533' title='bbox 1176 3909 1526 3966; x_wconf 83' lang='lat' dir='ltr'><strong><em>intellectum.</em></strong></span> <span class='ocrx_word' id='word_1_534' title='bbox 1556 3904 1702 3962; x_wconf 90' lang='lat' dir='ltr'><strong><em>Ordo</em></strong></span> <span class='ocrx_word' id='word_1_535' title='bbox 1732 3904 1901 3974; x_wconf 87' lang='lat' dir='ltr'><strong><em>siqui-</em></strong></span> 
     </span>
    </p>
   </div>
   <div class='ocr_carea' id='block_1_73' title="bbox 312 3998 1902 4080">
    <p class='ocr_par' dir='ltr' id='par_1_73' title="bbox 312 3998 1902 4080">
     <span class='ocr_line' id='line_1_73' title="bbox 312 3998 1902 4080; baseline -0.013 -10"><span class='ocrx_word' id='word_1_536' title='bbox 312 4016 435 4070; x_wconf 77' lang='lat' dir='ltr'><strong><em>dem</em></strong></span> <span class='ocrx_word' id='word_1_537' title='bbox 481 4021 788 4077; x_wconf 85' lang='lat' dir='ltr'><strong><em>extremus,</em></strong></span> <span class='ocrx_word' id='word_1_538' title='bbox 837 4007 927 4080; x_wconf 86' lang='lat' dir='ltr'><strong><em>qui</em></strong></span> <span class='ocrx_word' id='word_1_539' title='bbox 974 4005 1193 4078; x_wconf 85' lang='lat' dir='ltr'><strong><em>proprie</em></strong></span> <span class='ocrx_word' id='word_1_540' title='bbox 1238 4003 1436 4060; x_wconf 90' lang='lat' dir='ltr'><strong><em>dicitur</em></strong></span> <span class='ocrx_word' id='word_1_541' title='bbox 1473 3998 1769 4070; x_wconf 82' lang='lat' dir='ltr'><strong><em>angelicus,</em></strong></span> <span class='ocrx_word' id='word_1_542' title='bbox 1805 4008 1902 4067; x_wconf 87' lang='lat' dir='ltr'><strong><em>per</em></strong></span> 
     </span>
    </p>
   </div>
   <div class='ocr_carea' id='block_1_74' title="bbox 312 4088 1902 4178">
    <p class='ocr_par' dir='ltr' id='par_1_74' title="bbox 312 4088 1902 4178">
     <span class='ocr_line' id='line_1_74' title="bbox 312 4088 1902 4178; baseline -0.014 -14"><span class='ocrx_word' id='word_1_543' title='bbox 312 4123 476 4178; x_wconf 85' lang='lat' dir='ltr'><strong><em>quem</em></strong></span> <span class='ocrx_word' id='word_1_544' title='bbox 506 4098 815 4176; x_wconf 87' lang='lat' dir='ltr'><strong><em>superiores</em></strong></span> <span class='ocrx_word' id='word_1_545' title='bbox 840 4100 1062 4155; x_wconf 88' lang='lat' dir='ltr'><strong><em>ordines</em></strong></span> <span class='ocrx_word' id='word_1_546' title='bbox 1100 4096 1507 4158; x_wconf 87' lang='lat' dir='ltr'><strong><em>administrant,</em></strong></span> <span class='ocrx_word' id='word_1_547' title='bbox 1548 4088 1805 4163; x_wconf 88' lang='lat' dir='ltr'><strong><em>quicquid</em></strong></span> <span class='ocrx_word' id='word_1_548' title='bbox 1846 4089 1902 4142; x_wconf 89' lang='lat' dir='ltr'><strong><em>in</em></strong></span> 
     </span>
    </p>
   </div>
   <div class='ocr_carea' id='block_1_75' title="bbox 312 4180 1902 4263">
    <p class='ocr_par' dir='ltr' id='par_1_75' title="bbox 312 4180 1902 4263">
     <span class='ocr_line' id='line_1_75' title="bbox 312 4180 1902 4263; baseline -0.014 -5"><span class='ocrx_word' id='word_1_549' title='bbox 312 4198 570 4258; x_wconf 86' lang='lat' dir='ltr'><strong><em>humanis</em></strong></span> <span class='ocrx_word' id='word_1_550' title='bbox 597 4195 870 4253; x_wconf 79' lang='lat' dir='ltr'><strong><em>mentibus</em></strong></span> <span class='ocrx_word' id='word_1_551' title='bbox 896 4194 916 4226; x_wconf 90' lang='lat'><strong><em>&quot;</em></strong></span> <span class='ocrx_word' id='word_1_552' title='bbox 943 4206 1040 4263; x_wconf 86' lang='lat' dir='ltr'><strong><em>per</em></strong></span> <span class='ocrx_word' id='word_1_553' title='bbox 1059 4190 1274 4246; x_wconf 79' lang='lat' dir='ltr'><strong><em>divinas</em></strong></span> <span class='ocrx_word' id='word_1_554' title='bbox 1302 4184 1684 4250; x_wconf 86' lang='lat' dir='ltr'><strong><em>revelationes,</em></strong></span> <span class='ocrx_word' id='word_1_555' title='bbox 1716 4180 1798 4237; x_wconf 75' lang='lat' dir='ltr'><strong><em>vel</em></strong></span> <span class='ocrx_word' id='word_1_556' title='bbox 1846 4180 1902 4236; x_wconf 83' lang='lat' dir='ltr'><strong><em>in</em></strong></span> 
     </span>
    </p>
   </div>
   <div class='ocr_carea' id='block_1_76' title="bbox 316 4274 1906 4359">
    <p class='ocr_par' dir='ltr' id='par_1_76' title="bbox 316 4274 1906 4359">
     <span class='ocr_line' id='line_1_76' title="bbox 316 4274 1906 4359; baseline -0.014 -7"><span class='ocrx_word' id='word_1_557' title='bbox 316 4295 514 4353; x_wconf 87' lang='lat' dir='ltr'><strong><em>ceteris</em></strong></span> <span class='ocrx_word' id='word_1_558' title='bbox 535 4291 717 4348; x_wconf 89' lang='lat' dir='ltr'><strong><em>mundi</em></strong></span> <span class='ocrx_word' id='word_1_559' title='bbox 742 4288 903 4359; x_wconf 86' lang='lat' dir='ltr'><strong><em>hujus</em></strong></span> <span class='ocrx_word' id='word_1_560' title='bbox 926 4281 1372 4359; x_wconf 71' lang='lat' dir='ltr'><strong><em>partibus-divina</em></strong></span> <span class='ocrx_word' id='word_1_561' title='bbox 1394 4276 1729 4352; x_wconf 80' lang='lat' dir='ltr'><strong><em>providentia</em></strong></span> <span class='ocrx_word' id='word_1_562' title='bbox 1753 4274 1906 4345; x_wconf 87' lang='lat' dir='ltr'><strong><em>jubet</em></strong></span> 
     </span>
    </p>
   </div>
   <div class='ocr_carea' id='block_1_77' title="bbox 282 4368 1909 4459">
    <p class='ocr_par' dir='ltr' id='par_1_77' title="bbox 282 4368 1909 4459">
     <span class='ocr_line' id='line_1_77' title="bbox 282 4368 1909 4459; baseline -0.013 -16"><span class='ocrx_word' id='word_1_563' title='bbox 282 4387 524 4459; x_wconf 66' lang='lat' dir='ltr'><strong><em>peragi,</em></strong></span> <span class='ocrx_word' id='word_1_564' title='bbox 556 4383 791 4439; x_wconf 90' lang='lat' dir='ltr'><strong><em>nondum</em></strong></span> <span class='ocrx_word' id='word_1_565' title='bbox 813 4381 960 4436; x_wconf 87' lang='lat' dir='ltr'><strong><em>onmi</em></strong></span> <span class='ocrx_word' id='word_1_566' title='bbox 986 4375 1290 4448; x_wconf 85' lang='lat' dir='ltr'><strong><em>ignorantia</em></strong></span> <span class='ocrx_word' id='word_1_567' title='bbox 1320 4372 1598 4429; x_wconf 79' lang='lat' dir='ltr'><strong><em>absolutus</em></strong></span> <span class='ocrx_word' id='word_1_568' title='bbox 1628 4378 1731 4433; x_wconf 89' lang='lat' dir='ltr'><strong><em>est,</em></strong></span> <span class='ocrx_word' id='word_1_569' title='bbox 1759 4368 1909 4423; x_wconf 80' lang='lat' dir='ltr'><strong><em>ideo-</em></strong></span> 
     </span>
    </p>
   </div>
   <div class='ocr_carea' id='block_1_78' title="bbox 318 4461 1910 4555">
    <p class='ocr_par' dir='ltr' id='par_1_78' title="bbox 318 4461 1910 4555">
     <span class='ocr_line' id='line_1_78' title="bbox 318 4461 1910 4555; baseline -0.013 -17"><span class='ocrx_word' id='word_1_570' title='bbox 318 4498 426 4555; x_wconf 91' lang='lat' dir='ltr'><strong><em>que</em></strong></span> <span class='ocrx_word' id='word_1_571' title='bbox 454 4482 501 4547; x_wconf 84' lang='grc'>⁶,</span> <span class='ocrx_word' id='word_1_572' title='bbox 543 4489 598 4535; x_wconf 83' lang='grc' dir='ltr'><strong><em>ιιι</em></strong></span> <span class='ocrx_word' id='word_1_573' title='bbox 634 4487 854 4534; x_wconf 88' lang='lat' dir='ltr'><strong><em>sanctus</em></strong></span> <span class='ocrx_word' id='word_1_574' title='bbox 892 4474 1177 4544; x_wconf 60' lang='lat' dir='ltr'><strong><em>Dionysius</em></strong></span> <span class='ocrx_word' id='word_1_575' title='bbox 1212 4469 1534 4539; x_wconf 80' lang='lat' dir='ltr'><strong><em>Areopagita</em></strong></span> <span class='ocrx_word' id='word_1_576' title='bbox 1574 4466 1628 4520; x_wconf 91' lang='lat' dir='ltr'><strong><em>in</em></strong></span> <span class='ocrx_word' id='word_1_577' title='bbox 1664 4464 1802 4519; x_wconf 87' lang='lat' dir='ltr'><strong><em>libro</em></strong></span> <span class='ocrx_word' id='word_1_578' title='bbox 1843 4461 1910 4517; x_wconf 88' lang='lat' dir='ltr'><strong><em>de</em></strong></span> 
     </span>
    </p>
   </div>
   <div class='ocr_carea' id='block_1_79' title="bbox 320 4556 1909 4635">
    <p class='ocr_par' dir='ltr' id='par_1_79' title="bbox 320 4556 1909 4635">
     <span class='ocr_line' id='line_1_79' title="bbox 320 4556 1909 4635; baseline -0.016 -2"><span class='ocrx_word' id='word_1_579' title='bbox 320 4575 546 4633; x_wconf 86' lang='lat' dir='ltr'><strong><em>caelesti</em></strong></span> <span class='ocrx_word' id='word_1_580' title='bbox 575 4571 853 4628; x_wconf 82' lang='lat' dir='ltr'><strong><em>Jerarchia</em></strong></span> <span class='ocrx_word' id='word_1_581' title='bbox 897 4566 1248 4624; x_wconf 84' lang='lat' dir='ltr'><strong><em>subtilissime</em></strong></span> <span class='ocrx_word' id='word_1_582' title='bbox 1274 4568 1592 4635; x_wconf 87' lang='lat' dir='ltr'><strong><em>pertractat,</em></strong></span> <span class='ocrx_word' id='word_1_583' title='bbox 1622 4577 1655 4613; x_wconf 91' lang='lat' dir='ltr'><strong><em>a</em></strong></span> <span class='ocrx_word' id='word_1_584' title='bbox 1675 4556 1909 4628; x_wconf 83' lang='lat' dir='ltr'><strong><em>superio-</em></strong></span> 
     </span>
    </p>
   </div>
   <div class='ocr_carea' id='block_1_80' title="bbox 321 4651 1906 4724">
    <p class='ocr_par' dir='ltr' id='par_1_80' title="bbox 321 4651 1906 4724">
     <span class='ocr_line' id='line_1_80' title="bbox 321 4651 1906 4724; baseline -0.015 0"><span class='ocrx_word' id='word_1_585' title='bbox 321 4667 475 4723; x_wconf 64' lang='lat' dir='ltr'><strong><em>ribus“</em></strong></span> <span class='ocrx_word' id='word_1_586' title='bbox 514 4664 784 4721; x_wconf 82' lang='lat' dir='ltr'><strong><em>ordinibus</em></strong></span> <span class='ocrx_word' id='word_1_587' title='bbox 809 4663 1045 4724; x_wconf 84' lang='lat' dir='ltr'><strong><em>docetur,</em></strong></span> <span class='ocrx_word' id='word_1_588' title='bbox 1073 4668 1122 4714; x_wconf 88' lang='lat' dir='ltr'><strong><em>et</em></strong></span> <span class='ocrx_word' id='word_1_589' title='bbox 1154 4657 1208 4711; x_wconf 84' lang='lat' dir='ltr'><strong><em>in</em></strong></span> <span class='ocrx_word' id='word_1_590' title='bbox 1239 4656 1487 4710; x_wconf 87' lang='lat' dir='ltr'><strong><em>altiorum</em></strong></span> <span class='ocrx_word' id='word_1_591' title='bbox 1518 4669 1574 4708; x_wconf 82' lang='lat' dir='ltr'><strong><em>se</em></strong></span> <span class='ocrx_word' id='word_1_592' title='bbox 1608 4651 1906 4705; x_wconf 84' lang='lat' dir='ltr'><strong><em>divinorum</em></strong></span> 
     </span>
    </p>
   </div>
   <div class='ocr_carea' id='block_1_81' title="bbox 321 4743 1911 4829">
    <p class='ocr_par' dir='ltr' id='par_1_81' title="bbox 321 4743 1911 4829">
     <span class='ocr_line' id='line_1_81' title="bbox 321 4743 1911 4829; baseline -0.011 -15"><span class='ocrx_word' id='word_1_593' title='bbox 321 4758 690 4829; x_wconf 75' lang='lat' dir='ltr'><strong><em>mysteriorum</em></strong></span> <span class='ocrx_word' id='word_1_594' title='bbox 716 4753 955 4809; x_wconf 85' lang='lat' dir='ltr'><strong><em>notitiam</em></strong></span> <span class='ocrx_word' id='word_1_595' title='bbox 982 4748 1357 4804; x_wconf 83' lang='lat' dir='ltr'><strong><em>introducitur.</em></strong></span> <span class='ocrx_word' id='word_1_596' title='bbox 1379 4746 1613 4801; x_wconf 90' lang='lat' dir='ltr'><strong><em>Proinde</em></strong></span> <span class='ocrx_word' id='word_1_597' title='bbox 1636 4759 1743 4799; x_wconf 92' lang='lat' dir='ltr'><strong><em>non</em></strong></span> <span class='ocrx_word' id='word_1_598' title='bbox 1772 4743 1911 4798; x_wconf 84' lang='lat' dir='ltr'><strong><em>irra-</em></strong></span> 
     </span>
    </p>
   </div>
   <div class='ocr_carea' id='block_1_82' title="bbox 321 4841 1910 4919">
    <p class='ocr_par' dir='ltr' id='par_1_82' title="bbox 321 4841 1910 4919">
     <span class='ocr_line' id='line_1_82' title="bbox 321 4841 1910 4919; baseline -0.011 -9"><span class='ocrx_word' id='word_1_599' title='bbox 321 4852 657 4911; x_wconf 90' lang='lat' dir='ltr'><strong><em>tionabiliter</em></strong></span> <span class='ocrx_word' id='word_1_600' title='bbox 682 4849 935 4919; x_wconf 82' lang='lat' dir='ltr'><strong><em>juhemur</em></strong></span> <span class='ocrx_word' id='word_1_601' title='bbox 971 4845 1197 4901; x_wconf 90' lang='lat' dir='ltr'><strong><em>credere</em></strong></span> <span class='ocrx_word' id='word_1_602' title='bbox 1242 4851 1299 4897; x_wconf 86' lang='lat' dir='ltr'><strong><em>et</em></strong></span> <span class='ocrx_word' id='word_1_603' title='bbox 1337 4841 1655 4913; x_wconf 89' lang='lat' dir='ltr'><strong><em>intelligere,</em></strong></span> <span class='ocrx_word' id='word_1_604' title='bbox 1694 4852 1910 4893; x_wconf 90' lang='lat' dir='ltr'><strong><em>omnem</em></strong></span> 
     </span>
    </p>
   </div>
   <div class='ocr_carea' id='block_1_83' title="bbox 324 4931 1913 5003">
    <p class='ocr_par' dir='ltr' id='par_1_83' title="bbox 324 4931 1913 5003">
     <span class='ocr_line' id='line_1_83' title="bbox 324 4931 1913 5003; baseline -0.013 0"><span class='ocrx_word' id='word_1_605' title='bbox 324 4940 593 5003; x_wconf 78' lang='lat' dir='ltr'><strong><em>visibilem</em></strong></span> <span class='ocrx_word' id='word_1_606' title='bbox 630 4950 685 4998; x_wconf 88' lang='lat' dir='ltr'><strong><em>et</em></strong></span> <span class='ocrx_word' id='word_1_607' title='bbox 728 4937 1051 4996; x_wconf 78' lang='lat' dir='ltr'><strong><em>invisibilem</em></strong></span> <span class='ocrx_word' id='word_1_608' title='bbox 1095 4943 1397 4991; x_wconf 87' lang='lat' dir='ltr'><strong><em>creaturam</em></strong></span> <span class='ocrx_word' id='word_1_609' title='bbox 1439 4933 1492 4986; x_wconf 90' lang='lat' dir='ltr'><strong><em>in</em></strong></span> <span class='ocrx_word' id='word_1_610' title='bbox 1536 4931 1651 4988; x_wconf 89' lang='lat' dir='ltr'><strong><em>solo</em></strong></span> <span class='ocrx_word' id='word_1_611' title='bbox 1694 4931 1913 4986; x_wconf 89' lang='lat' dir='ltr'><strong><em>homine</em></strong></span> 
     </span>
    </p>
   </div>
   <div class='ocr_carea' id='block_1_84' title="bbox 326 5026 1914 5100">
    <p class='ocr_par' dir='ltr' id='par_1_84' title="bbox 326 5026 1914 5100">
     <span class='ocr_line' id='line_1_84' title="bbox 326 5026 1914 5100; baseline -0.012 -4"><span class='ocrx_word' id='word_1_612' title='bbox 326 5054 449 5096; x_wconf 82' lang='lat' dir='ltr'><strong><em>esse</em></strong></span> <span class='ocrx_word' id='word_1_613' title='bbox 479 5036 769 5100; x_wconf 89' lang='lat' dir='ltr'><strong><em>conditam,</em></strong></span> <span class='ocrx_word' id='word_1_614' title='bbox 796 5048 917 5089; x_wconf 90' lang='lat' dir='ltr'><strong><em>cum</em></strong></span> <span class='ocrx_word' id='word_1_615' title='bbox 943 5030 1089 5085; x_wconf 87' lang='lat' dir='ltr'><strong><em>nulla</em></strong></span> <span class='ocrx_word' id='word_1_616' title='bbox 1122 5029 1426 5085; x_wconf 79' lang='lat' dir='ltr'><strong><em>Substantia</em></strong></span> <span class='ocrx_word' id='word_1_617' title='bbox 1450 5026 1520 5080; x_wconf 90' lang='lat' dir='ltr'><strong><em>sit</em></strong></span> <span class='ocrx_word' id='word_1_618' title='bbox 1545 5034 1747 5088; x_wconf 87' lang='lat' dir='ltr'><strong><em>creata,</em></strong></span> <span class='ocrx_word' id='word_1_619' title='bbox 1774 5039 1914 5093; x_wconf 86' lang='lat' dir='ltr'><strong><em>quae</em></strong></span> 
     </span>
    </p>
   </div>
   <div class='ocr_carea' id='block_1_85' title="bbox 329 5112 1913 5196">
    <p class='ocr_par' dir='ltr' id='par_1_85' title="bbox 329 5112 1913 5196">
     <span class='ocr_line' id='line_1_85' title="bbox 329 5112 1913 5196; baseline -0.012 -10"><span class='ocrx_word' id='word_1_620' title='bbox 329 5132 386 5186; x_wconf 84' lang='lat' dir='ltr'><strong><em>in</em></strong></span> <span class='ocrx_word' id='word_1_621' title='bbox 416 5144 482 5184; x_wconf 87' lang='lat' dir='ltr'><strong><em>eo</em></strong></span> <span class='ocrx_word' id='word_1_622' title='bbox 509 5143 617 5183; x_wconf 92' lang='lat' dir='ltr'><strong><em>non</em></strong></span> <span class='ocrx_word' id='word_1_623' title='bbox 651 5125 988 5196; x_wconf 88' lang='lat' dir='ltr'><strong><em>intelligatur</em></strong></span> <span class='ocrx_word' id='word_1_624' title='bbox 1018 5134 1172 5184; x_wconf 89' lang='lat' dir='ltr'><strong><em>esse,</em></strong></span> <span class='ocrx_word' id='word_1_625' title='bbox 1204 5118 1349 5174; x_wconf 85' lang='lat' dir='ltr'><strong><em>nulla</em></strong></span> <span class='ocrx_word' id='word_1_626' title='bbox 1377 5116 1608 5188; x_wconf 87' lang='lat' dir='ltr'><strong><em>species,</em></strong></span> <span class='ocrx_word' id='word_1_627' title='bbox 1637 5130 1730 5171; x_wconf 88' lang='lat' dir='ltr'><strong><em>seu</em></strong></span> <span class='ocrx_word' id='word_1_628' title='bbox 1757 5112 1913 5168; x_wconf 76' lang='lat' dir='ltr'><strong><em>diffe-</em></strong></span> 
     </span>
    </p>
   </div>
   <div class='ocr_carea' id='block_1_86' title="bbox 330 5207 1917 5291">
    <p class='ocr_par' dir='ltr' id='par_1_86' title="bbox 330 5207 1917 5291">
     <span class='ocr_line' id='line_1_86' title="bbox 330 5207 1917 5291; baseline -0.014 -10"><span class='ocrx_word' id='word_1_629' title='bbox 330 5220 529 5288; x_wconf 89' lang='lat' dir='ltr'><strong><em>rentia,</em></strong></span> <span class='ocrx_word' id='word_1_630' title='bbox 554 5234 649 5276; x_wconf 88' lang='lat' dir='ltr'><strong><em>seu</em></strong></span> <span class='ocrx_word' id='word_1_631' title='bbox 672 5217 971 5291; x_wconf 86' lang='lat' dir='ltr'><strong><em>proprium,</em></strong></span> <span class='ocrx_word' id='word_1_632' title='bbox 995 5229 1087 5270; x_wconf 90' lang='lat' dir='ltr'><strong><em>seu</em></strong></span> <span class='ocrx_word' id='word_1_633' title='bbox 1111 5210 1364 5269; x_wconf 86' lang='lat' dir='ltr'><strong><em>accidens</em></strong></span> <span class='ocrx_word' id='word_1_634' title='bbox 1381 5207 1627 5264; x_wconf 87' lang='lat' dir='ltr'><strong><em>naturale</em></strong></span> <span class='ocrx_word' id='word_1_635' title='bbox 1648 5207 1701 5262; x_wconf 91' lang='lat' dir='ltr'><strong><em>in</em></strong></span> <span class='ocrx_word' id='word_1_636' title='bbox 1722 5212 1917 5261; x_wconf 88' lang='lat' dir='ltr'><strong><em>natura</em></strong></span> 
     </span>
    </p>
   </div>
   <div class='ocr_carea' id='block_1_87' title="bbox 333 5299 1915 5384">
    <p class='ocr_par' dir='ltr' id='par_1_87' title="bbox 333 5299 1915 5384">
     <span class='ocr_line' id='line_1_87' title="bbox 333 5299 1915 5384; baseline -0.013 -11"><span class='ocrx_word' id='word_1_637' title='bbox 333 5330 516 5373; x_wconf 87' lang='lat' dir='ltr'><strong><em>rerum</em></strong></span> <span class='ocrx_word' id='word_1_638' title='bbox 546 5310 870 5384; x_wconf 84' lang='lat' dir='ltr'><strong><em>reperiatur,</em></strong></span> <span class='ocrx_word' id='word_1_639' title='bbox 908 5322 1047 5380; x_wconf 88' lang='lat' dir='ltr'><strong><em>quae</em></strong></span> <span class='ocrx_word' id='word_1_640' title='bbox 1073 5306 1156 5362; x_wconf 81' lang='lat' dir='ltr'><strong><em>vel</em></strong></span> <span class='ocrx_word' id='word_1_641' title='bbox 1196 5305 1247 5361; x_wconf 90' lang='lat' dir='ltr'><strong><em>ei</em></strong></span> <span class='ocrx_word' id='word_1_642' title='bbox 1288 5302 1610 5358; x_wconf 88' lang='lat' dir='ltr'><strong><em>naturaliter</em></strong></span> <span class='ocrx_word' id='word_1_643' title='bbox 1635 5315 1741 5357; x_wconf 90' lang='lat' dir='ltr'><strong><em>non</em></strong></span> <span class='ocrx_word' id='word_1_644' title='bbox 1764 5299 1915 5364; x_wconf 89' lang='lat' dir='ltr'><strong><em>insit,</em></strong></span> 
     </span>
    </p>
   </div>
   <div class='ocr_carea' id='block_1_88' title="bbox 333 5392 1923 5480">
    <p class='ocr_par' dir='ltr' id='par_1_88' title="bbox 333 5392 1923 5480">
     <span class='ocr_line' id='line_1_88' title="bbox 333 5392 1923 5480; baseline -0.013 -11"><span class='ocrx_word' id='word_1_645' title='bbox 333 5411 421 5470; x_wconf 75' lang='lat' dir='ltr'><strong><em>vel</em></strong></span> <span class='ocrx_word' id='word_1_646' title='bbox 445 5408 598 5480; x_wconf 85' lang='lat' dir='ltr'><strong><em>cujus</em></strong></span> <span class='ocrx_word' id='word_1_647' title='bbox 621 5406 809 5465; x_wconf 85' lang='lat' dir='ltr'><strong><em>notitia</em></strong></span> <span class='ocrx_word' id='word_1_648' title='bbox 844 5404 898 5462; x_wconf 89' lang='lat' dir='ltr'><strong><em>in</em></strong></span> <span class='ocrx_word' id='word_1_649' title='bbox 921 5418 989 5461; x_wconf 90' lang='lat' dir='ltr'><strong><em>eo</em></strong></span> <span class='ocrx_word' id='word_1_650' title='bbox 1013 5414 1134 5458; x_wconf 88' lang='lat' dir='ltr'><strong><em>esse</em></strong></span> <span class='ocrx_word' id='word_1_651' title='bbox 1160 5415 1266 5456; x_wconf 92' lang='lat' dir='ltr'><strong><em>non</em></strong></span> <span class='ocrx_word' id='word_1_652' title='bbox 1297 5397 1497 5469; x_wconf 88' lang='lat' dir='ltr'><strong><em>possit;</em></strong></span> <span class='ocrx_word' id='word_1_653' title='bbox 1526 5396 1751 5468; x_wconf 83' lang='lat' dir='ltr'><strong><em>ipsaque</em></strong></span> <span class='ocrx_word' id='word_1_654' title='bbox 1783 5392 1923 5455; x_wconf 86' lang='lat' dir='ltr'><strong><em>noti-</em></strong></span> 
     </span>
    </p>
   </div>
   <div class='ocr_carea' id='block_1_89' title="bbox 1988 3262 3584 3335">
    <p class='ocr_par' dir='ltr' id='par_1_89' title="bbox 1988 3262 3584 3335">
     <span class='ocr_line' id='line_1_89' title="bbox 1988 3262 3584 3335; baseline -0.005 -10"><span class='ocrx_word' id='word_1_655' title='bbox 1988 3268 2326 3325; x_wconf 73' lang='lat' dir='ltr'><strong><em>‘incredibilia</em></strong></span> <span class='ocrx_word' id='word_1_656' title='bbox 2356 3269 2626 3332; x_wconf 81' lang='lat' dir='ltr'><strong><em>videntur,</em></strong></span> <span class='ocrx_word' id='word_1_657' title='bbox 2651 3267 2695 3323; x_wconf 90' lang='lat' dir='ltr'><strong><em>si</em></strong></span> <span class='ocrx_word' id='word_1_658' title='bbox 2723 3268 2961 3322; x_wconf 90' lang='lat' dir='ltr'><strong><em>omnium</em></strong></span> <span class='ocrx_word' id='word_1_659' title='bbox 2988 3265 3314 3322; x_wconf 88' lang='lat' dir='ltr'><strong><em>naturalium</em></strong></span> <span class='ocrx_word' id='word_1_660' title='bbox 3342 3262 3584 3335; x_wconf 68' lang='lat' dir='ltr'><strong><em>disciplil</em></strong></span> 
     </span>
    </p>
   </div>
   <div class='ocr_carea' id='block_1_90' title="bbox 1991 3342 3584 3432">
    <p class='ocr_par' dir='ltr' id='par_1_90' title="bbox 1991 3342 3584 3432">
     <span class='ocr_line' id='line_1_90' title="bbox 1991 3342 3584 3432; baseline -0.005 -15"><span class='ocrx_word' id='word_1_661' title='bbox 1991 3377 2205 3426; x_wconf 88' lang='lat' dir='ltr'><strong><em>narum,</em></strong></span> <span class='ocrx_word' id='word_1_662' title='bbox 2251 3376 2386 3432; x_wconf 89' lang='lat' dir='ltr'><strong><em>quas</em></strong></span> <span class='ocrx_word' id='word_1_663' title='bbox 2414 3359 2667 3416; x_wconf 87' lang='lat' dir='ltr'><strong><em>liberales</em></strong></span> <span class='ocrx_word' id='word_1_664' title='bbox 2697 3358 2985 3429; x_wconf 88' lang='lat' dir='ltr'><strong><em>appellant,</em></strong></span> <span class='ocrx_word' id='word_1_665' title='bbox 3019 3358 3300 3429; x_wconf 82' lang='lat' dir='ltr'><strong><em>imperitus</em></strong></span> <span class='ocrx_word' id='word_1_666' title='bbox 3330 3364 3448 3422; x_wconf 86' lang='lat' dir='ltr'><strong><em>est,</em></strong></span> <span class='ocrx_word' id='word_1_667' title='bbox 3493 3342 3584 3410; x_wconf 83' lang='lat' dir='ltr'><strong><em>aut</em></strong></span> 
     </span>
    </p>
   </div>
   <div class='ocr_carea' id='block_1_91' title="bbox 1994 3446 3588 3520">
    <p class='ocr_par' dir='ltr' id='par_1_91' title="bbox 1994 3446 3588 3520">
     <span class='ocr_line' id='line_1_91' title="bbox 1994 3446 3588 3520; baseline -0.004 -13"><span class='ocrx_word' id='word_1_668' title='bbox 1994 3453 2171 3518; x_wconf 89' lang='lat' dir='ltr'><strong><em>sileat,</em></strong></span> <span class='ocrx_word' id='word_1_669' title='bbox 2203 3460 2297 3506; x_wconf 89' lang='lat' dir='ltr'><strong><em>aut</em></strong></span> <span class='ocrx_word' id='word_1_670' title='bbox 2326 3452 2516 3515; x_wconf 85' lang='lat' dir='ltr'><strong><em>discat,</em></strong></span> <span class='ocrx_word' id='word_1_671' title='bbox 2546 3466 2617 3505; x_wconf 88' lang='lat' dir='ltr'><strong><em>ne</em></strong></span> <span class='ocrx_word' id='word_1_672' title='bbox 2643 3451 2687 3484; x_wconf 77' lang='grc' dir='ltr'>ι’</span> <span class='ocrx_word' id='word_1_673' title='bbox 2717 3449 2969 3505; x_wconf 88' lang='lat' dir='ltr'><strong><em>incautus</em></strong></span> <span class='ocrx_word' id='word_1_674' title='bbox 3011 3457 3276 3520; x_wconf 76' lang='lat' dir='ltr'><strong><em>repugnet</em></strong></span> <span class='ocrx_word' id='word_1_675' title='bbox 3307 3446 3414 3513; x_wconf 89' lang='lat' dir='ltr'><strong><em>his,</em></strong></span> <span class='ocrx_word' id='word_1_676' title='bbox 3447 3450 3588 3516; x_wconf 74' lang='lat' dir='ltr'><strong><em>quae</em></strong></span> 
     </span>
    </p>
   </div>
   <div class='ocr_carea' id='block_1_92' title="bbox 1995 3518 3588 3617">
    <p class='ocr_par' dir='ltr' id='par_1_92' title="bbox 1995 3518 3588 3617">
     <span class='ocr_line' id='line_1_92' title="bbox 1995 3518 3588 3617; baseline -0.004 -15"><span class='ocrx_word' id='word_1_677' title='bbox 1995 3545 2297 3617; x_wconf 83' lang='lat' dir='ltr'><strong><em>intelligere</em></strong></span> <span class='ocrx_word' id='word_1_678' title='bbox 2348 3560 2455 3601; x_wconf 90' lang='lat' dir='ltr'><strong><em>non</em></strong></span> <span class='ocrx_word' id='word_1_679' title='bbox 2508 3545 2686 3609; x_wconf 77' lang='lat' dir='ltr'><strong><em>valet;</em></strong></span> <span class='ocrx_word' id='word_1_680' title='bbox 2743 3542 2789 3598; x_wconf 91' lang='lat' dir='ltr'><strong><em>si</em></strong></span> <span class='ocrx_word' id='word_1_681' title='bbox 2842 3518 3085 3608; x_wconf 75' lang='lat' dir='ltr'><strong><em>doctus,</em></strong></span> <span class='ocrx_word' id='word_1_682' title='bbox 3131 3518 3288 3614; x_wconf 88' lang='lat' dir='ltr'><strong><em>plane</em></strong></span> <span class='ocrx_word' id='word_1_683' title='bbox 3332 3518 3588 3607; x_wconf 47' lang='lat' dir='ltr'><strong><em>videbit:</em></strong></span> 
     </span>
    </p>
   </div>
   <div class='ocr_carea' id='block_1_93' title="bbox 1997 3632 3592 3709">
    <p class='ocr_par' dir='ltr' id='par_1_93' title="bbox 1997 3632 3592 3709">
     <span class='ocr_line' id='line_1_93' title="bbox 1997 3632 3592 3709; baseline -0.006 -12"><span class='ocrx_word' id='word_1_684' title='bbox 1997 3651 2056 3697; x_wconf 89' lang='lat' dir='ltr'><strong><em>ut</em></strong></span> <span class='ocrx_word' id='word_1_685' title='bbox 2109 3642 2175 3698; x_wconf 90' lang='lat' dir='ltr'><strong><em>de</em></strong></span> <span class='ocrx_word' id='word_1_686' title='bbox 2225 3656 2330 3696; x_wconf 90' lang='lat' dir='ltr'><strong><em>una</em></strong></span> <span class='ocrx_word' id='word_1_687' title='bbox 2378 3654 2566 3696; x_wconf 88' lang='lat' dir='ltr'><strong><em>earum</em></strong></span> <span class='ocrx_word' id='word_1_688' title='bbox 2605 3637 2910 3709; x_wconf 74' lang='lat' dir='ltr'><strong><em>exemplum</em></strong></span> <span class='ocrx_word' id='word_1_689' title='bbox 2960 3634 3331 3707; x_wconf 79' lang='lat' dir='ltr'><strong><em>proferamus,</em></strong></span> <span class='ocrx_word' id='word_1_690' title='bbox 3370 3632 3592 3709; x_wconf 74' lang='lat' dir='ltr'><strong><em>ﬁguras</em></strong></span> 
     </span>
    </p>
   </div>
   <div class='ocr_carea' id='block_1_94' title="bbox 1998 3706 3590 3808">
    <p class='ocr_par' dir='ltr' id='par_1_94' title="bbox 1998 3706 3590 3808">
     <span class='ocr_line' id='line_1_94' title="bbox 1998 3706 3590 3808; baseline -0.007 -18"><span class='ocrx_word' id='word_1_691' title='bbox 1998 3734 2353 3808; x_wconf 84' lang='lat' dir='ltr'><strong><em>geometricas</em></strong></span> <span class='ocrx_word' id='word_1_692' title='bbox 2379 3747 2485 3789; x_wconf 86' lang='lat' dir='ltr'><strong><em>non</em></strong></span> <span class='ocrx_word' id='word_1_693' title='bbox 2508 3732 2564 3786; x_wconf 91' lang='lat' dir='ltr'><strong><em>in</em></strong></span> <span class='ocrx_word' id='word_1_694' title='bbox 2586 3730 2780 3801; x_wconf 87' lang='lat' dir='ltr'><strong><em>seipsis</em></strong></span> <span class='ocrx_word' id='word_1_695' title='bbox 2802 3706 3124 3786; x_wconf 84' lang='lat' dir='ltr'><strong><em>naturaliter</em></strong></span> <span class='ocrx_word' id='word_1_696' title='bbox 3145 3727 3462 3792; x_wconf 85' lang='lat' dir='ltr'><strong><em>subsistere,</em></strong></span> <span class='ocrx_word' id='word_1_697' title='bbox 3494 3706 3590 3781; x_wconf 73' lang='lat' dir='ltr'><strong><em>sed</em></strong></span> 
     </span>
    </p>
   </div>
   <div class='ocr_carea' id='block_1_95' title="bbox 1999 3812 3591 3894">
    <p class='ocr_par' dir='ltr' id='par_1_95' title="bbox 1999 3812 3591 3894">
     <span class='ocr_line' id='line_1_95' title="bbox 1999 3812 3591 3894; baseline -0.008 -10"><span class='ocrx_word' id='word_1_698' title='bbox 1999 3830 2053 3885; x_wconf 92' lang='lat' dir='ltr'><strong><em>in</em></strong></span> <span class='ocrx_word' id='word_1_699' title='bbox 2087 3826 2384 3882; x_wconf 77' lang='lat' dir='ltr'><strong><em>rationibus</em></strong></span> <span class='ocrx_word' id='word_1_700' title='bbox 2414 3824 2587 3894; x_wconf 87' lang='lat' dir='ltr'><strong><em>ipsius</em></strong></span> <span class='ocrx_word' id='word_1_701' title='bbox 2633 3822 2979 3894; x_wconf 90' lang='lat' dir='ltr'><strong><em>disciplinae,</em></strong></span> <span class='ocrx_word' id='word_1_702' title='bbox 3009 3821 3164 3892; x_wconf 88' lang='lat' dir='ltr'><strong><em>cujus</em></strong></span> <span class='ocrx_word' id='word_1_703' title='bbox 3196 3820 3403 3890; x_wconf 89' lang='lat' dir='ltr'><strong><em>ﬁgurae</em></strong></span> <span class='ocrx_word' id='word_1_704' title='bbox 3444 3812 3591 3873; x_wconf 75' lang='lat' dir='ltr'><strong><em>sunt.</em></strong></span> 
     </span>
    </p>
   </div>
   <div class='ocr_carea' id='block_1_96' title="bbox 2000 3907 3595 3986">
    <p class='ocr_par' dir='ltr' id='par_1_96' title="bbox 2000 3907 3595 3986">
     <span class='ocr_line' id='line_1_96' title="bbox 2000 3907 3595 3986; baseline -0.007 -12"><span class='ocrx_word' id='word_1_705' title='bbox 2000 3918 2268 3986; x_wconf 84' lang='lat' dir='ltr'><strong><em>Trigonus</em></strong></span> <span class='ocrx_word' id='word_1_706' title='bbox 2306 3914 2614 3986; x_wconf 83' lang='lat' dir='ltr'><strong><em>siquidem,</em></strong></span> <span class='ocrx_word' id='word_1_707' title='bbox 2667 3913 2760 3982; x_wconf 85' lang='lat' dir='ltr'><strong><em>qui</em></strong></span> <span class='ocrx_word' id='word_1_708' title='bbox 2806 3925 3066 3983; x_wconf 86' lang='lat' dir='ltr'><strong><em>corporeo</em></strong></span> <span class='ocrx_word' id='word_1_709' title='bbox 3108 3924 3268 3966; x_wconf 89' lang='lat' dir='ltr'><strong><em>sensu</em></strong></span> <span class='ocrx_word' id='word_1_710' title='bbox 3315 3909 3370 3964; x_wconf 91' lang='lat' dir='ltr'><strong><em>in</em></strong></span> <span class='ocrx_word' id='word_1_711' title='bbox 3417 3907 3595 3978; x_wconf 84' lang='lat' dir='ltr'><strong><em>aliqua</em></strong></span> 
     </span>
    </p>
   </div>
   <div class='ocr_carea' id='block_1_97' title="bbox 1999 3997 3592 4076">
    <p class='ocr_par' dir='ltr' id='par_1_97' title="bbox 1999 3997 3592 4076">
     <span class='ocr_line' id='line_1_97' title="bbox 1999 3997 3592 4076; baseline -0.008 -12"><span class='ocrx_word' id='word_1_712' title='bbox 1999 4007 2231 4064; x_wconf 89' lang='lat' dir='ltr'><strong><em>materia</em></strong></span> <span class='ocrx_word' id='word_1_713' title='bbox 2258 4005 2608 4076; x_wconf 80' lang='lat' dir='ltr'><strong><em>conspicitur,</em></strong></span> <span class='ocrx_word' id='word_1_714' title='bbox 2636 4000 2879 4075; x_wconf 79' lang='lat' dir='ltr'><strong><em>profecto</em></strong></span> <span class='ocrx_word' id='word_1_715' title='bbox 2906 4001 3072 4065; x_wconf 91' lang='lat' dir='ltr'><strong><em>illius,</em></strong></span> <span class='ocrx_word' id='word_1_716' title='bbox 3098 3999 3190 4070; x_wconf 89' lang='lat' dir='ltr'><strong><em>qui</em></strong></span> <span class='ocrx_word' id='word_1_717' title='bbox 3218 3998 3401 4054; x_wconf 88' lang='lat' dir='ltr'><strong><em>animo</em></strong></span> <span class='ocrx_word' id='word_1_718' title='bbox 3430 3997 3592 4063; x_wconf 85' lang='lat' dir='ltr'><strong><em>inest,</em></strong></span> 
     </span>
    </p>
   </div>
   <div class='ocr_carea' id='block_1_98' title="bbox 2005 4084 3598 4172">
    <p class='ocr_par' dir='ltr' id='par_1_98' title="bbox 2005 4084 3598 4172">
     <span class='ocr_line' id='line_1_98' title="bbox 2005 4084 3598 4172; baseline -0.006 -17"><span class='ocrx_word' id='word_1_719' title='bbox 2005 4100 2267 4172; x_wconf 87' lang='lat' dir='ltr'><strong><em>quaedam</em></strong></span> <span class='ocrx_word' id='word_1_720' title='bbox 2313 4094 2585 4153; x_wconf 88' lang='lat' dir='ltr'><strong><em>sensibilis</em></strong></span> <span class='ocrx_word' id='word_1_721' title='bbox 2620 4093 2934 4164; x_wconf 86' lang='lat' dir='ltr'><strong><em>imaginatio</em></strong></span> <span class='ocrx_word' id='word_1_722' title='bbox 2963 4101 3067 4157; x_wconf 80' lang='lat' dir='ltr'><strong><em>est,</em></strong></span> <span class='ocrx_word' id='word_1_723' title='bbox 3105 4092 3387 4163; x_wconf 87' lang='lat' dir='ltr'><strong><em>ipsumque</em></strong></span> <span class='ocrx_word' id='word_1_724' title='bbox 3428 4084 3598 4161; x_wconf 64' lang='lat' dir='ltr'><strong><em>trige-</em></strong></span> 
     </span>
    </p>
   </div>
   <div class='ocr_carea' id='block_1_99' title="bbox 2006 4180 3594 4261">
    <p class='ocr_par' dir='ltr' id='par_1_99' title="bbox 2006 4180 3594 4261">
     <span class='ocr_line' id='line_1_99' title="bbox 2006 4180 3594 4261; baseline -0.006 -17"><span class='ocrx_word' id='word_1_725' title='bbox 2006 4205 2157 4255; x_wconf 88' lang='lat' dir='ltr'><strong><em>num,</em></strong></span> <span class='ocrx_word' id='word_1_726' title='bbox 2190 4189 2281 4261; x_wconf 91' lang='lat' dir='ltr'><strong><em>qui</em></strong></span> <span class='ocrx_word' id='word_1_727' title='bbox 2311 4189 2365 4244; x_wconf 91' lang='lat' dir='ltr'><strong><em>in</em></strong></span> <span class='ocrx_word' id='word_1_728' title='bbox 2392 4187 2574 4243; x_wconf 87' lang='lat' dir='ltr'><strong><em>animo</em></strong></span> <span class='ocrx_word' id='word_1_729' title='bbox 2609 4181 2985 4257; x_wconf 87' lang='lat' dir='ltr'><strong><em>disciplinabili</em></strong></span> <span class='ocrx_word' id='word_1_730' title='bbox 3018 4182 3282 4249; x_wconf 87' lang='lat' dir='ltr'><strong><em>subsistit,</em></strong></span> <span class='ocrx_word' id='word_1_731' title='bbox 3312 4180 3594 4250; x_wconf 83' lang='lat' dir='ltr'><strong><em>intelliget,</em></strong></span> 
     </span>
    </p>
   </div>
   <div class='ocr_carea' id='block_1_100' title="bbox 2008 4272 3601 4351">
    <p class='ocr_par' dir='ltr' id='par_1_100' title="bbox 2008 4272 3601 4351">
     <span class='ocr_line' id='line_1_100' title="bbox 2008 4272 3601 4351; baseline -0.008 -13"><span class='ocrx_word' id='word_1_732' title='bbox 2008 4290 2266 4351; x_wconf 86' lang='lat' dir='ltr'><strong><em>rectoque</em></strong></span> <span class='ocrx_word' id='word_1_733' title='bbox 2298 4277 2541 4351; x_wconf 85' lang='lat' dir='ltr'><strong><em>judicio,</em></strong></span> <span class='ocrx_word' id='word_1_734' title='bbox 2590 4277 2721 4349; x_wconf 90' lang='lat' dir='ltr'><strong><em>quid</em></strong></span> <span class='ocrx_word' id='word_1_735' title='bbox 2768 4275 3129 4345; x_wconf 87' lang='lat' dir='ltr'><strong><em>praestantius</em></strong></span> <span class='ocrx_word' id='word_1_736' title='bbox 3164 4274 3273 4340; x_wconf 88' lang='lat' dir='ltr'><strong><em>sit,</em></strong></span> <span class='ocrx_word' id='word_1_737' title='bbox 3328 4272 3601 4345; x_wconf 81' lang='lat' dir='ltr'><strong><em>pondera-</em></strong></span> 
     </span>
    </p>
   </div>
   <div class='ocr_carea' id='block_1_101' title="bbox 2009 4367 3596 4446">
    <p class='ocr_par' dir='ltr' id='par_1_101' title="bbox 2009 4367 3596 4446">
     <span class='ocr_line' id='line_1_101' title="bbox 2009 4367 3596 4446; baseline -0.008 -11"><span class='ocrx_word' id='word_1_738' title='bbox 2009 4378 2110 4445; x_wconf 88' lang='lat' dir='ltr'><strong><em>hit,</em></strong></span> <span class='ocrx_word' id='word_1_739' title='bbox 2153 4391 2282 4433; x_wconf 90' lang='lat' dir='ltr'><strong><em>num</em></strong></span> <span class='ocrx_word' id='word_1_740' title='bbox 2331 4375 2501 4446; x_wconf 84' lang='lat' dir='ltr'><strong><em>ﬁgura</em></strong></span> <span class='ocrx_word' id='word_1_741' title='bbox 2532 4371 2810 4444; x_wconf 84' lang='lat' dir='ltr'><strong><em>trianguli,</em></strong></span> <span class='ocrx_word' id='word_1_742' title='bbox 2856 4387 2924 4426; x_wconf 88' lang='lat' dir='ltr'><strong><em>an</em></strong></span> <span class='ocrx_word' id='word_1_743' title='bbox 2953 4370 3068 4441; x_wconf 89' lang='lat' dir='ltr'><strong><em>ipse</em></strong></span> <span class='ocrx_word' id='word_1_744' title='bbox 3092 4367 3410 4439; x_wconf 90' lang='lat' dir='ltr'><strong><em>triangulus,</em></strong></span> <span class='ocrx_word' id='word_1_745' title='bbox 3440 4367 3596 4438; x_wconf 88' lang='lat' dir='ltr'><strong><em>cujus</em></strong></span> 
     </span>
    </p>
   </div>
   <div class='ocr_carea' id='block_1_102' title="bbox 2014 4458 3603 4546">
    <p class='ocr_par' dir='ltr' id='par_1_102' title="bbox 2014 4458 3603 4546">
     <span class='ocr_line' id='line_1_102' title="bbox 2014 4458 3603 4546; baseline -0.01 -17"><span class='ocrx_word' id='word_1_746' title='bbox 2014 4474 2187 4546; x_wconf 85' lang='lat' dir='ltr'><strong><em>ﬁgura</em></strong></span> <span class='ocrx_word' id='word_1_747' title='bbox 2219 4481 2320 4527; x_wconf 89' lang='lat' dir='ltr'><strong><em>est.</em></strong></span> <span class='ocrx_word' id='word_1_748' title='bbox 2350 4469 2417 4525; x_wconf 87' lang='lat' dir='ltr'><strong><em>Et</em></strong></span> <span class='ocrx_word' id='word_1_749' title='bbox 2443 4467 2698 4531; x_wconf 66' lang='lat' dir='ltr'><strong><em>inveniet,</em></strong></span> <span class='ocrx_word' id='word_1_750' title='bbox 2743 4464 2797 4520; x_wconf 91' lang='lat' dir='ltr'><strong><em>ni</em></strong></span> <span class='ocrx_word' id='word_1_751' title='bbox 2830 4463 3005 4525; x_wconf 69' lang='lat' dir='ltr'><strong><em>fallor,</em></strong></span> <span class='ocrx_word' id='word_1_752' title='bbox 3037 4461 3181 4518; x_wconf 88' lang='lat' dir='ltr'><strong><em>illam</em></strong></span> <span class='ocrx_word' id='word_1_753' title='bbox 3217 4459 3435 4531; x_wconf 89' lang='lat' dir='ltr'><strong><em>quidem</em></strong></span> <span class='ocrx_word' id='word_1_754' title='bbox 3465 4458 3603 4531; x_wconf 80' lang='lat' dir='ltr'><strong><em>ﬁgu-</em></strong></span> 
     </span>
    </p>
   </div>
   <div class='ocr_carea' id='block_1_103' title="bbox 2018 4549 3606 4631">
    <p class='ocr_par' dir='ltr' id='par_1_103' title="bbox 2018 4549 3606 4631">
     <span class='ocr_line' id='line_1_103' title="bbox 2018 4549 3606 4631; baseline -0.01 -10"><span class='ocrx_word' id='word_1_755' title='bbox 2018 4582 2131 4622; x_wconf 87' lang='lat' dir='ltr'><strong><em>ram</em></strong></span> <span class='ocrx_word' id='word_1_756' title='bbox 2158 4576 2284 4618; x_wconf 85' lang='lat' dir='ltr'><strong><em>vere</em></strong></span> <span class='ocrx_word' id='word_1_757' title='bbox 2312 4560 2537 4631; x_wconf 82' lang='lat' dir='ltr'><strong><em>ﬁguram</em></strong></span> <span class='ocrx_word' id='word_1_758' title='bbox 2567 4571 2706 4622; x_wconf 81' lang='lat' dir='ltr'><strong><em>esse,</em></strong></span> <span class='ocrx_word' id='word_1_759' title='bbox 2735 4556 2830 4611; x_wconf 88' lang='lat' dir='ltr'><strong><em>sed</em></strong></span> <span class='ocrx_word' id='word_1_760' title='bbox 2867 4555 2911 4593; x_wconf 68' lang='grc'>³³</span> <span class='ocrx_word' id='word_1_761' title='bbox 2942 4555 3136 4610; x_wconf 82' lang='lat' dir='ltr'><strong><em>falsum</em></strong></span> <span class='ocrx_word' id='word_1_762' title='bbox 3172 4551 3515 4624; x_wconf 89' lang='lat' dir='ltr'><strong><em>triangulum,</em></strong></span> <span class='ocrx_word' id='word_1_763' title='bbox 3540 4549 3606 4606; x_wconf 83' lang='lat' dir='ltr'><strong><em>il-</em></strong></span> 
     </span>
    </p>
   </div>
   <div class='ocr_carea' id='block_1_104' title="bbox 2016 4639 3601 4721">
    <p class='ocr_par' dir='ltr' id='par_1_104' title="bbox 2016 4639 3601 4721">
     <span class='ocr_line' id='line_1_104' title="bbox 2016 4639 3601 4721; baseline -0.011 -8"><span class='ocrx_word' id='word_1_764' title='bbox 2016 4657 2129 4713; x_wconf 91' lang='lat' dir='ltr'><strong><em>lum</em></strong></span> <span class='ocrx_word' id='word_1_765' title='bbox 2153 4668 2284 4710; x_wconf 88' lang='lat' dir='ltr'><strong><em>vero</em></strong></span> <span class='ocrx_word' id='word_1_766' title='bbox 2310 4649 2660 4721; x_wconf 87' lang='lat' dir='ltr'><strong><em>triangulum,</em></strong></span> <span class='ocrx_word' id='word_1_767' title='bbox 2692 4647 2781 4716; x_wconf 87' lang='lat' dir='ltr'><strong><em>qui</em></strong></span> <span class='ocrx_word' id='word_1_768' title='bbox 2821 4647 2873 4701; x_wconf 92' lang='lat' dir='ltr'><strong><em>in</em></strong></span> <span class='ocrx_word' id='word_1_769' title='bbox 2918 4654 3034 4701; x_wconf 86' lang='lat' dir='ltr'><strong><em>arte</em></strong></span> <span class='ocrx_word' id='word_1_770' title='bbox 3072 4644 3337 4709; x_wconf 86' lang='lat' dir='ltr'><strong><em>subsistit,</em></strong></span> <span class='ocrx_word' id='word_1_771' title='bbox 3366 4643 3509 4698; x_wconf 90' lang='lat' dir='ltr'><strong><em>illius</em></strong></span> <span class='ocrx_word' id='word_1_772' title='bbox 3535 4639 3601 4696; x_wconf 83' lang='lat' dir='ltr'><strong><em>ﬁ-</em></strong></span> 
     </span>
    </p>
   </div>
   <div class='ocr_carea' id='block_1_105' title="bbox 2020 4739 3605 4821">
    <p class='ocr_par' dir='ltr' id='par_1_105' title="bbox 2020 4739 3605 4821">
     <span class='ocr_line' id='line_1_105' title="bbox 2020 4739 3605 4821; baseline -0.005 -18"><span class='ocrx_word' id='word_1_773' title='bbox 2020 4762 2187 4821; x_wconf 82' lang='lat' dir='ltr'><strong><em>gurae</em></strong></span> <span class='ocrx_word' id='word_1_774' title='bbox 2233 4761 2449 4802; x_wconf 87' lang='lat' dir='ltr'><strong><em>causam</em></strong></span> <span class='ocrx_word' id='word_1_775' title='bbox 2478 4759 2618 4807; x_wconf 89' lang='lat' dir='ltr'><strong><em>esse,</em></strong></span> <span class='ocrx_word' id='word_1_776' title='bbox 2659 4756 2955 4811; x_wconf 84' lang='lat' dir='ltr'><strong><em>verumque</em></strong></span> <span class='ocrx_word' id='word_1_777' title='bbox 3000 4740 3346 4812; x_wconf 87' lang='lat' dir='ltr'><strong><em>triaugulum.</em></strong></span> <span class='ocrx_word' id='word_1_778' title='bbox 3384 4739 3451 4795; x_wconf 88' lang='lat' dir='ltr'><strong><em>Et</em></strong></span> <span class='ocrx_word' id='word_1_779' title='bbox 3497 4754 3605 4795; x_wconf 88' lang='lat' dir='ltr'><strong><em>non</em></strong></span> 
     </span>
    </p>
   </div>
   <div class='ocr_carea' id='block_1_106' title="bbox 2022 4832 3607 4911">
    <p class='ocr_par' dir='ltr' id='par_1_106' title="bbox 2022 4832 3607 4911">
     <span class='ocr_line' id='line_1_106' title="bbox 2022 4832 3607 4911; baseline -0.008 -12"><span class='ocrx_word' id='word_1_780' title='bbox 2022 4845 2142 4899; x_wconf 90' lang='lat' dir='ltr'><strong><em>dico</em></strong></span> <span class='ocrx_word' id='word_1_781' title='bbox 2164 4838 2563 4911; x_wconf 78' lang='lat' dir='ltr'><strong><em>phantasticum</em></strong></span> <span class='ocrx_word' id='word_1_782' title='bbox 2591 4834 2939 4905; x_wconf 88' lang='lat' dir='ltr'><strong><em>triangulum,</em></strong></span> <span class='ocrx_word' id='word_1_783' title='bbox 2964 4832 3055 4902; x_wconf 89' lang='lat' dir='ltr'><strong><em>qui</em></strong></span> <span class='ocrx_word' id='word_1_784' title='bbox 3085 4847 3152 4887; x_wconf 81' lang='lat' dir='ltr'><strong><em>ex</em></strong></span> <span class='ocrx_word' id='word_1_785' title='bbox 3178 4832 3360 4886; x_wconf 88' lang='lat' dir='ltr'><strong><em>animo</em></strong></span> <span class='ocrx_word' id='word_1_786' title='bbox 3382 4832 3607 4887; x_wconf 88' lang='lat' dir='ltr'><strong><em>descen-</em></strong></span> 
     </span>
    </p>
   </div>
   <div class='ocr_carea' id='block_1_107' title="bbox 2021 4921 3608 5001">
    <p class='ocr_par' dir='ltr' id='par_1_107' title="bbox 2021 4921 3608 5001">
     <span class='ocr_line' id='line_1_107' title="bbox 2021 4921 3608 5001; baseline -0.008 -13"><span class='ocrx_word' id='word_1_787' title='bbox 2021 4935 2096 4989; x_wconf 92' lang='lat' dir='ltr'><strong><em>dit</em></strong></span> <span class='ocrx_word' id='word_1_788' title='bbox 2124 4947 2220 5001; x_wconf 91' lang='lat' dir='ltr'><strong><em>per</em></strong></span> <span class='ocrx_word' id='word_1_789' title='bbox 2245 4927 2560 4983; x_wconf 87' lang='lat' dir='ltr'><strong><em>memoriam</em></strong></span> <span class='ocrx_word' id='word_1_790' title='bbox 2593 4925 2646 4980; x_wconf 90' lang='lat' dir='ltr'><strong><em>in</em></strong></span> <span class='ocrx_word' id='word_1_791' title='bbox 2674 4931 2885 4991; x_wconf 71' lang='lat' dir='ltr'><strong><em>scimus,</em></strong></span> <span class='ocrx_word' id='word_1_792' title='bbox 2918 4932 2970 4978; x_wconf 91' lang='lat' dir='ltr'><strong><em>et</em></strong></span> <span class='ocrx_word' id='word_1_793' title='bbox 3003 4921 3049 4955; x_wconf 57' lang='grc' dir='ltr'><strong><em>ί*</em></strong></span> <span class='ocrx_word' id='word_1_794' title='bbox 3077 4937 3174 4993; x_wconf 88' lang='lat' dir='ltr'><strong><em>per</em></strong></span> <span class='ocrx_word' id='word_1_795' title='bbox 3191 4937 3381 4977; x_wconf 85' lang='lat' dir='ltr'><strong><em>sensus</em></strong></span> <span class='ocrx_word' id='word_1_796' title='bbox 3409 4922 3461 4976; x_wconf 91' lang='lat' dir='ltr'><strong><em>in</em></strong></span> <span class='ocrx_word' id='word_1_797' title='bbox 3485 4937 3608 4977; x_wconf 86' lang='lat' dir='ltr'><strong><em>sen-</em></strong></span> 
     </span>
    </p>
   </div>
   <div class='ocr_carea' id='block_1_108' title="bbox 2021 5009 3610 5090">
    <p class='ocr_par' dir='ltr' id='par_1_108' title="bbox 2021 5009 3610 5090">
     <span class='ocr_line' id='line_1_108' title="bbox 2021 5009 3610 5090; baseline -0.009 -10"><span class='ocrx_word' id='word_1_798' title='bbox 2021 5023 2205 5080; x_wconf 88' lang='lat' dir='ltr'><strong><em>sibilcs</em></strong></span> <span class='ocrx_word' id='word_1_799' title='bbox 2235 5019 2465 5090; x_wconf 86' lang='lat' dir='ltr'><strong><em>ﬁguras,</em></strong></span> <span class='ocrx_word' id='word_1_800' title='bbox 2521 5029 2696 5084; x_wconf 89' lang='lat' dir='ltr'><strong><em>neque</em></strong></span> <span class='ocrx_word' id='word_1_801' title='bbox 2727 5013 2877 5068; x_wconf 87' lang='lat' dir='ltr'><strong><em>illum</em></strong></span> <span class='ocrx_word' id='word_1_802' title='bbox 2903 5054 2917 5077; x_wconf 92' lang='lat'><strong><em>,</em></strong></span> <span class='ocrx_word' id='word_1_803' title='bbox 2958 5011 3049 5083; x_wconf 90' lang='lat' dir='ltr'><strong><em>qui</em></strong></span> <span class='ocrx_word' id='word_1_804' title='bbox 3097 5013 3291 5065; x_wconf 88' lang='lat' dir='ltr'><strong><em>iterum</em></strong></span> <span class='ocrx_word' id='word_1_805' title='bbox 3329 5025 3393 5064; x_wconf 87' lang='lat' dir='ltr'><strong><em>ex</em></strong></span> <span class='ocrx_word' id='word_1_806' title='bbox 3436 5009 3610 5081; x_wconf 79' lang='lat' dir='ltr'><strong><em>ﬁgura</em></strong></span> 
     </span>
    </p>
   </div>
   <div class='ocr_carea' id='block_1_109' title="bbox 2024 5098 3607 5181">
    <p class='ocr_par' dir='ltr' id='par_1_109' title="bbox 2024 5098 3607 5181">
     <span class='ocr_line' id='line_1_109' title="bbox 2024 5098 3607 5181; baseline -0.011 -9"><span class='ocrx_word' id='word_1_807' title='bbox 2024 5114 2266 5172; x_wconf 88' lang='lat' dir='ltr'><strong><em>sensibili</em></strong></span> <span class='ocrx_word' id='word_1_808' title='bbox 2297 5126 2396 5181; x_wconf 85' lang='lat' dir='ltr'><strong><em>per</em></strong></span> <span class='ocrx_word' id='word_1_809' title='bbox 2423 5121 2746 5179; x_wconf 86' lang='lat' dir='ltr'><strong><em>corporeum</em></strong></span> <span class='ocrx_word' id='word_1_810' title='bbox 2775 5120 2991 5161; x_wconf 84' lang='lat' dir='ltr'><strong><em>sensum</em></strong></span> <span class='ocrx_word' id='word_1_811' title='bbox 3023 5102 3317 5157; x_wconf 85' lang='lat' dir='ltr'><strong><em>memoriae</em></strong></span> <span class='ocrx_word' id='word_1_812' title='bbox 3348 5098 3607 5170; x_wconf 81' lang='lat' dir='ltr'><strong><em>inﬁgitur,</em></strong></span> 
     </span>
    </p>
   </div>
   <div class='ocr_carea' id='block_1_110' title="bbox 2026 5188 3612 5271">
    <p class='ocr_par' dir='ltr' id='par_1_110' title="bbox 2026 5188 3612 5271">
     <span class='ocr_line' id='line_1_110' title="bbox 2026 5188 3612 5271; baseline -0.011 -9"><span class='ocrx_word' id='word_1_813' title='bbox 2026 5208 2118 5263; x_wconf 88' lang='lat' dir='ltr'><strong><em>sed</em></strong></span> <span class='ocrx_word' id='word_1_814' title='bbox 2151 5204 2299 5259; x_wconf 91' lang='lat' dir='ltr'><strong><em>illum</em></strong></span> <span class='ocrx_word' id='word_1_815' title='bbox 2338 5202 2547 5271; x_wconf 89' lang='lat' dir='ltr'><strong><em>ipsum,</em></strong></span> <span class='ocrx_word' id='word_1_816' title='bbox 2588 5198 2682 5267; x_wconf 88' lang='lat' dir='ltr'><strong><em>qui</em></strong></span> <span class='ocrx_word' id='word_1_817' title='bbox 2718 5196 2771 5251; x_wconf 92' lang='lat' dir='ltr'><strong><em>in</em></strong></span> <span class='ocrx_word' id='word_1_818' title='bbox 2804 5197 2919 5267; x_wconf 86' lang='lat' dir='ltr'><strong><em>ipsa</em></strong></span> <span class='ocrx_word' id='word_1_819' title='bbox 2955 5192 3235 5271; x_wconf 88' lang='lat' dir='ltr'><strong><em>disciplina</em></strong></span> <span class='ocrx_word' id='word_1_820' title='bbox 3268 5188 3612 5245; x_wconf 80' lang='lat' dir='ltr'><strong><em>uniformiter</em></strong></span> 
     </span>
    </p>
   </div>
   <div class='ocr_carea' id='block_1_111' title="bbox 2024 5279 3613 5372">
    <p class='ocr_par' dir='ltr' id='par_1_111' title="bbox 2024 5279 3613 5372">
     <span class='ocr_line' id='line_1_111' title="bbox 2024 5279 3613 5372; baseline -0.011 -19"><span class='ocrx_word' id='word_1_821' title='bbox 2024 5300 2327 5372; x_wconf 88' lang='lat' dir='ltr'><strong><em>permanet,</em></strong></span> <span class='ocrx_word' id='word_1_822' title='bbox 2359 5292 2450 5347; x_wconf 88' lang='lat' dir='ltr'><strong><em>ubi</em></strong></span> <span class='ocrx_word' id='word_1_823' title='bbox 2480 5289 2642 5345; x_wconf 77' lang='lat' dir='ltr'><strong><em>sintut</em></strong></span> <span class='ocrx_word' id='word_1_824' title='bbox 2671 5297 2755 5343; x_wconf 90' lang='lat' dir='ltr'><strong><em>est</em></strong></span> <span class='ocrx_word' id='word_1_825' title='bbox 2781 5287 2922 5342; x_wconf 88' lang='lat' dir='ltr'><strong><em>linea</em></strong></span> <span class='ocrx_word' id='word_1_826' title='bbox 2961 5293 3016 5340; x_wconf 87' lang='lat' dir='ltr'><strong><em>et</em></strong></span> <span class='ocrx_word' id='word_1_827' title='bbox 3051 5282 3296 5355; x_wconf 87' lang='lat' dir='ltr'><strong><em>angulus,</em></strong></span> <span class='ocrx_word' id='word_1_828' title='bbox 3342 5294 3440 5337; x_wconf 90' lang='lat' dir='ltr'><strong><em>nec</em></strong></span> <span class='ocrx_word' id='word_1_829' title='bbox 3484 5279 3613 5363; x_wconf 79' lang='lat' dir='ltr'><strong><em>alibi</em></strong></span> 
     </span>
    </p>
   </div>
   <div class='ocr_carea' id='block_1_112' title="bbox 2026 5370 3612 5453">
    <p class='ocr_par' dir='ltr' id='par_1_112' title="bbox 2026 5370 3612 5453">
     <span class='ocr_line' id='line_1_112' title="bbox 2026 5370 3612 5453; baseline -0.015 -8"><span class='ocrx_word' id='word_1_830' title='bbox 2026 5370 2192 5451; x_wconf 83' lang='lat' dir='ltr'><strong><em>linea,</em></strong></span> <span class='ocrx_word' id='word_1_831' title='bbox 2231 5383 2357 5440; x_wconf 82' lang='lat' dir='ltr'><strong><em>alibi</em></strong></span> <span class='ocrx_word' id='word_1_832' title='bbox 2385 5379 2632 5453; x_wconf 87' lang='lat' dir='ltr'><strong><em>angulus,</em></strong></span> <span class='ocrx_word' id='word_1_833' title='bbox 2665 5370 2791 5434; x_wconf 86' lang='lat' dir='ltr'><strong><em>alibi</em></strong></span> <span class='ocrx_word' id='word_1_834' title='bbox 2833 5375 3089 5438; x_wconf 88' lang='lat' dir='ltr'><strong><em>medium,</em></strong></span> <span class='ocrx_word' id='word_1_835' title='bbox 3119 5370 3245 5426; x_wconf 90' lang='lat' dir='ltr'><strong><em>alibi</em></strong></span> <span class='ocrx_word' id='word_1_836' title='bbox 3284 5378 3612 5434; x_wconf 74' lang='lat' dir='ltr'><strong><em>extremum,</em></strong></span> 
     </span>
    </p>
   </div>
   <div class='ocr_carea' id='block_1_113' title="bbox 1604 5538 2303 5616">
    <p class='ocr_par' dir='ltr' id='par_1_113' title="bbox 1604 5538 2303 5616">
     <span class='ocr_line' id='line_1_113' title="bbox 1604 5538 2303 5616; baseline -0.023 -5"><span class='ocrx_word' id='word_1_837' title='bbox 1604 5548 1863 5611; x_wconf 72' lang='lat' dir='ltr'><strong>VARIAE</strong></span> <span class='ocrx_word' id='word_1_838' title='bbox 1894 5538 2303 5616; x_wconf 60' lang='lat' dir='ltr'><strong><em>moriones.</em></strong></span> 
     </span>
    </p>
   </div>
   <div class='ocr_carea' id='block_1_114' title="bbox 417 5626 3619 5768">
    <p class='ocr_par' dir='ltr' id='par_1_114' title="bbox 417 5655 3619 5768">
     <span class='ocr_line' id='line_1_114' title="bbox 417 5655 3619 5768; baseline -0.017 -8"><span class='ocrx_word' id='word_1_839' title='bbox 417 5706 434 5737; x_wconf 76' lang='grc' dir='ltr'>ί</span> <span class='ocrx_word' id='word_1_840' title='bbox 468 5703 558 5759; x_wconf 84' lang='lat' dir='ltr'><strong><em>Sic</em></strong></span> <span class='ocrx_word' id='word_1_841' title='bbox 578 5701 619 5759; x_wconf 90' lang='lat' dir='ltr'><strong>C</strong></span> <span class='ocrx_word' id='word_1_842' title='bbox 638 5700 712 5768; x_wconf 83' lang='lat' dir='ltr'><strong><em>F;</em></strong></span> <span class='ocrx_word' id='word_1_843' title='bbox 752 5697 798 5755; x_wconf 80' lang='grc' dir='ltr'><strong>Α</strong></span> <span class='ocrx_word' id='word_1_844' title='bbox 826 5694 1058 5768; x_wconf 60' lang='lat' dir='ltr'><strong><em>omnium</em></strong></span> <span class='ocrx_word' id='word_1_845' title='bbox 1097 5765 1104 5768; x_wconf 18' lang='grc' dir='ltr'><strong>Α</strong></span> <span class='ocrx_word' id='word_1_846' title='bbox 1133 5694 1155 5726; x_wconf 79' lang='grc'>³</span> <span class='ocrx_word' id='word_1_847' title='bbox 1186 5687 1387 5768; x_wconf 47' lang='lat' dir='ltr'><strong><em>Sicﬂlj‘</em></strong></span> <span class='ocrx_word' id='word_1_848' title='bbox 1413 5705 1429 5749; x_wconf 71' lang='grc' dir='ltr'>ς</span> <span class='ocrx_word' id='word_1_849' title='bbox 1454 5685 1669 5768; x_wconf 57' lang='lat' dir='ltr'><strong><em>faelesti</em></strong></span> <span class='ocrx_word' id='word_1_850' title='bbox 1692 5685 1807 5768; x_wconf 72' lang='lat' dir='ltr'><strong><em>diro</em></strong></span> <span class='ocrx_word' id='word_1_851' title='bbox 1830 5677 2281 5768; x_wconf 54' lang='lat' dir='ltr'><strong><em>substantiae-02).</em></strong></span> <span class='ocrx_word' id='word_1_852' title='bbox 2310 5672 2405 5768; x_wconf 36' lang='lat' dir='ltr'><strong><em>ab</em></strong></span> <span class='ocrx_word' id='word_1_853' title='bbox 2452 5666 2591 5768; x_wconf 59' lang='lat' dir='ltr'><strong><em>&quot;Sic</em></strong></span> <span class='ocrx_word' id='word_1_854' title='bbox 2613 5662 2829 5768; x_wconf 49' lang='lat' dir='ltr'><strong><em>ngnA</em></strong></span> <span class='ocrx_word' id='word_1_855' title='bbox 2866 5669 3167 5768; x_wconf 44' lang='lat' dir='ltr'><strong><em>pmgfn&#39;tde‘tn.</em></strong></span> <span class='ocrx_word' id='word_1_856' title='bbox 3214 5656 3271 5768; x_wconf 47' lang='grc' dir='ltr'><strong><em>ἰζ</em></strong></span> <span class='ocrx_word' id='word_1_857' title='bbox 3295 5655 3392 5759; x_wconf 59' lang='lat' dir='ltr'><strong><em>Sica</em></strong></span> <span class='ocrx_word' id='word_1_858' title='bbox 3407 5655 3619 5768; x_wconf 35' lang='lat' dir='ltr'><strong><em>ita&quot;?</em></strong></span> 
     </span>
    </p>
   </div>
   <div class='ocr_carea' id='block_1_115' title="bbox 342 5765 1186 5833">
    <p class='ocr_par' dir='ltr' id='par_1_115' title="bbox 342 5765 1186 5833">
     <span class='ocr_line' id='line_1_115' title="bbox 342 5765 1186 5833; baseline -0.021 1"><span class='ocrx_word' id='word_1_859' title='bbox 342 5776 641 5833; x_wconf 75' lang='lat' dir='ltr'><strong><em>videantur.</em></strong></span> <span class='ocrx_word' id='word_1_860' title='bbox 699 5765 705 5768; x_wconf 60' lang='grc'>⁷</span> <span class='ocrx_word' id='word_1_861' title='bbox 739 5771 761 5803; x_wconf 82' lang='grc'><strong><em>⁵</em></strong></span> <span class='ocrx_word' id='word_1_862' title='bbox 785 5765 870 5824; x_wconf 84' lang='lat' dir='ltr'><strong><em>CF</em></strong></span> <span class='ocrx_word' id='word_1_863' title='bbox 901 5767 1026 5821; x_wconf 87' lang='lat' dir='ltr'><strong><em>dum</em></strong></span> <span class='ocrx_word' id='word_1_864' title='bbox 1063 5765 1186 5818; x_wconf 85' lang='lat' dir='ltr'><strong><em>sint.</em></strong></span> 
     </span>
    </p>
   </div>
   <div class='ocr_carea' id='block_1_116' title="bbox 1281 5752 2054 5816">
    <p class='ocr_par' dir='ltr' id='par_1_116' title="bbox 1281 5752 2054 5816">
     <span class='ocr_line' id='line_1_116' title="bbox 1281 5752 2054 5816; baseline -0.017 0"><span class='ocrx_word' id='word_1_865' title='bbox 1281 5760 1302 5792; x_wconf 78' lang='grc'>⁸</span> <span class='ocrx_word' id='word_1_866' title='bbox 1325 5761 1415 5815; x_wconf 88' lang='lat' dir='ltr'><strong><em>Sic</em></strong></span> <span class='ocrx_word' id='word_1_867' title='bbox 1449 5756 1532 5814; x_wconf 76' lang='lat' dir='ltr'><strong><em>Cl“</em></strong></span> <span class='ocrx_word' id='word_1_868' title='bbox 1550 5774 1564 5816; x_wconf 91' lang='lat'><strong>:</strong></span> <span class='ocrx_word' id='word_1_869' title='bbox 1592 5760 1631 5809; x_wconf 72' lang='grc' dir='ltr'>Α</span> <span class='ocrx_word' id='word_1_870' title='bbox 1663 5752 2054 5810; x_wconf 65' lang='lat' dir='ltr'><strong><em>excelsioribus.</em></strong></span> 
     </span>
    </p>
   </div>
   <div class='ocr_carea' id='block_1_117' title="bbox 346 5810 2639 5908">
    <p class='ocr_par' dir='ltr' id='par_1_117' title="bbox 346 5810 2639 5908">
     <span class='ocr_line' id='line_1_117' title="bbox 346 5810 2639 5908; baseline -0.018 -5"><span class='ocrx_word' id='word_1_871' title='bbox 346 5810 610 5903; x_wconf 55' lang='grc' dir='ltr'><strong><em>ἵῒπῗίωἱῖ</em></strong></span> <span class='ocrx_word' id='word_1_872' title='bbox 629 5814 721 5900; x_wconf 69' lang='lat' dir='ltr'><strong><em>&#39;Sic</em></strong></span> <span class='ocrx_word' id='word_1_873' title='bbox 744 5810 861 5905; x_wconf 59' lang='lat' dir='ltr'><strong><em>CF;</em></strong></span> <span class='ocrx_word' id='word_1_874' title='bbox 887 5810 1429 5908; x_wconf 38' lang='lat' dir='ltr'><strong><em>liberalilibeme</em></strong></span> <span class='ocrx_word' id='word_1_875' title='bbox 1457 5810 1640 5894; x_wconf 60' lang='lat' dir='ltr'><strong><em>&#39;sic‘A;</em></strong></span> <span class='ocrx_word' id='word_1_876' title='bbox 1668 5825 1751 5883; x_wconf 80' lang='lat' dir='ltr'><strong><em>cr</em></strong></span> <span class='ocrx_word' id='word_1_877' title='bbox 1782 5824 2041 5880; x_wconf 79' lang='lat' dir='ltr'><strong><em>abstrusa.</em></strong></span> <span class='ocrx_word' id='word_1_878' title='bbox 2109 5819 2152 5851; x_wconf 81' lang='grc' dir='ltr'><strong><em>ιι</em></strong></span> <span class='ocrx_word' id='word_1_879' title='bbox 2183 5815 2275 5873; x_wconf 87' lang='lat' dir='ltr'><strong><em>Sic</em></strong></span> <span class='ocrx_word' id='word_1_880' title='bbox 2297 5812 2381 5869; x_wconf 81' lang='lat' dir='ltr'><strong><em>cr</em></strong></span> <span class='ocrx_word' id='word_1_881' title='bbox 2402 5829 2416 5877; x_wconf 86' lang='lat'><strong>;</strong></span> <span class='ocrx_word' id='word_1_882' title='bbox 2441 5810 2486 5865; x_wconf 83' lang='lat' dir='ltr'><strong>A</strong></span> <span class='ocrx_word' id='word_1_883' title='bbox 2516 5824 2639 5864; x_wconf 89' lang='lat' dir='ltr'><strong><em>non.</em></strong></span> 
     </span>
    </p>
   </div>
   <div class='ocr_carea' id='block_1_118' title="bbox 2151 5714 3619 5817">
    <p class='ocr_par' dir='ltr' id='par_1_118' title="bbox 2151 5714 3619 5817">
     <span class='ocr_line' id='line_1_118' title="bbox 2151 5714 3619 5817; baseline -0.014 -18"><span class='ocrx_word' id='word_1_884' title='bbox 2151 5714 2295 5817; x_wconf 62' lang='grc' dir='ltr'>τ’ξέἱὲι</span> <span class='ocrx_word' id='word_1_885' title='bbox 2308 5714 2405 5817; x_wconf 55' lang='grc' dir='ltr'>ᾎΖξιτ</span> <span class='ocrx_word' id='word_1_886' title='bbox 2426 5714 2844 5817; x_wconf 54' lang='lat' dir='ltr'><strong><em>;_A“;;;.:a{.§;</em></strong></span> <span class='ocrx_word' id='word_1_887' title='bbox 2866 5714 3011 5817; x_wconf 56' lang='lat' dir='ltr'><strong><em>ﬁer:</em></strong></span> <span class='ocrx_word' id='word_1_888' title='bbox 3036 5731 3189 5817; x_wconf 47' lang='lat' dir='ltr'><strong><em>Ilico,</em></strong></span> <span class='ocrx_word' id='word_1_889' title='bbox 3214 5736 3323 5817; x_wconf 35' lang='lat' dir='ltr'><strong><em>mh</em></strong></span> <span class='ocrx_word' id='word_1_890' title='bbox 3364 5714 3619 5817; x_wconf 47' lang='lat' dir='ltr'><strong><em>farina;</em></strong></span> 
     </span>
    </p>
   </div>
   <div class='ocr_carea' id='block_1_119' title="bbox 2717 5796 3621 5871">
    <p class='ocr_par' dir='ltr' id='par_1_119' title="bbox 2717 5796 3621 5871">
     <span class='ocr_line' id='line_1_119' title="bbox 2717 5796 3621 5871; baseline -0.01 -11"><span class='ocrx_word' id='word_1_891' title='bbox 2717 5805 2762 5843; x_wconf 75' lang='grc' dir='ltr'><strong><em>ιι</em></strong></span> <span class='ocrx_word' id='word_1_892' title='bbox 2792 5803 2883 5859; x_wconf 89' lang='lat' dir='ltr'><strong><em>Sic</em></strong></span> <span class='ocrx_word' id='word_1_893' title='bbox 2927 5802 3047 5871; x_wconf 76' lang='lat' dir='ltr'><strong><em>cr;</em></strong></span> <span class='ocrx_word' id='word_1_894' title='bbox 3078 5800 3213 5856; x_wconf 63' lang='lat' dir='ltr'><strong><em>Aet;</em></strong></span> <span class='ocrx_word' id='word_1_895' title='bbox 3281 5798 3324 5832; x_wconf 70' lang='grc' dir='ltr'><strong><em>ιι</em></strong></span> <span class='ocrx_word' id='word_1_896' title='bbox 3352 5809 3399 5853; x_wconf 82' lang='lat' dir='ltr'><strong><em>et</em></strong></span> <span class='ocrx_word' id='word_1_897' title='bbox 3422 5796 3531 5854; x_wconf 80' lang='lat' dir='ltr'><strong><em>om.</em></strong></span> <span class='ocrx_word' id='word_1_898' title='bbox 3568 5796 3621 5852; x_wconf 77' lang='grc' dir='ltr'>Ἀ</span> 
     </span>
    </p>
   </div>
   <div class='ocr_carea' id='block_1_120' title="bbox 3028 6024 3152 6054">
    <p class='ocr_par' dir='ltr' id='par_1_120' title="bbox 3028 6024 3152 6054">
     <span class='ocr_line' id='line_1_120' title="bbox 3028 6024 3152 6054; baseline 0.008 -1"><span class='ocrx_word' id='word_1_899' title='bbox 3028 6024 3061 6053; x_wconf 65' lang='grc' dir='ltr'><strong><em>ο</em></strong></span> <span class='ocrx_word' id='word_1_900' title='bbox 3144 6045 3152 6054; x_wconf 88' lang='grc'><strong>.</strong></span> 
     </span>
    </p>
   </div>
  </div>
