4028 6282
1605 179 1704 196 ἰδ’*

459 279 568 340 775

1833 263 2121 325 JOANNIS
2158 260 2358 322 SCOTI

3642 261 3754 330 ,πθ

461 385 588 447 alibi
613 384 844 458 signum,
875 380 1000 438 alibi
1047 379 1217 453 spatia
1250 379 1268 413 ί
1298 378 1529 437 laterum
1553 392 1584 434 a
1604 377 1783 452 signo,
1808 377 1933 433 alibi
1961 393 2057 432 an-
2081 382 2134 443 Α
2161 373 2397 430 hominis
2423 371 2635 428 factura
2665 370 2718 440 ⁸,
2753 386 2892 445 quae
2918 371 3034 430 sine
3059 371 3222 430 dubio
3251 371 3304 430 in
3331 372 3511 430 anima
3553 383 3611 432 et
3635 391 3759 434 cor-

461 480 730 554 gulorum,
769 475 895 531 alibi
935 483 1215 546 punctum,
1246 489 1355 544 quo
1380 467 1556 528 lineae
1585 471 1871 542 incipiunt,
1907 479 1963 526 et.
2000 469 2054 525 in

461 589 572 646 quo
605 586 704 644 per
725 568 1010 640 iuncturas
1040 567 1267 621 laterum
1305 564 1486 633 anguli
1515 562 1934 630 concluduntur,
1961 562 2056 618 sed

461 667 520 724 in
547 679 651 721 una
677 663 977 731 eademque
1002 660 1220 714 notione
1245 658 1561 729 geometrici
1588 657 1748 712 animi
1778 657 2057 727 praedicta

462 756 647 813 omnia
672 769 839 809 unum
867 759 1014 815 sunt,
1045 759 1100 805 et
1127 757 1296 805 totum
1325 750 1376 804 in
1405 748 1651 820 singulis,
1677 756 1734 803 et
1759 746 1969 818 singula
1999 747 2056 801 in

463 859 580 906 toto
606 847 995 918 intelliguntur,
1031 852 1087 900 et
1135 843 1188 897 in
1229 842 1346 912 ipso
1377 841 1648 897 intellectu
1676 840 1828 896 unita
1858 841 1879 872 ’
1909 847 2054 905 sunt,

463 943 594 1014 quia
623 942 736 1012 ipse
755 938 1019 1004 omnium,
1045 949 1186 1006 quae
1217 935 1487 1007 intelligit,
1517 933 1891 990 substantialis
1918 934 2057 988 ratio

463 1044 568 1100 est,
604 1048 671 1089 ex
701 1046 806 1102 qua
835 1027 1291 1102 geometricorum
1322 1042 1612 1098 corporum
1641 1025 1905 1082 formulae
1937 1039 2060 1096 spe-

464 1129 770 1186 cilicantur.
805 1127 872 1182 Et
902 1125 1045 1197 quod
1083 1124 1149 1179 de
1178 1123 1446 1194 triangulo
1481 1124 1738 1188 diximus,
1766 1123 1834 1180 de
1861 1124 2060 1179 ceteris

465 1236 684 1293 quoque
714 1219 902 1291 ﬁguris
922 1217 1220 1290 angulosis,
1248 1232 1343 1272 seu
1371 1215 1748 1283 circularibus,
1781 1217 1896 1272 sive
1917 1216 2060 1272 obli-

465 1315 622 1384 quis,
675 1312 728 1368 in
773 1310 950 1382 planis
995 1323 1210 1379 quoque
1261 1323 1326 1364 ac
1374 1307 1560 1363 solidis
1611 1307 2056 1379 intelligendum;

465 1405 665 1477 quippe
709 1409 902 1458 cuncta
946 1398 966 1432 ³
1015 1401 1150 1455 haec
1189 1409 1313 1453 ’tma
1383 1399 1682 1467 eademque
1741 1398 1949 1452 ratione
2005 1398 2059 1453 in

465 1504 648 1552 mente
665 1493 839 1566 perita
861 1489 1353 1562 diseiplinabilique
1369 1488 1388 1522 "
1402 1490 1456 1546 in
1472 1489 1782 1546 actionibus
1803 1491 1914 1546 suis
1936 1489 2062 1545 sub-

465 1589 682 1645 sistunt.
713 1586 769 1643 Si
797 1600 925 1658 ergo
958 1584 1286 1656 geometrica
1317 1599 1578 1655 corpora,
1607 1585 1722 1640 sive
1749 1584 1801 1639 in
1833 1584 2063 1654 phanta-

464 1667 564 1736 siis
594 1676 909 1740 memoriae,
945 1675 1059 1730 sive
1093 1674 1145 1728 in
1189 1674 1368 1746 aliqua
1403 1673 1628 1730 materia
1675 1675 1915 1730 sensibili
1947 1674 2060 1730 for-

2157 484 2291 540 pore
2337 469 2607 539 spirituali
2652 469 2707 525 in
2744 469 2919 541 prima
2957 467 3268 525 conditione
3306 469 3602 524 constituta
3648 479 3760 537 εει,

2157 578 2345 634 quam,
2369 561 2577 618 scilicet
2607 563 2864 626 animam,
2892 561 3022 618 flatu
3049 561 3254 628 divino,
3282 561 3391 618 imo
3411 561 3600 616 ﬂatum
3621 562 3763 618 divi—

2158 668 2288 708 mnn
2307 694 2324 720 ,
2354 654 2421 710 de
2449 653 2618 708 nibilo
2643 653 2946 718 conditam,
2977 667 3082 708 non
3112 661 3296 708 autem
3326 653 3393 710 de
3423 652 3606 724 aliquo
3641 669 3766 710 cre-

2158 745 2354 802 dimus.
2395 746 2532 804 MAG.
2562 745 2714 802 Hanc
2742 746 3115 818 quaestionem
3153 745 3319 802 multa
3346 744 3580 818 caligine
3605 746 3770 803 invo-

2159 836 2326 890 lutam
2367 838 2542 893 sentio
2566 876 2581 904 ,
2625 836 3088 907 multiplicemque
3125 837 3474 893 reserationis
3510 852 3646 892 suae
3679 837 3764 892 fa-

2159 930 2414 987 cultatem
2430 947 2718 1003 quaerere.
2737 931 2841 988 Sed
2859 946 2929 987 ne
2941 932 3156 1002 penitus
3180 932 3377 988 intacta
3397 934 3766 1003 transiliatur,

2160 1022 2332 1094 ipsam
2378 1024 2808 1094 quodammodo,
2846 1033 3009 1096 prout
3056 1024 3283 1080 interior
3321 1025 3486 1080 divini
3539 1025 3772 1083 luminis

2161 1118 2346 1172 radius
2372 1116 2636 1182 arriserit,
2669 1117 3022 1188 contemplari
3047 1117 3388 1174 conabimur.
3414 1119 3493 1174 Ac
3519 1120 3769 1190 primum

2162 1211 2336 1277 dicas,
2365 1225 2589 1281 quaeso,
2615 1219 2798 1265 utrum
2826 1225 2912 1266 res
2939 1210 3304 1283 intelligibiles
3345 1227 3439 1268 seu
3475 1214 3774 1270 sensibilcs

2159 1303 2372 1374 priores
2399 1311 2527 1357 sunt
2555 1301 2760 1367 animo,
2789 1303 2880 1370 qui
2907 1317 3005 1356 eas
3033 1302 3306 1374 intelligit,
3331 1302 3416 1357 vei
3442 1318 3633 1369 sensu,
3661 1322 3773 1376 quo

2162 1397 2494 1453 sentiuntur.
2527 1396 2672 1450 Dtsc.
2704 1393 2806 1452 Ubi
2834 1394 2979 1450 aliud
3025 1405 3139 1461 est,
3181 1397 3324 1467 quod
3351 1397 3638 1469 intelligit,
3668 1409 3724 1454 et
3751 1402 3773 1435 ³

2163 1485 2333 1554 aliud,
2357 1487 2500 1558 quod
2529 1485 2868 1557 intelligitur.
2893 1495 2948 1541 et
2969 1486 3210 1543 melioris
3237 1497 3462 1546 naturae
3481 1501 3592 1556 est,
3621 1492 3773 1562 quod

2163 1577 2451 1650 intelligit,
2478 1593 2640 1649 quam
2667 1577 2811 1649 quod
2839 1577 3156 1650 intelligitur
3177 1620 3192 1645 ,
3234 1579 3550 1652 iutelligenti
3581 1585 3774 1641 animo

2164 1686 2260 1729 seu
2298 1686 2459 1727 sensu
2499 1670 2752 1727 sentienti
2797 1686 2910 1726 rem
2957 1671 3284 1727 intellectam
3323 1688 3418 1729 seu
3460 1689 3688 1732 sensam
3727 1678 3775 1711 ¹⁸

463 1779 682 1828 meatur
705 1770 758 1825 in
784 1767 1100 1824 notionibus
1122 1768 1234 1823 suis
1258 1767 1692 1835 rationabilibus,
1719 1769 1865 1824 omni
1888 1768 2060 1840 phan-
2089 1752 2137 1814 Β
2162 1763 2439 1837 praecedi,
2482 1778 2588 1820 non
2629 1764 2925 1834 incongrue
2960 1763 3213 1820 dixerim.
3245 1764 3352 1822 Res
3391 1777 3572 1824 autem
3599 1770 3772 1842 ipsas,

463 1863 600 1918 tasia
635 1870 801 1934 atque
837 1860 1066 1916 materia
1099 1861 1444 1925 carentibus,
1478 1876 1642 1931 super
1679 1875 1876 1928 omne,
1916 1863 2060 1933 quod

463 1970 626 2012 sensu
655 1967 920 2024 corporeo
943 1951 1263 2024 percipitur,
1287 1950 1373 2006 vel
1403 1951 1455 2005 in
1483 1952 1745 2008 memoria
1775 1951 2057 2023 figuratur,

465 2045 807 2103 subsistunt:
842 2043 971 2114 quid
1000 2043 1221 2107 mirum,
1253 2056 1480 2112 corpora
1516 2057 1732 2112 quoque
1762 2042 2058 2110 naturalia,

461 2153 530 2194 ex
556 2135 910 2207 qualitatibus
939 2133 1330 2189 elementorum
1357 2132 1542 2186 mundi
1565 2133 1890 2203 composita,
1920 2134 1970 2188 in
1994 2149 2058 2189 ea

459 2238 680 2292 natura,
707 2228 759 2281 in
782 2241 886 2296 qua
910 2239 1099 2280 eorum
1128 2223 1320 2277 notitia
1342 2229 1446 2288 est,
1468 2221 1788 2286 subsistere,
1811 2237 2060 2292 praeser-

462 2321 562 2376 tim
597 2336 719 2374 cum
748 2317 962 2384 omnia,
1007 2329 1147 2385 quae
1180 2315 1325 2369 circa
1361 2329 1589 2385 corpora
1619 2314 1946 2379 sentiuntur,
1981 2315 2062 2370 in-

465 2426 730 2480 corporea
765 2409 916 2464 sint?
955 2407 1091 2462 Nam
1128 2415 1184 2461 et
1212 2405 1442 2476 species,
1468 2406 1666 2476 quibus
1687 2406 2056 2475 continentur,

465 2501 839 2572 iucorporalcs
863 2509 1018 2565 sunt;
1045 2497 1377 2568 quantitates
1407 2497 1657 2552 similiter
1684 2507 1739 2552 et
1767 2497 2059 2567 qualitates

462 2593 820 2666 intelligibilis
845 2601 1070 2647 naturae
1089 2603 1212 2644 esse
1238 2588 1369 2644 nulli
1401 2589 1632 2662 sapienti
1664 2589 1886 2644 dubium
1911 2591 2061 2646 vide-

463 2695 575 2751 tur,
607 2694 660 2740 et
685 2685 754 2740 ab
787 2680 1240 2738 intellectualibus
1265 2679 1446 2736 vitalis
1474 2679 1808 2736 substantiae
1831 2681 2056 2736 rationi-

458 2775 564 2833 bus
601 2776 914 2849 procedere.

533 2871 586 2926 9.
631 2869 772 2925 MAG.
814 2868 1072 2940 Quisquis
1107 2877 1328 2923 naturas
1355 2881 1537 2923 rerum
1569 2867 1810 2925 intentus
1837 2883 2060 2941 perspe-

457 2961 634 3026 xerit,
686 2961 823 3017 haec
883 2961 959 3014 ita
1014 2976 1072 3016 se
1121 2960 1325 3016 habere
1373 2960 1752 3016 incunctanter
1796 2961 2057 3017 inveniet.

457 3049 606 3107 Dtsc.
650 3049 746 3106 His
792 3050 975 3120 itaque
1027 3050 1288 3106 discussis
1325 3065 1432 3106 non
1493 3051 1789 3124 incongrue
1844 3053 2062 3122 quaeri-

456 3149 568 3208 tur,
591 3140 861 3212 quomodo
893 3141 1071 3195 omnis
1096 3149 1348 3196 creatura
1375 3141 1428 3196 in
1451 3142 1672 3197 homine
1700 3151 1786 3196 est
1811 3143 2054 3209 condita,
2083 3124 2134 3191 (ἶ

457 3247 582 3292 cum
613 3235 728 3304 ipse
756 3243 879 3304 post
909 3234 1241 3290 creationem
1263 3233 1504 3288 omnium
1535 3233 1711 3288 factus
1742 3233 1908 3289 fuisse
1937 3249 2059 3304 per-

456 3323 734 3383 hibeatur.
773 3325 830 3379 Si
860 3339 989 3396 ergo
1027 3333 1154 3380 ante
1195 3325 1371 3395 ipsum
1404 3325 1654 3381 universa
1688 3335 1937 3382 creatura
1981 3326 2060 3381 vi-

456 3415 634 3472 sibilis
687 3424 740 3470 et
785 3415 1070 3471 invisibilis
1127 3425 1312 3471 creata
1359 3425 1482 3482 est,
1539 3426 1597 3470 ut
1647 3417 1828 3472 divina
1894 3417 2063 3474 tradit

455 3507 710 3574 historia,
754 3507 1059 3580 nulliusque
1089 3508 1328 3564 conditio
1353 3519 1476 3579 post
1503 3508 1676 3579 ipsum
1707 3509 1922 3581 legitur,
1951 3526 2056 3582 qua

459 3601 674 3656 ratione
709 3615 996 3672 possumus
1040 3602 1384 3672 perspicere,
1419 3619 1635 3659 omnem
1667 3593 1970 3661 creaturam
2004 3608 2058 3664 in

454 3691 681 3749 homine
715 3693 990 3749 conditam
1019 3693 1225 3751 fuisse?
1264 3695 1400 3750 Nam
1435 3695 1482 3752 si
1521 3696 1645 3767 quis
1683 3697 1901 3767 dixerit,
1939 3701 2064 3757 uni-

453 3795 670 3838 versam
700 3793 1006 3840 creaturam
1035 3786 1120 3842 bis
1149 3786 1447 3854 conditam,
1478 3788 1654 3858 primo
1685 3791 1902 3862 quidem
1933 3808 2058 3864 spe-

455 3873 671 3931 cialiter
696 3875 750 3930 iu
781 3876 983 3948 seipsa,
1020 3879 1259 3933 secundo
1291 3893 1420 3934 vero
1446 3882 1774 3952 generaliter
1802 3884 1856 3939 in
1886 3885 2061 3942 homi-

457 3982 551 4032 ne,
587 3983 691 4023 non
719 3967 878 4025 facile
900 3969 1226 4026 crediderim
1263 3971 1462 4028 rationi
1493 3975 1806 4042 convenire,
1834 3978 1986 4048 quia,
2013 3979 2060 4035 si

456 4058 534 4116 ita
560 4070 662 4127 est,
694 4063 966 4134 propriam
991 4065 1350 4121 substantiam
1382 4065 1545 4122 homo
1565 4085 1674 4124 non
1700 4069 1938 4136 habebit,
1963 4071 2059 4128 sed

455 4152 565 4208 erit
613 4152 778 4208 veluti
823 4155 1091 4224 quaedam
1136 4157 1456 4228 compositio
1507 4158 1798 4215 multarum
1852 4177 2058 4228 rerum,

455 4241 571 4298 imo
600 4243 763 4298 etiam
797 4244 965 4300 totius
993 4256 1278 4302 creaturae
1306 4248 1458 4318 prius
1484 4248 1680 4317 factae,
1713 4260 1767 4306 et
1792 4268 1895 4307 una
1927 4253 2061 4309 mul-

455 4332 620 4403 tiplex
651 4333 880 4388 diversis
920 4334 1112 4389 formis
1140 4341 1508 4408 exaggeratio.
1548 4339 1617 4394 Et
1655 4342 1796 4410 quod
1831 4351 1916 4398 est
1938 4360 2062 4416 gra-

454 4427 598 4491 vius,
622 4427 665 4481 si
688 4428 866 4482 omnis
890 4438 1164 4493 creatura,
1189 4430 1304 4486 sive
1328 4431 1578 4499 visibilis,
1607 4435 1721 4491 sive
1749 4437 2056 4507 invisibilis,

455 4518 512 4572 in
544 4518 719 4588 seipsa
755 4516 1149 4588 perfectissime
1176 4520 1317 4576 facta
1345 4534 1458 4590 est;
1487 4526 1760 4595 perfectus
1790 4530 2054 4601 siquidem

455 4608 707 4663 conditor
733 4610 862 4664 dum
891 4612 962 4666 sit
998 4622 1052 4668 et
1080 4613 1364 4685 plusquam
1396 4618 1687 4689 perfectus,
1719 4623 1925 4680 nullum
1957 4627 2058 4682 im-

455 4696 756 4767 perfectum
800 4700 1057 4756 credibile
1097 4711 1182 4758 est
1209 4706 1515 4764 condidisse
1543 4724 1558 4764 :
1588 4715 1857 4782 quomodo
1891 4717 2054 4773 veluti

455 4788 750 4844 secundam
788 4791 1118 4849 conditionis
1149 4810 1280 4852 suae
1301 4797 1323 4829 ⁸
1346 4798 1730 4870 perfectionem
1758 4804 1810 4859 in
1835 4804 2055 4864 homine

454 4883 729 4955 acceperit
759 4884 780 4916 °
803 4927 818 4952 ,
858 4886 950 4958 qui
982 4897 1262 4946 extremus
1304 4894 1358 4948 in
1411 4895 1609 4953 divinis
1647 4901 2052 4970 operationibus

453 4977 705 5031 creatur?
735 4977 830 5043 Et,
857 4979 903 5035 si
934 4980 1008 5035 ita
1038 4990 1152 5048 est,
1181 5000 1288 5040 non
1320 4988 1386 5041 de
1417 4988 1586 5045 nihilo
1625 4990 1754 5047 fecit
1783 4993 1923 5050 Deus
1955 4997 2052 5052 ho-

452 5067 654 5124 minem
687 5071 753 5123 ad
799 5070 1089 5144 imaginem
1138 5090 1324 5143 suam,
1365 5079 1458 5135 sed
1495 5080 1563 5137 de
1605 5083 1723 5150 bis,
1757 5100 1896 5155 quae
1924 5097 2054 5144 ante

453 5162 630 5232 ipsum
672 5159 816 5218 facta
859 5172 1004 5220 sunt.
1047 5165 1203 5233 Quod
1239 5168 1284 5223 si
1325 5169 1449 5241 quis
1487 5172 1706 5240 dixerit,
1753 5177 2049 5232 humanum

451 5268 651 5322 corpus
678 5269 784 5309 non
815 5255 882 5312 de
903 5255 1090 5323 nihilo,
1120 5258 1214 5315 sed
1241 5260 1305 5316 de
1326 5260 1508 5331 aliquo
1535 5273 1767 5330 terreno,
1799 5268 2052 5326 videlicet

451 5343 583 5400 limo
604 5345 650 5412 ⁷,
673 5345 948 5403 conditum
974 5347 1162 5416 fuisse,
1185 5351 1314 5422 quid
1337 5351 1580 5413 dicturus
1623 5359 1729 5414 erit
1749 5360 1815 5415 de
1837 5360 2049 5416 meliori

2163 1872 2304 1930 quae
2339 1872 2400 1914 se
2436 1855 2764 1928 intelligunt,
2811 1856 2864 1911 in
2909 1866 3170 1928 quantum
3210 1873 3270 1913 se
3305 1857 3612 1932 intelligere
3649 1878 3772 1934 pos-

2161 1959 2290 2008 sunt
2314 1949 2381 2017 “,
2406 1965 2511 2004 non
2539 1949 2769 2004 dixerim
2795 1963 2920 2005 esse
2942 1958 3117 2007 semet
3137 1950 3366 2020 priores.
3399 1949 3534 2008 Nam
3560 1954 3656 2010 ubi
3685 1971 3773 2012 res

2161 2040 2279 2111 ipsa
2307 2049 2362 2094 et
2387 2039 2468 2094 sui
2499 2039 2736 2110 cognitio
2763 2055 2929 2094 unum
2960 2048 3066 2106 est,
3097 2039 3273 2110 qualis
3303 2043 3618 2112 praecessio
3651 2044 3771 2102 fieri

2162 2139 2362 2201 potest,
2387 2145 2492 2184 non
2526 2129 2700 2184 video.
2738 2128 2865 2184 Scio
2885 2130 3030 2185 enim
3061 2147 3147 2186 me
3175 2146 3315 2198 esse,
3341 2145 3440 2188 nec
3466 2143 3658 2190 tamen
3682 2152 3771 2193 me

2162 2221 2443 2291 praecedit
2468 2220 2696 2276 scientia
2736 2221 2863 2284 mei,
2889 2222 3016 2292 quia
3048 2239 3154 2276 non
3188 2223 3331 2278 aliud
3364 2240 3508 2292 sum,
3538 2236 3597 2282 et
3623 2227 3771 2286 aliud

2163 2311 2412 2378 scientia,
2445 2328 2550 2383 qua
2594 2327 2681 2366 me
2717 2313 2868 2379 scio;
2909 2323 2964 2368 et
2993 2313 3036 2368 si
3063 2314 3332 2370 nescirem
3369 2331 3454 2371 me
3476 2331 3625 2384 esse,
3658 2335 3770 2376 non

2163 2406 2429 2463 nescirem
2459 2407 2705 2478 ignorare
2733 2423 2817 2462 me
2845 2422 2967 2463 esse
2993 2424 3006 2460 :
3031 2424 3094 2464 ac
3123 2424 3222 2479 per
3242 2408 3364 2474 hoc,
3390 2411 3505 2466 sive
3525 2415 3767 2482 scivere,

2163 2498 2280 2553 sive
2307 2499 2586 2553 nescivere
2623 2513 2708 2554 me
2738 2513 2894 2565 esse,
2937 2499 3162 2556 scientia
3196 2517 3301 2555 non
3351 2503 3590 2570 carebo;
3634 2507 3768 2562 mihi

2161 2590 2308 2646 enim
2328 2591 2628 2646 remanebit
2650 2591 2788 2646 scire
2813 2591 3173 2662 ignorantiam
3199 2609 3395 2649 meam.
3418 2595 3483 2650 Et
3509 2597 3554 2652 si
3576 2614 3767 2667 omne,

2163 2685 2306 2756 quod
2325 2694 2502 2756 potest
2522 2685 2660 2741 scire
2687 2686 2748 2717 “'
2774 2701 2831 2742 se
2849 2688 3021 2758 ipsum
3045 2688 3276 2754 nescire,
3292 2704 3398 2744 non
3413 2700 3594 2760 potest
3609 2694 3768 2764 igno-

2165 2790 2288 2832 rare
2316 2793 2373 2831 se
2405 2777 2579 2846 ipsum
2609 2791 2766 2841 esse;
2802 2793 2929 2832 nam
2973 2778 3019 2833 si
3049 2779 3263 2850 penitus
3303 2795 3411 2836 non
3450 2791 3631 2848 esset,
3659 2801 3768 2842 non

2164 2868 2331 2923 sciret
2377 2869 2614 2938 seipsum
2665 2871 2878 2926 nescire
2923 2887 2936 2925 :
2986 2870 3309 2938 conficitur,
3361 2873 3586 2928 omnino
3643 2890 3770 2933 esse

2163 2973 2324 3013 omne
2343 2999 2357 3024 ,
2384 2959 2527 3030 quod
2554 2959 2657 3016 scit
2685 2975 2743 3017 se
2768 2975 2918 3026 esse,
2951 2960 3036 3016 vel
3061 2961 3164 3016 scit
3196 2976 3254 3017 se
3284 2963 3495 3018 nescire
3533 2980 3593 3020 se
3620 2980 3767 3022 esse.

2167 3050 2224 3106 Si
2259 3053 2379 3123 quis
2409 3063 2591 3110 autem
2630 3063 2778 3110 tanta
2821 3055 3127 3126 ignorantia
3164 3057 3391 3112 obrutus
3427 3067 3532 3122 est,
3563 3068 3629 3114 ut
3665 3075 3770 3117 nec

2162 3145 2398 3215 seipsum
2429 3161 2551 3202 esse
2578 3148 2738 3215 sciat,
2769 3163 2871 3205 nec
2897 3149 3108 3206 nescire
3137 3150 3180 3182 "
3221 3150 3455 3222 seipsum
3485 3167 3610 3209 esse
3643 3170 3771 3210 sen—

2165 3236 2285 3301 tiat,
2312 3246 2407 3291 aut
2431 3237 2647 3307 penitus
2671 3239 2831 3295 talem
2861 3256 2967 3295 non
2995 3256 3117 3297 esse
3143 3261 3155 3296 :
3187 3241 3483 3310 hominem,
3515 3254 3614 3300 aut
3642 3262 3766 3302 om-

2160 3327 2292 3382 nino
2334 3329 2635 3386 extinctum
2671 3331 2926 3386 dixerim.
2973 3332 3029 3387 In
3073 3334 3402 3405 supradictis
3429 3351 3650 3408 quoque
3679 3355 3770 3395 ra-

2162 3419 2400 3478 tionibus
2437 3423 2571 3477 satis
2612 3423 2756 3480 inter
2792 3441 2891 3482 nos
2933 3436 3198 3484 statutum
3246 3429 3310 3495 ¹³,
3344 3432 3481 3487 haec
3518 3435 3630 3490 duo
3661 3435 3766 3491 bu-

2162 3526 2357 3567 manae
2388 3515 2602 3572 animae
2652 3517 2816 3572 simul
2859 3527 2916 3574 et
2974 3519 3415 3593 inseparabiliter
3454 3540 3522 3580 ac
3545 3541 3766 3598 semper

2162 3605 2340 3662 inesse
2366 3623 2380 3661 :
2407 3609 2550 3665 seire
2577 3619 2634 3665 et
2680 3612 2912 3668 nescire.
2943 3610 3059 3669 Scit
3092 3614 3260 3681 enim,
3284 3631 3343 3672 se
3362 3631 3486 3674 esse
3523 3621 3768 3677 rationa-

2160 3696 2325 3753 bilem
2351 3707 2406 3754 et
2436 3699 2854 3758 intellectualem
2879 3713 3164 3769 naturam;
3194 3706 3366 3762 nescit
3395 3717 3602 3776 autem,
3634 3713 3767 3782 quid

2162 3789 2234 3846 sit
2257 3791 2372 3863 ipse
2401 3791 2704 3850 intellectus
2735 3805 2791 3850 et
2815 3795 2928 3866 ipsa
2961 3797 3120 3852 ratio.
3151 3797 3291 3854 MAG.
3317 3798 3433 3855 Non
3459 3815 3588 3858 eras
3611 3819 3766 3874 ergo,

2162 3881 2478 3953 priusquam
2510 3885 2682 3940 scires
2725 3885 2810 3939 vel
2862 3887 3104 3944 nescires
3133 3897 3187 3944 te
3214 3889 3370 3945 esse?
3405 3889 3557 3948 Dtsc.
3609 3891 3764 3962 Non;

2161 3972 2321 4028 simul
2351 3975 2495 4030 enim
2527 3977 2712 4048 accepi
2764 3993 2908 4045 esse,
2949 3989 3005 4036 et
3051 3996 3382 4053 cognoscere
3419 4001 3505 4042 me
3533 4001 3686 4055 esse,
3712 3999 3768 4046 et

2163 4067 2486 4140 intelligere,
2540 4087 2627 4128 me
2665 4072 2940 4144 ignorare,
2966 4075 3095 4147 quid
3124 4093 3268 4134 sum.
3303 4079 3443 4138 Msa.
3479 4083 3579 4140 Dic
3606 4087 3762 4154 Inibi,

2162 4161 2380 4230 quando
2409 4163 2658 4219 notitiam
2679 4165 2763 4220 sui
2791 4166 2989 4237 accipit
3008 4167 3194 4236 homo,
3224 4180 3404 4227 utrum
3434 4173 3488 4228 in
3512 4174 3607 4231 illa
3633 4192 3766 4234 cou-

2163 4253 2390 4320 ditione,
2425 4255 2478 4310 in
2530 4272 2637 4328 qua
2675 4273 2867 4316 omnes
2918 4259 3169 4318 homines
3212 4264 3598 4323 universaliter
3635 4270 3764 4327 facti

2165 4357 2290 4402 sunt
2336 4348 2388 4404 in
2418 4351 2861 4420 primordialtbus
2888 4355 3069 4410 causis
3099 4366 3226 4414 ante
3271 4367 3514 4430 tempora
3546 4365 3765 4421 secula-

2166 4438 2270 4504 ria,
2298 4455 2365 4494 an
2390 4440 2442 4496 in
2467 4441 2581 4511 ipsa
2604 4445 2977 4513 generatione,
3001 4447 3182 4517 quain
3205 4449 3398 4506 ordine
3428 4459 3759 4523 temporum,

2169 4531 2278 4588 Deo
2327 4533 2426 4588 soli
2457 4536 2675 4606 cognito
2700 4546 2754 4593 et
2784 4541 3160 4610 praedelinito,
3187 4543 3243 4598 in
3269 4544 3411 4601 hanc
3437 4549 3610 4604 vitam
3637 4566 3762 4620 pro-

2165 4625 2352 4681 cedit?
2382 4627 2528 4684 Dtsc.
2581 4629 2639 4684 ln
2672 4631 2936 4702 utrisque,
2971 4642 3029 4689 ut
3057 4635 3298 4693 arbitror
3334 4656 3347 4692 :
3391 4638 3445 4694 in
3500 4656 3609 4696 una
3643 4644 3762 4713 qui-

2163 4720 2283 4776 dem
2323 4722 2649 4793 generaliter
2693 4725 2747 4781 in
2795 4725 2976 4783 causis
3025 4727 3277 4797 latenter,
3317 4732 3372 4786 in
3423 4732 3596 4790 altera
3629 4753 3760 4794 tero

2160 4813 2472 4884 specialiter
2517 4816 2571 4870 in
2608 4814 2892 4874 ellectibus
2932 4820 3240 4878 manifeste.
3271 4823 3406 4878 Nam
3445 4826 3500 4882 in
3527 4813 3616 4882 aut.
3641 4831 3758 4900 pri-

2161 4903 2407 4960 mordiali
2440 4913 2494 4961 ct
2530 4907 2766 4978 generali
2809 4910 2973 4966 totius
3003 4911 3276 4967 humanae
3316 4923 3543 4974 naturae
3567 4922 3759 4975 condi-

2162 4993 2306 5050 tione
2331 5010 2488 5050 nemo
2509 4997 2748 5068 seipsum
2769 4999 3083 5069 Specialiter
3103 5005 3403 5076 cognoscit,
3429 5022 3607 5078 neque
3631 5026 3757 5082 pro—

2159 5085 2334 5155 priam
2366 5086 2612 5142 notitiam
2636 5087 2717 5142 sui
2771 5089 2974 5147 habere
3001 5092 3221 5164 incipit;
3271 5111 3374 5150 una
3402 5097 3548 5154 enim
3578 5111 3636 5156 et
3661 5118 3756 5174 ge-

2160 5176 2360 5232 neralis
2407 5178 2646 5250 cognitio
2674 5181 2916 5236 omnium
2949 5191 3032 5239 est
3063 5185 3158 5250 ibi,
3188 5186 3398 5259 solique
3427 5191 3538 5246 Deo
3567 5195 3754 5265 cogni-

2160 5277 2233 5322 ta.
2259 5267 2374 5326 Illic
2410 5285 2656 5342 namquez
2672 5287 2865 5331 omnes
2887 5275 3136 5334 homines
3169 5295 3312 5338 unus
3334 5293 3483 5351 sunt,
3507 5284 3599 5339 ille
3623 5301 3750 5358 pro-

2157 5361 2300 5418 fecto
2333 5365 2401 5420 ad
2446 5364 2736 5437 imaginem
2782 5368 2879 5425 Dei
2915 5367 3118 5442 factus,
3141 5372 3196 5431 in
3227 5392 3337 5449 quo
3363 5393 3555 5436 omnes
3579 5383 3749 5438 creati

1759 5468 2010 5526 VARIAE
2045 5470 2448 5532 LECTIONES.

526 5554 542 5585 ¹
575 5550 667 5609 Sic
696 5552 783 5610 CF
808 5571 822 5620 ;
935 5559 1183 5639 spatium.
1212 5631 1224 5644 ο
1257 5562 1279 5595 ⁸
1311 5560 1404 5620 Sic
1423 5562 1540 5631 CF;
1571 5566 1616 5622 A
1647 5565 1823 5650 unica.
1898 5569 1920 5601 ³
1945 5569 2035 5654 Sic
2061 5570 2176 5640 CF;
2202 5573 2245 5628 A
2275 5587 2463 5631 cuncta
2486 5578 2686 5680 quippe.
2764 5581 2787 5615 ⁸
2823 5582 2911 5642 CF
2937 5561 3378 5662 disciplinalique.
3452 5590 3479 5626 ⁸
3508 5589 3604 5649 Sic
3631 5592 3744 5660 CF;

545 5639 674 5679 suae
701 5626 1035 5680 conditionis.
1113 5631 1136 5664 ⁸
1169 5629 1259 5680 Sic
1299 5631 1415 5680 CF:
1462 5636 1497 5680 Δ
1558 5649 1773 5680 annon",
1852 5641 1872 5672 τ
1905 5639 1995 5680 Rm
2051 5642 2164 5680 [ξιτ-
2214 5645 2243 5680 Δ
2282 5644 2390 5680 ιηη.
2542 5648 2632 5680 οη.
2667 5651 2781 5680 ρο.
2824 5655 2847 5680 Α
2895 5670 3038 5680 -___._
3133 5660 3154 5680 .
3202 5674 3231 5680 ,-
3269 5678 3303 5680 η
3399 5662 3484 5680 ηπ,
3588 5664 3632 5680 ..
3660 5664 3712 5680 η.

449 5623 674 5708 gustuue
701 5623 1035 5684 conditionis.
1113 5629 1259 5708 '_Sic
1299 5631 1417 5703 CF;
1458 5636 1502 5708 ᾼ
1529 5623 1776 5708 "accepit.
1852 5641 1872 5672 ⁷
1905 5623 2030 5697 sic"
2152 5623 2176 5708 ξ

610 5695 656 5783 εὶ
678 5711 776 5783 seu
799 5713 953 5783 sensu
983 5702 1379 5772 apprehensum.
1403 5692 1416 5703 ’
1456 5705 1497 5742 ³³
1529 5705 1620 5767 Sic
1648 5692 1765 5778 CF;
1788 5709 1834 5767 A
1858 5692 2077 5783 possint:

453 5761 541 5818 CF
557 5779 574 5832 ;
597 5764 643 5820 Α
672 5768 941 5823 statuitur.

2667 5651 2784 5728 CF;
2813 5655 2856 5708 Δ
2891 5648 3081 5728 ρανιε.’
3133 5660 3154 5691 ⁹
3185 5674 3232 5716 et
3258 5648 3368 5717 om.
3397 5662 3504 5719 CF.

3588 5664 3632 5696 '°
3660 5664 3749 5720 Sic

2158 5714 2221 5747 ¹¹¹
2251 5715 2431 5788 C0uj.,
2463 5720 2599 5779 AEF
2631 5714 2848 5782 nescire.

2949 5729 2991 5762 ¹²
3017 5729 3111 5788 Sic
3137 5731 3222 5791 CF
3244 5751 3260 5802 ;
3290 5734 3335 5790 Α
3357 5735 3510 5791 scire.
3587 5735 3632 5769 "
3659 5735 3745 5796 Sic
