4028 6282
275 489 379 544 777

1101 489 1190 548 DE
1229 488 1570 549 DIVISIONE
1604 488 1957 579 NA'IUR‘AE.
1997 524 2066 536 —
2103 491 2304 550 LIBER
2343 487 2697 562 QUARTUS.

3447 490 3552 548 778

271 612 418 663 sunt.
443 600 514 659 Ut
558 599 705 659 enim
756 615 948 659 omnes
975 601 1184 660 formae
1218 605 1302 661 vel
1357 607 1588 678 species,
1628 622 1768 678 quae
1805 608 1861 665 in
1886 610 1940 673 Α
1967 617 2049 665 ter
2078 610 2236 664 insita
2262 617 2364 674 est,
2387 617 2649 680 quantum
2674 608 2912 680 cognitio
2931 617 3216 666 creaturae
3236 616 3291 666 et
3313 609 3550 679 seipsam

270 715 380 755 uno
408 713 604 770 genere
641 699 1007 767 continentur,
1067 701 1244 758 adhuc
1298 718 1397 774 per
1449 701 1783 760 dill‘erentias
1806 710 1864 760 et

268 791 628 862 proprietates
698 789 990 847 intellectui
1053 793 1138 848 vel
1199 794 1384 849 sensui
1442 793 1689 866 cognitae
1752 809 1859 849 non

271 884 654 950 succumbunt,
682 885 777 940 sed
824 884 989 940 veluti
1013 887 1279 955 quaedam
1313 887 1494 943 unitas
1522 888 1758 944 nondum
1785 886 1864 943 di-

1965 709 2020 757 et
2057 716 2275 758 causam
2328 716 2481 756 suam
2507 708 2684 772 potest
2725 701 3222 772 comprehendere?
3251 703 3397 757 Disc.
3435 699 3552 755 Non

1963 791 2126 848 aliter
2167 793 2421 849 existimo
2447 793 2489 847 ⁸.
2524 791 2657 848 Nam
2687 793 2959 864 quomodo
2997 793 3178 866 imago
3205 803 3373 858 esset,
3405 793 3452 848 si
3498 792 3554 847 in

1964 884 2145 955 aliquo
2169 885 2239 940 ab
2256 900 2340 951 eo,
2365 883 2519 955 cujus
2539 885 2717 956 imago
2753 894 2859 950 est,
2896 885 3142 950 distaret,
3172 895 3398 955 excepta
3429 883 3556 938 sub-

271 976 385 1032 visa
410 977 673 1039 subsistit,
697 977 870 1033 donec
907 993 1263 1050 unaquaeque
1301 995 1451 1036 suam
1476 981 1861 1052 preprietatem
1957 977 2090 1049 jecti
2121 979 2348 1043 ratione,
2373 978 2440 1033 de
2475 993 2580 1052 qua
2611 980 2665 1032 in
2698 977 3072 1048 superioribus
3099 977 3254 1032 libris
3297 977 3552 1041 diximus,

271 1077 326 1124 et
353 1067 714 1124 diﬂ'erentiam
743 1069 796 1124 in
820 1068 1001 1138 specie
1031 1069 1304 1126 individua
1336 1070 1748 1143 intelligibiliter
1776 1070 1862 1125 vel

268 1158 603 1217 sensibiliter
648 1160 883 1232 accipiat
933 1178 946 1214 :
987 1161 1062 1218 ita
1116 1162 1490 1232 unusquisque
1515 1162 1570 1217 in
1617 1176 1865 1217 commus

271 1259 432 1315 nione
461 1259 731 1314 humanae
772 1266 999 1314 naturae
1055 1274 1158 1315 nec
1212 1259 1450 1330 seipsum
1501 1273 1602 1314 nec
1631 1259 1865 1314 consub-

270 1354 549 1410 stantiales
593 1369 720 1410 suos
747 1354 964 1424 propria
1015 1354 1327 1426 cognitione
1355 1355 1635 1419 discernit,
1686 1355 1867 1426 prius-

269 1459 431 1516 quam
454 1444 507 1500 in
539 1445 682 1502 hunc
711 1447 970 1501 mundum
1009 1447 1124 1503 suis
1153 1447 1506 1520 temporibus,
1535 1448 1690 1520 juxta
1719 1447 1865 1518 quod

271 1536 324 1592 in
349 1536 589 1594 aeternis
637 1538 941 1594 rationibus
992 1540 1348 1595 constitutum
1378 1549 1481 1606 est,
1517 1541 1861 1611 processerit.

269 1628 412 1687 MAG.
440 1629 620 1699 Quare
655 1647 787 1703 ergo
820 1632 1194 1703 unusquisque
1223 1648 1368 1694 mox,
1413 1641 1473 1686 ut
1501 1647 1598 1703 per
1633 1645 1866 1703 genera-

271 1723 475 1779 tionem
523 1721 575 1778 in
607 1724 752 1778 hunc
803 1723 1064 1778 mundum
1123 1723 1458 1794 provenerit,
1487 1737 1594 1776 non
1627 1722 1866 1792 seipsum

271 1814 587 1886 cognoscit?
635 1813 781 1870 Disc.
815 1813 1052 1870 Poenam
1103 1811 1592 1885 praevaricationis
1636 1821 1868 1866 naturae

1966 1075 2090 1128 dum
2117 1073 2184 1128 de
2235 1081 2544 1145 prototypo.
2576 1073 2681 1128 hoc
2707 1081 2810 1136 est,
2856 1071 2922 1127 de
2968 1070 3252 1142 principali
3303 1069 3556 1140 exemplo

1964 1163 2188 1235 ejusque
2244 1164 2477 1236 imagine
2546 1162 2978 1234 disputabamus,
3030 1163 3304 1228 dicentes,
3380 1162 3556 1233 ipsum

1965 1253 2134 1309 Deum
2187 1253 2483 1324 principale
2533 1254 2838 1326 exemplum
2889 1269 3011 1311 esse
3057 1269 3157 1326 per
3205 1253 3464 1324 seipsum,
3524 1267 3558 1308 a

1966 1343 2168 1414 seipso,
2203 1345 2255 1399 in
2299 1345 2503 1416 seipso,
2530 1352 2584 1400 et
2628 1361 2658 1400 a
2699 1345 2843 1401 nullo
2870 1354 3114 1401 creatum
3152 1345 3237 1401 vel
3263 1345 3558 1400 formatum

1965 1436 2050 1492 vel
2067 1452 2388 1494 conversum
2419 1437 2744 1504 subsistens,
2791 1439 3081 1510 imaginem
3107 1454 3236 1495 vero
3257 1437 3395 1508 ejus,
3419 1451 3559 1508 quae

1967 1540 2052 1587 est
2076 1531 2260 1594 homo,
2284 1531 2352 1586 ab
2377 1532 2493 1602 ipso
2515 1540 2772 1598 creatam,
2799 1547 2898 1587 nec
2921 1547 3017 1602 per
3035 1532 3268 1603 seipsam
3292 1545 3435 1594 esse,
3459 1542 3562 1584 nec

1969 1639 1999 1679 a
2047 1625 2249 1696 seipsa,
2281 1639 2381 1680 nec
2413 1623 2465 1678 in
2490 1623 2667 1694 seipsa
2709 1623 3025 1688 subsistere,
3065 1622 3160 1678 sed
3191 1623 3258 1677 ab
3283 1637 3370 1688 eo,
3404 1620 3560 1692 Cujus

1970 1715 2149 1788 imago
2180 1723 2280 1778 est,
2312 1714 2521 1785 accepit
2548 1728 2668 1769 esse
2696 1715 2991 1774 secundum
3027 1722 3296 1778 naturam,
3336 1723 3392 1767 et
3413 1711 3559 1766 Deus

1969 1822 2090 1864 esse
2115 1808 2409 1864 secundum
2440 1808 2695 1880 gratiam,
2727 1815 2907 1862 cetera
2935 1821 3152 1877 quoque
3178 1805 3384 1868 omnia,
3418 1817 3560 1872 quae

273 1911 328 1968 in
360 1911 464 1968 hoc
513 1911 848 1967 manifestari
870 1927 979 1967 non
1009 1918 1214 1967 temere
1251 1909 1504 1965 dixerim.
1539 1905 1674 1962 Nam
1701 1907 1744 1962 si
1769 1906 1872 1963 ho-
1970 1901 2037 1956 de
2088 1899 2198 1956 Deo
2249 1899 2658 1970 praedicantur,
2710 1898 2776 1952 de
2828 1897 3065 1967 imagine
3111 1895 3226 1965 ejus
3253 1891 3560 1965 praedicari

272 2023 362 2063 nio
391 2024 497 2063 non
531 2015 804 2080 peccaret,
828 2008 881 2064 in
911 2014 1018 2062 tam
1052 2003 1373 2078 profundam
1397 2003 1479 2059 sui
1504 2001 1866 2074 ignorantiam

1971 2008 2152 2064 posse,
2190 1991 2286 2047 sed
2335 1991 2402 2047 de
2449 1990 2561 2046 Deo
2604 1989 3020 2054 essentialitate,
3057 1990 3124 2044 de
3171 1988 3404 2060 imagine
3430 2000 3563 2041 vero

272 2101 680 2175 profectonon
727 2102 983 2169 caderet;
1043 2101 1186 2158 sicut
1219 2115 1394 2170 neque
1447 2097 1867 2170 ignominiosam

1970 2083 2421 2156 participatione?
2460 2081 2593 2137 Nam
2636 2091 2692 2138 et
2737 2082 2952 2137 bonitas
2994 2090 3079 2136 est
3118 2089 3174 2135 et
3203 2081 3344 2136 bona
3379 2079 3560 2148 imago

274 2194 678 2266 generationem
702 2211 768 2250 ex
799 2193 998 2265 duplici
1026 2208 1157 2248 sexu
1187 2192 1254 2247 ad
1284 2191 1692 2246 similitudinem
1732 2189 1870 2243 irra-

1970 2174 2382 2246 participatione
2409 2173 2604 2228 summi
2634 2172 2760 2228 boni
2787 2188 3139 2244 summaeque
3159 2172 3438 2237 bonitatis,
3468 2186 3562 2227 cu-

273 2285 614 2341 tionabilium
639 2284 955 2340 animalium
975 2299 1082 2340 non
1106 2293 1406 2354 pateretur,
1446 2291 1505 2338 ut
1530 2280 1869 2336 Graecorum

273 2377 662 2447 sapientissimi
691 2376 1016 2432 certissimis
1043 2374 1346 2431 rationibus
1371 2373 1642 2429 allirmant
1671 2385 1720 2427 ι.
1751 2373 1871 2442 Ipse

274 2469 566 2540 siquidem,
587 2471 678 2542 qui
693 2469 840 2526 solus
854 2470 1059 2540 absque
1080 2477 1302 2541 peccato
1324 2477 1484 2524 natus
1503 2476 1587 2523 est
1600 2469 1616 2500 ί
1643 2467 1695 2522 in
1718 2483 1872 2522 mun-

273 2561 366 2628 do,
426 2560 757 2633 Redemptor
792 2561 1044 2619 videlicet
1099 2562 1313 2626 mundi,
1356 2576 1622 2634 nusquam
1657 2561 1679 2592 ¹
1734 2575 1872 2615 ιιιιηέ

274 2668 440 2726 quam
485 2654 644 2710 talem
677 2655 1040 2727 ignorantiam
1086 2670 1376 2727 perpessus
1416 2663 1520 2718 est,
1552 2653 1648 2709 sed
1687 2652 1877 2709 confe-

275 2747 426 2813 stim,
463 2755 523 2802 ut
554 2759 846 2818 conceptus
872 2756 929 2803 et
950 2757 1111 2802 natus
1158 2755 1260 2810 est,
1293 2754 1346 2801 et
1389 2745 1629 2815 seipsum
1665 2752 1722 2799 et
1749 2759 1870 2800 om-

274 2838 368 2893 nia
405 2837 688 2904 intellexit,
720 2853 784 2893 ac
820 2837 966 2909 loqui
999 2847 1054 2893 et
1080 2838 1276 2892 docere
1323 2837 1345 2868 ³
1401 2836 1594 2906 potuit,
1645 2850 1752 2890 non
1783 2850 1874 2890 so-

275 2925 390 2983 lum
415 2929 540 3000 quia
569 2929 834 2999 sapientia
859 2929 1036 2984 Patris
1056 2938 1196 2995 erat,
1229 2945 1390 2999 quam
1429 2927 1562 2983 nihil
1588 2927 1740 2993 latet,
1781 2940 1874 2980 ve-

277 3035 398 3074 rum
423 3020 587 3075 etiam
633 3021 759 3090 quia
786 3019 1267 3076 incontaminatam
1301 3020 1693 3075 humanitatem
1716 3033 1874 3073 acce-

275 3118 454 3181 perat,
502 3118 562 3165 ut
589 3111 1014 3166 contaminatam
1068 3122 1360 3182 purgaret;
1403 3125 1508 3164 non
1543 3110 1668 3180 quia
1712 3109 1870 3164 aliam

278 3201 495 3271 accepit
546 3210 766 3273 praeter
810 3217 930 3256 eam
966 3217 1128 3274 quam
1171 3202 1427 3268 restituit,
1461 3201 1554 3257 sed
1593 3201 1719 3271 quia
1757 3201 1873 3272 ipse

273 3293 428 3349 solus
464 3295 922 3352 incontaminatus
945 3297 996 3352 in
1022 3311 1086 3352 ea
1132 3297 1413 3361 remansit,
1457 3305 1513 3351 et
1538 3297 1603 3351 ad
1638 3295 1873 3350 medica-

277 3395 524 3443 mentum
563 3387 802 3445 vulneris
849 3389 1070 3445 vitiatae
1125 3399 1354 3444 naturae
1403 3390 1456 3444 in
1489 3387 1872 3444 secretissimis

278 3476 452 3548 ipsius
501 3479 800 3536 rationibus
831 3491 1142 3537 reservatus
1183 3481 1225 3537 ⁸.
1268 3480 1402 3535 Tota
1432 3480 1629 3550 quippe
1659 3480 1711 3534 in
1744 3479 1873 3536 totis

276 3570 442 3642 periit
471 3571 512 3638 ',
547 3581 764 3643 praeter
813 3574 983 3640 illum,
1027 3574 1081 3628 in
1134 3589 1242 3644 quo
1285 3572 1400 3628 solo
1450 3572 1872 3642 incorruptibilis

278 3664 600 3733 permansit.
642 3665 710 3722 Et
747 3665 962 3737 quidem
1006 3665 1303 3722 maximum
1331 3664 1635 3734 exemplum
1663 3665 1873 3734 gratiae

280 3754 400 3826 ipse
426 3765 529 3822 est,
559 3772 667 3813 non
715 3758 840 3828 quia
875 3757 1004 3828 quid
1037 3772 1105 3812 cx
1135 3765 1286 3811 reatu
1335 3755 1606 3810 humanae
1643 3765 1874 3812 naturae

279 3849 549 3906 indultum
574 3851 622 3908 ei
650 3851 722 3907 sit
735 3851 775 3918 ⁸,
801 3852 894 3908 sed
922 3853 1048 3922 quia
1077 3850 1223 3907 solus
1252 3850 1492 3906 omnium
1526 3849 1686 3906 nullis
1712 3866 1872 3922 prae-

278 3940 600 3998 cedentibus
647 3943 855 4000 meritis
906 3944 961 3998 in
1009 3945 1272 3998 unitatem
1334 3942 1669 3998 substantiae
1703 3945 1874 4000 verbo

279 4031 378 4089 Dei
408 4035 726 4106 conjunctus
750 4045 854 4102 est,
880 4036 931 4090 in
959 4051 1066 4106 quo
1093 4051 1282 4091 omnes
1312 4034 1488 4102 electi,
1545 4036 1612 4091 de
1640 4035 1874 4105 plenitu-

278 4123 411 4181 dine
445 4129 650 4199 gratiae
682 4125 800 4197 ejus
829 4127 1176 4198 accipientes,
1215 4126 1309 4182 lilii
1348 4127 1441 4181 Dei
1475 4136 1529 4181 et
1578 4126 1872 4198 participes

279 4215 498 4272 divmae
527 4217 858 4273 substantiae
890 4219 1045 4273 ﬁunt.
1081 4217 1220 4273 Mac.
1243 4217 1423 4272 Inerat
1451 4232 1582 4288 ergo
1602 4219 1874 4274 humanae

277 4314 514 4364 naturae
534 4311 772 4379 potentia
798 4309 1254 4380 perfectissimam
1279 4309 1360 4364 sui
1386 4308 1750 4379 cognitionem
1775 4309 1873 4363 ha-

276 4398 466 4467 bendi,
499 4402 545 4458 si
575 4419 678 4459 non
709 4412 980 4474 peccaret.
1006 4405 1150 4460 Disc.
1184 4404 1268 4458 Nil
1302 4404 1672 4460 verisimilius.
1698 4404 1870 4463 Casus

278 4493 482 4564 quippe
501 4493 643 4551 illius
672 4497 940 4552 maximus
971 4506 1024 4552 et
1051 4497 1388 4552 miserrimus
1410 4504 1550 4562 erat,
1580 4497 1882 4554 scientiam

280 4593 340 4641 et
389 4587 710 4658 sapientiam
746 4589 846 4643 sibi
884 4589 1101 4644 insitam
1140 4590 1415 4655 deserere,
1455 4598 1511 4644 et
1544 4590 1595 4644 iu
1641 4589 1867 4660 profun-

280 4679 408 4736 dam
432 4681 792 4751 ignorantiam
817 4683 1014 4738 suimet
1042 4693 1096 4738 ct
1117 4683 1395 4755 Creatoris
1417 4684 1495 4737 sui
1523 4681 1654 4746 labi,
1677 4699 1868 4753 quam-
1895 4713 1948 4774 D

277 4773 364 4828 vis
401 4773 672 4844 appetitus
723 4774 1090 4835 beatitudinis,
1142 4790 1303 4844 quam
1341 4774 1666 4843 perdiderat,
1700 4773 1866 4828 etiam

278 4874 408 4937 post
439 4879 626 4922 casum
680 4867 734 4922 in
765 4883 827 4920 ea
859 4867 1182 4922 remansisse
1212 4866 1567 4937 intelligatur,
1609 4866 1700 4935 qui
1728 4866 1779 4920 in
1802 4879 1868 4921 ea

278 4956 430 5013 nullo
477 4957 637 5014 modo
668 4968 995 5023 remaneret,
1038 4959 1080 5013 si
1122 4959 1352 5028 scipsam
1404 4969 1458 5012 et
1505 4958 1673 5012 Deum
1710 4969 1867 5012 suum

277 5048 502 5104 omnino
552 5051 846 5121 ignoraret.
897 5051 1032 5106 MAG.
1075 5049 1474 5105 Perfeclissima
1522 5049 1682 5120 igitur
1728 5048 1748 5082 ⁷
1779 5064 1872 5104 co-

279 5141 452 5210 guitio
477 5152 532 5198 ct
561 5143 642 5198 sui
670 5154 723 5199 et
748 5143 1024 5199 Creatoris
1046 5143 1092 5198 ci
1131 5152 1256 5196 ante
1299 5153 1578 5213 peccatum
1604 5141 1866 5197 naturali-

1964 2264 2057 2335 jus
2079 2265 2260 2335 imago
2301 2274 2410 2330 est,
2444 2273 2665 2320 aeterna
2696 2277 2912 2332 quoque
2943 2271 3000 2319 et
3037 2262 3337 2320 aeternitas
3385 2262 3560 2333 parti-

1973 2358 2244 2430 cipatione
2278 2356 2421 2413 illius
2473 2355 2682 2412 aeterni
2716 2364 2773 2410 et
2815 2354 3172 2421 aeternitatis,
3235 2370 3264 2409 a
3302 2370 3407 2426 qua
3452 2354 3564 2408 lor-

1973 2462 2118 2508 mata
2170 2465 2284 2520 est,
2317 2451 2708 2522 omnipotentia
2758 2450 2889 2506 item
2929 2447 3346 2520 participatione
3376 2443 3562 2501 illins'

1973 2546 2420 2618 omnipotentiae,
2450 2561 2477 2598 a
2507 2560 2610 2615 qua
2640 2543 2878 2609 condita,
2903 2552 2958 2598 et
3000 2542 3066 2598 ad
3099 2557 3261 2612 quam
3300 2552 3566 2595 conversa

1973 2639 2282 2709 specilicata
2307 2647 2412 2693 est.
2438 2636 2571 2691 Nam
2598 2636 2641 2690 si
2674 2637 2910 2690 humana
2938 2645 3129 2689 natura
3157 2649 3262 2688 non
3290 2640 3560 2702 peccaret,

1973 2736 2150 2806 eique,
2166 2733 2256 2802 qui
2279 2746 2396 2786 eam
2414 2728 2748 2792 condiderat,
2765 2725 3276 2783 iucomnmtabiliter
3293 2724 3337 2760 ιδ
3359 2722 3565 2778 adhae-

1974 2836 2137 2891 reret,
2170 2823 2414 2896 profecto
2455 2821 2800 2890 omnipotens
2831 2826 2992 2874 esset.
3027 2816 3294 2887 Quicquid
3331 2814 3474 2868 enim
3506 2814 3561 2868 in

1975 2929 2168 2976 natura
2201 2933 2382 2973 rerum
2421 2915 2542 2970 iieri
2578 2913 2758 2978 vellet,
2803 2911 3112 2967 necessario
3159 2909 3336 2972 ﬁeret,
3368 2905 3568 2975 quippe

1976 3012 2104 3067 dum
2133 3008 2206 3064 nil
2236 3007 2382 3063 aliud
2432 3005 2548 3062 ﬁeri
2594 3002 2778 3067 vellet,
2807 3009 3028 3072 praeter
3075 2998 3219 3068 quod
3243 2996 3564 3051 Creatorem

1975 3103 2057 3159 sui
2117 3101 2234 3157 ﬁeri
2293 3098 2432 3155 velle
2502 3095 2857 3166 intelligeret;
2916 3090 3190 3146 Creatoris
3245 3095 3426 3142 autem
3481 3084 3568 3140 sui

1977 3196 2307 3252 voluntatem
2333 3192 2760 3262 omnipotentem
2813 3182 3312 3242 incommutabilem
3341 3179 3568 3235 omnino

1977 3290 2323 3360 intelligeret,
2396 3287 2442 3342 si
2517 3285 2568 3342 ei
2637 3281 2858 3338 omnino
2924 3279 3264 3341 adhaereret,
3333 3287 3569 3356 eumque

1899 3349 1944 3412 Ο
1977 3399 2082 3440 non
2125 3385 2424 3447 desereret,
2475 3394 2543 3434 ne
2585 3377 2690 3434 sibi
2743 3373 3023 3431 dissimilis
3062 3379 3226 3435 esset,
3268 3378 3324 3425 et
3354 3365 3563 3435 cetera,

1974 3493 2115 3550 quae
2160 3483 2308 3532 recta
2350 3472 2561 3528 ratione
2617 3470 2685 3525 de
2742 3467 2856 3523 Deo
2909 3463 3131 3535 ejusque
3183 3461 3418 3532 imagine
3478 3458 3566 3513 in-

1977 3569 2164 3641 telligi,
2199 3567 2285 3624 vel
2318 3563 2568 3635 cogitari,
2596 3561 2681 3618 vel
2721 3559 3023 3631 praedicari
3047 3565 3270 3628 possunt
3315 3555 3381 3609 “.
3424 3551 3566 3608 Mm.

1975 3661 2030 3718 Si
2063 3675 2192 3732 ergo
2237 3659 2506 3714 humanae
2546 3662 2772 3710 naturae
2830 3659 2955 3706 ante
2998 3658 3281 3720 peccatmn
3311 3647 3488 3702 inerat
3511 3651 3570 3700 et

1973 3755 2169 3811 suimet
2189 3750 2430 3822 perfecta
2455 3745 2714 3818 cognitio,
2757 3751 2811 3799 et
2846 3740 3126 3798 Creatoris
3154 3737 3259 3802 sui,
3305 3735 3432 3806 quid
3459 3734 3566 3789 mi-

1974 3861 2117 3903 rum.
2145 3845 2190 3899 si
2222 3839 2616 3898 rationabiliter
2645 3837 2712 3892 de
2733 3851 2795 3891 ea
2822 3833 3170 3904 intelligatur,
3196 3826 3569 3899 plenissimam

1974 3935 2257 3994 scientiam
2294 3934 2338 3966 υ
2381 3931 2637 3987 similium
2679 3927 2760 3982 sui
2794 3911 3134 3987 naturarum,
3182 3929 3242 3974 ut
3282 3926 3410 3974 sunt
3446 3930 3572 3971 cae-

1974 4031 2138 4088 lestes
2187 4025 2480 4092 essentiae,
2523 4031 2578 4078 et
2624 4018 2944 4076 inferiorum
2986 4031 3066 4080 se,
3099 4022 3158 4068 ut
3202 4018 3286 4066 est
3333 4008 3570 4064 mundus

1974 4124 2078 4178 iste
2103 4135 2226 4175 cum
2257 4115 2558 4172 rationibus
2599 4110 2713 4168 suis
2738 4105 3033 4163 intellectui
3064 4098 3568 4166 succumbentibus,

1973 4215 2249 4278 habuisse,
2299 4218 2353 4264 et
2403 4207 2580 4262 adhuc
2629 4203 2742 4259 sola
2783 4196 3138 4271 possibilitate
3192 4203 3246 4248 ct
3289 4191 3466 4260 reipsa
3510 4188 3568 4244 iu

1975 4301 2541 4365 summishominibus
2575 4294 2816 4353 habere?
2843 4293 2989 4348 Disc.
3020 4288 3176 4345 Clare
3218 4281 3571 4355 intelligenti-

1973 4399 2074 4456 hus
2103 4413 2208 4453 non
2236 4394 2341 4451 erit
2383 4388 2726 4452 mirum..sed
2754 4399 2941 4440 verum
2981 4390 3036 4437 et
3085 4377 3398 4434 verisimile.
3424 4375 3566 4430 Mao.

1973 4493 2163 4563 Magna
2215 4489 2332 4542 laus
2375 4492 2459 4540 est
2488 4482 2631 4537 "ac
2658 4494 2783 4535 vera
2834 4479 3101 4532 humanae
3153 4480 3400 4533 naturae,
3456 4468 3566 4522 imo

1973 4561 2136 4640 etiam
2186 4579 2347 4644 illius,
2378 4577 2470 4648 qui
2507 4575 2589 4630 sic
2616 4587 2736 4628 eam
2779 4583 2967 4626 creare
2993 4565 3181 4621 voluit.
3229 4561 3570 4632 Quapropter

1975 4677 2040 4732 de
2067 4671 2340 4729 intellectu
2366 4667 2509 4723 illius
2535 4673 2591 4719 et
2613 4661 2921 4734 cognitione
2944 4656 3198 4712 similiter
3224 4655 3328 4708 hoc
3351 4662 3568 4721 quoque

1974 4763 2349 4836 accipiendum
2379 4759 2445 4813 “.
2475 4755 2548 4812 Ut
2573 4755 2716 4811 enim
2761 4752 2806 4785 ”
2834 4749 3098 4822 sapientia
3134 4745 3395 4811 creatrix,
3423 4740 3568 4814 quod

1973 4869 2055 4915 est
2087 4835 2320 4913 Verbum
2339 4849 2460 4916 Dei,
2486 4847 2692 4911 omnia,
2720 4860 2859 4916 quae
2881 4844 2937 4898 in
2960 4859 3024 4898 ea
3050 4841 3187 4895 facta
3217 4846 3363 4904 sunt,
3390 4835 3568 4907 prius-

1974 4968 2136 5025 quam
2189 4949 2400 5012 liereut,
2446 4943 2604 5007 vidit,
2658 4941 2882 5012 ipsaQue
2918 4936 3054 4993 visio
3094 4949 3303 4998 eorum,
3351 4944 3492 5025 quae
3519 4927 3567 5025 ξσ

1973 5022 2286 5119 priusquam
2324 5040 2537 5104 ﬁerent,
2561 5034 2674 5090 visa
2707 5041 2852 5095 sunt,
2884 5046 3011 5086 vera
3060 5037 3116 5082 et
3146 5022 3566 5119 incommutabi-

1977 5114 2044 5195 lis
2074 5137 2116 5170 "
2163 5143 2494 5204 aeternaque
2533 5126 2766 5185 essentia
2811 5130 2930 5191 est,
2969 5121 3042 5177 ita
3067 5129 3246 5177 creata
3277 5114 3563 5186 sapientia,

1587 5251 1672 5307 VA
1683 5251 1840 5307 RIAE
1876 5245 2279 5306 LECTIONES.

349 5353 384 5431 ξ.
414 5343 654 5431 SligCF‘;
691 5348 732 5401 A
768 5357 921 5402 natus
970 5357 1043 5403 est
1073 5347 1265 5431 aliam-ie
1311 5355 1550 5431 peccato;
1583 5346 1640 5431 nf
1683 5342 1924 5431 CF;
1980 5355 2242 5431 nasque»:
2407 5335 2485 5431 [ᾼὲ

1530 5416 1551 5450 ⁸
1583 5416 1672 5470 Sic
1710 5415 1827 5480 CF;
1856 5415 1902 5468 Δ
1947 5415 2013 5468 sit
2055 5415 2122 5467 ei.
2221 5415 2241 5442 ⁷
2278 5415 2370 5463 Sic
2407 5415 2525 5470 Cl";
2568 5415 2612 5458 Α
2657 5417 2800 5471 ergo.
2899 5415 2921 5428 “
2960 5415 3050 5451 DIC
3077 5415 3150 5448 ω·
3181 5415 3282 5465 φη
3321 5415 3532 5445 αεδιυηυ

1530 5505 1538 5539 ι
1585 5502 1693 5540 om.
1740 5486 1805 5539 A.
1909 5485 1952 5522 ³ο
1984 5483 2076 5539 Sic
2125 5480 2238 5546 CF;
2279 5481 2321 5533 Α
2350 5472 2764 5547 immutabililer.
2870 5469 2912 5502 “
2962 5465 3052 5521 Sic
3090 5463 3284 5547 CF_;,A
3330 5469 3532 5547 possent

1359 5537 1533 5614 ’ί
1729 5537 2083 5611 Xeniorum“
2125 5537 2322 5608 Sic'CF
2344 5565 2358 5612 ;
2400 5549 2444 5603 A
2478 5548 2544 5600 de
2587 5542 3094 5621 intellectuq‘uoque
3132 5537 3566 5621 illius.e‘t"cog‘i'i‘if

279 5412 304 5487 ξ
329 5413 420 5487 Sic
442 5416 560 5480 CF;
608 5418 655 5472 A
707 5430 1019 5473 reservatur.
1118 5417 1139 5450 '
1166 5412 1249 5472 CF
1277 5412 1431 5487 perit.

277 5485 300 5517 ’
351 5485 442 5543 Sic
471 5487 592 5555 CF;
630 5490 827 5543 aeterni
867 5500 913 5543 et
954 5485 1368 5544 aeternitatis—
1396 5486 1538 5541 illius
1585 5502 1693 5540 om.
1740 5486 1805 5539 A.

279 5556 325 5631 ’ξ
355 5555 447 5613 Sic
475 5558 593 5631 CF;
647 5561 692 5615 A
724 5561 1024 5631 plenissima
1045 5560 1281 5614 scientia.

2564 5333 2586 5365 ⁸
2625 5330 2716 5386 Sic
2746 5327 2864 5394 CF;
2902 5328 2946 5382 Α
2987 5334 3038 5380 et
3082 5325 3265 5394 docere
3307 5338 3370 5374 ac
3400 5318 3561 5394 loqui.

2899 5397 2921 5428 ⁸
2959 5395 3050 5451 Sic
3077 5393 3195 5460 CF;
3238 5392 3282 5446 A
3321 5391 3562 5445 aestimo.

2221 5410 2242 5442 ⁷
2278 5408 2370 5463 Sic
2407 5404 2525 5470 CF;
2568 5403 2612 5458 Α
2657 5417 2800 5471 ergo.
2899 5403 2921 5428 '
2959 5403 3050 5451 Sic
3077 5403 3282 5465 Cl“;lA
3321 5403 3558 5445 aestimo.

2225 5499 2238 5531 :
2279 5481 2321 5531 Α
2350 5472 2764 5531 immutabililer.
2870 5469 2912 5502 “
2962 5465 3052 5521 Sic
3090 5463 3174 5520 CF
3194 5465 3284 5529 ;,A
3330 5469 3558 5531 possent.

275 5593 434 5702 acili;
451 5593 692 5685 εἴηέίίειὲἴ-
718 5593 1375 5702 ἔὲἓέἳὲἔῖἱέἱέιῖιῗέῗέἒὶιεηι
1394 5593 2494 5697 oiii'f'r‘f‘c’u‘feié"§'£iiiennail'EeTi‘aieme
2520 5631 2604 5671 ere
2632 5614 2774 5669 linea
2796 5593 3171 5667 deletae'sunt.
3250 5604 3292 5637 ιο
3326 5601 3419 5659 Sic
3442 5600 3563 5668 cr;

274 5698 326 5755 Δ
351 5715 478 5773 qua.
556 5702 600 5737 ⁸⁷
629 5703 676 5757 Δ
701 5698 1226 5758 incoinmunicabilis.

1955 5791 2046 5847 ΑΕ

663 5799 666 5801 λ
1955 5791 2046 5847 ΑΕ

351 5897 383 5933 ι
403 5887 481 5947 De
491 5887 596 5946 hac
607 5885 657 5947 Ι.
687 5888 857 5960 Scoti,
880 5889 1226 5964 Maximique,
1241 5903 1404 5963 quem
1432 5889 1696 5962 sequitur,
1722 5791 2010 5946 ἰιιιεῐὲῖἐῖηα
2024 5881 2292 5946 doctrina.
2315 5877 2400 5936 Cf.
2421 5891 2486 5944 ea
2508 5887 2649 5948 Quae
2662 5869 2767 5931 col.
2783 5867 2910 5938 509.
2939 5875 3055 5932 not.
3083 5878 3109 5911 ι
3130 5860 3563 5925 obseﬂaVimus-

1750 6014 1794 6033 ‘~-
1843 6018 1856 6028 ν

1678 6049 1705 6070 .15

1664 6089 1724 6120 νεῖ.
