4028 6282
472 392 575 448 779

1781 365 1791 374 ’
1835 388 2140 446 JOANNIS
2175 387 2372 446 sco'n

3650 388 3760 449 780

470 496 612 582 quae
664 517 747 566 est
777 509 1011 565 humana
1053 514 1267 571 natura,
1315 488 1696 577 omniaquae
1743 506 1794 562 in
1841 521 1898 561 se
1916 505 2055 562 facta
2083 494 2136 571 Χ
2162 504 2537 571 intellectualis
2581 515 2663 562 cst
2705 484 2753 541 ιδ
2791 490 3101 579 particeps;
3157 506 3224 563 de
3267 505 3511 577 angelica
3556 504 3760 578 quippe

471 610 616 667 sunt,
648 602 963 673 priusquam
1004 598 1219 664 tierent,
1251 599 1525 669 cognovit,
1574 598 1796 670 ipsaque
1824 598 2062 669 cegnitio

470 710 681 759 eorum,
708 709 870 765 quae,
893 694 1210 765 priusquam
1236 692 1426 747 tierent
1453 692 1491 755 ι,
1523 692 1735 763 cognita
1762 699 1909 754 sunt,
1935 705 2064 745 vera

472 786 707 842 essentia
751 794 808 841 et
845 786 1165 842 inconcussa
1193 792 1296 840 est.
1345 784 1576 839 Proinde
1612 785 1723 855 ipsa
1756 783 1946 837 notitia
1979 772 2069 837 sa-

471 878 708 947 pientiae
727 878 1011 934 creatricis
1029 877 1203 948 prima
1224 876 1564 946 causalisque
1588 876 1751 931 totius
1776 884 2070 931 creaturae

470 968 706 1025 essentia
737 976 884 1025 recte
911 968 1231 1038 intelligitur
1255 982 1398 1033 esse,
1429 968 1663 1040 cognitio
1698 981 1827 1021 vero
1848 974 2067 1021 creatae

470 1063 767 1134 sapientiae
833 1065 1069 1121 secunda
1119 1065 1350 1120 essentia
1402 1072 1455 1119 et
1496 1062 1792 1134 superioris
1838 1062 2067 1118 notitiae

470 1144 696 1213 éﬁ‘eétus
722 1156 991 1213 subsistit.
1032 1158 1098 1212 Et
1130 1158 1273 1227 quod
1300 1158 1533 1213 diximus
1558 1158 1626 1211 de
1653 1158 1826 1227 prima
1853 1164 1909 1211 et
1934 1170 2066 1211 cau-

469 1249 569 1305 sali
592 1251 833 1306 essentia
859 1251 911 1306 in
942 1253 1225 1306 creatricis
1269 1251 1564 1322 sapientiae
1599 1252 1819 1306 notione
1856 1248 2062 1305 consti-

469 1348 612 1407 tuta,
661 1341 837 1411 deque
884 1343 1116 1397 secunda
1169 1351 1222 1399 et
1267 1341 1532 1407 etieetiva,
1588 1359 1730 1414 quae
1774 1344 1828 1397 in
1882 1343 2064 1397 anima

471 1429 708 1486 humana
736 1431 1030 1488 subsistere
1066 1448 1171 1487 non
1222 1432 1517 1503 incongrue
1542 1433 1825 1496 asseritur,
1858 1432 1924 1487 de
1948 1446 2066 1486 om-

469 1521 631 1578 nibus
649 1521 920 1587 similiter,
945 1537 1084 1593 quae
1109 1525 1253 1579 circa
1279 1526 1572 1579 essentiam
1589 1524 1755 1579 totius
1783 1533 2069 1579 creaturae

470 1613 878 1683 dignoscantur,
896 1616 1272 1673 incunctanter
1287 1618 1691 1689 intelligendum
1714 1626 1797 1673 est
1817 1619 1858 1671 '.
1893 1616 2067 1673 Omne

470 1707 760 1777 siquidem,
787 1708 1147 1780 quodcunque
1180 1711 1232 1764 in
1265 1711 1496 1764 humana
1531 1709 1881 1781 intelligentia
1918 1708 2065 1763 circa

470 1796 797 1854 substantias
824 1815 1006 1867 rerum
1036 1801 1405 1865 constituitur,
1452 1816 1518 1857 ex
1548 1802 1660 1872 ipsa
1691 1800 1880 1855 notitia
1907 1814 2064 1853 crea-
2101 1840 2106 1845 .

469 1886 622 1944 tricis
645 1889 940 1959 sapientiae
960 1904 1056 1961 per
1090 1899 1328 1947 creatam
1359 1890 1380 1922 ³
1402 1892 1720 1960 sapientiam
1747 1890 2059 1962 procedere,
2093 1879 2138 1939 B

469 1988 616 2035 recta
653 1989 883 2038 naturae
937 1984 1305 2039 consideratio
1342 1984 1600 2040 declarat.
1650 1982 2072 2041 Constituantur

468 2080 649 2128 autem
715 2073 862 2131 circa
910 2075 1179 2131 essentias
1223 2075 1439 2145 quidem
1499 2076 1711 2147 species
1759 2075 2067 2141 sensibiles,

468 2165 823 2234 quantitates,
890 2167 1199 2238 qualitates,
1256 2167 1396 2233 loca,
1450 2177 1713 2239 tempora,
1762 2177 1820 2223 et
1846 2167 2068 2231 similia,

468 2256 587 2313 sine
649 2258 849 2327 quibus
900 2260 1135 2317 essentia
1192 2260 1417 2331 intelligi
1483 2275 1603 2317 esse
1644 2260 1664 2292 ³
1721 2276 1825 2315 non
1870 2256 2069 2329 potest.

469 2347 833 2414 Quamobrem
862 2358 1057 2418 totum,
1079 2352 1222 2421 quod
1254 2352 1503 2408 volumus
1552 2353 1804 2417 suadere,
1833 2354 2095 2413 breviter

469 2443 549 2498 sic
591 2444 613 2476 ⁸
664 2460 953 2515 possumus
1007 2448 1399 2505 concludere:
1450 2450 1917 2519 Quemadmodum
1989 2451 2072 2506 in-

468 2536 733 2593 telledus-
766 2540 1030 2611 omnium,
1060 2557 1201 2612 quae
1245 2541 1409 2598 Pater
1462 2543 1590 2600 fecit
1648 2544 1701 2597 in
1745 2558 1844 2599 suo
1890 2543 2071 2599 Verbo

471 2629 769 2701 unigenito,
815 2634 1049 2691 essentia
1087 2650 1273 2691 eorum
1306 2647 1407 2703 est,
1451 2647 1503 2693 et
1550 2648 1894 2704 cunctorum,
1931 2649 2071 2709 quae

471 2725 617 2779 circa
642 2726 763 2781 eam
794 2726 1116 2785 naturaliter
1140 2729 1537 2803 intelliguntur,
1574 2732 1889 2788 substitutio
1914 2733 1958 2798 ⁸,
1994 2734 2067 2789 ita

470 2818 711 2888 cognitio
755 2821 1026 2888 omnium,
1060 2839 1200 2895 quae
1238 2824 1415 2881 Patris
1442 2825 1678 2881 Verbum
1728 2826 1780 2881 in
1833 2827 2068 2883 homana

473 2908 942 2977 animarcreavit,
989 2916 1226 2969 essentia
1272 2920 1356 2971 est
1400 2931 1627 2983 eorum,
1673 2918 2065 2988 omniumque,

468 3012 611 3069 quae
633 3001 778 3059 circa
802 3018 924 3059 eam
951 3006 1269 3062 naturaliter
1300 3008 1704 3081 dignoscantur,
1741 3009 2062 3079 subjectum.

474 3090 540 3148 Et
559 3095 1014 3163 quemadmodum
1063 3100 1276 3157 divinus
1312 3101 1620 3159 intellectus
1641 3105 1920 3175 praecedit
1946 3120 2065 3161 om-

471 3186 581 3252 nia,
609 3196 666 3244 et
691 3189 872 3247 omnia
911 3200 1016 3258 est,
1064 3193 1134 3247 ita
1166 3196 1402 3266 cognitio
1437 3196 1814 3254 intellectualis
1854 3200 2067 3255 animae

471 3280 750 3346 praecedit
787 3282 989 3347 omnia,
1042 3299 1182 3353 quae
1235 3288 1557 3357 cognoscit,
1601 3297 1655 3342 et
1683 3289 1885 3357 omnia,
1928 3304 2069 3358 quae
2095 3280 2137 3331 ν

470 3373 907 3442 praecognoscit,
944 3382 1063 3441 est,
1107 3383 1167 3429 ut
1218 3377 1271 3431 in
1323 3378 1505 3435 divino
1561 3380 1833 3436 intellectu
1886 3383 2068 3436 omnia

471 3463 783 3532 causaliter,
836 3468 888 3521 in
923 3468 1159 3524 humana
1204 3485 1336 3528 vero
1364 3474 1670 3545 cognitione
1712 3474 2071 3533 eﬂ’ectualiter

471 3553 790 3613 subsistant.
839 3556 954 3613 Non
982 3562 1126 3630 quod
1174 3561 1276 3618 alia
1317 3564 1387 3618 sit
1435 3566 1677 3620 omnium
1720 3570 1975 3636 essentia,
2010 3579 2071 3625 ut

474 3660 639 3720 saepe
666 3651 923 3719 diximus,
962 3654 1014 3709 in
1050 3656 1256 3723 Verbo,
1290 3656 1394 3713 alia
1435 3659 1488 3715 in
1537 3660 1777 3726 homine,
1802 3661 2068 3732 sedquod

475 3750 639 3798 unam
685 3738 1023 3817 eandemque
1070 3747 1226 3803 aliter
1279 3751 1334 3805 in
1379 3752 1559 3807 causis
1606 3754 1844 3809 aeternis
1878 3755 1898 3786 ⁷
1937 3755 2069 3811 sub-

471 3834 778 3898 sistentem.
805 3839 965 3895 aliter
990 3842 1045 3897 in
1076 3841 1357 3902 effectibus
1403 3847 1730 3905 intellectam
1764 3865 1918 3906 mens
1948 3866 2071 3922 spe-

473 3928 715 3997 culatur;
750 3933 861 3991 illic
912 3937 1055 3993 enim
1086 3947 1308 4011 superat
1349 3954 1564 3997 omnem
1592 3942 1948 4010 intellectum,
1980 3944 2071 4001 hic

486 4030 653 4081 tutem
683 4040 749 4083 ex
786 4026 893 4095 his,
940 4046 1078 4101 quae
1125 4033 1270 4089 circa
1310 4049 1430 4089 eam
1462 4037 1899 4104 considerantur,
1947 4040 2070 4096 esse

470 4115 811 4176 solummodo
857 4121 1202 4198 intelligitur;
1234 4127 1289 4182 in
1325 4128 1569 4198 utrisque
1610 4144 1758 4196 vero,
1796 4130 1927 4201 quid
1974 4132 2067 4199 sit,

471 4209 607 4267 nulli
649 4224 834 4271 creato
882 4215 1174 4275 intellectui
1228 4218 1387 4276 nosse
1429 4222 1577 4277 licet.
1624 4220 1759 4278 Nam
1816 4223 1862 4280 si
1918 4225 2069 4282 nosci

469 4302 720 4372 posset“,
752 4320 860 4361 non
886 4308 1197 4364 omnimodo
1242 4309 1519 4368 Creatoris
1571 4316 1653 4369 sui
1692 4315 1982 4387 imaginem
2013 4317 2069 4373 in

471 4404 532 4446 se
574 4392 924 4462 exprimeret,
969 4397 1060 4467 qui
1091 4414 1158 4454 ex
1195 4398 1302 4465 his,
1343 4416 1572 4472 quorum
1622 4405 1965 4477 principium,
2016 4415 2073 4464 et

473 4494 663 4548 causa,
715 4491 774 4539 et
820 4486 1070 4542 conditor
1116 4497 1219 4556 est,
1266 4494 1612 4562 cognoscitur
1669 4503 1878 4551 tantum
1925 4510 2067 4563 esse,

2167 599 2510 669 humanaque
2550 598 2782 654 essentia
2815 607 2869 654 et
2905 608 3097 653 natura
3124 607 3165 640 η
3200 600 3458 670 scriptum
3495 607 3616 655 est:
3651 598 3763 666 Qui

2165 694 2287 764 fecit
2333 692 2505 747 caelos
2550 691 2605 747 in
2642 691 2925 755 intellecta,
2960 707 3023 746 ac
3055 692 3098 746 si
3130 701 3315 762 aperte
3351 692 3628 747 diceretur
3666 690 3713 723 ¹⁸
3745 706 3763 744 :

2168 785 2259 854 qui
2290 783 2419 838 fecit
2443 782 2833 837 iutellcctuales
2856 783 3053 836 caelus.
3089 782 3427 855 Quapropter
3466 797 3575 837 non
3603 782 3769 837 facile

2166 879 2403 936 occurrit
2427 879 2493 932 ad
2521 877 2949 950 intelligendum,
2972 879 3015 933 si
3041 879 3201 935 homo
3229 879 3484 951 angelicis
3510 879 3771 935 essentii!

2167 968 2598 1026 substantialiter
2623 977 2944 1025 concreatus
2964 970 3053 1033 sit,
3080 971 3348 1039 quomodo
3375 964 3561 1024 omnia
3575 966 3774 1023 visibi-

2165 1060 2236 1116 lia
2260 1071 2315 1116 et
2336 1060 2626 1121 invisibilia
2656 1059 2707 1116 in
2748 1058 2864 1131 ipso
2900 1054 3116 1117 condita
3153 1072 3300 1116 sunt.
3348 1060 3469 1115 Non
3502 1062 3653 1115 enim
3675 1076 3776 1115 ra-

2169 1154 2301 1208 tioni
2327 1152 2618 1209 convenire
2646 1149 2881 1219 videtur,
2912 1163 2969 1208 ut
2996 1147 3052 1208 et
3092 1166 3213 1209 cum
3243 1153 3568 1210 caelestibus
3594 1140 3783 1208 virtte-

2168 1246 2312 1301 tibus
2354 1262 2486 1301 suae
2536 1247 2697 1301 simul
2723 1246 3048 1317 principium
3093 1247 3419 1301 conditionis
3450 1247 3678 1309 habeat,
3718 1251 3779 1299 et

2168 1352 2265 1394 eae
2312 1339 2355 1372 ¹³
2407 1339 2459 1396 in
2507 1339 2624 1411 ipso
2672 1348 2889 1395 creatae
2935 1340 3064 1395 siut.
3119 1338 3260 1395 MAG.
3313 1338 3369 1395 Si
3406 1336 3653 1394 intentus
3694 1339 3781 1391 ἱιμ

2169 1431 2551 1488 tellectualium
2599 1439 2655 1487 et
2718 1431 3116 1488 rationabilium
3159 1442 3477 1487 naturarum
3523 1432 3778 1502 recipro-

2169 1539 2287 1579 cam
2319 1523 2716 1593 eopulationem
2763 1532 2823 1579 et
2852 1524 3113 1580 unitatem
3162 1524 3483 1596 inspexeris,
3526 1524 3781 1579 invenies

2167 1616 2410 1687 profecto
2436 1626 2488 1672 et
2516 1617 2813 1687 angelicam
2838 1618 3131 1674 essentiam
3180 1618 3234 1672 in
3275 1620 3530 1683 humana,
3562 1627 3621 1672 et
3670 1616 3779 1673 bu-

2172 1727 2386 1766 tnauam
2436 1712 2489 1766 in
2529 1712 2769 1782 angelica
2800 1714 3172 1769 constitutam.
3200 1711 3257 1766 In
3296 1712 3441 1767 omni
3474 1712 3774 1781 siquidem,

2171 1804 2529 1874 quodcunque
2574 1819 2742 1875 purus
2782 1803 3087 1860 intellectus
3139 1802 3533 1876 perfectissime
3567 1820 3780 1875 cogam

2170 1898 2292 1963 scit,
2322 1898 2401 1963 ﬁt,
2428 1898 2587 1969 eique
2606 1914 2770 1954 unum
2796 1897 3045 1955 elﬁcitur.
3080 1899 3250 1954 Tanta
3273 1900 3469 1970 quippe
3501 1900 3782 1954 humanae

2171 2001 2397 2047 naturae
2445 2000 2502 2047 et
2552 1992 2830 2064 angelicae
2883 1993 3117 2049 societas
3159 1992 3355 2059 fuerat,
3395 2001 3449 2048 et
3505 1991 3688 2055 ﬁeret,
3731 1990 3779 2046 si

2170 2083 2376 2153 primus
2401 2083 2564 2140 homo
2597 2099 2701 2139 non
2747 2094 3017 2155 peccaret.
3057 2093 3116 2141 ut
3142 2093 3375 2155 utraque
3396 2100 3567 2140 unum
3597 2081 3781 2139 θῦσο-

2172 2184 2340 2232 retur.
2385 2176 2538 2244 Quod
2582 2177 2743 2231 etiam
2793 2176 2846 2231 in
2896 2175 3122 2232 summis
3161 2176 3490 2237 hominibus,
3540 2189 3780 2244 quorum

2172 2267 2445 2337 primitiae
2472 2266 2526 2321 in
2555 2267 2883 2323 caelestibus
2910 2274 3054 2333 sunt,
3084 2266 3199 2322 ﬁeri
3221 2266 3428 2337 incipit.
3455 2267 3516 2320 Et
3546 2266 3781 2333 angelus

2171 2360 2386 2428 quidem
2418 2360 2473 2413 in
2514 2358 2734 2414 homine
2769 2358 2830 2413 llt
2853 2374 2952 2430 per
2992 2357 3322 2414 intellectum
3349 2358 3549 2430 angeli,
3597 2359 3695 2427 qui
3726 2358 3781 2414 in

2170 2450 2393 2505 homine
2418 2458 2521 2514 est,
2567 2458 2623 2505 et
2652 2450 2813 2505 homo
2856 2449 2913 2504 in
2941 2448 3134 2519 angelo
3160 2464 3259 2520 per
3306 2448 3642 2504 intellectum
3675 2449 3779 2504 ho-

2173 2543 2335 2599 minis
2358 2544 2408 2597 in
2439 2542 2632 2615 angelo
2660 2541 3035 2601 constitutum.
3064 2540 3167 2610 Qui
3190 2542 3359 2609 enim,
3383 2552 3446 2597 ut
3471 2542 3608 2605 dixi,
3640 2556 3783 2613 pure

2170 2637 2447 2709 intelligit,
2495 2637 2549 2691 in
2581 2652 2669 2703 eo,
2704 2636 2847 2707 quod
2886 2636 3157 2706 intelligit,
3203 2635 3281 2690 lit.
3332 2634 3537 2690 Natura
3593 2637 3782 2705 itaque

2174 2726 2550 2783 intellectualis
2586 2736 2643 2783 et
2688 2726 2965 2783 rationalis
2998 2725 3042 2759 “
3085 2726 3326 2798 angelica
3377 2726 3430 2780 in
3459 2734 3663 2781 natura
3698 2728 3781 2780 in-

2172 2821 2466 2879 tellectuali
2493 2829 2550 2877 et
2572 2820 2826 2877 rationali
2851 2820 3086 2876 humana
3117 2803 3255 2875 facta
3282 2829 3388 2885 est,
3414 2818 3783 2888 quemadmo-

2171 2916 2297 2971 dum
2353 2926 2409 2973 et
2461 2921 2695 2975 humana
2746 2919 2802 2975 in
2851 2918 3094 2990 angelica
3145 2932 3244 2989 per
3283 2918 3625 2988 reciprocam
3678 2930 3780 2970 co-

2169 3009 2488 3077 gnitionem,
2544 3026 2651 3082 qua
2698 3008 2753 3068 et
2807 3011 3030 3083 angelus
3075 3011 3345 3067 hominem
3396 3008 3678 3081 intelligit,
3723 3015 3779 3063 et

2169 3098 2332 3155 homo
2346 3101 2615 3174 angelum.
2633 3101 2743 3158 Nec
2766 3103 2983 3157 mirum.
3003 3101 3136 3157 Nam
3154 3110 3208 3157 et
3238 3116 3359 3166 nos,
3378 3102 3502 3156 dum
3529 3101 3779 3171 disputa-

2172 3207 2313 3257 mus,
2333 3192 2385 3246 in
2402 3192 2912 3249 nobismetinvicem
2931 3192 3213 3249 ellicimur.
3239 3191 3516 3262 Siquidem
3547 3190 3678 3244 dum
3695 3191 3781 3242 in-

2172 3283 2355 3355 telligo
2378 3286 2520 3355 quod
2554 3283 2829 3356 intelligis,
2859 3284 3163 3342 intellectus
3200 3291 3326 3340 tuus
3359 3281 3585 3349 etlicior,
3613 3290 3673 3337 et
3698 3280 3779 3336 in-

2171 3372 2368 3430 eﬂ'abili
2382 3375 2615 3446 quodam
2629 3377 2789 3433 modo
2803 3377 2856 3431 in
2873 3385 2925 3431 te
2938 3375 3113 3433 factus
3124 3390 3264 3431 sum.
3281 3372 3546 3430 Similiter
3555 3374 3779 3445 quando

2170 3482 2307 3539 pure
2323 3467 2577 3541 intelligis
2589 3469 2730 3540 quod
2744 3483 2844 3539 ego
2856 3468 3012 3540 plane
3027 3469 3281 3540 intelligo,
3299 3458 3781 3522 intellectusmeus'

2172 3560 2423 3627 etiiceris,
2454 3576 2519 3617 ac
2548 3562 2615 3618 de
2642 3561 2854 3617 duobus
2889 3561 3249 3618 intellectibus
3286 3558 3345 3614 tit
3380 3550 3542 3624 unus,
3579 3557 3653 3612 ab
3684 3566 3779 3622 eo;

2172 3654 2316 3726 quod
2347 3654 2508 3710 ambo
2532 3654 2745 3710 sincere
2767 3663 2822 3710 et
2850 3650 3229 3711 incunctanter
3262 3648 3635 3723 intelligimus,
3667 3650 3778 3706 for-

2174 3755 2373 3801 matus.
2401 3746 2563 3803 Verbi
2587 3743 2785 3819 gratia,
2816 3755 2875 3801 ut
2895 3762 2961 3803 ex
2993 3747 3239 3803 numeris
3259 3745 3567 3817 exemplum
3599 3744 3777 3798 intro-

2172 3836 2434 3895 ducamus
2482 3853 2499 3893 :
2544 3840 2818 3896 senarium
2868 3853 3153 3895 numerum
3198 3836 3317 3894 suis
3358 3834 3607 3909 partibus
3656 3832 3779 3890 esse

2174 3933 2453 4003 aequalem
2484 3932 2778 4006 intelligis;
2811 3942 2867 3988 et
2896 3948 2996 4005 ego
3027 3930 3279 3988 similiter
3308 3929 3569 4001 intelligo,
3598 3938 3662 3984 et
3695 3929 3779 3983 in-

2174 4025 2416 4098 telligere
2439 4035 2493 4083 te
2512 4026 2774 4099 intelligo,
2813 4027 2952 4083 sicut
2972 4034 3027 4083 ct
3057 4040 3143 4081 me
3168 4024 3420 4097 intelligis
3447 4013 3778 4093 intelligere:

2175 4116 2417 4190 Uterque
2462 4128 2653 4177 noster
2690 4118 2997 4175 intellectus
3022 4133 3163 4174 unus
3193 4119 3253 4173 iit
3292 4118 3509 4174 senario
3543 4106 3781 4172 numero

2173 4209 2465 4278 formatus,
2494 4226 2561 4267 ac
2584 4226 2683 4283 per
2712 4212 2817 4267 hoc
2844 4220 2901 4266 et
2924 4226 3024 4283 ego
3058 4212 3110 4265 in
3146 4208 3198 4265 te
3219 4222 3397 4275 creor,
3431 4216 3485 4264 et
3519 4216 3575 4262 tu
3607 4209 3665 4262 in
3690 4194 3779 4263 me

2175 4304 2402 4361 crearis.
2433 4302 2550 4360 Non
2579 4305 2722 4361 enim
2762 4304 2907 4360 aliud
2947 4317 3156 4369 sumus,
3188 4302 3332 4359 aliud
3383 4310 3572 4357 noster
3619 4298 3781 4356 inici;

2175 4394 2384 4463 lectus;
2426 4412 2555 4454 vera
2586 4396 2850 4469 siquidem
2883 4411 2946 4451 ac
2971 4410 3182 4451 summa
3212 4403 3395 4450 nostra
3427 4386 3669 4449 essentia
3694 4382 3781 4446 es!

2176 4487 2484 4546 intellectus
2544 4484 3007 4560 ‘contemplatione
3077 4487 3325 4542 veritatis
3400 4476 3781 4556 speciticatus.’

472 4574 603 4643 q’nid
653 4574 833 4633 autem
882 4579 990 4645 sit,
1049 4582 1263 4639 Omnem
1310 4600 1533 4641 sensum
1577 4598 1632 4644 et
1676 4591 1698 4622 '
1737 4588 2069 4645 intellectum

2176 4578 2328 4647 Quod
2362 4590 2541 4636 autem
2581 4580 2890 4638 intellectus
2938 4596 3044 4637 non
3094 4578 3268 4635 solum
3319 4572 3783 4634 coessentialibu’é

472 4663 678 4759 effugit.
728 4669 876 4728 Dtsc.
916 4672 1065 4729 Nulla
1094 4676 1257 4747 igitur
1300 4687 1551 4736 creatura
1599 4681 1683 4759 vel
1726 4681 1954 4738 visibilis
1983 4682 2069 4739 vel

473 4756 761 4820 invisibilis
786 4767 1148 4825 conditionem
1187 4771 1422 4829 hominis
1448 4756 1745 4844 praecedit,
1791 4792 1895 4831 non
1926 4776 2071 4845 loco,‘

475 4864 585 4906 non
613 4859 876 4925 tempore,
904 4872 1009 4913 non
1040 4860 1319 4933 dignitate,
1360 4879 1465 4919 non
1489 4865 1716 4934 origine,
1750 4882 1855 4923 non
1888 4875 2066 4923 aeter-

471 4941 665 5011 nitate,
694 4954 751 5003 et
776 4948 1096 5020 simpliciter
1122 4952 1269 5009 nullo
1297 4957 1689 5025 praecessionis
1717 4958 1876 5014 modo
1900 4976 1913 5024 ;
1952 4959 2067 5030 ipsa

471 5050 603 5093 vero
646 5041 954 5112 cognitione
1006 5053 1061 5099 et
1113 5044 1395 5117 dignitate,
1448 5063 1551 5103 non
1604 5059 1782 5106 autem
1822 5051 1941 5107 loco
1983 5052 2070 5108 vel

478 5138 721 5203 tempore
747 5137 1021 5205 praecedit
1045 5150 1131 5205 ea,
1159 5153 1298 5210 quae
1320 5154 1442 5196 cum
1474 5154 1559 5207 ea,
1588 5149 1643 5196 et
1667 5142 1720 5198 in
1741 5157 1830 5209 ea,
1852 5150 1908 5198 et
1931 5143 2069 5198 intra

489 5238 608 5280 eam
672 5236 854 5285 creata
906 5238 1066 5296 sunt;
1114 5230 1201 5287 his
1256 5246 1404 5299 vero,
1461 5233 1658 5303 quibus
1708 5234 2073 5306 condignitate

478 5324 709 5373 naturae
732 5319 973 5390 aequalis
1001 5329 1105 5387 est,
1156 5322 1761 5382 caelestibus‘videlicet
1794 5326 2072 5393 essentiis,

479 5417 770 5467 ooncreata
813 5422 939 5470 est.
970 5410 1107 5471 Nam
1158 5424 1213 5481 et
1260 5417 1377 5488 ipsa
1428 5417 1678 5476 caelestis
1715 5420 1982 5477 essentiae
2017 5426 2073 5478 et

2174 4673 2277 4728 sibi
2323 4674 2553 4740 naturis,
2597 4688 2786 4729 verum
2833 4674 2995 4729 etiam
3043 4671 3391 4727 inferioribus
3436 4662 3783 4725 conformari

2171 4767 2364 4837 possit,
2398 4768 2522 4822 dum
2560 4782 2654 4823 eas
2682 4769 2914 4823 amando
2946 4765 3196 4839 intelligit
3220 4780 3315 4820 seu
3359 4762 3547 4827 sentit,
3591 4768 3777 4819 sermo

2172 4857 2332 4912 docet
2370 4857 2725 4927 apostolicus,
2780 4855 3143 4913 intellectuale
3190 4863 3437 4911 nostrum
3472 4851 3523 4888 ⁸⁸
3549 4853 3777 4924 diligere

2172 4950 2413 5006 visibiles
2445 4949 2650 5006 formas
2680 4950 2974 5021 prohibens
3003 4949 3070 5015 “,
3110 4947 3341 5003 dicendo
3373 4964 3386 5002 :
3424 4943 3609 5001 Nolite
3651 4961 3777 4999 con-

2177 5046 2398 5116 formari
2428 5048 2549 5102 huic
2580 5045 2774 5102 seculo.
2826 5044 2939 5101 Hac
2985 5045 3169 5115 itaque
3215 5043 3426 5098 ratione
3459 5041 3774 5110 reciprocae

2176 5140 2566 5213 intelligentiae
2615 5148 2669 5197 et
2700 5140 2921 5214 angelus
2950 5139 3002 5194 in
3036 5138 3279 5204 homine,
3311 5146 3369 5193 et
3395 5137 3561 5192 homo
3591 5137 3646 5190 in
3678 5151 3773 5190 an-

2175 5234 2317 5306 gelo,
2361 5250 2467 5291 non
2505 5235 2602 5291 abs
2641 5249 2701 5290 re
2727 5234 2901 5291 creari
2929 5233 3151 5299 dicitur,
3199 5242 3253 5288 et
3294 5246 3471 5303 neque
3519 5229 3768 5302 angelum

2152 5328 2499 5400 praecedere
2523 5327 2796 5384 hominem
2828 5325 2933 5382 ulla
2963 5325 3288 5383 conditionis
3317 5324 3456 5396 lege,
3482 5323 3595 5378 ullo
3618 5337 3769 5394 prae-

2176 5412 2441 5479 cessionis
2491 5420 2536 5454 "
2594 5418 2755 5477 modo
2811 5429 2959 5476 recte
3009 5416 3252 5475 creditur
3314 5425 3372 5474 et
3418 5416 3767 5488 intelligitur,

1763 5558 2023 5617 VARIAE
2060 5559 2461 5620 LECTIONES.

557 5643 575 5717 ξ
609 5640 701 5717 Sic
726 5643 847 5717 (3F;
873 5648 1108 5717 cognovit
1129 5679 1200 5689 —
1218 5649 1404 5717 ﬁerem
1428 5666 1538 5708 om.
1568 5652 1613 5707 Α
1687 5653 1709 5685 ⁸
1738 5663 1812 5709 εει
1847 5669 1955 5710 om.
1982 5652 2087 5710 CF.

2168 5650 2190 5686 ³
2218 5653 2261 5707 Α
2292 5654 2588 5723 sapientiae
2609 5650 2957 5723 procreatam.
3031 5650 3052 5682 ⁸
3085 5648 3174 5708 Sic
3219 5646 3303 5705 CF
3320 5666 3337 5720 ;
3365 5632 3411 5704 A'
3458 5665 3569 5711 esse
3619 5630 3769 5723 ξῃιςῖτ

672 5716 695 5748 ⁵
734 5706 973 5783 δίδδῂ
1002 5720 1047 5772 Α
1078 5736 1139 5773 σε
1187 5706 1286 5775 Sic.
1362 5722 1384 5755 ⁸
1430 5706 1753 5779 substitutio'
1772 5706 2048 5781 δίη-,ἭᾸῘ-
2074 5706 2095 5757 θ
2141 5725 2185 5779 Α
2220 5706 2473 5781 huius;
2488 5706 2515 5708 ἡ
2544 5706 2692 5780 (Sic
2724 5723 2809 5779 CF
2828 5741 2843 5788 ;
2870 5706 2912 5777 Ᾰ
2948 5732 3133 5795 potest.
3160 5706 3167 5708 ⁷
3211 5724 3232 5757 θ
3252 5706 3458 5776 sensum
3488 5706 3537 5773 et
3568 5706 3678 5775 Otii.
3701 5706 3763 5772 Αἱ

555 5781 749 5839 SICA:
790 5798 865 5839 est
918 5804 1028 5839 om.
1080 5789 1185 5839 CF.
1220 5815 1229 5822 ·
1266 5793 1306 5830 ιί
1344 5803 1393 5839 ει
1449 5806 1639 5839 natum
1691 5812 1799 5839 nm_
1843 5796 1945 5839 CF_
2025 5803 2072 5835 η
2112 5795 2203 5839 Qin
2238 5797 2354 5839 ΠΡ·
2394 5798 2428 5839 Δ
2487 5797 2701 5839 dinprpl-
2782 5794 2827 5826 ¹³
2859 5795 2895 5839 Α
2931 5802 2980 5839 nl
3021 5794 3293 5839 enuntiata-
3371 5790 3415 5825 ⁸⁸
3448 5790 3541 5839 Sic
3573 5788 3689 5839 CF:
3719 5788 3763 5839 Δ

671 5785 749 5845 A:
790 5798 865 5842 est
918 5804 1028 5844 om.
1080 5789 1229 5845 CF.-

1266 5793 1306 5830 ιί
1344 5803 1393 5847 et
1449 5806 1639 5850 natura
1691 5812 1802 5851 om.
1843 5796 1948 5852 CF.
2025 5803 2072 5835 ιε
2112 5795 2203 5853 Sic
2238 5797 2357 5864 CF;
2388 5798 2430 5851 A
2487 5797 2701 5850 diceret.
2782 5794 2827 5826 ¹³
2855 5795 2900 5848 Α
2931 5788 2983 5849 et
3021 5794 3293 5850 essentiae.
3371 5790 3415 5825 “
3448 5790 3541 5848 Sic
3573 5788 3689 5858 CF;
3719 5788 3764 5843 Α

476 5870 834 5931 rationabilis.
915 5878 961 5911 “
997 5876 1113 5947 CF;
1141 5870 1265 5938 Ξῖω
1294 5881 1379 5950 ;A
1401 5885 1669 5941 nimirum.
1748 5886 1792 5920 “
1819 5887 1912 5947 Sic
1931 5887 2048 5957 CF;
2080 5890 2125 5947 Α
2151 5890 2442 5964 perhibetis.
2517 5888 2564 5930 ιτ
2590 5889 2638 5948 Δ
2660 5888 3023 5961 precationis.
