4028 6282
222 353 321 425 7'8!
364 408 376 419 .

1063 359 1153 415 DE
1186 360 1526 455 DIVISIONE
1564 358 1917 422 NATURAE.
1955 368 2027 407 -ἒ-
2059 363 2261 422 LIBER
2297 365 2653 434 QUARTUS.

3399 366 3583 437 783‘,

221 476 474 553 quamvis
517 483 751 535 naturae
795 474 1073 548 angelicae
1111 478 1443 537 creationem
1491 479 1806 551 prophetica
1835 489 1886 548 Α
1910 479 2387 550 contemplationis
2425 480 2609 536 homo
2631 480 3013 547 introducitur,
3046 481 3143 539 sed
3165 484 3355 541 eadem
3379 488 3505 544 cen-

219 570 471 631 narratlo
498 569 652 643 prius
677 570 1011 642 pronuntiet,
1038 580 1098 628 ut
1125 572 1280 628 multi
1309 572 1518 637 volunt,
1542 572 1839 635 humanae.

218 679 357 725 vero
379 664 667 736 posterius.
699 662 816 719 Non
842 664 1009 729 enim,
1044 673 1104 721 ut
1136 665 1214 721 ait
1241 672 1461 727 sanctus
1496 670 1512 702 ι
1549 663 1811 733 Augusti-

220 772 329 814 nus
374 758 428 813 in
467 757 755 817 undecimo
786 758 806 787 ²
855 757 925 813 de
966 755 1204 814 Civitate
1254 758 1373 823 Dei,
1423 756 1683 814 credibile
1708 764 1812 822 est,

219 850 459 909 divinam
486 849 822 920 Scripturam
843 848 899 904 in
917 850 1173 922 operibus
1193 864 1286 906 sex
1309 849 1739 921 primordialium
1759 858 1815 905 et

220 939 643 1012 intelligibilium
690 939 907 997 dierum
953 941 1321 999 conditionem
1352 940 1664 997 caelestium
1702 940 1816 999 vir-

221 1040 400 1086 tutum
421 1031 644 1087 omnino
666 1030 899 1099 siluisse,
927 1031 1023 1089 sed
1051 1032 1137 1089 vel
1157 1032 1209 1088 in
1239 1033 1412 1103 prima
1443 1032 1619 1088 fronte
1638 1031 1815 1089 Gene-

218 1139 366 1188 scns,
422 1123 511 1179 ubi
565 1123 827 1193 scriptum
874 1134 959 1180 est
1016 1141 1029 1181 :
1078 1122 1147 1179 In
1200 1124 1459 1194 principio
1506 1124 1625 1194 fecit
1674 1123 1843 1179 Deut

217 1214 429 1272 caelum
453 1226 501 1270 et
524 1226 745 1281 terram,
771 1214 907 1273 caeli
933 1214 1154 1271 nomine
1179 1230 1365 1271 earum
1402 1214 1668 1273 facturam
1694 1226 1846 1285 pro-‘

217 1307 442 1375 tulisse,
479 1317 574 1366 aut
601 1307 763 1380 paulo
794 1316 939 1379 post,
974 1307 1065 1365 ubi
1112 1308 1191 1363 ait
1219 1325 1233 1362 :
1264 1306 1332 1363 Et
1361 1307 1493 1363 dixit
1525 1308 1689 1374 Deus,
1716 1308 1843 1378 ﬁat-

215 1398 335 1466 lux,
364 1408 411 1455 et
435 1398 579 1470 facta
606 1408 681 1457 est
712 1398 826 1455 lux.
867 1397 924 1454 ln
952 1397 1214 1454 alterutro
1242 1413 1478 1468 namque
1506 1398 1624 1455 loco
1656 1413 1815 1468 prae-

215 1490 399 1549 dictus
410 1489 572 1546 Pater
590 1490 888 1562 angelicam
909 1488 1273 1547 conditionem
1296 1488 1622 1545 insinuatam
1648 1487 1815 1547 fuisse

216 1581 474 1651 aliirmat,
501 1590 561 1640 et
582 1583 817 1639 maxime
841 1582 893 1637 in
917 1581 1174 1639 secundo.
1206 1579 1264 1634 ιιι
1293 1581 1470 1652 primo
1490 1580 1688 1651 quippe
1712 1580 1814 1637 sub

216 1674 355 1730 caeli
387 1673 747 1747 appellatione
784 1673 950 1731 totius
987 1670 1276 1729 invisibilis
1312 1680 1597 1727 creaturae
1626 1672 1816 1728 condi-

213 1764 425 1823 tionem
448 1764 569 1836 plus
596 1763 793 1823 asserit
818 1761 1176 1835 significatam
1221 1762 1274 1817 in
1315 1760 1531 1817 informi
1562 1762 1810 1829 materia,

1917 573 2263 645 templatioue
2288 574 2465 630 sexies
2513 574 2743 645 repetita
2772 574 2826 629 in
2850 573 2956 631 fine
2976 576 3221 631 omnium
3256 576 3506 634 introdu-

1914 674 2036 722 ctus
2055 665 2173 722 est?
2202 664 2427 722 Videtur
2450 666 2598 722 enim
2621 681 2729 722 non
2758 664 2934 723 solum
2966 668 3206 739 angelica
3245 671 3502 735 essentia,

1914 774 2104 819 verum
2142 760 2307 816 etiam
2349 759 2687 816 sensibilium
2726 774 2908 817 rerum
2939 762 3173 833 quadam
3220 763 3503 834 dignitate,

1913 864 1977 909 ut
2020 870 2126 911 non
2158 855 2332 912 dicam
2366 854 2801 926 temporalitate,
2848 854 3140 912 humanam
3182 858 3508 928 praecedere

1916 948 2358 1005 substitutionem
2381 952 2424 1003 °.
2464 948 2606 1006 Μλα.
2639 947 2894 1017 Quinimo
2917 950 2972 1005 in
2999 951 3104 1007 hoc
3145 954 3380 1009 maxime
3406 954 3509 1009 bu-

1916 1033 2426 1097 manae'essentiae
2484 1056 2649 1111 super
2679 1042 2885 1108 omnia,
2930 1048 3078 1112 ‘quae
3136 1053 3279 1108 sunt,
3336 1045 3509 1099 mani-

1915 1130 2206 1190 festissime
2242 1132 2478 1203 dignitas
2527 1134 2789 1205 aperitur.
2824 1133 3101 1205 Siquidem
3146 1135 3268 1192 luce
3310 1137 3510 1193 clarius

1916 1223 2077 1279 datur
2119 1223 2370 1295 intelligi,
2402 1225 2454 1279 in
2491 1225 2769 1292 omnibus,
2813 1241 2954 1297 quae
3001 1236 3128 1283 ante
3157 1229 3510 1284 constitutio-

1916 1327 2039 1370 nem
2071 1315 2306 1370 hominis
2334 1324 2654 1381 narrantur,
2685 1317 2859 1389 ipsum
2900 1317 3070 1374 fuisse
3098 1328 3365 1384 creatum,
3401 1320 3511 1375 imo

1914 1407 2098 1463 omnia
2148 1408 2202 1462 in
2255 1407 2374 1478 ipso
2424 1408 2745 1464 constituta.
2789 1408 2906 1464 Non
2956 1410 3099 1464 enim
3149 1410 3253 1466 alia
3299 1411 3513 1468 ratione

1915 1498 2095 1555 altiori
2126 1500 2375 1556 fortassis
2405 1500 2448 1533 ¹⁰
2487 1501 2542 1556 in
2566 1501 2698 1556 lacis
2738 1501 3002 1558 vocabulo
3036 1502 3349 1576 angelorum
3381 1519 3536 1559 conv

1916 1593 2125 1649 stitutio
2179 1603 2367 1663 aperte
2426 1606 2535 1651 non
2596 1594 2942 1658 describitur,
2993 1595 3193 1667 quippe
3251 1609 3360 1653 non
3427 1603 3517 1652 est

1916 1684 2119 1742 dictum
2165 1685 2206 1717 ¹¹
2255 1686 2349 1741 fiat
2387 1685 2649 1755 angelus,
2700 1684 2782 1740 vel
2829 1687 2873 1718 “
2924 1684 3191 1742 faciamus
3235 1685 3512 1759 angelum,

1914 1778 2367 1849 quemadmodum
2410 1791 2665 1849 expresse
2718 1786 2804 1835 est
2852 1780 3113 1850 scriptum
3161 1796 3175 1835 :
3223 1778 3514 1836 Faciamus

215 1874 383 1931 quam
410 1858 689 1932 angelicae
711 1868 940 1916 naturae
975 1860 1287 1930 specialiter
1317 1858 1719 1916 formationem.
1753 1859 1811 1915 in
1839 1854 2202 1934 Bhominem,
2250 1868 2355 1924 nisi
2396 1879 2458 1924 ut
2507 1868 2861 1940 intelligatur,
2913 1870 2966 1924 in
3019 1870 3332 1926 conditione
3378 1871 3515 1928 lucis

215 1967 285 2009 eo
322 1966 451 2007 vero
495 1951 637 2025 quod
668 1952 930 2025 scriptum
969 1961 1054 2009 est
1085 1971 1098 2007 :
1135 1950 1260 2006 Fiat
1305 1951 1420 2019 lux,
1464 1961 1513 2006 et
1542 1951 1684 2022 facta
1735 1961 1811 2007 est

213 2041 334 2109 ἔως,
395 2041 707 2099 caelestium
761 2043 1121 2101 essentiarum
1172 2043 1554 2100 formationem
1604 2044 1811 2100 descri—

212 2143 369 2206 ptam
397 2135 776 2194 incunctanter
813 2138 1050 2195 asserit:
1083 2152 1393 2209 quanquam
1421 2137 1650 2195 aliorum
1690 2153 1814 2194 sen-

218 2241 342 2283 sum
398 2227 802 2296 introduxerit,
855 2229 946 2299 qui
1005 2230 1058 2285 in
1113 2230 1220 2287 hoc
1276 2231 1462 2287 divino
1527 2240 1816 2301 praecepto

214 2318 500 2393 cujusdam
531 2321 842 2392 primitivae
880 2321 1018 2380 lucis
1049 2323 1325 2380 sensibilis
1363 2324 1384 2357 ³
1438 2324 1731 2395 localisque
1760 2327 1816 2381 in

216 2411 594 2482 superioribus
638 2411 826 2469 mundi
861 2414 1107 2485 partibus
1144 2415 1440 2487 opinantur
1472 2397 1816 2472 constitutio-

214 2518 376 2569 nem;
403 2502 491 2559 cui
537 2512 716 2582 tamen
747 2504 932 2560 sensui
976 2505 1029 2560 in
1074 2502 1345 2562 Exemero
1375 2520 1476 2561 suo
1503 2504 1817 2561 acutissime

215 2602 506 2667 repugnat.
536 2593 690 2663 Quod
714 2603 896 2652 autem
926 2595 1130 2652 dictum
1165 2605 1249 2653 est
1278 2613 1291 2650 :
1318 2594 1388 2650 Et
1416 2595 1593 2650 divisit
1622 2594 1765 2650 Deus
1793 2593 1816 2626 ⁸

216 2689 389 2747 lucem
418 2705 452 2744 a
479 2688 725 2755 tenebris,
758 2698 808 2745 et
838 2691 1040 2746 vocavit
1089 2688 1230 2745 Deus
1260 2688 1429 2743 lucem
1471 2689 1635 2753 diem,
1675 2697 1817 2744 tene-

219 2783 345 2838 bras
377 2797 497 2838 vero
526 2791 749 2848 noctem,
781 2781 1065 2853 dupliciter
1101 2781 1216 2837 vult
1253 2781 1477 2853 intelligi
1508 2800 1521 2836 :
1554 2790 1650 2837 aut
1670 2781 1815 2836 enim

217 2876 355 2934 lucis
382 2877 650 2934 vocabulo
675 2875 930 2934 formatio
953 2885 1234 2933 creaturae
1255 2876 1530 2947 angelicae
1555 2875 1617 2939 in.
1638 2874 1819 2945 specie

218 2969 461 3041 propria,
491 2968 838 3026 tenebrarum
874 2984 1004 3029 vero
1034 2969 1201 3040 ipsius
1220 2969 1552 3040 praecedens
1583 2967 1816 3039 origine,

218 3079 329 3121 non
357 3072 601 3136 tempore
623 3063 931 3122 informitas
965 3064 1141 3121 adhuc
1164 3063 1532 3136 imperfectae,
1561 3073 1656 3119 aut
1682 3062 1818 3119 divi-

1914 1978 2021 2021 non
2054 1964 2232 2019 minus
2261 1964 2499 2019 hominis
2538 1978 2701 2033 quam
2749 1963 2925 2035 angeli
2974 1972 3216 2019 creatam
3264 1964 3515 2021 substan-

1916 2056 2048 2113 tiam
2077 2056 2436 2128 significatam
2469 2055 2636 2112 fuisse
2666 2054 2731 2110 ¹³.
2764 2056 2936 2111 Porro
2964 2058 3008 2112 si
3045 2056 3297 2112 caelestis
3322 2071 3514 2112 essen-

1916 2150 2027 2206 tiae
2048 2149 2375 2205 conditionis
2395 2148 2527 2204 lucis
2551 2146 2815 2204 vocabulo
2840 2148 3176 2220 signiﬁcatae
3201 2148 3366 2206 homo
3386 2162 3514 2220 par-

1916 2244 2091 2315 ticeps
2141 2252 2245 2307 est,
2277 2242 2402 2313 quis
2450 2241 2495 2274 “
2540 2256 2722 2297 rerum
2772 2250 2996 2298 naturas
3023 2240 3071 2275 ⁸⁵
3097 2249 3246 2298 recte
3293 2242 3510 2297 intuen-

1917 2333 2053 2389 tium
2085 2348 2193 2391 non
2225 2342 2623 2404 consequenter
2667 2331 2920 2401 inspiciat
2959 2332 3162 2399 omnia,
3196 2346 3336 2403 quae
3391 2338 3517 2402 post

1915 2424 2052 2482 lucis
2095 2424 2539 2483 constitutionem
2590 2432 2904 2490 narrantur,
2952 2424 3008 2480 in
3060 2424 3284 2482 homine
3328 2432 3516 2481 creata

1916 2532 2070 2585 esse,
2126 2533 2233 2574 non
2290 2516 2465 2574 solum
2513 2516 2811 2573 secundum
2861 2530 3050 2572 eorum
3111 2516 3511 2587 cognitionem,

1917 2623 2107 2666 verum
2139 2609 2304 2664 etiam
2343 2608 2640 2664 secundum
2681 2622 2768 2663 res
2814 2608 2983 2678 ipsas,
3012 2608 3334 2677 praesertim
3387 2606 3518 2663 dum

1918 2700 2300 2757 incunctanter
2363 2699 2587 2764 videat,
2654 2697 2801 2755 hunc
2869 2698 3126 2752 mundum
3201 2696 3517 2759 sensibilem

1917 2801 2140 2864 propter
2170 2790 2443 2847 hominem
2488 2788 2694 2846 factum
2723 2787 2927 2855 fuisse,
2971 2797 3031 2844 ut
3063 2790 3114 2847 ei
3151 2796 3432 2859 praeesset
3457 2796 3520 2843 ut

1919 2902 2019 2942 rex
2042 2900 2231 2958 regno,
2262 2894 2319 2941 et
2345 2882 2389 2916 ¹⁶
2411 2883 2665 2939 dominus
2686 2882 2891 2948 domui,
2919 2890 3088 2952 utque
3111 2896 3178 2937 eo
3206 2880 3275 2937 ad
3298 2877 3519 2936 laudem

1920 2976 2202 3035 Creatoris
2225 2983 2493 3039 uteretur,
2517 2972 2679 3030 nullis
2706 2971 2824 3042 ejus
2852 2972 3100 3043 partibus
3121 2971 3393 3036 subditus,
3418 2969 3519 3027 sed

1922 3085 2087 3142 supra
2112 3084 2258 3133 eum,
2294 3069 2348 3124 in
2373 3067 2522 3123 nullo
2550 3065 2671 3137 ejus
2698 3066 2967 3138 indigens,
3002 3065 3116 3122 solo
3138 3064 3402 3137 regimine
3429 3080 3520 3120 su-

219 3156 375 3213 sione
408 3156 431 3190 ⁵
461 3156 602 3214 lucis
631 3172 662 3212 a
697 3157 940 3214 tenebris
977 3159 1283 3229 segregatio
1323 3168 1488 3229 atque
1511 3156 1817 3214 differentia
1856 3169 2227 3235 Apervectus.
2265 3158 2382 3215 Non
2419 3159 2561 3215 enim
2598 3159 2784 3225 homo,
2826 3158 2871 3214 si
2914 3173 3020 3215 non
3062 3166 3336 3228 peccaret,
3375 3158 3520 3214 inter

222 3247 366 3306 illius
384 3249 554 3321 partis
583 3249 883 3321 angelicae,
910 3265 1052 3319 quae
1083 3250 1352 3306 conditori
1383 3266 1482 3307 suo
1509 3251 1814 3309 incommu-
1842 3230 2104 3325 apartes
2135 3251 2317 3306 mundi
2348 3249 2840 3314 administraretur,
2893 3248 2988 3305 sed
3031 3246 3149 3318 ejus
3175 3247 3216 3279 ¹⁷
3247 3246 3521 3303 universi-

220 3342 462 3398 tabiliter
480 3341 824 3408 adhaeserat,
847 3342 1153 3413 meritoque
1172 3357 1305 3399 suae
1330 3342 1670 3399 obedientiae
1693 3342 1819 3398 bea-

221 3434 470 3490 titudinis
505 3434 776 3504 praescia,
803 3434 873 3489 ab
900 3449 964 3491 ea
996 3444 1177 3505 parte,
1202 3435 1418 3504 quaein
1450 3437 1679 3491 veritate
1710 3450 1817 3491 non

218 3526 400 3594 stetit,
435 3525 532 3585 sed
576 3540 708 3593 sue
740 3527 1029 3602 superbiae
1075 3542 1247 3597 poena
1293 3528 1349 3581 in
1380 3528 1638 3583 tenebras
1667 3528 1821 3597 igno-

217 3621 433 3678 rantiae
472 3621 556 3679 sui
602 3621 789 3693 lapsus
822 3620 1011 3684 futuri,
1050 3631 1217 3690 atque
1270 3632 1523 3677 aeternae
1564 3621 1819 3677 miseriae

218 3715 437 3781 cecidit,
487 3716 791 3788 significata
837 3717 858 3749 ‘
909 3724 1012 3773 est.
1069 3716 1329 3787 Quisquis
1373 3726 1553 3772 autem
1603 3717 1817 3786 plenius

216 3808 364 3866 hunc
390 3808 659 3882 duplicem
684 3809 1018 3867 intellectum
1041 3810 1363 3866 divinissimi
1393 3811 1632 3881 magistri
1658 3826 1817 3867 nosse

217 3902 373 3970 velit,
412 3904 584 3975 ipsius
616 3904 781 3961 verba
825 3906 880 3965 in
919 3906 1188 3962 Exemero
1217 3922 1338 3969 suo,
1372 3914 1426 3960 et
1468 3907 1523 3961 in
1570 3905 1818 3977 praefato

212 3993 282 4050 de
309 3992 545 4052 Civitate
569 3994 666 4052 Dei
690 3996 963 4053 volumine
993 3997 1269 4053 studiosus
1298 3995 1475 4067 legat;
1509 4011 1652 4068 quae
1677 4012 1815 4067 quo-

214 4083 367 4140 niam
401 4083 634 4154 prolixa,
672 4093 731 4141 et
770 4086 1024 4142 omnibus
1055 4087 1109 4142 in
1156 4086 1443 4158 propatulo
1485 4094 1633 4151 sunt,
1686 4085 1816 4142 huic

210 4183 441 4232 nostrae
469 4175 965 4248 disputatiunculae
1001 4176 1334 4248 superfluum
1366 4177 1498 4232 mihi
1529 4178 1703 4232 visum
1728 4184 1817 4232 est

210 4264 476 4325 inserere.
502 4267 652 4326 Disc.
674 4267 930 4342 Provide;
961 4284 1068 4325 non
1090 4270 1234 4325 enim
1257 4277 1568 4325 sanctorum
1592 4268 1814 4324 Patrum

210 4359 545 4428 sententiae,
574 4362 900 4433 praesertim
944 4363 991 4419 si
1035 4361 1288 4432 plurimis
1316 4369 1476 4417 notae
1513 4360 1695 4424 sint",
1731 4360 1813 4415 ἰη-

207 4452 582 4512 traducendas
625 4463 774 4522 sunt,
801 4455 904 4527 nisi
935 4455 1024 4512 ubi
1071 4470 1283 4511 summa
1325 4455 1621 4512 necessitas
1655 4452 1815 4511 robo-

1922 3351 2092 3399 tatem
2118 3342 2339 3398 omnino
2366 3340 2469 3397 sibi
2495 3338 2770 3396 subditam
2800 3338 3232 3405 administraret,
3266 3353 3369 3394 nec
3399 3354 3520 3394 cor-

1921 3440 2103 3511 poreis
2129 3440 2214 3495 bis
2243 3439 2491 3496 sensibus
2512 3437 2758 3494 mortalis
2783 3436 3029 3505 corporis
3055 3436 3123 3492 ad
3152 3434 3300 3490 illum
3326 3449 3521 3506 regen-

1920 3532 2049 3588 dum
2073 3542 2338 3598 uteretur,
2358 3547 2546 3588 verum
2569 3532 2688 3588 sine
2703 3529 2812 3586 ullo
2832 3528 3075 3587 sensibili
3096 3538 3246 3585 motu
3262 3527 3345 3582 vel
3360 3526 3521 3584 locali

1919 3624 2005 3679 vel
2030 3623 2338 3695 temporali,
2361 3622 2475 3678 solo
2498 3621 2807 3678 rationabili
2836 3620 3083 3676 contuitu
3110 3618 3444 3675 naturalium
3465 3629 3523 3673 et

1922 3716 2247 3773 interiorum
2279 3715 2397 3786 ejus
2420 3728 2734 3781 causarum,
2762 3712 3025 3768 facillimo
3057 3720 3242 3768 rectae
3269 3710 3521 3769 volunta-

1922 3806 1992 3860 tis
2019 3821 2142 3872 usu,
2177 3806 2475 3862 secundum
2505 3805 2654 3875 leges
2684 3803 2898 3860 divinas
2926 3803 3282 3861 aeternaliter
3309 3818 3375 3858 ac
3400 3802 3522 3858 sine

1918 3915 2111 3957 errore
2140 3899 2490 3970 gubernaret,
2523 3898 2638 3953 sive
2668 3899 2721 3952 in
2752 3897 3228 3953 administratione
3256 3895 3519 3965 partium,

1919 3995 2035 4050 sive
2065 3994 2117 4047 in
2150 3989 2623 4048 administratione
2653 3988 3049 4046 universitatis.
3102 3986 3159 4042 Si
3197 4000 3329 4041 vero
3354 3984 3524 4041 Cresa

1918 4095 2093 4141 torem
2122 4081 2426 4140 deserendo
2461 4095 2528 4135 ex
2566 4080 2825 4151 dignitate
2875 4094 3006 4136 suae
3051 4087 3280 4134 naturae
3310 4078 3362 4132 in
3392 4092 3519 4133 eum

1918 4178 2160 4242 caderet,
2206 4176 2349 4231 inter
2392 4182 2574 4245 partes
2598 4172 3050 4245 ejusignobiliter
3094 4172 3402 4243 deputatus,
3437 4170 3520 4226 di-

1916 4270 2042 4325 vina
2065 4269 2276 4341 justitia
2308 4276 2613 4333 correctus,
2643 4264 3289 4339 suaepraevaricationis
3315 4278 3520 4335 poenas

1916 4362 2112 4419 lueret.
2164 4362 2399 4419 Proinde
2439 4370 2560 4433 post
2595 4362 2783 4418 mundi
2817 4359 3048 4418 visibilis
3073 4367 3301 4416 ornatus
3328 4373 3518 4414 narra-

1919 4456 2121 4513 tionem
2154 4454 2522 4512 introducitur
2551 4457 2717 4512 homo
2748 4454 2915 4511 veluti
2942 4452 3184 4509 omnium
3215 4451 3514 4517 conclusio,

205 4544 425 4603 raudae‘
445 4545 883 4606 ratio'dnationis
901 4548 1143 4620 exegerit
1161 4559 1385 4618 propter
1413 4562 1524 4615 eos,
1551 4548 1665 4618 qui,
1686 4562 1812 4603 cum
1842 4600 1895 4621 Α
1917 4557 1980 4602 ut
2007 4548 2422 4621 intelligeretur,
2456 4549 2601 4620 quod
2638 4548 2844 4616 omnia,
2873 4562 3016 4618 quae
3039 4555 3167 4603 ante
3189 4546 3365 4618 ipsum
3385 4548 3518 4601 con-

203 4637 323 4694 sint
376 4638 815 4699 ratiocinationis
863 4600 1042 4707 inscii:
1091 4600 1215 4712 pltis
1266 4600 1586 4697 auctoritati
1644 4654 1808 4711 quam
1837 4600 1896 4673 Β
1918 4643 2032 4699 dita
2082 4600 2422 4711 nari-antur:
2461 4600 2520 4699 in
2567 4643 2685 4714 ipso
2714 4600 3115 4698 ‘uni'versaliter
3159 4600 3519 4711 ctimprehen-

204 4727 413 4787 rationi
444 4731 831 4789 succumbunt.

278 4817 372 4876 lo.
417 4818 526 4878 Sed
556 4820 721 4878 velim
753 4834 851 4893 per
880 4830 937 4879 te
964 4837 1153 4889 nosse,
1184 4824 1539 4893 quamobrem
1569 4820 1814 4894 angelica

202 4911 529 4970 constitutio
575 4913 740 4970 veluti
765 4915 819 4971 in
845 4915 1021 4986 prima
1049 4914 1400 4972 intellectuali
1435 4915 1543 4983 die,
1575 4915 1682 4970 hoc
1709 4923 1815 4980 est,

202 5000 261 5058 in
313 5003 492 5075 prima
538 5008 892 5079 propheticae
945 5008 1419 5080 eootemplationis
1466 5008 1813 5065 ordinatione

200 5102 487 5162 narratur,
518 5098 866 5169 postmodum
907 5110 1038 5158 vero
1092 5100 1411 5172 interposita
1457 5103 1808 5172 quaternaria

199 5186 482 5246 sensibilis
522 5190 711 5247 mundi
750 5191 960 5249 tbeuria
998 5193 1235 5250 humana
1282 5200 1435 5251 sexta
1473 5194 1809 5264 contempla-

199 5277 355 5336 tione
407 5278 769 5339 introducitur
827 5282 1086 5353 formatio
1137 5301 1151 5340 :
1206 5284 1291 5341 vel
1359 5292 1423 5341 ut
1481 5285 1725 5356 apertius
1780 5286 1802 5318 ⁸

199 5368 410 5440 dicam,
434 5387 606 5443 quare
630 5387 740 5430 non
767 5374 822 5430 in
846 5374 1023 5447 primo
1048 5376 1274 5433 introitu
1321 5377 1489 5434 totius
1515 5385 1803 5434 creaturae

1920 4738 2141 4792 duntur.
2191 4735 2382 4793 Omnis
2423 4735 2569 4792 enim
2613 4750 2876 4792 numerus
2916 4733 3091 4803 major
3128 4731 3392 4789 minorem
3433 4730 3518 4785 in-

1922 4835 2009 4879 tra
2034 4824 2078 4857 ⁸⁸
2108 4840 2168 4881 se
2194 4839 2479 4881 numerum
2506 4824 2799 4882 concludit.
2829 4821 2965 4878 Nam
2991 4822 3036 4881 si
3065 4822 3302 4881 hominis
3330 4821 3518 4877 condi-

1923 4916 2003 4969 tio
2040 4915 2294 4987 primitus
2332 4915 2387 4970 in
2420 4915 2737 4971 narratione
2778 4914 3120 4972 conditarum
3174 4926 3357 4969 rerum
3402 4910 3517 4966 sive

1923 5008 2219 5066 visibilium
2267 5008 2382 5066 sive
2427 5007 2780 5067 invisibilium
2830 5014 3015 5078 aperte
3064 5004 3109 5039 ¹⁹
3160 5003 3513 5067 indicaretur,

1923 5112 2108 5161 cetera
2145 5103 2350 5169 omnia,
2399 5118 2633 5174 quorum
2679 5102 2919 5161 conditio
2961 5097 3292 5157 narrationis
3323 5094 3516 5152 ordine

1921 5195 2254 5252 creationem
2304 5194 2469 5266 ipsius
2518 5201 2835 5265 sequeretur
2874 5192 2939 5256 ὀ,
2992 5198 3148 5247 extra
3188 5194 3435 5243 naturam
3468 5182 3511 5215 “

1916 5283 2036 5353 eius
2064 5285 2359 5342 subsistere
2404 5300 2512 5342 non
2556 5284 2833 5357 immerito
2857 5282 3197 5340 viderentur.
3228 5276 3348 5334 Jam
3384 5288 3513 5331 vero

1871 5440 1881 5449 ,
1914 5379 2171 5450 quoniam
2198 5380 2253 5434 in
2283 5378 2389 5433 fine
2414 5377 2655 5434 omnium
2686 5375 2993 5431 divinorum
3015 5372 3060 5404 "
3085 5384 3311 5441 operum
3343 5367 3514 5423 intro-

1514 5468 1773 5525 VARIAE
1813 5466 2221 5527 LECTIONES.

277 5561 307 5631 ιγ
341 5558 557 5617 sanctus
583 5576 695 5618 om.
722 5561 832 5620 CF.
906 5566 935 5603 ¹ι
960 5563 1053 5619 Sic
1076 5562 1191 5631 CF;
1219 5563 1264 5619 Α
1305 5564 1357 5619 in
1387 5564 1676 5621 undecimo
1724 5564 1878 5620 libro.
1956 5565 1977 5596 ³
2008 5564 2099 5620 Sic
2131 5564 2254 5629 CF;
2293 5564 2334 5617 A
2368 5562 2610 5617 visibilis.
2684 5557 3045 5631 ngettsrom.
3076 5556 3145 5612 Α.
3221 5556 3243 5589 ⁵
3270 5554 3363 5609 Sic
3387 5549 3509 5631 CF:

196 5629 240 5685 Δ
273 5630 568 5688 divisionis.
645 5633 667 5665 ⁸
703 5634 750 5689 Α
792 5635 839 5690 si

196 5702 534 5777 substitutio.
560 5770 569 5777 ‘
603 5703 773 5777 {Sic
801 5702 940 5773 CF;
968 5707 1146 5777 uitiari
1173 5707 1437 5777 fortassis”
1456 5723 1567 5763 om.
1600 5710 1664 5762 A.

911 5635 1146 5705 ifieatum
1201 5645 1303 5691 est.
1381 5637 1401 5670 "
1444 5634 1537 5692 Sic
1576 5635 1694 5703 CF;
1746 5636 1793 5690 Α
1835 5646 1976 5690 sunt.
2054 5635 2077 5666 ⁸
2118 5634 2160 5689 Α
2205 5636 2399 5705 aptius.

1764 5710 1803 5741 ¹¹
1840 5706 1930 5763 Sic
1969 5707 2086 5773 CF;
2139 5706 2181 5759 A
2213 5692 2317 5759 non
2358 5706 2555 5761 dictum
2594 5714 2689 5758 est.
2767 5692 2811 5736 λ’
2856 5701 2905 5755 Α
2950 5709 3024 5754 ut.
3056 5697 3150 5773 74“
3186 5698 3276 5773 Sic
3303 5694 3415 5757 CF;
3459 5692 3513 5773 ΔΑ

196 5770 935 5849 c_re3_tam_signiﬁcationem
981 5770 1181 5848 fuissez'
1240 5778 1286 5811 “
1324 5779 1363 5833 A
1405 5781 1577 5849 quasi.
1661 5778 1705 5811 “‘
1739 5777 1831 5834 Sic
1866 5777 1983 5842 CF;
2017 5770 2374 5849 A'riatitratis.
2455 5774 2499 5817 ιο
2536 5774 2628 5849 Sic
2653 5773 2778 5849 CIL;
2802 5773 2846 5828 A
2870 5782 2964 5849 _ut_.

2487 5633 2508 5664 ⁰
2550 5633 2642 5687 Sic
2670 5629 2784 5696 CF;
2835 5630 2880 5684 Α
2910 5630 3141 5683 humana
3190 5624 3515 5696 praecedere

3051 5770 3091 5803 ³⁷
3149 5771 3264 5841 ejus
3300 5782 3411 5841 om.
3443 5762 3509 5817 Α.

197 5844 245 5882 ¹⁸
280 5840 373 5901 Sic
400 5836 595 5916 ὓιῆᾏ
621 5836 699 5905 in.
778 5848 823 5882 “
852 5849 897 5906 A
927 5836 1067 5922 αριε.
1140 5849 1185 5883 ³⁸
1216 5849 1262 5907 A
1288 5836 1640 5926 sequ'crenlur.
1722 5851 1777 5927 "_
1797 5850 1889 5907 Sic
1909 5836 1991 5907 CF
2012 5866 2027 5915 ;
2062 5849 2108 5902 Α
2149 5848 2413 5902 notitiam.
2491 5849 2538 5885 ⁸⁸
2568 5845 2660 5903 Sic
2694 5844 2810 5912 CF;
2857 5845 2901 5901 A
2925 5836 3222 5899 divinorum
3257 5836 3511 5896 omnium.
