4028 6282
586 342 731 412 783'
1972 356 2254 423 JOANNIS
2289 354 2486 428 Scon
3707 386 3784 452 ut

581 453 825 522 ducitur,
854 456 1036 513 omnia
1073 457 1258 517 divina
1302 473 1467 533 opera
1515 461 1568 518 in
1614 463 1733 534 ipso
1774 461 2071 519 subsistere
2113 469 2169 517 et
2196 467 2251 524 Α
2270 463 2492 533 pissime
2515 467 2730 526 animus
2757 466 2979 541 fallitur,
3007 470 3168 531 veluti
3194 472 3247 532 in
3273 475 3579 548 quibusdam
3609 494 3783 542 noctur-

584 548 970 619 comprehendi
1000 552 1431 609 manifestantur.
1459 554 1527 610 Et
1554 557 1770 627 quidem
1797 558 2058 617 caelestes
2080 576 2171 618 es-
2273 555 2359 614 nis
2381 556 2422 591 “
2462 558 2923 620 lucubrationibus
2965 565 3246 638 ambiguus
3285 577 3445 639 atque
3486 573 3785 643 errabundus,

587 639 819 707 sentias,
866 640 971 697 hoc
1012 652 1098 698 est
1141 644 1437 716 angelicas,
1490 648 1698 706 duobus
1747 653 1923 710 modis
1961 655 2014 711 in
2055 658 2174 729 ipso

587 742 708 783 esse
733 729 1046 799 diximus‘;
1084 750 1191 791 uno
1218 735 1458 806 quidem,
1485 753 1594 809 quo
1640 744 2035 812 coessentialis,
2073 748 2176 804 hoc

586 830 671 875 est
717 823 1166 883 cointellectualis
1187 828 1209 860 ’
1233 836 1289 885 ct
1334 832 1715 889 corrationalis
1739 836 1788 892 ei
1813 836 1835 869 ³
1861 847 1973 905 est,
2017 856 2176 911 prae-
2212 844 2219 851 ’

589 921 671 966 tcr
707 916 850 984 quod
889 925 1102 974 terrena
1152 920 1289 978 haec
1333 922 1598 982 habitatio
1642 929 1889 987 mortalis
1931 933 2177 1004 corporis

586 1014 710 1071 post
748 1016 1028 1077 peccatum
1070 1009 1326 1083 impedit;
1355 1014 1527 1072 altero
1564 1033 1714 1087 vero,
1761 1036 1869 1091 quo
1912 1038 2009 1095 per
2058 1040 2178 1079 mu-

590 1106 737 1150 tuam
780 1100 1140 1172 cognitionem
1187 1105 1288 1160 sibi
1336 1108 1565 1165 invicem
1614 1112 1926 1170 inseruntur
1970 1117 2065 1184 ita,
2117 1126 2177 1175 ut

590 1196 644 1240 et
672 1190 896 1262 angelus
924 1192 978 1248 in
1007 1193 1228 1251 homine
1256 1197 1417 1254 veluti
1462 1199 1644 1269 homo,
1692 1212 1748 1259 et
1793 1205 1954 1263 homo
1991 1209 2042 1263 in
2084 1224 2178 1265 an-

590 1281 712 1351 gelo
760 1283 923 1340 veluti
968 1287 1231 1357 angelus,
1278 1291 1556 1362 reciproco
1599 1295 1874 1353 intellectu
1921 1300 2175 1368 adunati,

591 1375 931 1448 simplicique
975 1381 1222 1438 veritatis
1266 1385 1724 1458 contemplatione
1781 1389 1999 1448 formati
2047 1410 2177 1464 pro-

589 1475 845 1522 creantur
872 1468 915 1524 ⁸.
944 1469 1082 1537 Quid
1110 1472 1177 1529 de
1215 1477 1472 1544 operibus
1515 1479 1787 1537 secundae
1826 1485 2179 1556 propheticae

592 1562 1068 1633 contemplationis
1121 1566 1352 1624 dicant?
1398 1570 1588 1628 Nonne
1621 1576 2033 1645 ﬁrmamentum,
2073 1583 2179 1639 hoc

591 1663 675 1709 est
701 1654 1024 1727 simplicium
1075 1660 1465 1720 elementorum
1497 1667 1761 1735 soliditas,
1808 1673 1993 1742 quae'
2034 1674 2180 1730 inter

589 1760 761 1818 aquas
807 1749 1237 1817 primordialinm
1275 1771 1561 1813 causarum
1608 1763 1935 1831 superiores,
1967 1775 2021 1820 et
2050 1783 2172 1822 mu-

586 1836 883 1895 tabilitates
922 1838 947 1873 ⁸
981 1856 1274 1912 corporeae
1308 1849 1781 1923 corruptibilisque
1820 1864 2044 1913 naturae
2087 1859 2170 1914 in-

586 1926 837 1998 feriores,
869 1935 1201 2002 temporibus
1247 1948 1302 1993 et
1352 1938 1483 1996 locis
1524 1958 1622 2013 per
1665 1949 2068 2014 generationem
2114 1960 2172 2008 et

583 2018 907 2097 solutionem
934 2022 1253 2083 fluctuantes
1282 2028 1419 2086 facta
1448 2042 1551 2096 est,
1587 2034 1640 2090 in
1670 2034 1905 2093 luunana
1932 2043 2169 2098 essentia

584 2115 939 2174 substitutum
962 2124 1376 2193 cognoscimus?
1401 2125 1533 2194 Quis
1569 2129 1710 2184 enim
1752 2132 2043 2189 humanam
2072 2151 2172 2191 na-
2197 2170 2203 2175 -

587 2216 767 2264 turam
795 2213 1077 2283 perspicue
1102 2217 1476 2285 considerans,
1519 2236 1623 2275 non
1672 2224 1937 2281 catholica
1982 2229 2169 2285 mundi

584 2299 851 2357 elementa
880 2303 935 2359 in
967 2321 1030 2361 ea
1059 2309 1334 2379 reperiat?
1375 2311 1514 2379 Quid
1559 2315 1627 2370 de
1672 2318 1930 2388 operibus
1976 2322 2170 2378 tertiae
2199 2324 2209 2335 '

2272 658 2459 708 utnon
2484 652 2642 712 facile
2666 655 2732 712 de
2752 658 2856 721 bis,
2886 673 3026 729 quae
3045 674 3146 731 per
3164 676 3380 718 sensum
3407 664 3603 737 recipit,
3624 678 3785 726 rectum

2269 740 2530 813 judicium
2562 748 2805 818 proferre
2831 752 3029 822 possit;
3082 753 3389 825 huiusmodi
3433 760 3655 831 exempla
3695 773 3788 819 sunt

2276 848 2457 890 remus
2488 837 2542 892 in
2572 852 2713 909 aqua
2744 842 2898 911 quasi
2949 842 3173 911 fractus,
3219 862 3407 904 aversa
3445 849 3596 910 facies
3630 855 3675 911 in
3700 872 3788 930 spe-

2276 926 2399 982 culo
2419 927 2485 996 “,
2522 940 2701 987 motus
2728 934 3105 1005 navigantibus
3145 940 3396 1009 turrium,
3426 941 3591 1017 imago
3623 926 3786 1016 vocum,

2277 1034 2416 1089 quae
2466 1034 2497 1075 a
2547 1020 2771 1080 Graecis
2811 1029 2934 1098 ἠχὼ
2979 1036 3239 1095 vocatur,
3300 1040 3356 1087 et
3410 1033 3549 1090 mille
3596 1034 3790 1106 hujusce-

2276 1109 2422 1164 modi
2448 1110 2490 1142 ⁸⁸
2520 1113 2728 1181 species
2762 1113 3060 1173 faisitatum
3097 1121 3349 1178 omnibus
3379 1125 3634 1196 corporeis
3664 1130 3791 1184 sensi-

2276 1199 2380 1255 bus
2418 1202 2742 1261 naturaliter
2785 1206 3215 1276 adhaerentium,
3259 1227 3398 1283 quas
3440 1216 3711 1273 discernere
3742 1236 3789 1275 ex

2278 1308 2407 1350 vera
2453 1298 2636 1367 specie
2683 1301 3019 1359 rationabilis
3066 1304 3284 1361 animae
3326 1306 3577 1376 judicium
3613 1310 3791 1369 laborio-

2279 1386 2495 1442 sissime
2540 1397 2596 1444 et
2642 1390 2994 1451 solertissime
3036 1399 3215 1455 sudat.
3271 1398 3417 1456 Haec
3458 1402 3591 1459 enim
3636 1419 3719 1459 non
3752 1404 3788 1461 il

2279 1490 2460 1532 rerum
2491 1488 2711 1547 natura,
2742 1482 2835 1538 sed
2877 1485 2930 1540 in
2971 1487 3219 1544 sensibus
3252 1487 3567 1559 formantur,
3595 1509 3651 1550 ac
3675 1509 3790 1566 saepe

2279 1573 2521 1630 animum
2556 1575 2766 1643 fallunt,
2811 1588 2867 1635 et
2898 1580 2952 1637 in
2992 1598 3233 1642 errorem
3267 1587 3507 1655 mittunt,
3552 1589 3665 1647 falsa
3701 1607 3790 1648 vera

2279 1681 2400 1722 esse
2421 1670 2803 1739 approbantem
2833 1670 2896 1727 ιδ.
2921 1673 3138 1733 Tertius
3163 1679 3358 1737 modus
3374 1688 3453 1738 est
3476 1682 3539 1751 ",
3555 1683 3635 1755 qui
3656 1684 3790 1740 multi.

2278 1759 2493 1829 pliciter
2519 1770 2572 1817 ct
2599 1764 2915 1821 cumulatim
2957 1769 3297 1827 sensibilium
3345 1774 3620 1830 formarum
3657 1790 3792 1831 nume-

2283 1866 2370 1907 ros
2411 1853 2590 1907 animo
2633 1853 2883 1922 infundit,
2934 1858 3061 1914 dum
3085 1860 3131 1893 “
3177 1860 3343 1917 veluti
3394 1863 3789 1922 innumerabilium

2277 1943 2554 1999 stellarum
2579 1962 2647 2001 ex
2678 1948 2909 2018 sphaera
2933 1951 3208 2009 sensibilis
3231 1964 3478 2021 naturae,
3503 1956 3789 2012 innumerabi-

2277 2036 2404 2093 lium
2434 2038 2736 2107 specierum
2761 2042 2927 2097 variis
2952 2043 3236 2101 ordinibus
3261 2045 3669 2113 caelata,choros
3687 2045 3790 2103 "ac-

2276 2128 2427 2199 cipit,
2470 2129 2524 2183 in
2568 2140 2774 2185 tantum
2815 2132 3106 2190 mixtarum
3131 2136 3175 2168 ¹⁸
3200 2136 3596 2207 phantasiamm
3614 2137 3792 2195 diﬂusio-

2277 2220 2435 2275 nibus
2474 2221 2847 2290 perturbatus,
2886 2232 2946 2279 ut
2987 2236 3083 2281 aut
3120 2226 3235 2294 vix,
3264 2237 3360 2284 aut
3387 2244 3638 2301 nunquam
3668 2228 3790 2284 decis

2276 2313 2395 2369 sine
2421 2330 2607 2384 errore
2634 2316 2677 2349 ¹⁹
2706 2317 2883 2373 valeat
2904 2317 3171 2389 judicare,
3207 2322 3308 2377 sed
3346 2324 3641 2394 quibusdam
3677 2337 3791 2392 argu-

585 2398 726 2456 lucis
758 2403 1185 2461 aestimandum?
1209 2405 1460 2479 Nunquid
1501 2412 1768 2470 stabilitas
1808 2416 2165 2490 substantiae,

582 2495 769 2552 aridae
797 2499 1058 2555 vocabulo
1088 2501 1411 2574 signiﬁcata,
1449 2515 1505 2562 et
1547 2509 1885 2567 mutabilium
1918 2514 2169 2570 acciden-
2196 2516 2237 2573 πᾳ

584 2585 718 2642 tium
747 2589 1089 2659 instabilitas,
1120 2611 1377 2665 aquarum
1408 2597 1847 2660 inundationibus
1868 2604 2165 2675 intellecta,

585 2677 991 2700 “tu”--.
1071 2685 1083 2697 .
1313 2696 1321 2700 Α
1432 2690 1466 2700 ..
1516 2691 1597 2700 --..
1751 2696 1760 2700 -
1848 2697 1873 2700 ν,
2202 2697 2207 2700 _

582 2685 639 2731 et
667 2677 803 2736 haec
831 2696 863 2736 a
891 2696 950 2738 se
978 2682 1206 2742 invicem
1237 2690 1467 2746 naturali
1498 2691 1796 2751 differentia
1824 2697 2079 2767 discreta,
2111 2701 2165 2756 in

581 2767 802 2827 homine
849 2772 1242 2848 intelliguntur,
1270 2781 1489 2854 insuper
1534 2785 1697 2842 etiam
1738 2788 1846 2844 vita
1878 2789 1990 2860 illa,
2027 2808 2168 2861 quae

584 2858 873 2919 herbarum
907 2868 1355 2944 surculorumque
1381 2874 1623 2933 diversas
1650 2880 1860 2949 species
1882 2891 1940 2938 et
1969 2884 2163 2950 nutrit,

579 2961 636 3007 et
657 2963 837 3026 auget,
869 2967 924 3013 et
951 2959 1211 3030 vivificat,
1252 2964 1395 3022 intra
1432 2980 1616 3040 partes
1642 2972 1912 3030 humanae
1939 2984 2167 3033 naturae
2210 2974 2233 3026 ἲ
2275 2961 2659 3066 οδεουνῖεεῖξῐιξθ
2673 2964 2808 3019 etab
2833 2963 2964 3068 iPSi-S
2988 2963 3390 3068 τθιξιιειοοςξξεῖ

588 3050 1034 3105 :onnumcratur?
1062 3051 1127 3106 Et
1154 3057 1409 3124 quoniam
1446 3060 1620 3129 prima
1652 3063 1737 3118 die
1767 3064 1819 3120 ῖη
1855 3066 2201 3125 ροηάίιίοηε’
2275 3060 2479 3119 rentes,
2492 3052 3043 3124 opinionesquasdam
3058 3056 3357 3126 depromit;
3378 3055 3787 3126 ideoqnesensuun

577 3134 717 3194 lucis
752 3142 1067 3214 principalis
1103 3163 1232 3219 pars
1263 3151 1498 3210 hominis
1527 3171 1591 3212 ac
1624 3158 2009 3218 sublimissima
2048 3164 2160 3231 lux,
2191 3205 2244 3253 η
2278 3145 2434 3253 milia
2464 3143 2805 3253 Visfli'versis
2852 3144 3619 3253 stella-rumApraefulsiombtts

754 3205 769 3210 _
930 3205 945 3214 _
1106 3205 1120 3219 .
1218 3205 1222 3206 ν
1528 3205 1590 3212 _-
1625 3205 2009 3218 ---.......,........
2048 3205 2160 3231 ...-,

578 3232 884 3293 intellectus
919 3239 1170 3297 videlicet
1202 3253 1258 3300 et
1291 3247 1449 3313 ratio,
1493 3249 1545 3304 in
1582 3254 1861 3309 consortio
1889 3255 2166 3327 angelicae

2274 3248 2448 3294 catur.
2483 3236 2699 3310 Triplex
2750 3240 2934 3310 itaque
2972 3241 3018 3273 “
3043 3205 3317 3296 sentiendi
3345 3241 3530 3296 modus
3568 3238 3614 3293 in
3645 3229 3787 3327 triplici

2276 2405 2698 2463 mentationibus
2733 2417 2891 2464 utens
2920 2409 2968 2441 ³⁸
2990 2411 3104 2466 veri
3130 2414 3526 2483 quodammodo
3550 2412 3726 2477 similia,
3746 2424 3789 2465 ac

2274 2499 2438 2555 veluti
2463 2502 2528 2556 de
2543 2500 2767 2558 incertis
2780 2510 2929 2559 certa
2952 2504 3198 2576 proferre
3219 2516 3449 2563 conatur
3467 2506 3730 2578 probamina
3743 2505 3787 2569 ",

2276 2599 2331 2649 et
2354 2609 2452 2651 nec
2472 2610 2688 2665 semper
2708 2596 2898 2653 eodem
2915 2597 3076 2654 modo
3097 2598 3164 2656 de
3180 2599 3549 2657 minutissimis
3569 2597 3788 2655 visibilium

2277 2700 2457 2742 rerum
2472 2688 2770 2744 rationibus
2781 2688 3050 2760 disputat;
3067 2690 3361 2763 aliquando
3375 2692 3559 2764 quippe
3568 2690 3791 2746 clariusve-

2277 2779 2532 2849 ritatique
2547 2780 2919 2851 propinquius,
2944 2791 3001 2837 ut
3023 2781 3342 2853 splendidae
3354 2782 3554 2850 stellae,
3573 2778 3789 2852 aliquando

2275 2869 2557 2925 obscurius
2575 2879 2630 2925 et
2647 2886 2676 2925 a
2694 2872 2923 2927 veritate
2936 2871 3170 2944 longius,
3196 2882 3258 2928 ut
3278 2875 3554 2937 obscurae,
3569 2868 3789 2940 aliquando

2275 2961 2659 3018 obscurissime
2673 2964 2808 3019 etab
2833 2963 2964 3033 ipsis
2988 2963 3150 3020 rebus
3163 2965 3494 3037 longissime,
3516 2973 3567 3019 ut
3586 2965 3657 3018 vix
3675 2973 3790 3032 appa-

578 3335 807 3384 naturae
829 3332 1123 3390 constituta
1149 3345 1251 3401 est,
1284 3343 1552 3398 secundae
1581 3344 1717 3401 lucis
1746 3347 1907 3413 illius,
1952 3349 2056 3405 hoc
2083 3360 2167 3408 est

577 3421 868 3479 exterioris
898 3439 1114 3494 sensus,
1160 3432 1227 3486 ad
1272 3434 1566 3493 visibilium
1610 3453 1792 3495 rerum
1829 3442 2168 3513 recipiendas

577 3503 803 3576 formas,
836 3521 890 3568 et
916 3517 1148 3586 species,
1168 3530 1222 3576 et
1241 3524 1550 3594 qualitates,
1588 3537 1643 3584 et
1671 3503 2002 3601 quantitates
2015 3534 2165 3602 facti,

578 3610 772 3668 quarta
812 3604 898 3660 die
940 3610 1286 3678 propheticae
1322 3617 1562 3674 theoriae
1600 3622 1734 3678 ordo
1770 3625 2168 3684 rationabiliter

578 3693 941 3752 conditionem
980 3699 1278 3761 introduxit
1304 3706 1347 3762 '.
1381 3707 1635 3767 Exterior
1675 3729 1909 3785 namque
1951 3732 2164 3786 sensus,

576 3784 913 3844 exteriorum
943 3805 1126 3848 rerum
1162 3795 1549 3865 internuntius,
1590 3805 1838 3874 quamvis
1865 3809 2080 3880 proprie
2107 3816 2167 3865 et

576 3881 903 3939 naturaliter
927 3884 996 3941 ad
1023 3888 1258 3946 animam
1288 3893 1587 3962 pertineat,
1616 3899 1830 3978 corpori
1863 3908 2042 3957 tamen
2072 3901 2165 3959 de-

575 3979 834 4038 putatur,
894 3977 1149 4045 quoniam
1203 3996 1301 4050 per
1347 3986 1594 4054 corporis
1642 3977 1998 4047 instrumenta
2053 3992 2164 4049 vim

577 4075 730 4117 suam
789 4076 1027 4124 exercet.
1072 4069 1304 4128 Pulchre
1348 4072 1530 4146 itaque
1576 4075 1716 4134 illius
1763 4082 2040 4148 sensus",
2072 4083 2165 4155 qui

573 4156 789 4223 corpori
820 4171 887 4213 ex
920 4169 1179 4230 quattuor
1221 4165 1402 4220 mundi
1442 4166 1725 4224 elementis
1759 4172 2057 4246 composito
2085 4180 2166 4228 at-

573 4242 853 4313 tribuitur,
892 4250 1258 4308 conditionem
1305 4264 1499 4324 quarlo
1548 4258 1668 4315 loco
1705 4242 2030 4320 conditionis
2075 4279 2163 4321 re-

577 4350 697 4389 rum
747 4338 1062 4410 prophetica
1117 4342 1324 4398 theoria
1375 4348 1676 4404 constituit.
1720 4349 1985 4419 Quoniam
2033 4370 2165 4412 vero

576 4425 748 4495 ipsius
785 4444 979 4487 sensus
1009 4432 1202 4503 triplex
1244 4437 1437 4492 modus
1479 4447 1601 4502 est,
1649 4457 1878 4511 quorum
1915 4445 2161 4515 primus,

2271 3331 2585 3389 caelestium
2640 3331 2991 3386 luminarium
3041 3331 3236 3387 ordine
3284 3331 3632 3388 constituitur.
3677 3320 3788 3392 Quod

2271 3426 2415 3481 enim
2447 3424 2526 3480 sol
2554 3431 2640 3480 est
2668 3424 2722 3480 in
2751 3424 2954 3480 mundo
2978 3464 2994 3489 ,
3044 3423 3151 3479 hoc
3195 3431 3285 3479 est
3314 3422 3629 3481 clarissimus
3651 3425 3695 3472 et
3712 3428 3786 3470 non

2271 3515 2467 3572 fallens
2505 3532 2697 3572 sensus
2744 3517 2796 3571 in
2844 3516 3063 3572 homine
3093 3515 3180 3581 “;
3211 3517 3358 3588 quod
3388 3516 3437 3549 “
3464 3516 3577 3573 bna
3599 3554 3614 3578 ,
3634 3512 3787 3568 bocca!

2271 3608 2522 3679 ambigua
2548 3607 2832 3678 phantasia
2871 3622 2935 3662 ac
2955 3607 3004 3641 “
3035 3607 3201 3665 veluti
3233 3608 3402 3664 dubia
3426 3608 3511 3663 lux
3539 3602 3677 3661 animi
3699 3614 3786 3656 scn-

2274 3698 2486 3765 tientis;
2511 3698 2654 3770 quod
2675 3698 2722 3731 “
2737 3699 2946 3765 stellae,
2970 3700 3074 3756 hoc
3102 3709 3185 3757 est
3209 3693 3786 3792 incomprehensibilia-5.5!

2271 3790 2619 3845 minutissimi
2650 3789 3058 3860 phantasiarum
3100 3791 3316 3847 numeri
3358 3806 3425 3847 ex
3460 3778 3786 3846 innmnerabili-

2270 3881 2370 3937 bus
2397 3890 2451 3936 et
2476 3880 3111 3950 incomprehensibiiibus
3138 3882 3502 3954 corporalium
3531 3889 3682 3935 rerum
3702 3882 3786 3941 Si”

2270 3972 2457 4028 ciehus
2483 3972 2773 4042 procreati.
2807 3971 2875 4028 Et
2900 3988 2969 4028 ne
2995 3972 3228 4037 mireris,
3257 3987 3402 4044 quae
3422 3972 3473 4028 in
3496 3971 3783 4065 humanam-

2273 4075 2389 4122 tura
2418 4066 2669 4122 videntur
2688 4105 2703 4131 ,
2753 4080 2947 4121 sensus
2997 4064 3120 4122 dico
3149 4080 3444 4136 corporeus
3468 4106 3483 4130 ,
3526 4064 3784 4160 per

2270 4159 2493 4225 mundi,
2540 4160 2642 4215 hoc
2667 4167 2789 4225 est,
2836 4173 2935 4231 per
2960 4158 3219 4215 caelestia
3260 4175 3488 4231 corpora
3521 4152 3782 4227 signiﬁcari;

2269 4253 2551 4310 verissima
2573 4252 2771 4324 quippe
2797 4253 2937 4308 ratio
2963 4253 3348 4310 incunctanter
3370 4267 3468 4309 nos
3487 4251 3645 4314 docet,
3662 4252 3782 4299 until

2267 4352 2540 4409 hominem
2588 4359 2644 4405 et
2685 4350 3033 4422 singulariter
3068 4365 3235 4405 unum
3269 4348 3527 4421 majorem
3565 4357 3667 4402 esse
3698 4335 3784 4394 ουδ’

2267 4459 2429 4500 verso
2457 4442 2659 4498 mundo
2689 4441 2885 4498 visibili
2914 4482 2929 4508 ,
2968 4456 3076 4498 non
3122 4440 3265 4497 mole
3291 4440 3521 4513 partium
3542 4477 3558 4504 ,
3593 4432 3672 4492 sed
3698 4431 3783 4487 har-

575 4515 668 4585 qui
699 4517 817 4574 sine
848 4519 955 4575 ulla
984 4522 1189 4578 erroris
1216 4526 1504 4583 occasione
1529 4531 1738 4601 species
1766 4549 1946 4590 rerum
1986 4539 2162 4594 sensi-
2189 4569 2246 4632 Β
2271 4536 2487 4594 moniae
2517 4535 2850 4592 rationabilis
2897 4543 3125 4632 naturae
3164 4532 3449 4632 dignitate;
3482 4528 3613 4632 Nunt
3640 4541 3678 4580 st

575 4608 761 4632 IIII“...
798 4612 968 4632 -_9‘_-
1007 4614 1020 4628 ι
1066 4624 1078 4632 .
1266 4620 1298 4632 ,ι
1342 4628 1352 4632 -
1400 4630 1408 4632 _
1722 4625 1736 4632 -
2018 4629 2032 4632 -
2102 4631 2105 4632 ,
2281 4631 2286 4632 ,
2585 4631 2591 4632 ,

574 4608 765 4666 hilium
795 4612 978 4670 animo
1005 4614 1359 4674 internuntiat
1396 4630 1507 4677 tam
1555 4625 1852 4694 praeclare,
1905 4638 1965 4685 ut
2009 4629 2164 4688 facil-

572 4700 703 4758 lime
736 4717 801 4759 ac
833 4704 952 4761 sine
990 4706 1098 4763 ullo
1122 4708 1307 4767 labore
1337 4711 1480 4782 ipsas
1509 4716 1718 4786 species
1741 4717 1908 4788 iudex
1950 4721 2164 4780 animus

568 4791 889 4866 planissime
912 4802 1059 4858 omni
1092 4802 1322 4875 caligine
1364 4816 1570 4864 remota
1602 4811 1869 4869 discernat
1905 4828 1921 4868 :
1961 4830 2025 4872 ac
2067 4832 2164 4888 per

574 4890 679 4947 hoc
728 4907 833 4949 non
884 4892 1156 4951 immerito
1209 4895 1230 4927 '
1281 4896 1545 4956 luminare
1595 4901 1769 4972 majus
1817 4905 2154 4977 appellatur;

570 4983 688 5056 ipse
719 4985 983 5058 siquidem
1017 4989 1257 5046 animum
1287 5006 1393 5047 non
1429 4991 1598 5062 fallit,
1649 5011 1715 5054 ac
1759 4998 1924 5056 veluti
1967 5001 2161 5061 claris-

567 5079 741 5135 simus
777 5080 858 5136 sol
905 5094 1096 5138 onmes
1139 5083 1421 5142 sensibiles
1464 5088 1673 5157 species
1714 5092 1936 5164 detegit,
1988 5096 2157 5152 ratio-

566 5172 734 5244 nique
774 5173 1050 5246 patefacit.
1103 5175 1384 5234 Secundus
1433 5194 1562 5238 vero
1611 5186 1802 5242 modus
1842 5195 1927 5244 est
1947 5188 2016 5257 ⁸⁸,
2065 5190 2158 5261 qui

566 5265 736 5324 veluti
765 5265 1031 5324 luminare
1061 5269 1240 5325 minus
1284 5271 1504 5342 dicitur,
1550 5274 1660 5344 ille,
1703 5292 1801 5348 per
1827 5295 1987 5351 quem
2034 5295 2157 5339 sae-

1847 5369 2104 5429 VARIAE
2141 5370 2543 5432 LECTIONES.

675 5462 701 5524 ξ
728 5451 820 5509 Sic
854 5453 931 5520 A;
969 5454 1056 5511 CF
1089 5456 1145 5512 in
1198 5456 1313 5524 ipso
1351 5476 1462 5516 esse
1498 5461 1701 5517 duobus
1756 5464 1924 5520 modia
1962 5466 2239 5524 diximus..

564 5523 589 5555 ⁸
616 5522 703 5579 CF
730 5538 1053 5597 procreatur.
1131 5527 1155 5560 '
1201 5522 1293 5584 Sic
1321 5529 1435 5597 CF;
1478 5531 1523 5587 A
1566 5541 1676 5587 tam

1718 5549 1876 5603 quae.

2271 4631 2372 4686 lior
2400 4639 2475 4686 est
2504 4631 2682 4685 anima
2718 4627 3018 4693 vermiculi,
3070 4634 3133 4682 ut
3154 4636 3383 4682 sanctus
3414 4610 3784 4719 Pater

2267 4737 2371 4779 nus
2399 4722 2610 4787 edocet,
2651 4737 2809 4795 quam
2840 4736 3027 4791 corpus
3051 4717 3223 4775 solare
3247 4728 3415 4774 totum
3442 4714 3668 4809 mundun:

2264 4826 2440 4872 stram
2455 4832 2475 4883 ;
2491 4814 2597 4869 vita
2610 4812 2874 4884 siquidem
2887 4821 3155 4876 extrema,
3172 4809 3552 4880 qualiscunque
3561 4804 3638 4870 sit,
3652 4804 3782 4873 primo

2264 4906 2481 4979 corpori
2511 4904 3015 4978 pretiosissimoque
3045 4902 3308 4975 dignitate
3333 4899 3591 4958 essentiae
3610 4898 3781 4966 praepo'

2262 5001 2411 5057 nitur
2438 5012 2453 5054 :
2482 4999 2611 5070 quid
2643 4998 2864 5062 mirum,
2892 4995 2938 5051 si
2982 4994 3164 5051 omnia
3213 4994 3380 5050 totius
3405 4990 3576 5049 mundi
3602 4990 3779 5054 corpora

2264 5092 2502 5148 humano
2544 5088 2727 5147 sensui
2770 5086 3201 5161 postponanturi
3245 5084 3484 5141 Primum
3506 5078 3693 5153 quidem
3717 5085 3781 5127 η·

2264 5184 2411 5240 tione
2455 5182 2569 5249 illa,
2590 5197 2697 5254 qua
2726 5179 3082 5253 praeponitur
3104 5191 3268 5233 causa
3292 5174 3551 5273 naturalis
3568 5170 3778 5273 bis,

2260 5285 2480 5349 propter
2508 5253 2628 5333 eam
2672 5273 2994 5332 naturaliter
3017 5273 3181 5342 fiunt;
3223 5282 3278 5329 et
3297 5267 3532 5351 squidem
3555 5253 3775 5323 sensibili!

2312 5469 2333 5501 ⁸
2372 5467 2463 5523 Sic
2500 5464 2579 5528 F;
2623 5464 2710 5522 AC
2768 5463 3155 5521 intellectualis.
3259 5464 3280 5498 ³
3326 5462 3415 5519 Sic
3467 5455 3575 5521 CF;
3624 5449 3772 5528 Αηὲθ·

1977 5513 2281 5605 δ”ἒίἴῐῖὶιλς
2325 5513 2710 5593 {sanis-ig;
2771 5513 3197 5602 ’θ”ἒίἷῦῐιέξᾊ
3243 5513 3526 5605 introducit
3562 5513 3774 5605 cordi":

566 5585 747 5673 118111οέ
754 5595 803 5673 __'
834 5595 929 5673 Sic
1094 5599 1168 5673 Α
1184 5585 1365 5673 sensus
1395 5585 1575 5657 illius.
1608 5585 1670 5635 ﬂ":
1959 5606 2000 5661 Α
2030 5585 2684 5673 discernatfortiﬁed)er
2717 5585 2941 5663 visionis
2978 5585 3397 5663 Ιῆνιηῖιιξίνιέῶιξ⁷
3427 5585 3490 5635 “‘7'
3524 5585 3773 5673 φυένηέ

564 5681 676 5748 om.
707 5665 823 5748 CF.
893 5668 935 5705 “
966 5664 1058 5723 Sic
1084 5668 1199 5736 CF;
1233 5670 1273 5725 Α
1306 5672 1357 5725 in
1391 5675 1660 5748 nocturnis
1684 5664 2018 5748 quibusdam.
2100 5681 2143 5713 ³⁸
2173 5664 2361 5737 εξοΑἏ
2381 5664 2480 5734 ’(ΣΡ
2513 5678 2745 5747 specillo.
2825 5678 2869 5710 ¹³
2897 5678 3259 5748 hujuscemodi
3283 5691 3389 5732 om.

562 5737 607 5788 Δ
656 5747 720 5815 ςι⁸
747 5737 885 5815 [uisa
914 5754 1182 5815 veraﬂes‘se
1206 5748 1513 5815 approbant.
1593 5745 1639 5780 "
1687 5737 1759 5802 est
1800 5764 1908 5802 om.
1941 5749 2046 5803 (ΖΑ.
2126 5751 2176 5784 ⁸⁵
2213 5752 2303 5807 Sic
2337 5750 2453 5815 CF;
2487 5737 2651 5804 A'nr.

3419 5673 3460 5728 Α
3524 5647 3572 5702 is
3594 5647 3770 5728 sacci.

3442 5718 3771 5795 ἶεὸἰαιϐιῖς,Α

2739 5753 2779 5785 ⁸⁷
2815 5749 2905 5804 Sic
2942 5749 3058 5812 CF;
3089 5750 3129 5802 A
3162 5749 3363 5803 cohors.

1207 5789 1235 5794 __
1312 5789 1513 5798 ---π-,ν’
1687 5789 1759 5802 ν’,
1801 5789 1908 5802 νη..
1944 5789 2046 5803 υ...
2214 5789 2303 5807 un,
2339 5789 2398 5805 ιιι
2487 5789 2526 5804 ιι
2570 5789 2651 5803 nlo
2815 5789 2905 5804 υιιι
2944 5789 3008 5805 κιι
3045 5792 3058 5812 9
3089 5789 3129 5802 ι·
3162 5789 3363 5803 νν”““’¹*’
3466 5814 3477 5827 ,
3513 5789 3587 5795 τῇ
3696 5789 3701 5791 ’

561 5789 1087 5909 ινξιιιιίμίέεέᾶηῇξρζ
1126 5789 1462 5909 δὶἃξῐθςριὲ
1496 5814 1615 5909 si‘ne
1642 5816 1989 5909 ullo.errore.
2066 5821 2112 5853 ¹⁶
2143 5820 2237 5878 Sic
2267 5822 2381 5886 CF;
2429 5794 2575 5878 mens
2612 5839 2698 5875 om
3101 5819 3218 5909 C‘F;
3246 5789 3768 5909 profanttltemlom'b

650 5875 827 5909 :lnnng
855 5893 942 5909 nm
1301 5883 1348 5909 ἶΑ
1479 5901 1492 5909 .
1597 5887 1649 5909 ι..
1697 5891 1884 5909 --Α--ξ.,,
1921 5905 1997 5909 Ah,
2018 5907 2063 5909 ,_,
2192 5894 2237 5909 ιι
2274 5894 2290 5909 ι
2371 5903 2382 5909 -
2541 5894 2553 5909 ι
2655 5894 2701 5909 ιι

563 5873 614 5907 ’³
650 5873 827 5948 itaque
854 5893 964 5936 om.
995 5878 1102 5936 CF.
1179 5880 1228 5915 "
1256 5873 1493 5954 Sic’CF;
1525 5885 1570 5944 A
1596 5887 1650 5946 in
1677 5873 1886 5949 homine
1914 5873 2096 5950 tensus
2144 5873 2382 5950 mli—et
2409 5873 2575 5967 quod.
2620 5873 2703 5927 ﬁ“
2751 5873 2848 5950 Sic
2873 5889 2990 5959 CF;
3030 5873 3075 5946 Ᾰ
3105 5873 3173 5947 et.
3205 5873 3218 5886 ’
3246 5873 3292 5925 δ’
3324 5885 3372 5945 Α
3394 5895 3444 5943 et
3468 5876 3616 5955 (ιυοιισ
