4028 6282
277 259 390 323 785

1104 267 1193 327 DE
1230 272 1574 332 DlVlSlONE
1612 267 1968 331 NATURAE.
2002 301 2072 313 --
2111 267 2314 332 LIBER
2351 272 2700 346 QUARTUS.

3461 283 3566 342 780

277 387 506 452 propter
543 391 764 436 sensum
811 377 951 436 facta
979 421 995 449 ,
1047 397 1154 438 non
1206 393 1386 441 autem
1423 401 1614 443 sensus
1649 395 1871 458 propter
1898 387 1946 444 A
1975 383 2258 460 Scriptura
2288 391 2501 450 dicente
2531 413 2544 448 :
2579 392 2646 449 Et
2681 395 2815 450 dixit
2858 394 3000 452 Deus
3025 410 3046 450 :
3076 393 3364 454 Faciamus
3397 397 3567 456 homi-

277 471 594 538 sensibilia,
645 487 803 529 nemo
841 475 1142 545 sapientum
1193 479 1437 545 dubitat;
1489 477 1684 536 deinde
1733 478 1874 550 quod

275 579 411 619 vera
465 567 674 621 ratione
716 566 1068 638 praeponitur
1113 568 1375 640 dignitate
1425 578 1650 626 naturae
1675 609 1692 634 ,
1731 569 1872 640 quod

253 657 503 729 judicat,
529 659 601 728 ei,
625 661 768 732 quod
799 661 1092 732 judicatur.
1149 661 1354 720 Sensus
1391 677 1572 720 autem
1603 665 1668 720 de
1701 665 1873 720 sensi-

278 751 510 818 bdtbus,
547 767 652 809 non
692 768 822 809 vero
871 753 1147 810 sensibilia
1197 755 1265 811 de
1313 758 1562 812 sensibus
1603 757 1869 830 judicare,

275 844 412 899 nulh
445 853 671 900 naturas
701 859 880 901 rerum
916 861 1052 916 pure
1077 847 1372 917 speculanti
1413 857 1498 904 est
1539 849 1868 921 ambiguum.

277 932 397 991 Huc
423 935 650 1004 accedit,
683 937 824 1010 quod
857 953 1050 996 sensus
1095 956 1201 995 non
1239 940 1344 995 nisi
1373 942 1425 996 in
1457 941 1759 998 substantia
1793 940 1874 996 vi-

275 1027 398 1094 tali,
430 1029 484 1084 in
510 1045 614 1102 qua
643 1029 1120 1088 manifestissimus
1155 1040 1334 1089 motus
1360 1033 1500 1090 vitae
1531 1041 1631 1097 est,
1668 1033 1872 1088 consti-

272 1123 451 1176 tuitur
524 1123 798 1180 sensibllia
849 1141 1014 1191 vero,
1071 1126 1124 1181 in
1173 1137 1434 1198 quantum
1467 1142 1693 1200 corpora
1720 1137 1867 1191 sunt,

272 1213 534 1282 quoniam
569 1224 876 1272 extremum
907 1218 958 1272 in
983 1217 1252 1273 creaturis
1273 1219 1519 1275 obtinent
1549 1218 1744 1282 locum,
1770 1232 1870 1273 nec

271 1320 494 1374 semper
522 1315 726 1362 motum
764 1308 906 1365 vitae
945 1318 1135 1381 aperte
1181 1309 1578 1366 demonstrant.
1627 1307 1870 1364 Sensibi-

271 1393 408 1450 lium
440 1398 638 1469 quippe
663 1401 928 1472 quaedam
957 1411 1102 1469 sunt,
1131 1401 1188 1458 in
1225 1402 1422 1474 quibus
1449 1413 1539 1458 aut
1572 1401 1658 1457 vix
1687 1400 1870 1456 vitalis

271 1497 460 1545 motus
491 1500 734 1562 apparet,
759 1502 850 1547 aut
883 1492 1480 1564 nunquam.Postremo
1513 1493 1715 1550 nullum
1747 1511 1870 1550 sen-

269 1579 430 1636 sibile
460 1581 567 1638 vita
593 1594 698 1651 cst,
727 1587 976 1655 quamvis
1009 1595 1028 1629 ι
1062 1586 1171 1642 vita
1203 1587 1408 1643 moveri
1437 1587 1723 1642 videatur:
1749 1601 1871 1643 seu—

269 1690 395 1730 sum
423 1692 553 1731 vero
583 1693 689 1733 non
717 1681 890 1736 solmn
939 1679 1119 1738 virere
1143 1723 1158 1744 ,
1203 1696 1390 1738 verum
1423 1681 1588 1738 etiam
1619 1683 1872 1738 substan-

1979 499 2095 538 ncm
2115 485 2184 538 ad
2205 485 2482 557 imaginem
2511 495 2558 542 et
2582 486 2975 542 similitudinem
3013 500 3268 557 nostram,
3293 501 3339 548 et
3371 492 3568 561 praesit

1974 576 2201 646 piscibus
2233 579 2396 631 maris
2415 617 2430 642 ,
2463 589 2510 633 et
2540 578 2840 635 volatilibus
2871 581 3024 649 caeli,
3052 592 3098 637 et
3128 583 3321 650 bestiis,
3355 585 3566 642 univer-

1973 687 2162 742 saeque
2209 684 2522 740 creaturae,
2572 677 2814 748 omnique
2862 677 3032 748 reptili
3064 681 3204 750 quod
3247 691 3482 736 movetur
3507 679 3567 738 in

1973 773 2134 819 terra.
2173 763 2241 820 Et
2269 768 2458 822 creavit
2488 767 2626 823 Deus
2655 770 2912 824 hominem
2959 771 3029 824 ad
3075 772 3352 843 imaginem
3389 789 3563 841 suam,

1973 857 2044 911 ad
2078 858 2358 928 imaginem
2413 859 2510 916 Dei
2545 863 2736 916 crearit
2775 861 2945 916 illum.
3001 861 3100 919 Ubi
3149 865 3324 934 primo
3376 873 3568 920 notan-

1973 950 2099 1005 dum
2129 993 2144 1015 ,
2187 953 2329 1022 quod
2362 955 2414 1010 in
2447 956 2755 1011 conditione
2780 958 3019 1012 omnium
3047 999 3062 1024 ,
3113 974 3254 1027 quae
3297 959 3364 1014 ab
3409 958 3569 1016 initio

1971 1055 2258 1103 creaturae
2289 1049 2340 1103 in
2370 1050 2660 1120 praedictis
2697 1051 2936 1120 quinque
2975 1049 3427 1107 intellectualibus
3456 1051 3569 1108 die-

1973 1137 2072 1192 bus
2097 1148 2412 1202 narrantur,
2442 1139 2658 1195 divinae
2684 1151 2912 1196 naturae
2943 1141 3410 1210 superessentialis
3443 1141 3567 1198 uni-

1973 1237 2056 1284 tas
2085 1239 2133 1285 et
2168 1230 2451 1288 inel'labilis
2473 1231 2711 1289 Trinitas
2731 1236 2773 1300 ’⁸,
2801 1234 2904 1299 vel,
2936 1243 2994 1289 ttt
3022 1236 3098 1290 ait
3127 1244 3346 1291 sanctus
3370 1235 3568 1308 Diony-

1971 1323 2086 1379 sius
2114 1326 2458 1397 Areopagita,
2504 1343 2739 1382 summae
2778 1327 3026 1382 lumitatis
3058 1327 3354 1400 fecunditas
3380 1337 3570 1398 aperto

1971 1430 2078 1470 non
2101 1425 2181 1469 est
2201 1431 2476 1486 expressa.
2507 1416 2766 1484 Quamvis
2791 1418 2842 1472 in
2867 1433 2952 1480 eo,
2980 1419 3122 1490 quod
3148 1419 3406 1491 scriptum
3435 1426 3516 1475 est
3546 1433 3562 1473 :

1973 1503 2038 1560 In
2077 1505 2332 1577 principio
2375 1507 2494 1577 fecit
2539 1507 2677 1562 Deus
2716 1507 2917 1562 caelum
2946 1520 2992 1564 ct
3019 1519 3212 1564 terram
3236 1550 3252 1576 ,
3299 1509 3477 1566 Patris
3512 1517 3571 1566 et

1971 1593 2092 1651 Filii
2125 1611 2387 1667 personas
2419 1598 2716 1668 signiﬁcari
2747 1614 2851 1652 non
2895 1599 3186 1671 incongrue
3209 1599 3566 1668 intelligitur:

1974 1686 2074 1743 Dei
2105 1689 2321 1759 quidem
2352 1691 2615 1746 vocabulo
2642 1690 2822 1756 Pater,
2865 1693 3112 1761 principii
3147 1706 3275 1748 vero
3307 1691 3566 1758 Verbmn,

272 1768 390 1825 tiali
418 1773 594 1828 Tnesse
623 1773 766 1830 vitae
791 1779 832 1837 ',
869 1775 983 1846 ipsa
1016 1775 1174 1833 docet
1215 1786 1432 1832 natura.
1482 1776 1548 1832 Et
1577 1775 1872 1847 si.qnanti-
1901 1756 1948 1818 Β
1974 1789 2028 1836 et
2049 1756 2207 1853 paulo
2226 1795 2339 1854 post
2361 1781 2598 1853 Spiritus
2615 1791 2835 1838 sanctus
2856 1756 3236 1847 introducitur,
3253 1784 3340 1838 ubi
3362 1756 3566 1839 dictum

270 1874 359 1920 tas
387 1876 442 1921 et
465 1869 778 1940 magnitudo
805 1885 1098 1942 corporeae
1136 1871 1295 1928 molis
1323 1872 1376 1928 in
1404 1873 1570 1928 rebus
1595 1870 1868 1928 sensibili-

271 1958 374 2015 bus
402 1959 672 2028 laudatur,
724 1963 1044 2020 laudabilior
1072 1975 1156 2022 est
1196 1966 1312 2038 ipsa
1359 1967 1640 2037 quantitas
1668 1974 1722 2020 et
1753 1980 1868 2020 ma-

268 2052 498 2121 gnitudo
540 2055 795 2122 virtutis,
847 2073 988 2128 quae
1041 2059 1098 2115 in
1139 2058 1390 2116 sensibus
1431 2060 1720 2116 substituta
1761 2067 1864 2116 est.

268 2137 429 2205 Vide.
462 2160 660 2216 quanta
694 2147 778 2203 vis
805 2159 890 2205 est
917 2149 970 2204 in
998 2165 1159 2206 sensu
1184 2151 1464 2208 oculorum
1493 2151 1559 2206 ad
1587 2149 1866 2208 lustranda

271 2233 325 2290 in
361 2235 629 2295 inﬁnitum
673 2241 851 2298 lucida
893 2244 1088 2315 spatia,
1121 2245 1190 2300 ad
1233 2245 1548 2302 formandas
1597 2247 1650 2302 in
1697 2261 1756 2302 se
1787 2244 1866 2301 di-

267 2343 458 2386 versas
487 2341 541 2388 et
567 2331 995 2394 innumerabiles
1019 2339 1229 2410 species
1254 2355 1570 2410 corporum,
1599 2339 1864 2405 colorum,

269 2421 568 2492 ﬁgurarum
593 2466 609 2491 ,
645 2437 1063 2500 ceterorumque
1089 2473 1104 2497 ,
1147 2447 1375 2502 quorum
1420 2432 1736 2504 phantasiae
1770 2446 1871 2502 per

268 2514 416 2572 hunc.
441 2531 661 2576 sensum
697 2523 1016 2580 memoriam
1057 2524 1454 2598 ingrediuntur.
1501 2526 1641 2596 Quid
1665 2527 1733 2582 de
1752 2528 1866 2582 vir-

270 2615 388 2662 tute
415 2611 669 2667 audiendi
701 2613 884 2671 dices?
932 2613 1136 2672 Tantas
1173 2617 1373 2688 quippe
1402 2632 1562 2672 voces
1591 2617 1751 2674 simul
1781 2633 1868 2674 so-

265 2706 484 2768 nantes,
512 2715 568 2758 et
600 2703 738 2760 inter
767 2719 826 2760 se
854 2705 1230 2778 discrepantes
1253 2707 1413 2763 simul
1443 2717 1619 2778 potest
1648 2709 1868 2766 auditus

265 2788 321 2844 in
345 2791 582 2862 seipsum
606 2795 827 2854 haurire
847 2806 1012 2870 atque
1037 2799 1367 2857 discernere.
1395 2801 1450 2856 ln
1479 2801 1621 2857 lmnc
1648 2802 1866 2858 modum

263 2882 515 2954 quisquis
542 2886 778 2958 reliquos
805 2905 998 2948 sensus
1028 2891 1343 2963 inspexerit,
1371 2893 1649 2950 mirabiles
1681 2891 1868 2950 inetia-

263 2973 512 3047 bilesque
541 2995 730 3036 eorum
768 2982 994 3040 virtutes
1024 2985 1504 3056 contemplabitur.
1538 2985 1676 3042 Hinc
1705 2985 1867 3040 datur

263 3065 515 3138 intelligi,
541 3073 994 3142 quemadmodum
1015 3075 1388 3133 universitatis
1430 3077 1682 3134 conditae
1709 3075 1866 3132 intel-

261 3161 500 3234 ligibilcs
539 3167 807 3234 rationes,
857 3168 910 3224 in
942 3181 1206 3242 quantum
1257 3171 1479 3243 intelligi
1527 3179 1774 3242 possunt,
1809 3171 1860 3226 in

205 3285 212 3292 -
262 3255 502 3312 hominis
530 3258 804 3317 intellectu
835 3272 1054 3319 creatae
1079 3272 1224 3329 sunt,
1263 3264 1335 3320 ita
1359 3262 1600 3334 ejusdem
1647 3263 1866 3320 univer-

261 3349 444 3406 sitatis
475 3349 760 3408 sensibilcs
799 3354 1009 3424 species
1033 3363 1088 3410 et
1110 3356 1444 3427 quantitates
1469 3365 1524 3413 et
1550 3356 1860 3428 qualitates,

261 3445 320 3499 in
347 3455 610 3517 quantum
640 3447 827 3504 sentiri
858 3458 1104 3520 possunt,
1140 3451 1194 3507 in
1219 3451 1455 3507 lmmano
1481 3467 1645 3508 sensu
1677 3451 1862 3508 condi-

264 3539 434 3594 tionis
456 3555 587 3596 suae
611 3556 807 3597 causas
837 3543 1178 3601 constituunt
1205 3553 1369 3616 atque
1397 3545 1720 3602 snbsistunt.
1753 3543 1862 3601 Sed

257 3633 518 3702 quoniam
555 3632 668 3704 ipse
696 3649 889 3691 sensus
915 3651 1030 3704 non
1063 3635 1267 3692 homini
1299 3645 1529 3702 tantum,
1562 3637 1655 3694 sed
1685 3647 1742 3694 et
1771 3653 1863 3694 ce-

261 3723 397 3778 teris
416 3725 742 3783 animalibus
770 3727 1092 3783 naturaliter
1117 3727 1279 3794 inest,
1304 3739 1591 3800 propterea
1618 3738 1674 3785 et
1697 3729 1857 3786 aliam

256 3815 944 3887 patiturdistributionem.
972 3816 1254 3874 Tribuitur
1297 3821 1442 3876 enim
1475 3831 1532 3878 et
1577 3821 1860 3891 reptilibus

256 3909 432 3963 maris
464 3919 520 3965 et
566 3909 876 3968 volatilibus
921 3912 1056 3969 caeli
1100 3913 1288 3984 quinta
1317 3911 1338 3944 ³
1374 3913 1684 3985 prophetica
1723 3929 1858 3971 con-

257 4000 632 4072 templatione.
665 4001 774 4058 Nec
800 4003 1093 4075 immerito,
1122 4019 1244 4060 eum
1275 4014 1328 4060 et
1368 4005 1482 4078 ipse
1521 4020 1734 4073 sensus,
1763 4005 1855 4078 qui

254 4093 452 4163 quinto
481 4094 568 4150 die
597 4104 825 4153 naturae
861 4113 1043 4153 rertnn
1080 4097 1356 4162 inseritur,
1387 4097 1858 4170 quinqueperlitus

253 4187 350 4243 sit.
382 4187 638 4246 Terrenis
664 4205 879 4263 quoque
905 4191 1228 4246 animalibus
1258 4201 1411 4248 sexta
1438 4192 1526 4249 die
1549 4192 1853 4265 copulatur,

251 4293 320 4335 ea
352 4281 674 4348 intentione,
707 4291 768 4338 ut
795 4284 1008 4356 opinor,
1040 4285 1295 4356 quoniam
1329 4287 1440 4358 ipsa
1473 4287 1732 4360 majorem
1763 4303 1856 4346 co-

252 4375 568 4444 gnationem
595 4389 718 4432 cum
745 4376 982 4442 homine,
1013 4377 1106 4448 qui
1135 4387 1286 4434 sexta
1319 4377 1407 4434 die
1436 4377 1610 4436 factus
1637 4389 1742 4444 εει,
1776 4380 1854 4435 vi-

1969 1881 2053 1929 est
2079 1892 2092 1928 :
2120 1871 2186 1928 Et
2226 1873 2456 1945 Spiritus
2487 1873 2582 1928 Dei
2629 1875 2830 1947 fovebat
2863 1891 3062 1946 aquas;
3094 1891 3158 1929 ac
3186 1875 3267 1930 sic
3297 1874 3350 1929 in
3381 1873 3568 1930 condi-

1971 1969 2116 2024 tione
2137 1967 2561 2038 primordialium
2585 1984 2869 2025 causarum
2895 1979 3117 2024 sanctae
3140 1967 3422 2023 Trinitatis
3442 1981 3570 2022 sua-

1970 2061 2126 2116 detur
2169 2060 2490 2132 proprietas.
2545 2061 2601 2116 lu
2650 2059 3088 2131 processionibus
3125 2058 3289 2113 etiam
3329 2059 3566 2129 ipsarum

1969 2167 2130 2207 cmisa
2139 2167 2256 2206 rum
2280 2152 2332 2206 in
2355 2151 2556 2206 formas
2571 2161 2622 2208 et
2639 2151 2847 2223 species
2863 2165 2989 2205 suas
3000 2149 3226 2206 eandem
3239 2147 3566 2204 Trinitatem

1971 2242 2252 2315 Striptura
2304 2258 2734 2300 commemorare
2782 2241 3086 2314 inspicitur.
3145 2239 3306 2296 Verbi
3337 2237 3509 2311 gratia
3545 2254 3565 2294 :

1969 2337 2120 2394 Dixit
2161 2339 2305 2395 Dens
2333 2353 2352 2392 :
2385 2337 2512 2394 Fiat
2539 2339 2632 2394 tua:
2659 2381 2674 2404 ,
2725 2338 2815 2393 Dei
2849 2337 3068 2393 nomine
3098 2333 3346 2399 Patrem,
3390 2331 3568 2389 Verbo

1970 2440 2148 2486 autem
2200 2431 2485 2494 sensibili,
2530 2429 2670 2500 quod
2701 2439 2785 2484 est
2823 2429 2992 2493 dixit,
3030 2427 3364 2498 unigenitum
3391 2432 3448 2480 et
3475 2437 3570 2479 su-

1968 2523 2403 2594 perintelligibile
2422 2521 2541 2592 ejus
2559 2522 2816 2584 Verbum,
2843 2521 2894 2575 in
2923 2533 3034 2591 quo
3056 2528 3112 2574 et
3131 2533 3230 2590 per
3251 2515 3392 2588 quod
3415 2513 3566 2582 fecit,

1967 2632 2108 2688 quae
2123 2625 2269 2679 sunt,
2286 2615 2488 2672 omnia.
2515 2613 2614 2669 Ubi
2631 2629 2759 2669 vero
2775 2613 2926 2678 dicit,
2943 2613 2964 2644 '
2984 2629 2998 2666 :
3017 2609 3082 2666 Et
3100 2612 3226 2666 vidit
3245 2609 3383 2664 Deus
3397 2607 3569 2663 lucent

1965 2711 2092 2782 quia
2127 2709 2262 2764 bona
2283 2719 2380 2773 cst,
2425 2706 2686 2776 Spiritum
2729 2713 2978 2760 sanctum
3011 2702 3271 2758 insinuat.
3305 2699 3362 2756 ld
3388 2699 3564 2772 ipsum

1969 2804 2021 2858 in
2065 2801 2264 2856 ceteris
2306 2815 2520 2870 quoque
2555 2797 2748 2852 dielms
2793 2795 2953 2863 facit,
3004 2795 3328 2865 ubicumque
3371 2791 3564 2848 addit:

1968 2892 2036 2946 Et
2069 2891 2198 2946 cidit
2234 2891 2390 2945 Deus.
2424 2889 2570 2962 quod
2595 2899 2724 2942 esset
2750 2888 2963 2942 bonum.
2984 2885 3153 2942 Sexta
3165 2899 3296 2940 vero
3325 2883 3412 2938 die
3437 2883 3566 2938 dum

1965 2985 2128 3040 homo
2157 2984 2442 3040 (armatur.
2465 2990 2518 3036 et
2540 2981 2718 3036 unitas
2752 2979 2967 3035 divinae
2988 2986 3237 3042 naturae,
3259 2985 3317 3032 et
3348 2974 3566 3033 trinitas

1967 3077 2306 3149 apertissime
2351 3074 2733 3146 praedicatur:
2781 3072 2963 3128 unitas
2997 3070 3216 3143 quidem
3245 3067 3476 3125 dicendo
3511 3073 3565 3123 et

1966 3172 2060 3237 ait,
2097 3178 2152 3224 ut
2183 3169 2536 3223 snbaudiatur
2567 3167 2728 3232 Deus,
2778 3165 2862 3220 vel
2891 3166 2912 3196 ⁸
2938 3165 3079 3222 sicut
3121 3172 3306 3236 aperte
3333 3161 3566 3248 Septua-

1965 3266 2114 3339 ginta
2143 3263 2478 3334 interpretati
2508 3271 2664 3326 sunt,
2700 3272 2746 3316 et
2787 3261 2921 3316 dixit
2971 3259 3128 3326 Deus,
3162 3257 3352 3330 plurali
3378 3265 3562 3313 autem

1963 3359 2150 3424 verbo,
2177 3359 2318 3430 quod
2343 3367 2427 3414 est
2456 3357 2718 3429 faciamus
2735 3397 2750 3420 ,
2786 3365 2898 3411 tres
2927 3353 3262 3410 substantiae
3287 3351 3445 3407 unius
3472 3365 3564 3408 es-

1964 3451 2190 3515 sentiae,
2220 3449 2304 3504 vel
2341 3457 2394 3504 ut
2431 3448 2684 3504 usitatius
2717 3445 2894 3502 Latini
2925 3443 3132 3510 volunt,
3161 3451 3272 3499 tres
3297 3453 3564 3514 personae

1963 3547 2127 3602 unius
2168 3545 2505 3602 substantiae
2542 3541 2938 3614 exprimuntur.
2975 3535 3083 3593 Nec
3134 3533 3426 3592 immerito.
3454 3531 3562 3590 Ubi

1963 3643 2110 3699 enim
2153 3657 2333 3714 imago
2361 3639 2633 3701 conditur,
2663 3636 2735 3692 ibi
2767 3630 3068 3706 principale
3095 3627 3426 3701 exemplum,
3466 3641 3565 3684 cu-

1957 3733 2049 3806 jus
2093 3735 2271 3806 imago
2301 3741 2405 3790 est.
2455 3727 2796 3802 apertissime
2835 3725 3100 3796 aperitur.

2033 3823 2121 3878 Η.
2151 3821 2260 3878 Sed
2288 3819 2546 3891 quoniam
2577 3819 2756 3882 homo,
2781 3815 2908 3870 dum
2951 3813 2972 3847 ⁷
3003 3813 3076 3869 sit
3099 3827 3262 3878 unus,
3301 3807 3466 3866 veluti
3491 3820 3562 3866 ex

1962 3915 2147 3974 multis
2168 3913 2414 3986 partibus
2435 3909 2766 3980 compositus
2787 3917 2902 3974 est;
2929 3913 3144 3963 constat
3173 3905 3318 3960 enim
3344 3917 3413 3958 ex
3437 3915 3562 3958 cor-

1959 4023 2112 4082 pore,
2147 4009 2250 4064 hoc
2275 4013 2447 4062 estex
2477 4003 2705 4060 formata
2734 3998 2963 4056 materia
3003 3995 3247 4054 sensibili
3271 4003 3330 4053 et
3353 3994 3559 4060 anima,

1959 4107 2064 4164 hoc
2119 4111 2202 4160 est
2250 4116 2412 4158 sensu
2459 4107 2515 4156 et
2563 4095 2793 4157 ratione,
2845 4103 2901 4152 et
2950 4090 3248 4156 intellectu,
3299 4096 3356 4144 et
3405 4083 3560 4142 vitali

1959 4207 2108 4256 motu
2139 4213 2154 4253 :
2185 4193 2487 4269 quaeritur,
2529 4199 2712 4248 utrum
2747 4201 2844 4260 per
2871 4199 3063 4242 omnes
3105 4197 3232 4240 suas
3263 4187 3450 4253 partes
3488 4174 3562 4235 ad

1958 4289 2247 4362 imaginem
2307 4285 2399 4340 Dei
2429 4286 2593 4340 homo
2631 4281 2655 4313 "
2691 4279 2867 4337 factus
2901 4286 3009 4345 est,
3039 4293 3109 4334 an
3139 4273 3436 4332 secundum
3463 4283 3561 4329 eas

1958 4378 2318 4439 solummodo,
2350 4389 2490 4448 quae
2521 4374 2574 4430 in
2613 4387 2678 4429 eo
2713 4369 3028 4427 excelsioris
3053 4367 3138 4425 vel
3167 4363 3562 4423 excellentissi-

253 4469 458 4526 dentur
482 4471 704 4538 habere,
736 4488 898 4543 quam
929 4488 1070 4545 quae
1095 4472 1165 4529 de
1207 4490 1472 4546 aquarum
1506 4485 1696 4530 natura
1730 4491 1852 4548 pro.
1879 4491 1934 4552 ι)
1961 4489 2082 4530 mae
2107 4481 2334 4529 naturae
2361 4477 2510 4526 sunt.
2547 4467 2612 4522 Et
2645 4465 2776 4538 quid
2807 4463 2899 4520 tibi
2929 4462 3144 4519 videtur
3175 4461 3244 4517 de
3267 4459 3358 4516 tali
3391 4471 3561 4532 nego-

251 4565 419 4623 ducta
466 4576 610 4622 sunt.
668 4565 786 4638 Ipse
832 4567 1013 4638 itaque
1061 4567 1262 4634 homo,
1307 4567 1462 4638 cujus
1502 4569 1742 4624 conditio
1795 4569 1848 4625 in

251 4658 553 4730 praedictis
580 4659 794 4716 divinae
823 4660 1158 4731 operationis
1184 4660 1730 4731 c0ntemplationibus
1755 4676 1853 4732 per

251 4751 464 4822 singula
497 4751 718 4808 latenter
761 4753 1087 4818 insinuatur,
1120 4753 1374 4824 quoniam
1417 4753 1468 4809 in
1502 4753 1618 4825 ipso
1644 4765 1698 4810 et
1727 4770 1849 4810 cum

249 4842 372 4913 ipso
398 4844 676 4912 praedicta
704 4848 886 4902 omnia
935 4847 1150 4904 condita
1182 4859 1302 4903 sunt
1335 4888 1350 4912 ,
1401 4861 1505 4903 non
1545 4864 1642 4919 per
1670 4863 1852 4904 moras

252 4939 560 5008 temporum
589 4979 604 5003 ,
653 4941 748 4997 sed
791 4941 1134 4996 ordinatione
1180 4955 1466 4997 causarum
1515 4941 1568 4997 in
1622 4939 1850 5000 ell'ectus

250 5044 386 5085 suos
415 5033 768 5098 manantium,
804 5034 858 5090 in
909 5033 1012 5090 line
1059 5036 1226 5092 totius
1273 5036 1644 5092 universitatis
1677 5037 1850 5092 mani-

251 5119 393 5179 teste
421 5127 712 5193 immatur,
737 5127 953 5182 senaria
982 5127 1302 5198 repetitione
1323 5129 1676 5200 prophetieae
1700 5128 1848 5185 theo-

250 5217 367 5272 riae
395 5229 636 5288 peracta,
665 5227 724 5275 ut
751 5237 816 5278 eo
844 5234 1071 5275 numero
1101 5235 1208 5275 non
1247 5219 1420 5276 solum
1461 5221 1722 5290 perfectio
1749 5221 1850 5276 hu-

249 5323 450 5366 manae
499 5321 745 5392 naturae,
795 5327 984 5370 verum
1016 5312 1182 5369 etiam
1231 5314 1496 5378 omnium,
1545 5329 1685 5384 quae
1721 5325 1847 5372 ante

249 5400 428 5472 ipsam
455 5404 720 5476 explicata
753 5413 898 5474 sunt,
927 5406 982 5462 in
1029 5422 1096 5462 ea
1139 5405 1380 5477 conditio
1420 5405 1843 5478 signiﬁcaretur,

1962 4569 2057 4633 tio,
2089 4568 2132 4624 si
2163 4567 2315 4633 libet,
2337 4564 2597 4621 edissere.
2626 4559 2772 4618 Disc.
2799 4558 2873 4614 De
2897 4559 3000 4614 hac
3021 4555 3342 4630 quaestione
3365 4566 3558 4610 omnes

1957 4661 2074 4718 fere
2117 4673 2306 4716 sacrae
2351 4657 2667 4727 Scripturae
2709 4651 3048 4723 expositores
3091 4665 3198 4707 non
3245 4655 3446 4704 tacent.
3489 4644 3560 4704 Et

1957 4753 2190 4826 primum
2221 4749 2438 4822 quidem
2465 4746 2794 4803 unanimiter
2825 4743 3132 4816 perhibent,
3171 4742 3467 4806 hominem,
3497 4739 3556 4796 in

1959 4857 2221 4918 quantum
2269 4858 2467 4916 corpus
2513 4849 2636 4908 est,
2680 4839 2748 4897 ad
2797 4838 3086 4911 imaginem
3133 4837 3228 4894 Dei
3277 4852 3383 4892 non
3429 4847 3555 4891 esse

1959 4939 2196 5002 factum;
2231 4936 2373 4991 Deus
2399 4933 2598 5006 quippe
2627 4931 2980 5004 incorporeus
3015 4939 3131 4996 est,
3165 4927 3408 4998 nihilque
3431 4939 3556 4982 cor-

1956 5030 2258 5108 paralitatis
2279 5030 2328 5085 ei
2353 5029 2514 5094 inest,
2537 5027 2620 5082 vel
2644 5026 2863 5083 accidit.
2891 5023 3084 5082 Utrum
3107 5037 3238 5079 vero
3255 5019 3552 5078 secundum

1957 5124 2192 5180 animam
2209 5120 2256 5187 ⁹,
2273 5122 2378 5178 hoc
2389 5129 2475 5176 est
2496 5119 2791 5176 secundum
2807 5131 2998 5187 omnes
3013 5124 3214 5188 partes,
3234 5118 3374 5184 qua’e
3389 5109 3552 5168 intel-

1956 5215 2199 5290 liguntur
2226 5216 2280 5272 in
2311 5215 2514 5279 anima,
2543 5213 2610 5270 ad
2641 5213 2934 5284 imaginem
2965 5209 3058 5266 Dei
3083 5207 3332 5264 conditus
3351 5213 3456 5270 est,
3481 5219 3552 5261 an

1955 5312 2252 5371 secundum
2283 5307 2676 5382 praecellentes
2705 5302 3068 5368 solummodo,
3095 5297 3490 5357 studiosissime
3517 5311 3550 5353 α

1955 5403 2328 5478 spiritualibus
2370 5403 2508 5460 viris
2533 5407 2618 5458 est
2645 5397 2692 5433 ¹⁶
2717 5397 3023 5470 quaesitum
3041 5437 3058 5464 ,
3104 5403 3160 5453 et
3203 5394 3272 5450 ad
3299 5391 3402 5448 hoc
3427 5403 3550 5462 per-

1548 5543 1632 5602 VA
1641 5545 1801 5603 RIAE
1836 5543 2238 5608 LECTIONES.

319 5669 344 5712 ³
517 5675 648 5760 CF;_
683 5679 892 5760 {Vr/nia;
1019 5679 1110 5760 Sic
1134 5679 1286 5760 _CF;_
1423 5681 1840 5760 διέρειωιιξηιὶιξν
1866 5702 1998 5760 _csse
2043 5686 2246 5760 citant;
2323 5682 2350 5760 ξ
2385 5680 2479 5738 Sic
2520 5678 2607 5738 CF
2619 5697 2639 5760 ξ
2678 5682 2732 5760 _A
2769 5680 2825 5734 in
2863 5677 3085 5760 quinta;
3160 5675 3203 5760 ⁸.
3347 5669 3469 5760 ξ
3501 5669 3550 5760 ᾼ

245 5741 550 5828 plttrulittts.
627 5750 649 5784 ι
689 5741 780 5828 sui
809 5751 926 5828 cr;
957 5751 1002 5806 A
1033 5741 1286 5828 dicit“)
1317 5751 1416 5811 Sic
1444 5752 1562 5822 cr;
1608 5755 1683 5812 τοι
1711 5743 1821 5815 om.
1848 5741 2012 5816 AI“!
2043 5756 2133 5828 Sic
2159 5755 2288 5826 CF;
2324 5755 2370 5812 Α
2400 5771 2540 5811 cum.
2618 5741 2640 5786 ⁸
2667 5753 2824 5810 homo
2848 5741 2958 5812 o'm.
2999 5747 3106 5810 cr.
3178 5750 3204 5784 ο
3232 5745 3326 5804 Sic
3353 5742 3473 5814 cr;
3498 5741 3551 5804 Δ

248 5819 538 5876 secundum
575 5823 774 5881 omnia.
851 5823 896 5859 ⁸⁸
924 5834 1000 5882 est
1029 5837 1140 5883 om.
1171 5822 1280 5881 CF.
