4028 6282
494 320 597 379 787

1887 317 2169 379 ιοΑΝΝιδ
2208 318 2405 378 SCOTI

3686 321 3801 382 788

490 436 745 504 ventum,
784 441 903 494 non’
938 435 1071 495 alibi
1108 435 1214 493 nisi
1250 434 1547 494 secundum
1573 432 2085 493 excellentissimam
2113 439 2167 500 Α
2191 434 2488 507 Gregorius
2535 432 2807 507 Nyssaeus
2834 435 3033 494 asserit
3064 435 3119 492 in
3158 448 3410 494 sermone
3441 435 3507 494 de
3536 436 3797 509 imagine.

489 529 573 585 sui
613 537 854 600 partem,
886 528 1281 602 intelligibilem
1308 526 1597 595 videlicet,
1626 527 1863 585 divinam
1893 529 2086 600 imagi-

490 636 615 677 nem
640 622 894 694 exprimi.
917 624 1067 690 Quae
1096 638 1227 695 pars
1249 621 1416 678 veluti
1449 620 1715 679 triformis
1745 622 2084 694 intelligitur,

488 714 547 771 in
575 714 849 771 intellectu
874 715 1052 786 plane,
1084 726 1142 772 et
1173 715 1415 781 ratione,
1440 723 1497 772 et
1523 730 1686 771 sensu
1718 715 1986 783 interiori,
2019 717 2087 774 de

487 807 686 879 quibus
730 808 785 863 in
827 808 843 840 ¹
893 806 1269 879 superioribus
1306 806 1460 864 libris
1510 806 1677 862 multa
1711 806 1853 864 inter
1884 824 1982 865 nos
2011 808 2087 864 al-

488 906 700 954 ternata
728 908 873 954 sunt.
898 897 990 953 illa
1019 898 1282 970 siquidem
1325 900 1435 955 vita
1452 940 1468 967 ,
1492 915 1601 971 qua
1623 915 1823 972 corpus
1848 902 2083 958 admini-

488 998 691 1048 stratur
716 991 759 1056 ',
785 1000 842 1046 et
866 1006 971 1062 qua
1003 991 1185 1047 anima
1224 992 1459 1047 humana
1507 993 1800 1048 nutritivae
1834 1002 1889 1048 et
1914 994 2086 1049 aucti-

485 1098 587 1141 vae
622 1085 784 1151 vitae,
817 1101 957 1157 quae
991 1084 1178 1143 herbis
1204 1097 1262 1143 et
1284 1085 1571 1142 arboribus
1596 1086 1903 1157 specialiter
1929 1086 2086 1142 attri-

485 1174 619 1232 bula
664 1183 786 1243 est,
847 1177 1253 1234 communicare
1305 1178 1558 1246 videtur,
1617 1194 1814 1235 sensus
1864 1194 2085 1251 quoque

484 1267 727 1341 exterior
778 1276 838 1323 et
878 1268 1354 1339 quinquepertitus
1380 1309 1396 1336 ,
1450 1284 1560 1341 quo
1618 1270 2084 1327 irrationabilibus

483 1358 812 1416 animalibus
860 1360 1024 1416 homo
1064 1359 1460 1428 communicat,
1508 1361 1757 1431 quamvis
1795 1362 1861 1417 ad
1898 1371 2084 1434 partes

484 1450 700 1506 animae
743 1450 1014 1521 pertinere
1065 1451 1434 1523 intelligantur
1459 1453 1502 1521 ⁸,
1526 1454 1606 1509 eis
1634 1452 1655 1484 ⁸
1683 1462 1861 1510 tamen
1905 1455 2084 1512 inesse

482 1541 783 1614 imaginem,
821 1542 915 1599 Dei
957 1542 1110 1599 multi
1158 1545 1433 1615 sapientes
1476 1546 1766 1619 abnegant.
1810 1546 1918 1603 Sed
1953 1549 2081 1604 dum

483 1636 597 1708 ipsa
635 1637 775 1693 ratio
796 1639 1087 1695 humanam
1116 1639 1354 1695 animam
1385 1640 1693 1713 diligentius
1713 1642 2076 1714 conspicatur,

480 1728 915 1800 sirnplieissimae
951 1740 1179 1787 naturae
1218 1747 1339 1789 eam
1388 1734 1609 1803 reperit,
1663 1743 1941 1807 totamque
1981 1752 2079 1808 per

2265 526 2401 582 Hinc
2440 526 2599 583 datur
2629 526 2885 597 intelligi,
2916 536 3086 584 totam
3113 529 3351 585 animam
3379 528 3679 586 humanam
3724 532 3800 588 ad

2192 619 2486 691 imaginem
2510 620 2607 678 Dei
2632 619 2855 689 iactam,
2884 623 3010 694 quia
3044 631 3154 681 tota
3182 622 3486 680 intellectus
3509 632 3596 681 est
3629 624 3798 681 intel-

2189 710 2381 784 ligens,
2411 722 2521 771 tota
2551 715 2691 771 ratio
2719 715 3020 787 disputans,
3065 725 3177 773 tota
3206 733 3400 774 sensus
3438 718 3492 774 in
3538 719 3802 775 interiori

2189 820 2353 873 sensu
2404 814 2460 861 et
2505 807 2777 873 sentiens,
2831 816 2941 863 tota
2984 809 3094 865 vita
3142 818 3198 866 et
3231 808 3535 867 viviﬁcans.
3567 810 3804 868 Duobus

2189 906 2369 953 autem
2395 899 2570 955 modis
2609 900 2843 956 maxime
2882 900 3172 957 humanam
3217 902 3454 958 animam
3485 903 3556 959 ad
3600 902 3805 975 imagi-

2189 1003 2311 1043 nem
2346 989 2437 1045 Dei
2468 989 2662 1045 laetam
2691 992 3107 1063 cognoscimus:
3141 993 3317 1064 primo
3353 994 3599 1064 quidem,
3622 994 3802 1065 quod,

2188 1077 2332 1133 sicut
2371 1078 2516 1134 Deus
2556 1094 2656 1149 per
2701 1082 2883 1137 omnia
2923 1097 3063 1153 quae
3098 1091 3225 1138 sunt
3269 1082 3613 1152 dill‘unditur,
3666 1094 3724 1140 et
3768 1100 3807 1141 ι

2187 1170 2336 1227 nullo
2361 1186 2549 1227 eorum
2578 1181 2756 1243 potest
2777 1175 3187 1246 comprehendi,
3221 1175 3294 1229 ita
3326 1174 3371 1208 ¹⁸
3400 1177 3585 1231 anima
3621 1185 3803 1232 totum

2186 1262 2269 1318 sui
2296 1263 2541 1333 corporis
2564 1279 2827 1336 organum
2856 1274 3128 1336 penetrat,
3154 1266 3221 1321 ab
3241 1281 3305 1322 eo
3328 1275 3510 1321 tamen
3540 1265 3804 1323 concludi

2187 1370 2295 1411 non
2335 1356 2508 1423 valet;
2543 1357 2781 1413 secundo
2824 1373 2982 1422 vero,
3031 1360 3173 1429 quod
3218 1359 3687 1431 quemadmodum
3733 1360 3804 1416 de

2185 1447 2297 1502 Deo
2321 1448 2664 1518 praedicatur
2702 1448 3041 1509 solummodo
3070 1466 3211 1515 esse,
3244 1452 3389 1507 nullo
3417 1452 3580 1509 modo
3609 1462 3801 1509 autem

2184 1540 2443 1597 delinitur
2466 1542 2594 1611 quid
2629 1542 2729 1607 sit,
2759 1543 2832 1597 ita
2863 1542 2908 1582 ι’
2941 1544 3176 1599 humana
3206 1544 3386 1600 anima
3415 1547 3801 1602 tantummodo

2184 1633 2505 1705 intelligitur
2537 1650 2688 1700 esse,
2719 1636 2849 1706 quid
2881 1644 3058 1691 autem
3100 1638 3173 1692 sit
3200 1677 3214 1703 ,
3262 1652 3359 1693 nec
3390 1638 3482 1693 illa
3509 1639 3651 1710 ipsa,
3698 1654 3803 1697 nec

2145 1739 2158 1762 ο
2183 1723 2288 1778 alia
2317 1734 2568 1780 creatura
2609 1724 2879 1798 intelligit.
2910 1723 3061 1782 Sicut
3099 1726 3378 1797 praelatus
3413 1728 3721 1800 Gregorius
3745 1730 3803 1784 in

480 1828 653 1876 totum
693 1820 750 1876 in
793 1822 990 1893 seipsa,
1037 1832 1096 1887 et
1135 1823 1284 1880 nullo
1312 1825 1473 1882 modo
1504 1826 1557 1882 ia
1600 1826 1778 1898 aliqua
1811 1828 1893 1883 sui
1922 1839 2078 1900 parte
2106 1826 2161 1899 η
2184 1818 2470 1895 undecimp
2496 1818 2733 1891 capitulo
2763 1819 3023 1893 praedicti
3054 1822 3325 1878 sermonis
3362 1822 3430 1878 de
3453 1822 3700 1894 imagine
3728 1822 3799 1888 ",

480 1911 795 1968 dissimilem
820 1913 926 1979 sui,
956 1912 1042 1969 vel
1068 1911 1407 1983 inferiorem,
1433 1916 1519 1971 vel
1545 1918 1876 1988 superiorem
1901 1919 2079 1988 seipsa

477 2005 532 2060 in
559 2005 671 2061 ullo
697 2021 911 2074 eorum,
946 2022 1087 2078 quae
1112 2008 1169 2065 in
1202 2009 1317 2081 ipsa
1345 2012 1712 2069 essentialiter
1738 2029 1860 2071 esse
1889 2015 2083 2071 intelli-

476 2106 698 2168 guntur.
744 2097 893 2155 Tota
918 2099 1141 2172 quippe,
1192 2111 1253 2157 ut
1295 2105 1633 2173 praedictum
1671 2116 1755 2163 est
1794 2107 1838 2172 ⁸,
1882 2123 2081 2178 corpus

475 2201 634 2242 suum
666 2188 1028 2259 administrat,
1061 2192 1255 2258 nutrit,
1278 2204 1442 2264 auget
1466 2193 1489 2226 ⁸
1513 2211 1528 2261 ;
1555 2205 1667 2251 tota
1688 2196 1857 2253 sentit
1882 2197 1936 2252 in
1964 2211 2081 2252 sen-

474 2279 659 2346 sibus;
683 2290 792 2336 tota
808 2294 991 2337 rerum
1016 2283 1350 2341 sensibilium
1374 2287 1691 2356 pltantasias
1720 2290 1941 2359 recipit;
1968 2299 2079 2346 tota

475 2370 531 2426 in
562 2374 944 2429 oceursoribus
985 2376 1257 2442 numeris,
1286 2378 1380 2448 qui
1420 2379 1582 2450 primi
1611 2381 1929 2451 pltantasias
1955 2396 2078 2438 sen-

475 2463 714 2519 sibilium
744 2466 1070 2538 suscipiunt;
1111 2477 1218 2524 tota
1267 2470 1320 2526 in
1352 2473 1814 2544 progressoribus,
1842 2475 1938 2545 qui
1983 2490 2079 2532 eas

475 2551 855 2623 introducunt;
882 2565 994 2614 tota
1026 2560 1082 2614 in
1109 2560 1557 2628 recordabilibus,
1571 2564 1664 2634 qui
1691 2566 1911 2621 easdem
1926 2568 1947 2598 τ
1962 2582 2078 2623 me-

476 2647 686 2703 moriae
724 2651 1144 2719 commendant,
1198 2662 1312 2710 tota
1360 2654 1413 2711 iu
1469 2664 1581 2713 tota
1629 2660 1913 2726 memoria,
1960 2668 2075 2717 tota

474 2754 640 2817 super
670 2756 836 2804 totam
866 2754 1208 2819 memoriam,
1243 2754 1356 2810 sive
1385 2771 1566 2810 rerum
1593 2758 1933 2814 sensibilium
1961 2759 2075 2814 sive

474 2832 658 2891 rerum
688 2836 1131 2911 intelligibiliutn.
1159 2841 1244 2898 Ac
1272 2858 1372 2913 per
1398 2845 1501 2900 hoc
1528 2860 1636 2901 non
1668 2845 1812 2902 illius
1838 2848 2073 2917 partium

473 2926 795 2996 diversitas,
839 2930 887 2986 si
942 2941 1121 2989 tamen
1173 2944 1361 3004 partes
1410 2935 1464 2990 in
1516 2952 1578 2991 ea
1621 2952 1743 2993 esse
1781 2936 2073 2994 dicendum

472 3028 555 3078 eat
581 3021 626 3088 ⁸,
660 3024 756 3080 sed
804 3024 1331 3085 administrationum
1363 3045 1429 3087 ac
1455 3040 1698 3087 motuum
1726 3033 1962 3090 varietas
1991 3035 2074 3089 di-

471 3114 781 3184 gnoscitur;
812 3118 991 3174 motus
1014 3120 1211 3191 quippe
1256 3119 1373 3191 ejus
1413 3132 1596 3194 partes
1633 3122 1750 3194 ejus
1794 3134 1952 3191 sunt,
1978 3125 2070 3195 qui

2180 1926 2478 1982 corporeos
2507 1927 2702 1968 sensus
2730 1913 2798 1967 ab
2823 1914 2991 1968 animi
3019 1922 3211 1968 natura
3239 1915 3583 1981 discernens,
3614 1914 3800 1986 expla-

2180 2012 2277 2061 nat
2305 2004 2481 2073 ipsum
2525 2006 2801 2072 animum,
2834 2006 3439 2077 incompreliensibilem
3486 2006 3795 2065 aliirmans.

2182 2094 2324 2162 Quid
2370 2096 2532 2167 igitur
2560 2107 2668 2165 est,
2699 2098 2905 2171 inquit,
2935 2100 3143 2153 animus
3182 2100 3469 2154 secundum
3506 2102 3594 2154 sui
3634 2112 3795 2154 natu-

2180 2204 2317 2254 ram,
2337 2190 2427 2259 qui
2457 2204 2703 2243 sensuum
2737 2190 3012 2244 virtutibus
3036 2190 3261 2260 seipsum
3284 2190 3603 2261 impertitur,
3633 2201 3681 2243 et
3701 2207 3799 2258 per

2178 2281 2414 2353 singulas
2444 2283 2807 2338 convenienter
2830 2300 3034 2350 eorum,
3055 2300 3190 2353 quae
3225 2292 3365 2349 sunt,
3396 2283 3683 2336 scientiam
3715 2299 3799 2337 re-

2178 2375 2350 2447 cipit?
2380 2374 2520 2430 Nam
2561 2376 2685 2448 quia
2730 2376 2879 2430 aliud
2930 2377 3057 2447 quid
3085 2386 3292 2448 praeter
3329 2392 3513 2430 sensus
3544 2385 3649 2440 est,
3692 2389 3799 2428 non

2178 2469 2407 2527 arbitror
2446 2472 2743 2542 quempiam
2781 2472 3099 2541 sapientium
3141 2470 3401 2525 dubitare.
3456 2470 3521 2525 Si
3554 2471 3698 2524 enim
3741 2471 3797 2524 id

2176 2563 2350 2632 ipsum
2397 2576 2547 2628 esset,
2584 2563 2759 2619 sensui
2806 2564 2875 2617 ad
2905 2580 3066 2616 unum
3100 2565 3311 2617 onmin
3350 2562 3564 2618 haberet
3597 2579 3794 2617 secun-

2176 2651 2303 2709 dum
2329 2652 2374 2688 ⁸⁸
2409 2669 2617 2708 sensum
2643 2670 2858 2725 operum
2899 2655 3233 2720 societatem;
3282 2670 3341 2709 eo
3377 2653 3519 2725 quod
3567 2652 3798 2723 simple:

2175 2745 2385 2814 quidem
2411 2746 2519 2815 ipse
2565 2755 2661 2807 est,
2710 2744 2784 2799 nil
2809 2755 2984 2799 autent
3011 2746 3214 2814 varium
3245 2745 3298 2800 in
3328 2745 3517 2817 simpla
3543 2746 3588 2779 ¹⁹
3615 2744 3795 2800 cousi-

2179 2840 2418 2895 deratur.
2460 2834 2512 2890 Ν
2522 2851 2620 2890 unc
2644 2835 2690 2867 ⁸⁸
2722 2852 2842 2890 vero
2867 2834 3107 2891 omnibus
3149 2838 3466 2907 comparatis
3496 2835 3651 2890 aliud
3672 2838 3798 2908 qui-

2177 2929 2295 2985 dent
2315 2938 2514 2984 tactum
2543 2945 2677 2996 esse,
2704 2928 2853 2984 aliud
2879 2928 3155 3000 olfactum,
3180 2930 3299 2984 aliis
3322 2930 3572 2985 similiter
3592 2930 3797 3002 absque

2177 3023 2542 3078 communione
2565 3023 2633 3078 ad
2660 3039 2717 3078 se
2752 3024 2965 3078 invicem
2991 3025 3278 3096 dispositis,
3310 3024 3560 3096 quoniam
3591 3041 3797 3094 aequa-

2178 3114 2298 3175 liter
2328 3117 2608 3188 unicuique
2660 3127 2709 3172 et
2761 3117 3126 3173 convenienter
3164 3119 3343 3184 adest;
3402 3117 3630 3172 alterum
3657 3118 3795 3189 quid

471 3203 716 3261 (ἥνθτεθε
761 3205 1144 3279 intelligendas
1176 3210 1228 3265 in
1271 3212 1453 3268 anima
1489 3212 1713 3270 faciunt.
1743 3214 1864 3285 Ipsa
1902 3216 2075 3285 siqui-
2100 3206 2145 3270 C
2178 3218 2377 3280 oportet
2418 3210 2629 3264 omnino
2655 3210 2827 3280 ipsum
2853 3209 3092 3264 animum
3131 3218 3337 3279 praeter
3357 3224 3567 3264 sensum
3596 3206 3798 3261 substi-

471 3292 594 3349 dem
642 3295 695 3351 in
738 3297 915 3369 seipsa
961 3306 1072 3355 tota
1118 3300 1315 3372 ubique
1343 3311 1428 3359 est
1452 3313 1508 3360 et
1550 3304 1857 3371 individua;
1891 3316 2070 3364 motus

471 3396 654 3444 tamen
691 3389 880 3461 ipsius,
909 3406 1047 3462 quos
1073 3393 1235 3450 etiam
1268 3412 1523 3454 numeros
1551 3399 1816 3455 animales
1850 3409 2065 3468 vocant,

471 3477 598 3547 quia
642 3479 694 3533 in
722 3481 905 3535 anima
935 3489 1094 3549 sunt,
1121 3483 1350 3542 diversis
1385 3485 1835 3557 appellationibus
1864 3487 2067 3559 signiﬁ-

472 3568 688 3623 cantur.
711 3569 850 3624 Dum
871 3571 1019 3627 enim
1056 3572 1203 3630 circa
1230 3576 1250 3608 '
1270 3573 1585 3633 Creatorem
1613 3592 1806 3644 suum,
1833 3593 1995 3649 super
2024 3578 2066 3609 ¹⁰

470 3659 707 3730 seipsam
735 3662 777 3694 ¹¹
816 3668 875 3718 et
909 3676 1073 3735 super
1100 3665 1265 3723 totius
1302 3676 1586 3725 creaturae
1634 3670 2073 3742 ittlelligetttiam,

469 3750 891 3822 contemplativa
931 3763 1084 3815 motu
1126 3765 1395 3825 versatur,
1428 3758 1734 3815 intellectus
1774 3777 1871 3818 seu
1913 3776 2067 3818 mens

469 3859 566 3904 seu
612 3846 859 3916 animus;
909 3849 1037 3906 dum
1088 3852 1327 3908 rationes
1371 3868 1554 3910 rerum
1612 3854 1778 3911 veluti
1828 3857 2068 3913 secundo

469 3949 621 3999 metu
654 3940 890 3998 naturali
926 3944 1242 4017 investigat,
1278 3947 1454 4015 ratio;
1496 3948 1622 4004 dum
1653 3949 1860 4005 invenit
1891 3965 1985 4006 eas
2013 3959 2069 4006 et

469 4033 731 4092 discernit
759 4044 924 4109 atque
947 4036 1140 4095 delinit
1158 4080 1173 4107 ,
1199 4055 1394 4099 sensus
1440 4042 1695 4109 interior;
1729 4044 1853 4100 dum
1881 4060 2069 4105 rerum

467 4122 803 4182 sepsibilium
832 4128 1151 4200 phantasias
1178 4144 1277 4201 per
1306 4146 1508 4206 organa
1547 4134 1908 4205 corporalium
1939 4152 2067 4192 sen-

468 4212 627 4274 suum
675 4219 907 4292 recipit,
953 4237 1149 4281 sensus
1194 4226 1453 4291 exterior,
1506 4241 1613 4283 non
1656 4229 1800 4298 quod
1839 4229 1913 4311 sit_
1948 4229 2065 4300 ipse
2110 4276 2116 4282 .

467 4314 899 4373 antistant'ialiter
924 4332 1115 4376 sensus
1148 4321 1387 4377 exterior
1416 4321 1596 4380 anima
1615 4362 1632 4389 ,
1660 4322 1756 4379 sed
1783 4323 1924 4395 quod
1964 4339 2065 4396 per

467 4405 643 4480 ipsum
682 4408 865 4465 rerum
902 4411 1238 4467 sensibilium
1279 4411 1484 4471 formas
1522 4422 1580 4469 et
1620 4415 1831 4484 species
1854 4416 2059 4482 sentit;

468 4518 661 4576 magna
705 4502 853 4561 enim
886 4504 1189 4563 diﬁbre’utia
1229 4517 1317 4565 est
1347 4509 1487 4566 inter
1521 4520 1769 4568 naturam
1799 4511 2064 4583 simplicis

2173 3308 2318 3354 tuere
2355 3316 2448 3370 per
2471 3311 2739 3365 naturam,
2768 3317 2830 3355 ne
2854 3300 2969 3372 quis
2995 3298 3139 3354 varia
3170 3298 3509 3354 iutellectuali
3529 3297 3797 3370 simplici-

2173 3391 2267 3444 tati
2298 3392 2650 3447 commiscent.
2696 3391 2827 3458 Quis
2857 3391 3093 3463 cognovit
3136 3391 3372 3445 animum
3420 3389 3653 3455 Domini,
3709 3390 3793 3443 ait

2172 3483 2473 3553 Apostolus.
2524 3483 2635 3555 Ego
2678 3494 2854 3545 autem
2899 3495 3106 3556 praeter
3138 3470 3234 3539 hoc
3270 3484 3429 3539 dico:
3467 3485 3586 3557 quis
3625 3500 3792 3538 suum

2172 3579 2406 3633 animant
2429 3577 2720 3635 intellexit?
2750 3578 2959 3644 Dicant,
2989 3578 3079 3651 qui
3122 3577 3222 3633 Dei
3252 3588 3494 3632 naturam
3520 3577 3657 3631 inter
3684 3593 3781 3639 ea,

2170 3687 2306 3741 quae
2331 3671 2385 3725 in
2411 3687 2592 3726 eorum
2622 3669 3079 3745 comprehensione
3095 3680 3236 3738 sunt,
3261 3670 3483 3741 faciunt,
3507 3669 3553 3724 si
3579 3668 3793 3739 seipsos

2170 3760 2535 3819 intellexerunt
2560 3762 2629 3827 “,
2665 3762 2709 3817 si
2744 3762 2790 3794 "
2836 3760 2919 3815 sui
2970 3759 3134 3815 animi
3166 3770 3411 3814 naturam
3441 3775 3734 3830 cognovere
3766 3761 3795 3814 .’

2175 3853 2406 3911 Multum
2438 3855 2681 3925 fortassis
2703 3852 2750 3886 ”
2774 3853 3039 3925 partibilis
3072 3854 3291 3924 quidam
3311 3853 3358 3884 "
3385 3862 3481 3920 est,
3517 3851 3784 3907 multum-

2169 3966 2270 4020 que
2290 3949 2627 4019 compositus.
2661 3945 2730 4003 Et
2762 3946 3022 4020 quomodo
3050 3944 3400 4001 intellectuale
3426 3946 3480 4000 in
3517 3947 3794 4017 composi-

2169 4042 2308 4098 tione
2334 4053 2407 4097 est
2424 4041 2569 4098 hiut
2595 4042 2711 4115 quis
2738 4040 2924 4096 modus
2953 4049 3026 4096 est
3048 4040 3370 4095 diversorum
3391 4054 3633 4111 generum
3648 4055 3795 4094 con-

2171 4135 2456 4190 cretionis?
2488 4134 2594 4193 Sed
2617 4134 2837 4206 simplex
2860 4133 2910 4165 "
2934 4142 2982 4189 et
3011 4132 3409 4208 incompOsitus,
3433 4130 3695 4208 quomodo
3726 4132 3792 4189 in

2166 4224 2526 4297 multipliciter
2547 4226 2796 4298 partitam
2814 4224 3205 4299 sensualitatem
3223 4222 3490 4289 dividitur,
3506 4224 3791 4294 quomodo

2166 4316 2223 4370 in
2247 4314 2611 4387 singularitate
2627 4316 2844 4382 varium,
2868 4313 3127 4387 quomodo
3151 4313 3196 4346 ⁸⁸
3221 4312 3273 4369 in
3296 4314 3540 4368 varietate
3563 4328 3741 4366 unum
3762 4315 3795 4368 .’

2169 4406 2277 4462 Sed
2314 4424 2625 4479 cognoscens
2652 4423 2852 4473 eorum,
2899 4405 2963 4460 de
2987 4404 3177 4478 quibus
3207 4405 3499 4470 dubitatur,
3540 4401 3785 4458 solutio-

2168 4516 2307 4565 nem,
2345 4500 2402 4553 in
2432 4500 2599 4569 ipsam
2627 4498 2723 4553 Dei
2760 4514 2932 4577 vocem
2958 4497 3005 4529 "
3036 4514 3269 4555 recurro.
3298 4494 3581 4575 Faciamus
3600 4496 3789 4568 enim,

468 4595 657 4662 animi,
701 4604 758 4652 et
775 4597 1137 4668 corporalium
1184 4599 1662 4657 instrumentorum
1705 4580 2060 4673 multiplicem

2178 4591 2357 4664 inquit,
2406 4590 2668 4645 hominem
2718 4589 2788 4645 ad
2836 4590 3117 4662 imaginem
3149 4597 3196 4644 et
3245 4587 3635 4644 similitudinem
3677 4599 3789 4643 no‘

465 4682 817 4757 vaiietatem;
849 4689 974 4746 dum
1003 4706 1200 4762 corpus
1226 4692 1572 4749 administrat
1614 4693 1899 4750 nutriendo
1930 4693 2061 4750 illud

467 4789 525 4836 et
545 4780 810 4852 augendo,
841 4781 1022 4839 vitalis
1050 4792 1229 4839 motus
1259 4785 1459 4841 meruit
1499 4784 1799 4857 appellari,
1832 4784 1961 4841 dum
1990 4785 2064 4842 sit

467 4868 584 4943 ipsa
616 4870 1051 4943 simplicissime
1083 4874 1125 4906 “
1146 4882 1203 4931 et
1223 4875 1528 4931 individuae
1557 4884 1614 4930 et
1647 4875 1988 4947 impartibilis
2015 4875 2059 4907 "

466 4965 755 5035 essentiae,
785 4974 840 5023 et
870 4966 917 5000 “
947 4984 1048 5026 nec
1085 4970 1264 5027 minor
1283 4971 1337 5027 in
1361 4971 1660 5028 minoribus
1696 4972 1809 5028 suis
1843 4972 2056 5039 ciliciis,

465 5072 569 5116 nec
598 5058 770 5130 major
805 5059 861 5118 in
887 5060 1215 5133 majoribus,
1260 5079 1359 5120 nec
1401 5065 1639 5121 maxima
1680 5064 1735 5120 in
1781 5065 2056 5132 maximis,

465 5150 563 5210 add
592 5152 647 5210 in
673 5152 927 5213 Omnibus
964 5156 1182 5214 sibimet
1210 5156 1453 5229 aequalis
1479 5165 1581 5226 est,
1613 5167 1673 5214 ut
1713 5173 1941 5230 magnus
1971 5157 2060 5213 ille

2170 4696 2305 4740 tram
2332 4684 2406 4737 ’⁸.
2434 4682 2623 4755 Imago
2667 4683 2832 4739 donec
2873 4684 2928 4738 in
2956 4682 3101 4738 nullo
3131 4701 3332 4750 eorum,
3364 4699 3496 4754 quae
3536 4682 3588 4734 in
3612 4684 3789 4752 prin-

2170 4774 2328 4847 cipali
2378 4773 2745 4845 intelliguntur
2792 4772 3058 4845 exemplo,
3113 4772 3358 4843 deﬁciat,
3418 4769 3621 4843 proprie
3695 4782 3787 4827 est

2168 4869 2379 4939 imago;
2423 4866 2470 4920 si
2511 4882 2628 4920 vero
2670 4866 2726 4920 in
2780 4865 2955 4937 aliquo
2985 4882 3048 4920 ex
3089 4864 3435 4919 similitudine
3460 4862 3788 4934 principalis

2166 4958 2389 5031 exempli
2417 4959 2711 5023 excesserit,
2741 4957 2793 5011 in
2816 4956 2909 5012 illa
2931 4967 3078 5025 parte
3111 4958 3283 5029 imago
3316 4974 3418 5011 non
3438 4966 3530 5010 est.
3564 4950 3701 5009 Non
3728 4955 3784 4988 υ

2165 5067 2287 5124 ergo
2306 5051 2554 5120 quoniam
2582 5050 2635 5104 in
2662 5050 2765 5116 Itis,
2786 5054 2921 5122 quae
2945 5050 3082 5105 circa
3107 5051 3338 5105 divinum
3365 5049 3786 5105 considerantur

2167 5141 3053 5216 naturam,incomprehensibilitas
3093 5144 3349 5199 essentiae
3378 5143 3476 5211 es‘t,
3525 5156 3779 5200 necessa-
3824 5154 3851 5187 κ

1751 5304 2008 5365 VARIAE
2047 5303 2454 5363 LECTIONES.

545 5422 1021 5527 .‘.3';‘..32'..i;...'
1058 5380 1150 5527 sic
1189 5422 1231 5527 εξ

462 5494 787 5567 praedictum
813 5504 893 5567 est
908 5511 1003 5567 om
1030 5496 1133 5567 WA.

463 5564 574 5623 om.
604 5564 713 5621 AC.
789 5565 832 5599 ⁸⁸
863 5565 954 5623 Sic
980 5566 1087 5630 AF;
1117 5566 1158 5624 C
1195 5585 1285 5638 per
1322 5569 1578 5637 seipsum.

464 5652 588 5711 mage
612 5646 834 5711 naturae
857 5646 913 5692 et
933 5637 1260 5695 individuae.
1339 5639 1384 5711 Ψ
1423 5639 1512 5694 Sic
1544 5637 1651 5711 CF;
1694 5640 1735 5691 A
1760 5648 1812 5693 et
1836 5637 1891 5694 in
1930 5637 2168 5711 partibus
2199 5641 2484 5711 essentiae.

1747 5712 1792 5743 ⁸⁸
1826 5701 2113 5767 secundum
2142 5729 2252 5767 out.
2286 5711 2391 5767 CF.
2469 5709 2514 5742 ¹⁹
2546 5707 2637 5763 Sic
2659 5706 2780 5778 CF;
2810 5706 2861 5762 A
2884 5705 3182 5778 simplice._
3213 5704 3261 5778 '_°
3285 5701 3474 5778 Sic_CF_
3488 5719 3504 5769 ;
3532 5703 3584 5778 AA
3618 5702 3763 5778 Nec.

468 5707 701 5780 ffAtota
728 5710 987 5780 humana.
1062 5710 1104 5748 ιτ
1129 5710 1195 5763 de
1219 5710 1569 5780 imaginentur.
1604 5710 1668 5764 Α.

1660 5569 1699 5599 ¹¹
1739 5560 1781 5622 Ei
1812 5584 1974 5640 super
1993 5560 2225 5639 seipsam
2263 5568 2482 5623 attendit
2508 5567 2627 5640 et_(
2651 5564 2876 5640 attendit
2917 5579 3036 5640 om:
3063 5560 3199 5640 CF.)

1234 5422 1377 5493 F,;,A
1415 5402 1550 5493 falso
1578 5441 1720 5483 corr.
1757 5426 2205 5481 subministratur.
2284 5426 2305 5458 ³
2332 5424 2422 5481 Sic
2454 5422 2560 5492 CF;
2605 5421 2649 5478 Α
2691 5421 3035 5493 intelligatur.
3113 5417 3265 5493 ‘__Sic
3433 5416 3572 5493 A_e_i.
3710 5430 3774 5475 at

1258 5484 1347 5552 Sic
1372 5484 1479 5561 CF;
1513 5486 1555 5550 Ᾱ
1598 5508 1642 5550 et
1675 5507 1849 5565 auget.
1926 5498 1946 5529 ⁷
1991 5498 2081 5553 Sic
2120 5497 2227 5563 CF;
2266 5498 2473 5553 easdem
2514 5484 2624 5551 om.
2654 5494 2720 5549 Α.
2797 5484 2938 5565 “est
2968 5488 3216 5565 ωηερΙῆ
3280 5490 3317 5565 _’_
3346 5489 3438 5565 Sic
3458 5488 3772 5565 circa

3277 5560 3320 5592 “
3357 5562 3399 5614 Λ
3425 5561 3773 5631 simplicissi-

2564 5631 2684 5692 u"et
2714 5651 2823 5691 om.
2849 5634 2915 5689 Α.
2991 5634 3036 5667 ¹⁸
3060 5633 3153 5689 Sic
3181 5631 3299 5698 CF;
3337 5633 3377 5687 A
3409 5641 3519 5686 tota
3551 5632 3765 5689 anima.

463 5775 519 5852 ξξ
539 5777 585 5837 Α
610 5778 1000 5852 ituellexerint._
1054 5780 1100 5813 “
1124 5783 1170 5852 si
1200 5771 1348 5852 om:
1368 5780 1777 5852 CF._”VSicACF
1795 5798 1810 5848 ;
1842 5782 2082 5852 fortassis
2113 5798 2225 5839 om.
2264 5782 2330 5837 A.
2407 5779 2455 5814 ’⁸
2483 5780 2585 5852 Sig
2604 5776 2796 5852 ΟΕ;,ᾼ
2829 5771 3059 5847 quidem
3135 5775 3185 5812 ⁸⁸
3212 5774 3255 5832 F
3295 5776 3392 5832 sed
3425 5775 3475 5831 δέ
3501 5771 3762 5845 53mm“-

463 5839 514 5877 "
538 5848 799 5920 quomodo
826 5864 939 5906 om.
974 5849 1042 5907 A.
1116 5850 1160 5885 "
1182 5850 1228 5909 Α
1264 5867 1437 5909 vocem
1465 5850 1585 5909 Dei.
1607 5917 1621 5930 υ
1662 5850 1708 5887 ⁸⁸
1737 5839 1968 5910 ηόδὶνιωη
1997 5871 2107 5913 om.
2139 5855 2246 5912 Cl".
2323 5856 2367 5928 ξ’
2389 5851 2481 5910 Sic
2500 5848 2620 5920 CF;
2653 5839 2932 5909 A'Non'ne.
