4028 6282
188 251 348 324 789

1010 259 1097 316 DE
1136 255 1478 316 DlVlSlONE
1517 250 1869 313 NATUBAE.
1900 250 1982 296 ’-
2007 252 2602 330 ΙιΙΒΕΒζΟιἸΑΙὶΤΗΒ.

3379 258 3483 316 790

186 357 330 437 rium
376 386 497 447 erit,
530 393 672 444 eum,
702 375 790 448 qui
835 375 1055 431 sortitur
1076 376 1378 448 imaginem,
1431 357 1632 429 omnem
1666 379 1683 409 ι
1719 371 1786 424 ad
1893 369 2130 439 capulum
2161 381 2210 425 et
2239 373 2656 437 similitudinem,
2687 391 2821 444 quae
2860 375 2929 429 ad
2953 374 3090 430 illud
3117 384 3211 442 est,
3243 357 3478 449 efficitur,

184 469 479 542 principale
501 467 792 538 exentplum
813 466 1156 522 imitationem
1186 465 1408 544 haberei
1423 463 1481 519 Si
1497 463 1633 519 enim
1657 463 1785 517 ima-

183 561 330 633 ginis
382 569 574 614 natura
614 557 903 630 principale
963 557 1258 628 exemplum
1299 555 1780 626 comprehenderit,

185 669 349 724 super
373 653 394 684 ¹
424 651 934 722 comprehensionem
979 653 1109 718 erit;
1141 651 1186 705 si
1211 652 1556 706 contrarietas
1578 665 1781 715 eorum,

181 731 326 817 quae
348 746 770 808 considerantur,
809 744 1099 810 invenitur,
1129 745 1269 813 quod
1299 751 1497 812 oportet
1526 743 1567 808 ³,
1602 759 1784 812 pecca-

185 848 302 893 tum
332 839 576 908 imaginis
619 839 1034 904 reprehenditur.
1068 837 1334 905 Quoniam
1363 855 1482 892 vero
1511 829 1781 891 scientiam

183 929 324 999 fugit
362 929 476 1000 ipsa
507 931 674 985 nostri
721 931 885 985 animi
933 929 954 960 ⁶
985 940 1202 996 natura,
1233 947 1367 1001 quae
1392 937 1466 984 est
1496 930 1782 984 secundum

181 1019 468 1089 imaginem
498 1021 806 1087 conditaris,
832 1021 1132 1094 diligentem
1163 1023 1232 1078 ad
1263 1023 1341 1088 id,
1370 1024 1509 1094 quod
1535 1024 1582 1076 ei
1603 1039 1784 1093 super-

178 1111 422 1180 ponitur,
444 1111 595 1166 habet
617 1112 1017 1169 similitudinem
1049 1132 1130 1181 eo,
1158 1115 1297 1186 quod
1325 1116 1610 1173 secundum
1641 1116 1780 1186 seip-

178 1217 299 1260 sam
322 1213 396 1258 est
420 1205 738 1275 incognitus,
766 1207 1332 1273 incomprehensibilem
1363 1217 1607 1264 naturam
1653 1208 1782 1263 cha-

180 1296 526 1351 racterizans.
557 1297 701 1352 Idem
730 1299 784 1353 in
811 1300 968 1355 tertio
994 1301 1204 1356 decimo
1226 1301 1463 1371 capitulo
1483 1320 1496 1357 :
1518 1300 1781 1366 Quoniam

175 1386 588 1456 pulcherrimum
616 1390 846 1448 omnium
875 1402 924 1446 et
943 1391 1430 1448 excellentissimum
1461 1395 1652 1448 bonum
1675 1394 1782 1463 ipse

181 1475 325 1532 Deus
349 1489 446 1545 est,
479 1479 548 1534 ad
558 1493 721 1550 quem
753 1483 930 1537 omnia
966 1484 1270 1553 respiciunt,
1298 1501 1638 1556 quaecunque
1660 1485 1781 1539 boui

177 1571 370 1627 habent
391 1573 710 1628 desiderium
737 1592 754 1629 :
781 1585 1052 1645 propterea
1075 1576 1298 1630 dicimus
1322 1577 1478 1631 etiam
1499 1579 1733 1632 animant
1756 1576 1778 1608 ⁸

175 1665 254 1720 sic
286 1666 306 1697 ⁸
332 1666 402 1720 ad
451 1669 729 1738 imaginem
759 1668 1130 1738 formosissimi
1173 1670 1395 1740 factum,
1427 1681 1681 1742 quatenus
1708 1670 1778 1725 ad

1889 477 2070 530 expers
2111 463 2230 516 boni
2276 464 2486 518 omnino
2511 473 2605 518 est.
2653 463 2714 519 Si
2738 480 2858 535 ergo
2893 465 3055 521 unum
3085 469 3296 539 quidem
3319 469 3488 541 juxta

1887 552 2273 607 consideratam
2315 554 2570 608 rationem
2617 553 2807 609 bonum
2853 567 2927 612 est
2957 557 3022 622 ",
3055 559 3194 630 quod
3240 576 3355 616 rere
3383 553 3490 628 est,

1888 643 2097 700 animus
2126 654 2302 701 autem
2329 645 2398 700 ad
2434 646 2714 718 imaginem
2755 649 2874 703 boni
2907 649 3078 718 factus
3099 651 3169 716 “,
3190 653 3347 706 etiam
3375 651 3486 725 ipse

1885 737 2036 793 habet
2084 739 2248 794 bonus
2297 758 2438 806 esse;
2483 752 2676 797 natura
2724 759 2845 797 vero
2890 745 3126 814 corporis
3153 746 3376 819 ",quae
3419 747 3488 802 ab

1887 833 2064 887 animo
2089 835 2404 898 continetur,
2425 834 2579 889 veluti
2603 836 2859 906 quaedam
2901 837 3348 909 imagoimoginis
3387 849 3483 897 est.

1887 923 1973 982 Ex
1984 925 2066 980 his
2082 926 2372 981 ostenditur
2388 927 2451 992 ’⁸,
2469 928 2594 998 quia
2615 928 2888 983 materiale
2899 941 3136 986 nostrum
3151 934 3492 989 constituitur

1884 1018 2092 1086 quidem
2140 1029 2187 1073 et
2233 1021 2710 1090 comprehenditur,
2743 1038 2861 1093 cum
2917 1038 2984 1078 ea:
3033 1033 3226 1078 natura
3252 1025 3420 1079 animi
3439 1023 3484 1061 ιτ

1886 1111 2320 1180 administratur;
2345 1115 2564 1171 solvitur
2588 1131 2707 1170 vero
2750 1117 2940 1171 iterum
2974 1126 3020 1172 et
3048 1117 3260 1182 decidit,
3291 1109 3410 1172 cum
3455 1120 3492 1173 a'

1886 1207 2178 1260 continente
2205 1208 2383 1262 animo
2413 1218 2461 1262 et
2506 1208 2966 1278 comprehendente
2994 1218 3298 1278 separatur,
3344 1216 3394 1264 et
3423 1199 3490 1263 at:

1885 1302 1999 1368 ipsa
2027 1301 2096 1354 ad
2120 1301 2310 1356 bonum
2334 1301 2777 1358 cannaturalitate
2799 1300 3134 1374 dispergitur.
3168 1299 3284 1357 Hoc
3313 1310 3492 1358 autem

1886 1408 1989 1447 non
2021 1393 2176 1447 aliter
2205 1395 2444 1465 efficitur,
2467 1410 2628 1465 quam
2659 1411 2778 1448 cum
2817 1404 3042 1448 naturae
3063 1393 3130 1447 ad
3159 1393 3494 1448 contrarium

1884 1486 1941 1555 fit
1985 1488 2275 1553 conversio,
2305 1487 2428 1542 dum
2457 1488 2774 1542 desiderium
2810 1503 2914 1541 non
2937 1488 3006 1541 ad
3047 1487 3263 1552 bonum,
3298 1485 3390 1541 sed
3417 1483 3488 1539 ad

1883 1577 1959 1640 id,
1985 1579 2124 1647 quod
2145 1577 2423 1647 formantis
2445 1579 2660 1650 indiget,
2685 1579 2940 1632 intuetur.
2970 1576 3194 1634 Necesse
3218 1587 3293 1634 est
3323 1579 3483 1646 enim,

1884 1684 2087 1724 onmem
2110 1671 2384 1725 materiam
2398 1687 2490 1741 per
2509 1680 2788 1741 egestatem
2805 1670 3050 1742 propriae
3077 1671 3280 1740 formae
3304 1671 3372 1725 ad
3387 1668 3490 1724 ali-

174 1756 466 1828 principale
480 1759 771 1829 exemplum
793 1760 1190 1816 similitudinem
1219 1739 1570 1834 participarit,
1613 1780 1781 1834 quan-
1810 1739 1857 1801 Β
1885 1762 2013 1832 quid
2029 1763 2358 1818 inhonestum
2377 1739 2438 1818 ac
2455 1739 2687 1834 deforme
2701 1739 3060 1817 simulandum
3077 1739 3483 1832 conformari”.

177 1858 289 1904 tum
321 1851 528 1922 quidem
574 1853 746 1922 ipsum
791 1854 845 1908 in
878 1853 1014 1909 bono
1059 1855 1176 1910 licet
1203 1871 1525 1926 permanere.
1577 1856 1635 1912 Si
1666 1875 1782 1914 vero

173 1942 563 2011 quodammodo
589 1954 740 1998 eatra
764 1946 860 2001 hoc
890 1947 1083 2016 fuerit,
1111 1947 1502 2018 pulchritudine
1531 1949 1696 2015 illius,
1725 1953 1781 2006 in

175 2051 282 2104 quo
308 2043 444 2100 erat,
475 2035 795 2092 denudatur.
830 2036 917 2093 Sic
941 2040 1150 2110 quidem
1179 2041 1402 2096 dicimus
1433 2041 1780 2098 similitudine

173 2126 486 2198 principalis
505 2131 728 2200 exempli
759 2131 1171 2201 pulchritudinis
1201 2135 1436 2188 animum
1470 2135 1669 2201 ornari,
1700 2151 1782 2189 ve-

174 2215 274 2270 luti
295 2217 562 2287 quoddam
597 2221 867 2288 speculum
895 2223 1199 2277 charactere
1235 2226 1540 2294 apparentis
1563 2226 1617 2280 in
1672 2243 1731 2280 eo
1753 2226 1774 2258 "

175 2306 466 2375 formatum
494 2326 512 2365 :
537 2311 698 2380 juxta
727 2313 947 2377 eandem
976 2313 1280 2387 analogiam
1314 2320 1472 2372 etiam
1495 2319 1516 2349 ⁸
1553 2319 1780 2374 admini-

173 2409 399 2456 stratam
441 2420 474 2457 a
519 2421 574 2459 se
623 2417 868 2460 naturam
918 2409 1108 2463 habere
1157 2411 1393 2464 animum
1431 2413 1774 2479 arbitramur,

172 2494 682 2568 pulchritudineque,
710 2515 847 2571 quae
874 2502 939 2556 ab
963 2502 1054 2557 illo
1077 2513 1174 2570 est,
1202 2504 1369 2574 ipsum
1392 2507 1776 2571 ornari,_veluti

171 2587 439 2652 quoddam
463 2592 660 2662 speculi
684 2593 952 2663 speculum
999 2598 1216 2666 factam,
1247 2602 1512 2672 tenerique
1534 2601 1598 2656 ab
1622 2604 1732 2673 ipso
1752 2603 1774 2635 ⁹

171 2685 219 2730 et
251 2681 619 2748 comprehendi
639 2684 920 2747 materiale
951 2688 1300 2746 substantiale
1326 2691 1389 2754 ιθ,
1423 2693 1520 2745 hoc
1541 2704 1639 2757 est,
1662 2709 1774 2748 ma-

171 2768 408 2832 terialem
432 2772 800 2840 substantiam,
824 2777 964 2831 circa
987 2796 1147 2849 quam
1163 2781 1530 2836 consideratur
1557 2793 1770 2839 natura.

169 2859 283 2917 Hoc
306 2875 485 2920 autem
512 2875 801 2938 propterea
827 2870 977 2936 dicit,
1004 2874 1148 2942 quod
1177 2874 1320 2930 circa
1347 2876 1629 2931 materiam
1649 2891 1774 2946 pro-

165 2955 286 3024 prie
312 2955 598 3028 inspicitur
623 2961 665 2992 “
699 2972 912 3029 natura,
948 2965 1073 3034 quia
1109 2975 1284 3037 natat,
1308 2966 1482 3023 donec
1517 2968 1770 3036 formam,

164 3061 278 3114 qua
299 3047 713 3119 stabilitetur",
742 3057 968 3109 materia
997 3055 1256 3111 inveniat.
1286 3056 1347 3113 Si
1373 3074 1494 3128 ergo
1522 3058 1766 3125 habetur,

1887 1857 1953 1911 Et
1985 1857 2143 1926 paulo
2179 1866 2298 1927 post
2331 1875 2345 1912 :
2377 1857 2453 1911 Ac
2493 1874 2586 1927 per
2625 1858 2723 1912 hoc
2773 1873 3088 1928 consequens
3116 1853 3484 1926 contemplatio

1887 1949 2079 2002 rationi
2102 1950 2361 2012 occurrit,
2389 1965 2481 2018 per
2505 1965 2663 2021 quant
2685 1949 2958 2014 discimus,
2999 1948 3056 2002 in
3095 1947 3327 2002 humana
3364 1961 3487 2002 con-

1884 2039 2112 2094 cretione
2152 2057 2182 2092 a
2215 2038 2326 2092 Deo
2357 2039 2567 2109 quidem
2604 2040 2838 2094 animum
2869 2037 3266 2103 administrari,
3296 2037 3360 2091 ab
3392 2034 3484 2091 illo

1883 2141 2059 2186 autem
2100 2132 2429 2187 materialem
2470 2143 2707 2188 nostram
2755 2135 2912 2188 vitam
2943 2175 2957 2198 ,
2993 2134 3119 2187 dum
3157 2133 3212 2186 in
3251 2135 3440 2188 natura
3465 2171 3481 2200 ,

1881 2224 1978 2276 hoc
2019 2233 2126 2290 est,
2181 2224 2236 2280 in
2273 2223 2505 2294 imagine
2543 2223 2709 2278 animi
2744 2233 2962 2289 manet;
3003 2225 3049 2278 si
3086 2231 3263 2278 autem
3300 2237 3484 2277 aversa

1880 2317 2043 2386 fuerit
2093 2333 2124 2370 a
2170 2326 2396 2380 natura,
2447 2315 2603 2370 etiam
2635 2315 2700 2370 ab
2750 2315 2886 2385 ipsa,
2926 2330 3065 2386 quae
3106 2320 3181 2369 est
3222 2330 3316 2384 per
3362 2313 3483 2367 ani-

1879 2426 2053 2475 mum,
2079 2410 2379 2480 operatione
2405 2408 2651 2464 alienari.
2698 2408 2935 2464 Proinde
2974 2408 3021 2463 si
3061 2407 3183 2476 quis
3220 2403 3484 2476 praedicti

1882 2501 2114 2572 theologi
2144 2500 2308 2557 verba
2357 2500 2616 2555 intentius
2661 2498 2706 2530 ²⁹
2753 2497 3126 2569 perspexerit,
3171 2513 3269 2568 per
3308 2505 3482 2552 totum

1879 2593 2146 2650 sermonis
2172 2594 2238 2649 de
2267 2592 2503 2664 imagine
2531 2601 2736 2648 textum
2768 2591 3008 2646 inveniet
3033 2589 3484 2646 constitutionem-

1879 2687 2046 2741 totius
2079 2685 2316 2740 hominis
2337 2684 2390 2738 in
2415 2684 2592 2740 tribus
2616 2682 2963 2754 quibusdam,
2989 2681 3187 2752 quibus
3211 2679 3479 2736 naturalis

1877 2777 2011 2830 ordo
2032 2776 2341 2831 contexitur
2364 2774 2430 2840 3°,
2456 2775 2623 2831 veluti
2663 2773 2982 2845 compositis
3022 2779 3376 2829 concretam:
3418 2771 3474 2825 in

1875 2869 2060 2924 animo
2085 2867 2360 2934 videlicet,
2385 2876 2440 2923 et
2465 2867 2617 2923 vitali
2646 2875 2820 2930 motu,
2853 2881 3012 2938 quem
3046 2865 3160 2936 ipse
3186 2861 3478 2933 aliquando

1875 2961 2112 3018 ﬂuxilem
2136 3003 2151 3029 ,
2183 2960 2476 3033 aliquando
2521 2959 2859 3016 materialem
2906 2959 3075 3014 vitam
3120 2956 3380 3028 appellat,
3417 2963 3475 3012 et

1877 3054 1932 3108 in
1962 3053 2004 3087 ³⁸
2037 3054 2262 3110 materia
2299 3053 2532 3110 formata
2561 3053 2627 3118 δ’,
2660 3053 2732 3108 ita
2761 3061 2820 3108 ut
2846 3060 2989 3107 totus
3011 3051 3174 3106 homo
3198 3049 3402 3113 animo,
3425 3045 3483 3104 et

162 3135 346 3223 inquit
365 3138 514 3205 *’,ab
536 3140 701 3197 altera
724 3143 1077 3217 alterum,per
1097 3149 1272 3203 omnia
1297 3151 1778 3207 corratiouabiliter
1807 3134 1852 3198 C
1882 3147 2150 3214 materiali
2173 3148 2283 3202 vita
2303 3188 2318 3213 ,
2347 3155 2402 3202 et
2434 3147 2548 3216 ipsa
2577 3146 2805 3201 materia
2833 3154 3087 3200 constare
3116 3141 3474 3212 intelligatur.

162 3229 280 3300 ipsa
314 3233 416 3287 ueri
445 3232 566 3289 boni
597 3237 818 3292 societas
845 3237 1069 3294 deducta
1093 3241 1134 3271 “
1150 3258 1242 3310 per
1263 3242 1342 3310 id,
1363 3244 1502 3314 quod
1525 3246 1775 3316 supponi-

161 3331 270 3385 tur,
304 3323 382 3389 id,
411 3326 550 3396 quod
577 3343 914 3398 consequens,
941 3331 1248 3401 formificat,
1271 3334 1369 3390 hoc
1398 3345 1490 3399 est,
1526 3353 1620 3407 per
1649 3338 1770 3393 ani-

160 3431 310 3469 mant
336 3415 380 3450 ¹³
409 3419 682 3474 materiam
726 3422 943 3492 format.
999 3424 1130 3479 Cum
1183 3443 1300 3483 vero
1345 3429 1564 3499 efficitur
1607 3431 1768 3502 hujus

161 3509 393 3577 optimae
415 3513 874 3570 connaturalitatis
905 3515 1162 3586 dispersio
1182 3558 1197 3584 ,
1230 3528 1279 3574 et
1322 3520 1391 3574 ad
1421 3523 1764 3588 contrarium,

157 3602 305 3668 quod
345 3606 586 3674 superius
629 3616 724 3672 est.
755 3608 976 3678 inferius
1004 3609 1120 3679 fiat,
1154 3620 1278 3666 tunc
1314 3612 1479 3682 ipsius
1517 3617 1768 3670 materiae

159 3694 429 3752 desolatae
475 3711 540 3754 ea:
568 3709 780 3770 natura,
812 3702 908 3757 Itoc
943 3713 1018 3759 est
1070 3705 1306 3760 naturali
1353 3706 1537 3761 ordine
1579 3709 1766 3764 redar-

158 3788 407 3858 guitur“
439 3791 770 3862 deformitas.
821 3795 1087 3866 Deformis
1115 3797 1159 3830 ¹⁷
1197 3799 1336 3853 enim
1379 3815 1458 3854 res
1503 3801 1764 3871 quaedam

158 3890 238 3935 est
267 3898 360 3951 per
383 3884 608 3953 seipsum
637 3889 864 3942 materia
896 3889 1082 3945 ordine
1128 3900 1354 3946 naturae
1392 3901 1595 3947 mutato
1619 3893 1682 3956 ³⁸,
1715 3901 1763 3947 et

157 3971 331 4042 ipsius
382 3973 666 4045 deformati
717 3982 1176 4049 concorruntpitur
1231 3981 1273 4014 ⁸⁸
1303 3981 1638 4053 pulchritudo
1665 4001 1763 4039 na—

156 4071 334 4130 turae,
361 4065 417 4119 in
440 4082 544 4136 qua
588 4085 680 4139 per
712 4070 948 4126 animum
976 4071 1258 4142 formatur,
1289 4091 1352 4129 ac
1381 4075 1456 4128 sic
1494 4076 1548 4129 in
1589 4075 1762 4145 ipsum

155 4154 396 4208 animum
422 4157 762 4228 turpitudinis
799 4163 1054 4219 materiae
1081 4181 1173 4234 per
1194 4173 1438 4220 naturam
1461 4165 1761 4224 distributio

153 4247 402 4316 efﬁcitur,
463 4258 519 4304 ut
565 4269 670 4309 non
703 4253 823 4323 jam
876 4255 974 4312 Dei
1029 4257 1312 4329 imaginem
1355 4259 1410 4312 in
1459 4259 1759 4316 charactere

153 4338 396 4409 ﬁgmenti
423 4343 741 4400 consideres.
793 4344 938 4402 Nam
970 4346 1129 4403 veluti
1181 4349 1448 4420 quoddam
1488 4350 1756 4421 speculum

155 4442 296 4486 retro
325 4431 580 4489 bonorum
607 4435 855 4505 formam,
895 4456 950 4495 se
995 4441 1206 4496 animus
1248 4441 1450 4511 faciens
1472 4442 1518 4474 ²⁰
1545 4441 1754 4512 projicit

150 4521 364 4592 quidem
387 4524 610 4596 fulgoris
637 4531 828 4583 summi
853 4531 896 4570 ἰ
935 4530 1054 4585 boni
1080 4531 1316 4599 notitias,
1360 4535 1615 4590 materiae
1635 4550 1756 4591 vero

149 4612 541 4682 deformitatem
588 4617 641 4674 in
682 4619 909 4689 seipsum
944 4621 1204 4687 absorbet,
1257 4631 1306 4677 et
1357 4622 1456 4678 hoc
1498 4624 1650 4680 modo
1694 4626 1754 4695 ﬁt

149 4703 282 4759 ntali
312 4710 582 4777 generatio
605 4728 699 4782 per
730 4713 1077 4784 privationem
1106 4714 1227 4769 boni
1257 4715 1518 4773 subtexta.
1546 4717 1755 4777 Bonum

147 4800 438 4868 rero;omne
452 4802 497 4835 “
517 4814 612 4870 est,
629 4807 973 4880 quodcunque
994 4810 1348 4880 consequitur,
1365 4812 1506 4882 quod
1525 4815 1754 4884 primum

148 4890 348 4948 bonum
375 4911 584 4968 proprie
629 4899 818 4967 habet;
868 4902 1215 4979 quodcunque
1252 4919 1373 4958 vero
1408 4914 1558 4960 extra
1605 4905 1754 4962 illam

1878 3238 1947 3294 Et
1984 3240 2199 3294 animus
2229 3239 2472 3310 quidem,
2497 3238 2550 3293 in
2583 3254 2691 3310 quo
2731 3246 2842 3293 tota
2878 3237 3093 3292 animae
3130 3234 3306 3290 virtus
3351 3246 3480 3288 con-

1871 3339 1984 3386 stat
2007 3371 2024 3396 ,
2062 3331 2130 3386 ad
2165 3330 2456 3402 imaginem
2496 3329 2590 3385 Dei
2630 3328 2838 3395 iactus,
2879 3337 2937 3384 et
2973 3326 3168 3383 summi
3200 3323 3326 3380 honi
3355 3336 3478 3393 spo-

1870 3421 2084 3488 culum,
2135 3421 2392 3492 quoniam
2437 3420 2491 3475 in
2539 3435 2604 3475 eo
2633 3419 2844 3476 divinae
2871 3416 3476 3484 essentiaeincompre-

1868 3514 2152 3572 hensibilis
2179 3515 2354 3570 forma
2381 3512 2640 3570 ineﬂabili
2665 3522 2719 3568 et
2750 3508 3283 3582 ineomprehensibili
3315 3505 3476 3563 modo

1868 3609 2117 3666 resultat.
2142 3608 2436 3664 Materialis
2461 3615 2642 3663 autem
2674 3606 2808 3670 vita,
2829 3621 2970 3674 quae
2991 3601 3302 3673 specialiter
3323 3599 3471 3656 circa

1868 3703 2150 3760 materiam
2191 3710 2463 3767 versatur,
2508 3711 2563 3758 et
2601 3709 2890 3771 propterea
2922 3693 3219 3752 matcrialis
3246 3693 3468 3759 dicitur,

1866 3797 1990 3867 quia
2017 3793 2362 3850 mutabilitati
2387 3793 2666 3857 materiae,
2692 3793 2743 3847 id
2765 3799 2882 3856 est,
2906 3788 3150 3859 corporis
3173 3785 3468 3852 adhaeret,

1865 3887 2043 3959 imago
2069 3885 2334 3956 quaedam
2361 3885 2526 3940 animi
2554 3892 2656 3948 est,
2676 3889 2836 3946 et,-ut
2866 3881 2981 3952 ipse
3011 3880 3160 3944 dicit,
3189 3877 3467 3948 speculum

1865 3982 2068 4052 speculi
2093 3997 2108 4046 ;
2140 3981 2212 4036 ita
2241 3987 2301 4034 ut
2327 3978 2541 4032 animus
2568 3976 2783 4031 divinae
2807 3981 3032 4028 naturae
3056 3971 3226 4027 forma
3255 3970 3358 4033 sit,
3385 3967 3468 4021 vi-

1867 4074 1989 4130 talis
2019 4082 2202 4128 autem
2249 4078 2430 4126 motus
2451 4109 2465 4133 ,
2508 4067 2600 4138 qui
2631 4065 2796 4121 etiam
2830 4060 3131 4119 materialis
3162 4059 3270 4114 vita
3301 4056 3475 4114 voca;

1865 4173 1974 4228 tur,
2002 4178 2126 4219 cum
2155 4162 2271 4231 ipsa
2302 4158 2530 4214 materia
2557 4156 2603 4189 ⁸³
2632 4155 2804 4211 forma
2844 4154 2916 4210 sit
2951 4150 3158 4216 animi,
3195 4165 3260 4205 ac
3296 4147 3465 4205 veluti

1862 4253 2103 4310 secunda
2132 4253 2344 4323 imago,
2375 4266 2470 4321 per
2492 4259 2656 4320 quam
2685 4247 2900 4302 animus
2929 4244 3093 4300 etiam
3124 4241 3172 4274 "‘
3201 4240 3468 4298 materiae"

1863 4348 2098 4418 speciem
2141 4352 2406 4416 praestat.
2449 4341 2528 4397 Ac
2567 4357 2665 4412 per
2704 4340 2808 4394 hoc
2843 4337 3076 4409 quadam
3115 4334 3328 4391 ratione
3364 4337 3464 4404 per

1864 4443 2134 4497 humanae
2164 4447 2392 4494 naturae
2413 4435 2858 4506 consequentiam
2880 4441 3026 4488 totus
3046 4431 3210 4487 homo
3231 4427 3307 4484 ad
3326 4429 3468 4483 ima~

1783 4510 1837 4572 D
1863 4536 2042 4608 ginem
2091 4532 2188 4588 Dei
2237 4530 2416 4587 factus
2463 4544 2571 4585 non
2623 4529 2917 4597 incongrue
2953 4523 3176 4589 dicitur,
3210 4519 3462 4592 quamvis

1865 4625 2084 4699 proprie
2111 4632 2167 4679 et
2193 4620 2566 4693 principaliter
2597 4619 2649 4673 in
2690 4617 2806 4673 solo
2834 4616 3018 4671 animo
3047 4614 3229 4685 imago
3276 4611 3458 4668 subsi-

1865 4730 2010 4776 stere
2042 4717 2398 4785 intelligatur,
2449 4729 2514 4769 eo
2541 4712 2753 4776 ordine,
2806 4718 2875 4765 ιιι·
2911 4709 3126 4763 animus
3162 4706 3379 4776 quidem
3425 4719 3466 4759 ει

1868 4814 1999 4876 Deo,
2034 4809 2178 4865 nulla
2216 4807 2324 4863 alia
2356 4802 2951 4873 creatura'interposita
2978 4799 3045 4866 ”~,
3070 4798 3250 4854 vitalis
3273 4805 3456 4852 autem

1865 4916 2044 4962 motus
2096 4903 2164 4958 ab
2213 4901 2418 4967 animo,
2459 4905 2736 4953 ~rostremo
2783 4910 2880 4967 per
2915 4892 3138 4950 vitalem
3172 4897 3378 4946 motum
3407 4885 3458 4922 “

1436 5035 1691 5097 VARIAE
1749 5027 2153 5100 LECTIONES.

223 5161 241 5244 ξ
266 5179 603 5251 omnentom.
629 5167 757 5251 CnAnc
815 5171 836 5203 ³
866 5169 1162 5251 SiCACFih
1184 5190 1366 5245 supra.
1491 5149 1729 5247 SicCF;
1759 5179 1900 5251 quod
1931 5169 2372 5251 oportetotnon'
2440 5169 2462 5200 "
2487 5167 2585 5251 §ic_
2601 5165 2719 5251 CF}
2821 5177 3030 5251 πρειναε
3361 5167 3384 5200 ⁸

145 5235 385 5288 animum
417 5238 594 5292 etiam.
671 5240 787 5295 “Sic
808 5256 916 5296 om.
946 5243 1011 5296 A.
1083 5235 1108 5276 '7
1141 5244 1194 5298 in
1225 5235 1283 5298 eo
1309 5263 1418 5301 om.
1443 5247 1506 5300 A.

145 5305 362 5378 dicitur.
440 5316 485 5350 ιι
516 5307 606 5364 Sic
630 5309 736 5375 CF;
778 5311 825 5366 A
863 5330 1019 5378 quam
1061 5315 1330 5370 stabilitet.

1585 5250 1606 5282 '
1627 5243 1784 5306 etiam
1814 5267 1922 5304 om.
1951 5243 2056 5304 CF.
2134 5248 2153 5279 °
2182 5245 2222 5298 A
2268 5243 2403 5312 ipsa.

1412 5319 1453 5350 ³³
1477 5319 1645 5390 inquit
1674 5338 1783 5376 om.
1819 5321 1884 5388 A;

3049 5240 3092 5274 ¹¹
3123 5237 3215 5295 Sic
3245 5237 3359 5304 CF;
3403 5238 3452 5294 Α

3049 5325 3193 5365 nam.
3286 5308 3330 5340 ¹⁶
3361 5309 3453 5365 Sic

2486 5240 2528 5272 ¹⁹
2557 5242 2602 5294 Α
2626 5239 2968 5295 substantiae.

1961 5319 2004 5351 “
2037 5317 2127 5372 Sic
2156 5310 2354 5380 CF;'A
2381 5311 2706 5367 deducendo.
2785 5310 2831 5344 "
2864 5310 2908 5365 A
2941 5311 3193 5365 animam.

144 5375 262 5460 (IF_;
299 5375 344 5430 Α
373 5389 417 5431 et
447 5382 770 5460 contrarium
799 5375 1115 5460 corusequgzs
1137 5386 1298 5460 fuerit
1319 5375 2154 5460 transgredientisupe'reminens,
2181 5375 2336 5442 etiam
2363 5384 2524 5455 ipsius
2550 5381 2800 5460 materiae
2819 5397 2937 5460 cum
2952 5381 3186 5460 desolata
3211 5381 3456 5460 fuerit};

145 5457 342 5535 nigrm!
377 5450 734 5535 redarguitur.
812 5454 854 5488 ¹⁷
881 5450 1104 5535 Sie_CF;
1129 5450 1490 5535 A_lnformjts_:
1555 5462 1598 5535 ξε
1621 5461 1722 5535 Sic
1742 5450 1846 5529 CF;
1875 5475 1974 5535 pro
2006 5450 2188 5535 ordine
2221 5450 2442 5535 naturae
2483 5462 2683 5535 mutato
2713 5453 2759 5506 Α
2793 5463 2841 5506 et
2855 5450 3219 5535 ‘imperfecta.'
3279 5451 3323 5486 ¹⁹

143 5517 264 5582 (Ἐς
313 5521 358 5572 Α
383 5517 707 5591 ίηῖονῆιὶιαιθ
731 5517 1104 5650 corrumpitur.
1183 5530 1228 5561 ¹⁰
1259 5517 1350 5586 Sic
1385 5529 1499 5597 CF;
1540 5531 1583 5586 Α
1612 5517 1846 5589 formam
1876 5517 2085 5589 animus
2122 5534 2311 5603 factus.

143 5589 192 5661 ξ’
225 5599 300 5661 est
325 5605 436 5644 om.
462 5594 527 5647 Α.
605 5597 649 5626 ’⁵
675 5594 768 5650 Sic
789 5596 905 5659 CF;
999 5600 1283 5661 efﬁciendo.
1362 5604 1410 5636 ’⁸
1438 5605 1672 5661 corporis
1697 5622 1807 5661 om.
1840 5607 1906 5661 A.
1981 5606 2027 5637 ⁸⁸
2063 5604 2103 5657 Α
2132 5617 2198 5657 ex
2224 5603 2306 5661 his

1438 5621 1672 5674 corporis
1697 5622 1807 5661 om.
1840 5621 1906 5661 A.

224 5599 300 5668 est
325 5589 527 5668 0111.5.
554 5666 560 5668 Α
605 5597 649 5626 ³⁵
675 5594 768 5650 Sic
789 5596 905 5659 CF;
928 5589 971 5650 Ᾱ
999 5600 1283 5668 efﬁciendo.

2982 5524 3027 5557 ”
3044 5518 3208 5578 'omne
3237 5539 3345 5580 om.
3384 5518 3450 5582 5.

2962 5596 3006 5628 ⁸⁷
3051 5594 3214 5648 animi
3243 5611 3350 5648 om.
3389 5593 3448 5650 Α.

2391 5527 2434 5558 ¹¹
2467 5525 2656 5580 summi
2682 5539 2790 5579 om.
2839 5521 2903 5578 Α.

1981 5606 2027 5637 ⁸⁸
2063 5604 2103 5657 Α
2122 5595 2198 5657 ’οχ
2224 5603 2306 5662 his
2347 5608 2519 5653 autem
2544 5595 2866 5649 Ostenditur.

144 5660 188 5688 ﬂ
222 5657 314 5749 sic
339 5661 450 5749 εξῆ
471 5666 512 5717 Α
538 5666 744 5749 formae
766 5657 1070 5749 ίηβιίῐίιιιίιὶὶι
1089 5670 1298 5740 foedam
1325 5693 1386 5728 ac
1414 5657 2003 5749 deformem—imaginem
2027 5659 2417 5741 transformari.
2467 5667 2541 5749 _"
2562 5666 2653 5749 Sic
2673 5663 2787 5732 CF;
2871 5661 3119 5721 intentus.
3164 5737 3174 5748 .
3197 5666 3240 5696 ³ο
3258 5665 3448 5749 quibus

144 5732 409 5788 naturalis
459 5737 587 5789 ordo
633 5732 937 5794 contexitur
968 5732 1173 5796 mn.':\.

1271 5745 1315 5776 ³¹
1367 5748 1455 5801 Sic
1503 5747 1584 5808 A;
1638 5749 1720 5802 BC
1766 5745 1851 5803 ex:

1950 5748 1994 5777 ³¹
2045 5736 2274 5814 formata
2310 5756 2418 5795 om.
2453 5739 2563 5814 Α..-
2598 5736 2643 5767 ³³
2671 5752 2790 5790 cum
2829 5739 2943 5809 ipsa
2987 5737 3208 5794 materia
3237 5736 3346 5793 om.
3380 5736 3444 5806 Α,

145 5803 192 5837 ³δ
232 5804 282 5860 A
309 5806 468 5864 etiam
496 5809 727 5870 animus.
822 5811 870 5846 ³⁸
897 5810 990 5870 Sic
1017 5811 1141 5885 CF;
1173 5814 1221 5874 Α
1247 5817 1554 5890 interposita
1577 5803 1848 5879 creatura.
1891 5819 1936 5853 ³⁸
1960 5803 2052 5876 Sic
2074 5814 2158 5872 CF
2190 5831 2206 5886 ;
2241 5814 2282 5871 A
2320 5826 2386 5871 ea:
2419 5809 2563 5868 vitali
2594 5817 2760 5865 motu.

1826 5987 1838 6000 γ
