3952 5730
520 329 616 391 791

1937 352 2243 429 JOANNIS
2258 356 2457 419 SCOTI

3703 374 3791 432 792

517 448 825 562 arbga‘nimo
846 452 865 486 ¹
892 457 1496 562 materia'lorma-tionis
1519 481 1652 524 suae
1674 469 1699 503 ⁸
1753 484 1976 529 causam
2015 487 2106 530 ac-
2131 474 2182 537 Α
2211 486 2270 533 ut
2299 496 2566 554 nunquam
2596 493 2714 555 post
2740 486 3143 545 mutabilitatem
3176 499 3323 546 stare
3358 491 3569 562 possit;
3599 494 3687 548 sed
3710 494 3788 547 in-

515 540 720 635 cipiat:
761 545 835 602 ita
871 560 931 604 ut
955 552 1183 608 materia
1214 555 1432 613 vitalem
1470 569 1674 618 motum
1706 573 1988 635 sequatur,
2016 566 2105 622 vi-

516 634 640 692 talis
660 648 847 715 motus
878 643 1119 701 animum
1139 689 1154 713 ,
1177 650 1392 708 animus
1416 669 1593 725 Ipsum
1626 634 1815 723 Deum,
1844 661 1911 715 ad
1941 675 2104 732 quem

511 744 805 793 conversus
831 745 1054 796 naturae
1080 758 1209 798 suae
1248 744 1619 819 integritatem
1655 761 1709 807 et
1739 752 2103 822 pulchritudi-

510 836 636 879 nem
675 828 931 892 custodit.
986 847 1211 890 aversus
1248 851 1381 893 vero
1417 839 1489 895 ab
1525 855 1624 907 eo,
1660 850 1717 897 et
1754 844 2017 914 seipsum,
2048 853 2105 901 et

508 928 647 1006 quae
695 918 798 975 sibi
842 922 1085 993 subjecta
1123 934 1289 996 sum,
1329 933 1664 990 materialcm
1704 936 1874 993 vitam
1934 938 2098 1006 dico,

507 1005 790 1102 ipsamque
807 1016 1091 1072 materiam
1111 1017 1338 1093 dissipat
1362 1033 1529 1095 atque
1548 1025 1835 1084 deformat.
1858 1028 1964 1086 Sed
1988 1030 2103 1102 ipse

505 1096 688 1200 vitalis
715 1112 893 1161 motus
920 1122 1025 1163 non
1054 1124 1275 1179 parvam
1302 1118 1675 1184 quaestionem
1703 1120 1894 1193 gignit.
1925 1096 2099 1191 Quae-

505 1194 645 1243 ritur
667 1194 1032 1259 enim,utrum
1062 1200 1130 1256 ad
1157 1203 1521 1262 substantiam
1545 1209 1781 1265 hominis
1807 1213 2097 1282 pertineat,

504 1297 696 1379 necne.
736 1287 803 1344 Et
833 1290 878 1346 si
909 1308 1015 1349 non
1047 1296 1315 1367 pertinet,
1346 1315 1447 1357 cur
1471 1302 1652 1375 imago
1684 1306 1934 1379 imaginis
1962 1310 2099 1367 dici-

503 1382 614 1440 tur,
645 1378 745 1435 hoc
771 1389 884 1448 est,
913 1382 1091 1457 imago
1117 1388 1322 1457 animi,
1349 1400 1404 1446 et
1427 1409 1534 1463 qua
1562 1398 1773 1454 ratione
1798 1378 1896 1469 per
1919 1401 2094 1471 ipsum

501 1471 762 1529 materiae
795 1476 1009 1534 animus
1041 1491 1283 1548 praestat
1329 1483 1610 1545 formam?
1640 1492 1696 1547 Si
1736 1502 1918 1550 autem
1968 1495 2097 1553 sub—

497 1564 831 1655 stantialiter
863 1569 985 1627 talis
1014 1573 1125 1629 vita
1168 1576 1310 1635 inest
1341 1579 1580 1650 homini,
1619 1601 1788 1655 quare
1823 1589 1988 1646 homo
2023 1607 2093 1648 es

497 1654 677 1711 auium
725 1659 1066 1721 solummodo
1114 1676 1169 1724 et
1198 1686 1429 1742 corpore
1465 1686 1716 1733 constare
1750 1682 2087 1751 perhibetur,

495 1756 552 1848 et
573 1764 744 1848 quare
767 1753 940 1848 soluta
971 1762 1193 1818 materia
1227 1763 1314 1820 illa
1337 1766 1447 1822 vita
1480 1769 1531 1823 in
1563 1770 1711 1827 nullo
1733 1772 2090 1848 intelligitur?

493 1836 788 1935 Noncum
818 1847 871 1903 in
905 1854 1136 1911 materia
1168 1868 1386 1927 manet,
1426 1876 1566 1933 quae
1597 1863 1708 1935 jam
1747 1836 2081 1928 omniumotu
2116 1843 2164 1905 Β

491 1931 640 1988 vitali
680 1936 966 2007 deseritur,
999 1945 1126 2002 dum
1160 1931 1470 2018 praesentia
1501 1931 1872 2017 substantialis
1900 1964 2044 2020 vitae
2065 2007 2081 2032 ,

493 2040 632 2130 quae
662 2031 842 2130 anima
876 2046 992 2104 est,
1026 2041 1291 2110 privatur.
1331 2046 1443 2103 Nec
1482 2049 1534 2105 in
1575 2053 1753 2109 anima
1787 2031 2082 2118 subsistere

491 2117 849 2216 dignoscitur,
882 2145 1023 2199 qitae
1061 2146 1181 2205 post
1217 2140 1461 2210 regimen
1491 2147 1734 2216 corporis
1774 2150 1977 2207 nullum
2013 2117 2080 2211 ad

490 2214 777 2269 materiam
818 2229 1021 2276 motum
1065 2227 1288 2294 patitur.
1341 2214 1685 2306 Quapropter
1736 2255 1842 2295 non
1893 2242 2080 2299 incon-

487 2317 650 2373 grue,
680 2318 741 2363 ut
766 2310 975 2379 opinor,
1006 2317 1186 2375 vitalis
1212 2332 1393 2381 motus
1422 2325 1445 2359 ³
1494 2328 1615 2384 talis
1639 2333 1779 2389 ratio
1807 2335 2074 2394 reddenda

486 2402 604 2500 est:
626 2407 687 2451 ut
716 2400 849 2457 nihil
871 2404 1017 2460 aliud
1041 2409 1110 2465 sit
1139 2412 1254 2484 ipse
1280 2427 1500 2487 praeter
1525 2424 1794 2492 quandam
1828 2430 2074 2500 copulam

486 2492 875 2584 et-fiuncturam
905 2507 1152 2573 corporis
1180 2517 1236 2563 et
1260 2510 1490 2573 animae.
1521 2531 1625 2584 qua
1654 2518 1677 2549 ‘
1698 2521 1798 2577 sibi
1844 2492 2072 2583 invicem

485 2580 807 2678 adhaerent,
850 2602 905 2647 et
941 2611 1038 2666 per
1074 2614 1236 2669 quam
1283 2621 1479 2678 corpus
1525 2612 1593 2669 ab
1640 2616 1820 2673 anima
1870 2619 2072 2678 forma-

487 2673 671 2783 tis—rA',‘
701 2692 1002 2783 vegetatur,
1045 2700 1101 2747 et
1137 2693 1568 2765 administratur.
1607 2706 1722 2763 sive
1759 2709 2031 2783 vigilando
2054 2755 2070 2782 ,

482 2760 986 2845 sivedormirndo,
1037 2783 1152 2843 sive
1199 2789 1379 2846 anima
1434 2794 1711 2865 intendat,
1765 2760 1895 2874 quaid
1956 2805 1977 2836 ⁸
2018 2760 2068 2861 iri

483 2868 713 2956 corpore
732 2878 984 2965 peragat,
1025 2872 1141 2930 sive
1179 2893 1208 2931 a
1240 2882 1491 2941 sensibus
1521 2890 1756 2954 ret-edat,
1784 2868 1843 2947 et
1880 2895 1932 2950 in
1961 2911 2019 2951 se
2046 2898 2068 2930 '

481 2960 611 3054 mea.
647 2960 899 3054 quiescat
948 2977 1013 3054 ac
1066 2965 1228 3054 velut:
1275 2974 1441 3029 oblita
1492 2979 1561 3031 sit
1607 2981 1629 3014 ⁸
1668 2985 1912 3054 corporis
1961 2988 2065 3045 sui.

478 3032 611 3094 illud
644 3050 822 3135 tamen
866 3048 1393 3129 iueﬂ‘abili'qumlam
1434 3065 1651 3124 silentio
1685 3032 2069 3135 administrare

479 3142 585 3184 non
629 3133 856 3229 desinit,
899 3143 1188 3213 alimenta,
1233 3156 1428 3223 quibus
1477 3175 1676 3229 corpus
1724 3166 1966 3224 nutritur
2012 3133 2067 3227 et

478 3225 805 3326 eustoditur,
839 3233 1067 3307 singulis
1094 3242 1402 3316 quibusque
1432 3225 1677 3318 partibus
1708 3225 2061 3317 distribuens.

481 3310 759 3383 Separatis
788 3332 967 3381 autem
999 3331 1277 3403 utrisque,
1310 3310 1540 3409 corpore
1572 3344 1824 3403 videlicet
1857 3360 1913 3408 et
1950 3354 2065 3409 ani-

478 3417 599 3508 ma“,
648 3412 827 3508 vit-alis
873 3416 963 3474 ille
1008 3434 1189 3481 motus
1235 3431 1458 3487 omnino
1497 3434 1702 3493 interit.
1752 3439 1872 3497 Non
1917 3445 2063 3501 enim

476 3502 644 3597 trivit,
679 3502 783 3561 nisi
823 3507 1049 3579 habeat,
1081 3519 1225 3587 quod
1260 3534 1504 3593 moveat,
1534 3526 1637 3584 hoc
1674 3539 1789 3597 est,
1830 3533 1931 3591 nisi
1969 3537 2065 3592 ha-

478 3585 695 3690 beatur,
731 3600 875 3668 quod
913 3616 1011 3672 per
1047 3623 1170 3665 eum
1209 3626 1511 3679 moveatur.
1554 3621 1677 3690 quia
1731 3585 1864 3682 nihil
1915 3629 2063 3688 aliud

476 3681 753 3789 subsistit,
786 3692 888 3749 nisi
930 3707 1109 3757 motus
1157 3704 1322 3762 animi
1352 3710 1374 3742 ⁸
1399 3681 1594 3782 corpus
1631 3718 1890 3789 regentis.

477 3781 657 3877 autem
696 3784 932 3877 moriens
963 3789 1007 3830 ι’
1036 3792 1237 3851 desinit
1280 3781 1501 3856 movere
1542 3803 1625 3859 vel
1669 3781 1910 3877 moveri,
1941 3828 2065 3870 mo-

479 3870 564 3970 tus
615 3874 841 3970 omnino
898 3880 953 3935 in
1007 3898 1073 3940 eo
1116 3888 1159 3927 ιί
1210 3891 1369 3959 perit.
1423 3893 1616 3954 Tatius
1673 3901 1819 3957 enim
1878 3870 2060 3966 motus

394 3978 412 3995 ι
472 3960 735 4060 lar-minus
759 3974 851 4060 est
877 3970 1032 4040 quies
1062 3976 1191 4031 moti
1225 3978 1307 4034 vel
1339 3980 1383 4012 “
1413 3987 1700 4043 moventis.
1733 3960 2059 4057 Quiesceute

471 4055 637 4118 igitur
685 4055 863 4114 anima
913 4077 1112 4136 corpus
1160 4085 1317 4127 suum
1372 4090 1623 4146 movere,
1681 4055 1824 4139 totus
1876 4085 2058 4143 vitalis

471 4147 682 4243 tamus,
708 4146 836 4243 _hoc
870 4161 986 4218 est,
1028 4163 1137 4212 tota
1180 4164 1479 4220 materialis
1516 4168 1627 4224 vita
1663 4185 1786 4228 esse
1833 4173 2053 4233 desinit.

473 4226 610 4340 llius
655 4237 1050 4340 idem-beatus
1086 4250 1382 4326 Gregorius
1435 4260 1490 4317 in
1530 4226 2057 4333 quartodecimo";

469 4331 706 4440 capitulo
739 4352 753 4388 :
790 4336 1119 4411 Materialis,
1163 4348 1371 4421 inquit,
1401 4365 1450 4410 et
1480 4331 1682 4428 [inutilis
1711 4364 1839 4420 haec
1873 4383 2057 4440 corpo-

468 4432 585 4475 rum
622 4425 726 4480 vita
746 4467 761 4491 ,
788 4446 990 4503 semper
1016 4449 1160 4493 motu
1198 4446 1500 4509 proveniens
1517 4489 1532 4514 ,
1560 4449 1615 4506 in
1650 4454 1748 4508 hoc
1785 4456 1938 4512 habet
1962 4425 2056 4514 'es-

2206 572 2440 642 potentia
2489 574 2789 646 quiescendi
2839 579 3197 636 incessabilem
3235 582 3399 638 habet
3427 582 3689 638 alternum
3715 602 3788 655 per

2208 659 2405 716 similia
2434 675 2656 719 motum.
2686 663 2747 722 Si
2773 678 2949 724 autem
2977 670 3270 743 aliquando
3299 683 3479 729 motus
3504 677 3785 741 cessat-erit,

2206 750 2421 808 omnino
2457 755 2617 811 etiam
2650 759 2861 813 essendi
2899 762 3120 831 quietem
3160 763 3376 818 habebit
3399 805 3417 829 ,
3453 765 3556 819 hoc
3590 774 3664 820 est
3696 782 3789 819 cl-

2208 845 2331 902 nino
2379 865 2490 905 esse
2520 851 2763 907 cessabit.
2807 853 2877 910 At
2907 856 2951 912 si
2989 857 3072 912 vis
3108 873 3473 932 cognoscere,
3516 860 3661 932 quod
3692 861 3786 916 ssi-

2205 957 2327 999 mus
2353 945 2407 1000 in
2437 946 2581 1002 nulla
2609 958 2767 1019 parte
2791 952 3037 1022 corporis
3057 953 3450 1022 concludatur,
3482 955 3613 1013 dum
3639 964 3785 1012 totum

2202 1051 2401 1108 corpus
2420 1041 2728 1110 praesentia
2767 1042 2848 1099 sui
2901 1044 3244 1102 administrat
3295 1046 3367 1114 “,
3412 1060 3471 1103 et
3519 1048 3710 1120 ubique
3739 1049 3783 1105 ia

2200 1129 2482 1196 omnibus,
2515 1133 2713 1202 quibus
2750 1135 3126 1205 administrat,
3167 1147 3318 1195 totus
3352 1148 3479 1206 est,
3519 1140 3645 1195 audi
3676 1156 3777 1196 esa-

2202 1223 2323 1280 dem
2375 1225 2428 1282 in
2465 1228 2655 1284 eodem
2689 1243 2944 1285 sermone
2981 1231 3195 1289 decimo
3238 1234 3441 1305 quinto
3472 1235 3519 1266 "
3549 1233 3778 1306 capitulo.

2202 1316 2402 1386 Nobis,
2437 1320 2635 1391 inquit,
2667 1340 2837 1380 sermo
2875 1335 2988 1379 erat
3023 1328 3327 1399 propositus
3360 1328 3671 1394 ostendere,
3696 1345 3779 1384 seu

2197 1410 2253 1465 in
2276 1420 2426 1481 parte
2448 1416 2682 1484 corporis
2709 1417 2945 1471 animum
2965 1419 3187 1475 detineri
3210 1420 3281 1485 “,
3304 1422 3400 1475 sed
3422 1430 3595 1475 totum
3621 1437 3781 1491 aequ-

2196 1501 2318 1559 liter
2354 1507 2629 1578 attingere,
2664 1521 3035 1582 consequenter
3070 1522 3295 1568 naturae
3325 1513 3605 1584 subjectae
3638 1514 3777 1577 partis

2195 1608 2393 1653 motum
2419 1616 2660 1670 operans.
2693 1602 2788 1658 Est
2816 1614 3023 1671 autent,
3057 1606 3147 1661 ubi
3173 1608 3334 1662 etiam
3369 1604 3649 1661 naturales
3673 1606 3780 1674 afe-

2195 1678 2309 1747 ctus
2337 1694 2547 1749 animus
2578 1695 2933 1769 subsequitur,
2964 1699 3122 1753 veluti
3151 1700 3399 1754 minister
3425 1697 3627 1768 fartus.
3661 1694 3776 1751 Nam

2194 1801 2347 1856 saepe
2370 1788 2617 1857 praecipit
2644 1788 2687 1823 “
2709 1789 2808 1859 ipsi
2828 1791 2873 1823 ”
2900 1792 3132 1860 corporis
3161 1802 3382 1856 natura,
3419 1799 3469 1844 et
3505 1786 3774 1844 contristdi

2191 1892 2399 1932 sensum
2439 1887 2489 1933 et
2527 1882 2773 1935 laetantis
2801 1883 3276 1954 concupiscentiam
3319 1882 3510 1937 animo
3548 1881 3769 1952 impertit.

2188 1969 2264 2022 ita
2315 1979 2370 2023 ut
2410 1970 2522 2040 ipsa
2561 1972 2769 2041 quidem
2803 1975 2974 2045 prima
3008 1984 3234 2044 praestet
3279 1975 3588 2046 principia,
3627 1972 3699 2028 uel
3732 1972 3771 2007 ’³

2185 2060 2423 2115 ciborum
2468 2064 2791 2134 appetitum,
2838 2073 2918 2121 cet
2974 2066 3254 2138 cujusdam
3305 2066 3533 2121 omnino
3577 2081 3769 2131 eorum,

2181 2169 2317 2224 quae
2366 2156 2654 2211 secundum
2700 2157 3095 2214 delectationem
3137 2167 3295 2224 sunt,
3337 2158 3669 2214 desiderium
3705 2158 3770 2210 ia-

2180 2267 2362 2322 gerens
2392 2268 2411 2307 :
2442 2255 2649 2308 animus
2671 2270 2787 2310 vero
2807 2253 2935 2309 tales
2963 2253 3188 2324 impetras
3221 2253 3525 2323 accipiens,
3558 2253 3666 2306 suis
3699 2267 3768 2305 co-

2178 2346 2514 2415 gitationibus
2543 2347 2844 2401 occasiones
2883 2347 2957 2423 ad
2990 2346 3069 2410 id,
3107 2345 3247 2417 quod
3276 2345 3643 2409 desideratur,
3670 2358 3769 2397 cun

2177 2453 2391 2507 corpore
2420 2440 2666 2510 exquirit.
2717 2437 2832 2494 Hoc
2864 2450 3035 2495 autem
3074 2454 3177 2493 non
3207 2439 3265 2492 in
3295 2438 3551 2493 omnibus
3575 2446 3669 2499 est,
3696 2436 3769 2491 sed

2176 2529 2504 2586 solummodo
2532 2532 2588 2586 in
2620 2533 2723 2598 Itis,
2754 2532 2845 2602 qui
2872 2534 2988 2602 plus
3027 2531 3222 2602 captiui
3275 2530 3662 2602 disponuntur,
3697 2529 3767 2599 φὶ

2176 2626 2431 2679 rationem
2468 2626 2661 2680 serrire
2705 2625 2952 2695 facientes
3000 2626 3276 2682 desideriis
3327 2635 3566 2681 naturae
3605 2641 3766 2695 carpta

2174 2733 2293 2771 reae
2315 2719 2384 2784 ",
2409 2734 2502 2788 per
2521 2717 2779 2773 auxilium
2804 2718 2995 2773 mentis
3022 2717 3253 2784 libidini,
3295 2735 3441 2789 quae
3472 2735 3572 2789 per
3610 2734 3770 2773 sensu

2170 2818 2269 2875 est,
2305 2808 2559 2865 serviliter
2592 2810 2955 2866 blandiuntur.
3001 2808 3066 2864 In
3096 2809 3507 2880 perfectioribus
3534 2827 3651 2865 vero
3685 2826 3770 2864 nos

2169 2900 2246 2955 sic
2274 2903 2510 2970 efficitur.
2555 2900 2782 2969 Imperat
2808 2902 2944 2955 enim
2973 2900 3185 2955 animus
3221 2901 3456 2964 ratione,
3486 2910 3539 2953 et
3570 2913 3772 2969 saepe“

2169 2994 2299 3048 titur
2322 2993 2391 3059 ’³,
2422 2992 2562 3064 quod
2590 2992 2713 3047 utile
2739 3002 2813 3046 est
2834 2992 3051 3063 eligens,
3082 3001 3275 3046 natura
3303 3001 3486 3045 autem
3517 3007 3549 3045 e
3576 2990 3770 3060 caligis

2169 3087 2402 3157 sequitur
2415 3085 2809 3155 praecipientem
2832 3086 3067 3141 animum
3086 3081 3154 3138 ³⁸.
3181 3083 3456 3151 Quoniam
3485 3085 3537 3118 ³³
3551 3100 3665 3139 sero
3679 3094 3768 3137 tres

2170 3177 2456 3234 secundum
2486 3177 2692 3233 vitalem
2735 3179 2978 3233 virtutem
3022 3177 3360 3249 differentias
3402 3178 3544 3231 ratio
3575 3177 3767 3238 inreui‘,

2166 3272 2391 3341 primani
2411 3272 2618 3344 quidem
2640 3272 2940 3327 nutritiuam
2955 3271 3065 3326 sine
3084 3288 3265 3336 sensu,
3285 3271 3583 3327 secundum
3606 3268 3769 3326 rere"

2165 3365 2470 3420 nutritivam
2496 3364 2704 3437 quidem
2733 3374 2779 3419 et
2807 3364 3106 3419 sensitivam
3135 3365 3206 3429 ",
3240 3374 3513 3435 expertem
3549 3379 3671 3419 vero
3694 3379 3769 3415 ra-

2164 3456 2431 3511 tionabilis
2481 3457 2797 3526 operationis
2830 3496 2847 3523 ,
2888 3457 3009 3511 item
3056 3455 3267 3511 tertiam
3315 3456 3687 3512 rationabilem
3724 3461 3767 3509 tt

2162 3545 2465 3615 perfectam,
2497 3562 2686 3613 perque
2722 3550 2925 3601 omnem
2963 3545 3205 3601 uirtutem
3229 3557 3600 3616 penetrantem
3626 3546 3694 3610 ",
3716 3551 3765 3597 ut

2162 3649 2210 3695 et
2229 3639 2286 3693 in
2308 3638 2415 3694 illis
2440 3640 2527 3705 sit,
2543 3640 2637 3694 etsi
2655 3637 2996 3694 intellectuali
3015 3637 3061 3673 ¹⁹
3082 3637 3203 3709 plus
3229 3638 3529 3708 possideat,
3548 3654 3696 3694 nemo
3710 3652 3766 3691 es

2161 3730 2243 3785 Itis
2272 3731 2531 3799 opinetur,
2561 3740 2664 3785 tres
2702 3730 2906 3786 animas
2947 3730 3262 3784 commixtus
3289 3746 3411 3785 esse
3452 3730 3510 3783 in
3546 3728 3764 3782 buxea

2161 3823 2507 3887 concretione,
2534 3822 2588 3876 iu
2609 3822 2833 3893 propriis
2859 3820 3445 3892 circumscriptionibus
3469 3819 3764 3875 considere-

2159 3921 2242 3968 tas
2268 3912 2338 3978 ”,
2366 3912 2443 3967 ita
2474 3921 2528 3966 ut
2557 3912 2969 3983 conformatione
3002 3909 3294 3966 multarum
3319 3910 3636 3966 animarum
3674 3908 3765 3961 ho

2159 4022 2372 4061 manam
2399 4019 2508 4061 esse
2535 4005 2835 4070 arbitretur,
2868 4003 2958 4059 sed
2984 4020 3106 4058 uera
3131 4002 3348 4075 quidem
3370 3997 3762 4074 perfectaqu"

2158 4099 2336 4154 anima
2380 4115 2487 4154 uua
2516 4098 2572 4153 in
2600 4110 2791 4153 natura
2827 4107 2922 4165 est,
2964 4097 3341 4153 intellectualis
3370 4105 3425 4153 et
3456 4096 3767 4152 immutari.

2157 4190 2245 4257 lis,
2269 4208 2404 4263 quae
2423 4208 2514 4263 per
2539 4207 2720 4246 sensus
2746 4189 3008 4246 materiali
3032 4189 3317 4260 copulatur
3348 4202 3611 4246 naturae.
3654 4188 3765 4243 leo

2157 4283 2340 4339 teriale
2367 4293 2543 4340 autem
2577 4299 2727 4339 omne
2759 4284 2815 4338 in
2854 4284 3187 4338 conversione
3214 4292 3262 4336 et
3289 4282 3658 4337 mutabilitate
3678 4294 3766 4351 μ’

2156 4376 2314 4431 situm
2343 4385 2418 4431 est
2442 4392 2461 4431 :
2490 4376 2536 4431 si
2557 4375 2767 4447 quidem
2792 4375 3111 4429 animantem
3139 4375 3389 4429 uirtutem
3420 4373 3762 4443 participat!L

2157 4468 2246 4531 rit,
2268 4466 2427 4537 juxta
2449 4466 2821 4521 incrementum
2846 4464 3233 4529 mouebitur;si
3259 4479 3381 4519 rero
3403 4463 3566 4518 vitali
3594 4476 3767 4532 apera-

465 4515 883 4631 it'r‘l'tttem
904 4566 920 4591 ,
950 4528 1005 4631 in
1035 4547 1139 4585 non
1166 4543 1335 4591 stante
1361 4555 1591 4609 unquam
1620 4553 1786 4601 motu.
1817 4546 1885 4603 Ut
1912 4553 2051 4607 enim
2077 4569 2130 4631 ι)
2156 4515 2296 4612 tione
2324 4556 2591 4622 deciderit,
2633 4563 2830 4609 motum
2854 4555 2910 4610 in
2941 4555 3330 4625 corruptionem
3378 4515 3640 4608 resoluet:
3668 4546 3769 4604 Nc-

464 4605 679 4710 quidam
709 4612 930 4710 ﬂuuius,
952 4621 1113 4689 juxta
1138 4641 1291 4681 suum
1331 4605 1489 4685 ruens
1525 4633 1802 4705 impetum,
1833 4605 2049 4710 implere

462 4699 672 4805 quidem
700 4706 885 4805 vallem
916 4717 1227 4787 ostenditur,
1248 4739 1342 4791 per
1367 4699 1749 4800 quamcumque
1773 4699 2047 4805 consequi-

467 4800 574 4859 tur,
614 4795 745 4867 ferri
783 4817 886 4859 non
920 4815 1092 4864 tamen
1127 4812 1183 4866 iu
1218 4817 1400 4871 eadem
1450 4835 1588 4888 aqua
1634 4822 1775 4878 circa
1824 4795 2046 4882 eundem
2082 4869 2086 4873 «

459 4902 676 4991 semper.
698 4893 869 4991 locum
907 4903 1153 4965 cernitur,
1195 4908 1287 4963 sed
1313 4908 1406 4963 illa
1439 4914 1645 4982 quidem
1684 4918 1862 4973 subter
1897 4918 2045 4991 lapsa

458 4982 733 5052 cucurrit,
763 4986 858 5044 illa
888 5008 1003 5049 vero
1033 4994 1255 5067 desuper
1284 5001 1328 5032 "
1360 5003 1513 5071 ﬂuxit
1541 5017 1560 5057 :
1590 5007 1666 5061 sic
1696 5019 1745 5062 et
1774 4982 2047 5067 materiale

459 5071 620 5174 hui-us
640 5078 775 5134 vitae
800 5099 894 5152 per
910 5088 1169 5157 quendam
1199 5091 1371 5149 locum
1404 5095 1468 5160 ¹⁸,
1500 5109 1718 5167 motum,
1741 5103 2047 5174 [lusumque

462 5164 882 5228 vicissitudinum
919 5179 1261 5239 successionis
1301 5185 1644 5245 continuita‘te
1679 5164 2043 5262 pet-mutatur,

2154 4668 2255 4723 que
2293 4651 2454 4721 igitur
2481 4667 2663 4705 sensus
2699 4650 2892 4722 absque
2917 4649 3185 4706 materiali
3209 4650 3464 4717 essentia,
3494 4665 3669 4721 neque
3692 4648 3768 4701 ia-

2154 4741 2460 4797 tellectualis
2489 4742 2696 4797 virtutis
2721 4742 2833 4797 sine
2872 4758 3028 4797 sensu
3078 4741 3144 4811 [it
3191 4743 3453 4813 operatio.
3507 4742 3570 4798 In
3617 4745 3766 4797 sub

2156 4834 2366 4890 decimo
2403 4833 2449 4866 ³³
2498 4848 2713 4906 quoque
2753 4834 2989 4905 capitulo
3031 4835 3265 4891 eundem
3323 4850 3556 4891 sensum
3610 4848 3761 4903 lepe-

2156 4925 2239 4992 tit,
2289 4925 2474 4981 dicens
2508 4943 2522 4979 :
2556 4924 2625 4981 In
2653 4936 2802 4996 parte
2828 4925 3059 4999 quadam
3100 4941 3309 4991 eorum,
3339 4941 3486 4997 quae
3522 4926 3578 4980 in
3619 4925 3763 4979 nobis

2151 5027 2295 5083 sunt,
2325 5018 2532 5074 animus
2569 5035 2671 5075 non
2697 5019 3171 5091 comprehenditur,
3222 5019 3317 5074 sed
3366 5019 3673 5092 aequaliter
3704 5019 3759 5072 in

2151 5110 2393 5166 omnibus
2418 5120 2465 5166 et
2494 5128 2586 5182 per
2610 5112 2787 5166 omnia
2812 5122 2888 5166 est
2908 5127 2928 5167 :
2957 5128 3123 5183 neque
3142 5112 3479 5167 extrinsecus
3522 5126 3757 5182 compre-

2149 5201 2409 5268 Itendens,‘
2436 5219 2600 5276 neque
2636 5203 2949 5260 intrinsecus
2977 5204 3424 5267 comprehensus;
3448 5205 3585 5261 haec
3618 5202 3751 5259 esti-

1747 5326 2005 5386 VABIAE
2038 5330 2440 5398 LECTIONES.

530 5414 546 5525 ἶ
589 5418 653 5525 ίὶθ
678 5423 1105 5525 α’ὶίῗξηῖξὲηκλλ
1145 5432 1477 5525 -_'.‘_"_f',‘.°'“:
1508 5436 1601 5525 Ᾱο,
1649 5437 1671 5470 ³
1698 5437 1790 5525 sic
1815 5440 1899 5525 CF
1924 5447 2013 5525 iA
2043 5459 2221 5525 malus.
2244 5451 2433 5525 υίιαίέερ
2512 5449 2658 5525 ἷέίο
2683 5450 2769 5525 CF
2795 5469 2827 5525 ;,
2846 5453 2888 5507 Α
2909 5470 3065 5525 quae.
3126 5453 3163 5525 ,⁵
3195 5449 3289 5509 Sic
3315 5452 3447 5525 CF;
3487 5453 3753 5525 fama!"

458 5489 759 5572 ρειιὲιΑη]
787 5494 989 5576 δῖε,οε
1013 5518 1028 5566 ;
1071 5501 1115 5557 Δ
1142 5513 1198 5576 ut
1226 5489 1383 5573 quid.
1452 5489 1472 5538 τ
1500 5489 1784 5566 δῖθιιιΪᾸῖ

1864 5515 1886 5546 ⁸
1908 5517 1982 5589 sit
2002 5533 2107 5589 om.
2138 5519 2241 5575 CF.
2318 5524 2339 5557 ⁵
2370 5521 2461 5577 Sic
2501 5521 2626 5589 CF;
2666 5524 2707 5577 A
2740 5515 2968 5579 animae.
2990 5558 3006 5573 .
3047 5525 3088 5557 '°
3120 5523 3213 5580 Sic
3248 5525 3334 5589 A;
3385 5515 3746 5582 CF'utos-eas.

978 5587 1028 5596 υ
1060 5575 1289 5626 “mnino.
1310 5602 1327 5620 ο
1370 5576 1413 5607 ¹¹
1443 5575 1487 5631 Α
1518 5580 1984 5682 αῃηιἎᾲίέξίολϐιξ
2009 5603 2023 5653 ;
2048 5587 2097 5671 ,Δ
2159 5592 2359 5648 decimo
2387 5575 2592 5682 tertio;
2612 5575 2626 5589 ’
2648 5575 3045 5682 ίξηείοιίῖξῖ
3069 5575 3751 5682 ᾀθξῖρέῖνίαῇξμξ-’ἷίῗ

1950 5659 2154 5700 "“":'“n
2177 5675 2380 5712 ’tttnrln-

2464 5665 2508 5696 ³⁸
2538 5664 2629 5721 Sic
2656 5662 2740 5719 CF
2765 5683 2780 5726 ;
2809 5664 2855 5718 Α
2883 5666 3102 5723 detineri
3132 5662 3402 5723 animum;
3424 5666 3471 5700 "
3498 5666 3595 5723 Sic
3627 5663 3746 5728 CF;
