4028 6282
140 297 248 358 793

959 286 1045 345 or.
1080 220 1421 345 pinetum:
1457 283 1810 344 NATURAE.
1847 267 1920 331 έ-
1955 281 2158 341 LIBER
2196 283 2551 355 QUARTUS.

3338 290 3449 355 794

142 416 200 472 in
242 412 379 469 rosis
421 410 460 475 ³,
487 408 543 463 in
587 406 755 472 cadis,
792 421 883 461 seu
911 401 1031 459 aliis
1079 403 1394 476 quibusdam
1440 402 1744 473 corporibus
1774 407 1819 467 Λ
1846 399 2137 455 euntibus?
2174 399 2277 454 Sed
2308 402 2362 456 in
2387 418 2489 473 quo
2530 403 2689 470 juxta
2731 402 3137 461 ecclesiasticam
3183 406 3442 464 rationem

142 507 245 564 sibi
282 505 498 559 inuicem
538 498 793 569 impositis
837 497 1044 568 proprie
1087 496 1360 559 dicuntur,
1414 494 1528 564 ipsa
1572 502 1746 548 autem

142 591 513 654 intellectualis
543 590 613 644 ad
649 586 918 657 corporale
958 586 1176 641 societas
1224 583 1543 654 ineffabilem
1585 592 1632 637 et
1673 583 1749 636 in‘

142 684 523 757 intelligibilem
546 681 566 713 ³
589 679 741 735 habet
769 685 1098 741 contactum;
1130 691 1291 746 neque
1335 673 1478 728 intus
1499 673 1746 739 existens,

1847 494 2079 548 humana
2107 495 2415 565 magnitudo
2442 504 2538 561 est,
2570 512 2673 551 non
2700 495 2754 550 in
2782 496 2893 568 ipsa
2922 498 2992 551 ad
3025 507 3258 554 creatura
3290 516 3445 555 mun-

1847 585 1974 639 dum
2002 584 2371 651 similitudine,
2405 586 2495 641 sed
2517 587 2569 640 in
2597 587 2729 658 ipso,
2767 589 2908 658 quod
2948 591 3233 645 secundum
3254 592 3444 664 imagi-

1847 693 1964 731 nem
1986 688 2206 732 naturae
2231 679 2481 733 creatoris
2506 678 2551 711 ³⁵
2570 691 2743 750 [actus
2767 679 2811 711 ¹⁶
2830 691 2926 735 est.
2952 680 3101 748 Quae
3120 692 3195 737 est
3215 683 3377 754 igitur
3400 681 3466 716 η’

143 796 254 835 non
281 777 419 832 enim
455 775 756 843 iit-corpore
784 767 1111 840 incorporale
1132 776 1375 833 tenetur;
1403 781 1563 837 neque
1597 775 1747 820 extra

1852 776 2094 845 imaginis
2142 776 2299 843 ratio,
2351 777 2535 831 merito
2589 776 2749 831 dices.
2803 776 3077 843 Quomodo
3121 774 3467 833 assimilatur‘

141 866 594 939 comprehensum,
625 877 732 917 non
760 861 898 915 enim
925 857 1466 929 circumprehenditur
1508 856 1749 926 incorpo-
1847 866 2148 938 ξηεοφονεο
2172 867 2482 939 corporale?
2509 870 2780 934 Quomodo
2808 869 3116 938 sempiterno
3142 868 3443 941 temporale,

144 958 280 1025 rale,
312 956 403 1012 sed
440 953 724 1010 secundum
761 949 1020 1024 quendam
1050 948 1263 1002 modum
1301 945 1753 1018 superrationabi-
1847 957 2186 1021 immutabili,
2216 958 2356 1029 quod
2380 975 2474 1029 ρον
2496 959 2879 1014 conversionem
2910 958 3160 1014 mutabile
3203 970 3302 1027 εει,
3348 961 3447 1015 im.

81 1099 96 1132 ,ε
141 1051 249 1106 lem
280 1060 326 1105 et
352 1043 788 1116 inintelligibt'lem
825 1042 1206 1113 appropinquat
1247 1041 1455 1096 αηίιηιιδ
1502 1050 1747 1105 "alutae.
1847 1049 2082 1122 possibili
2106 1059 2153 1105 et
2179 1050 2561 1120 incorruptibili
2588 1051 2831 1122 possibile
2852 1062 2899 1105 et
2924 1048 3281 1122 corruptibile,
3311 1052 3464 1120 puro‘

138 1155 189 1200 et
209 1149 485 1213 cooptatus
506 1139 562 1195 in
585 1139 698 1209 ipsa
719 1145 767 1194 et
789 1138 930 1191 circa
962 1137 1130 1207 ipsam
1154 1135 1553 1199 consideratur;
1585 1149 1750 1207 neque

139 1237 291 1291 intus
320 1234 544 1307 positus,
569 1248 732 1304 neque
753 1229 1180 1300 circumplexus:
1209 1237 1299 1285 sed
1334 1228 1618 1302 quomodo,
1645 1245 1750 1284 non

138 1338 220 1384 est
247 1325 527 1382 dicendum
557 1339 719 1396 neque
740 1319 1156 1392 intelligendum,
1191 1330 1400 1388 praeter
1438 1320 1558 1386 hoc,
1609 1319 1750 1392 quod

136 1420 299 1491 juxta
348 1418 617 1492 proprium
670 1414 903 1471 ordinem
946 1414 1110 1485 ipsius
1151 1413 1483 1484 permeabilis
1530 1423 1752 1467 naturae

140 1514 309 1570 etiam
354 1512 563 1567 animus
604 1509 785 1581 efﬁcax
826 1508 888 1578 fit
950 1506 992 1561 ⁸.
1048 1505 1113 1564 Si
1153 1516 1328 1562 autem
1370 1504 1582 1577 aliquod
1624 1505 1754 1561 deli-

143 1618 292 1660 ctum
336 1603 474 1659 circa
510 1603 680 1674 ipsam
720 1599 1016 1671 contigerit,
1062 1598 1353 1654 secundum
1393 1597 1527 1652 illud
1579 1607 1751 1654 motus

141 1694 524 1769 intelligentiae
560 1694 770 1749 titubat.
809 1691 888 1748 Ac
925 1692 971 1747 si
1016 1701 1202 1764 aperte
1231 1691 1477 1747 diceret:
1510 1690 1555 1747 si
1594 1705 1752 1763 orga-

1849 1138 1915 1193 ab
1946 1139 2088 1195 omni
2116 1140 2339 1204 malitia,
2367 1141 2505 1213 quod
2530 1156 2732 1211 semper
2754 1143 2800 1195 ei
2823 1140 3085 1195 cohabitat
3131 1151 3180 1196 et
3222 1141 3292 1194 ad
3330 1158 3445 1196 eam

1850 1232 2206 1286 conuertitur?
2244 1230 2415 1286 Multa
2436 1233 2572 1287 enim
2599 1232 2848 1288 medietas
2873 1241 2949 1288 est
2972 1233 3116 1289 illius
3143 1233 3329 1298 animi,
3359 1233 3447 1286 di-

1850 1326 1959 1381 vini
1985 1326 2177 1382 scilicet
2216 1326 2282 1392 ¹⁸,
2316 1328 2405 1397 qui
2438 1337 2510 1381 est
2550 1326 2840 1398 principale
2874 1326 3185 1399 exemplum,
3208 1336 3255 1382 et
3282 1325 3446 1392 illius,

1849 1422 1939 1489 qui
1973 1419 2259 1475 secundum
2301 1419 2580 1491 imaginem
2614 1417 2787 1490 factus
2825 1430 2922 1473 est.
2967 1417 3153 1490 Imago
3190 1419 3447 1511 siqgidem

1850 1516 1897 1570 si
1924 1515 2165 1570 habuerit
2190 1516 2257 1569 ad
2280 1512 2570 1585 principale
2595 1512 2863 1584 exemplar
2882 1514 3301 1579 similitudinem,
3325 1530 3448 1585 pro-

1851 1605 1964 1678 prie
1984 1604 2115 1660 illud
2129 1606 2285 1660 etiam
2301 1605 2622 1659 nominatur.
2653 1604 2710 1660 Si
2736 1621 2851 1659 vero
2866 1606 3090 1659 imitatio
3114 1604 3178 1659 ab
3201 1621 3281 1668 eo,
3305 1604 3447 1677 quod
3536 1601 3540 1606 ’

1851 1700 2212 1771 praeponitur,
2226 1698 2516 1763 distoverit,
2531 1696 2681 1752 aliud
2693 1696 2914 1769 aliquid,
2929 1707 2974 1753 et
2990 1714 3091 1752 non
3106 1699 3277 1769 imago
3301 1698 3446 1753 illius

143 1808 283 1850 num
303 1790 549 1864 corporis
574 1790 629 1845 in
656 1789 836 1860 aliquo
874 1787 1184 1859 deliquerit,
1215 1787 1319 1842 hoc
1340 1794 1444 1852 est,
1475 1785 1529 1841 in
1567 1784 1751 1856 aliquo
1781 1768 1834 1835 Β
1854 1768 1989 1845 illud
2002 1803 2074 1845 est
2095 1790 2157 1842 ι’.
2185 1789 2457 1856 Quomodo
2471 1805 2591 1858 ergo
2604 1768 3013 1854 homo,mortale
3028 1788 3124 1841 hoc
3139 1799 3183 1841 et
3199 1768 3448 1858 possibile

143 1875 433 1951 defecerit,
474 1889 531 1939 et
560 1881 925 1953 integritatem
951 1894 1083 1936 suae
1117 1877 1378 1935 naturalis
1405 1878 1753 1935 constitutio-
1854 1882 2058 1954 citoque
2072 1882 2341 1951 deﬁciens,
2371 1880 2684 1935 immortalis
2722 1896 2785 1934 ac
2809 1896 2975 1952 purae
3000 1896 3301 1953 semperque
3336 1880 3447 1934 exi;

143 1975 241 2032 nis
285 1972 469 2043 aliqua
514 1971 801 2028 occasione
856 1977 1165 2040 corruptam
1220 1968 1515 2034 habuerit,
1574 1977 1754 2025 motus
1853 1976 2033 2031 stentis
2056 1985 2279 2029 naturae
2307 1981 2382 2028 est
2406 1973 2624 2045 imago!
2649 1972 2755 2029 Sed
2782 1990 2955 2030 ueram
2978 1973 3043 2028 de
3069 1974 3167 2028 hoc
3191 1974 3446 2028 rationem

145 2063 563 2137 iutelligentiae.
602 2063 655 2119 id
697 2070 783 2119 εει
818 2071 996 2118 monis
1023 2061 1211 2127 δηίωῆ
1245 2060 1297 2116 in
1325 2076 1386 2117 ea
1414 2069 1585 2131 Parte.
1614 2076 1755 2132 (1⁸1³6
1853 2071 1969 2130 sola
1992 2073 2039 2106 ³⁸
2068 2073 2268 2127 nouerit
2318 2081 2516 2143 operte,
2570 2087 2704 2142 quae
2747 2087 2865 2152 rvere
2912 2080 3006 2133 est,
3062 2070 3270 2127 veritas.
3330 2068 3447 2126 Nos

144 2168 205 2226 in
235 2172 439 2230 organo
470 2155 857 2227 corrumpitur,
897 2154 1107 2218 titubat,
1142 2155 1247 2210 hoc
1272 2162 1374 2219 est,
1403 2153 1752 2210 administra-

146 2251 319 2308 tionis
359 2264 491 2307 suae
531 2249 785 2305 virtutem
833 2246 1183 2304 manifestare
1226 2262 1331 2303 non
1386 2255 1596 2317 potest;
1646 2263 1751 2307 non

143 2342 293 2415 qnod
322 2340 412 2399 ille
441 2329 655 2398 animus
673 2338 908 2406 deﬁciat,
940 2340 1034 2395 sed
1062 2339 1205 2409 quod
1232 2338 1320 2394 illa
1343 2353 1470 2410 pars
1498 2351 1753 2412 corrupta

144 2434 320 2491 animi
341 2435 598 2491 virtutem
626 2432 869 2504 recipere
897 2447 1003 2487 non
1035 2431 1233 2487 valeat.

221 2526 312 2582 12.
351 2525 617 2593 Quoniam
641 2539 772 2580 vero
799 2523 1163 2579 necessarium
1202 2530 1303 2584 est.
1339 2524 1632 2581 humanam
1658 2541 1753 2581 na-

147 2628 332 2675 turam
368 2617 656 2690 diligenter
686 2616 1054 2680 considerare,
1107 2615 1584 2688 imlubitanterque
1635 2618 1751 2675 dis-

144 2725 396 2777 cernere,
435 2710 565 2782 quid
601 2708 656 2766 in
686 2723 751 2765 ea
792 2710 857 2766 ad
901 2709 1189 2780 imaginem
1220 2710 1313 2764 Dei
1361 2721 1418 2766 et
1446 2710 1751 2767 similitudi-

1855 2181 1996 2231 vero,
2024 2176 2280 2237 quantum
2307 2164 2567 2234 capimus,
2593 2161 3036 2233 speculationibus
3061 2160 3374 2233 quibusdam
3396 2170 3448 2217 et

1855 2257 2208 2329 opinionibus,
2256 2255 2397 2328 quod
2449 2271 2627 2309 verum
2657 2264 2754 2319 est,
2794 2253 3181 2325 inuestigantes,
3229 2253 3357 2309 haec
3381 2254 3447 2310 de

1853 2349 2243 2422 quaestionibus
2277 2348 2529 2418 susceptis
2569 2347 2813 2401 dicimus.
2858 2345 3041 2417 Neque
3070 2345 3278 2400 divinus
3304 2362 3450 2401 men-

1853 2443 1985 2496 titur
2026 2457 2221 2507 sermo,
2275 2439 2564 2495 secundum
2608 2438 2891 2510 imaginem
2916 2437 3008 2492 Dei
3044 2438 3161 2508 fieri
3186 2437 3448 2493 hominem

1853 2534 2052 2602 dicens,
2086 2550 2250 2605 neque
2277 2531 2494 2587 miseria
2526 2531 2569 2563 “
2598 2531 2862 2585 humanae
2907 2541 3130 2585 naturae
3176 2547 3339 2601 usque
3376 2530 3447 2585 ad

1853 2628 2215 2699 infelicitatem
2243 2627 2289 2658 ¹²
2320 2624 2633 2681 beatitudini
2662 2623 2998 2695 impassibilis
3025 2624 3159 2679 vitae
3181 2624 3447 2680 assimila-

1854 2729 1960 2772 tur.
1992 2719 2216 2774 Necesse
2239 2719 2378 2773 enim
2406 2726 2482 2772 est
2505 2734 2531 2772 e
2555 2715 2761 2770 duobus
2784 2714 3011 2770 alterum
3042 2714 3217 2784 fateri.
3252 2713 3312 2772 Si
3330 2717 3448 2788 quis

148 2820 304 2871 nem,
333 2805 438 2861 hoc
465 2810 551 2859 est
572 2802 640 2858 ad
662 2802 951 2875 imaginem
985 2800 1240 2868 similem,
1269 2811 1511 2858 creatum
1557 2803 1646 2865 sit,
1701 2811 1756 2859 et
1855 2819 2123 2879 comparat
2163 2808 2273 2864 Deo
2321 2806 2462 2879 quod
2500 2816 2737 2862 nostrum
2766 2817 2865 2872 est,
2905 2816 2996 2860 aut
3027 2805 3274 2876 possibile
3295 2817 3369 2861 est
3397 2804 3447 2841 ⁸³

146 2893 285 2968 quid
304 2890 656 2951 similitudine
678 2892 892 2947 divinae
915 2892 1162 2962 imaginis
1190 2891 1348 2963 longe
1382 2893 1434 2948 in
1471 2908 1536 2948 ea
1564 2894 1750 2961 distat,

1854 2900 2110 2966 divinum,
2149 2908 2241 2954 aut
2272 2897 2594 2970 impossibile
2617 2898 2928 2963 humanum,
2962 2906 3020 2952 ut
3054 2913 3120 2952 ea:
3143 2898 3447 2968 aequalibus

146 2981 740 3058 ejusdemsanctissimi
767 2980 870 3037 ‘et
917 2982 1302 3052 sapientissimi
1336 2983 1595 3055 magistri,
1621 2984 1756 3041 Gre-
1854 2989 2220 3044 similitudinis
2268 2989 2404 3043 ratio
2452 2989 2509 3044 in
2556 2988 2790 3060 utrisque
2837 2988 3327 3060 comprehendatur.
3387 2989 3447 3048 Si

146 3073 293 3148 gorii
335 3071 604 3139 videlicet,
636 3071 802 3127 verba
837 3071 1075 3127 inserere
1119 3071 1338 3143 placuit.
1395 3074 1486 3128 Ait
1525 3088 1654 3145 ergo
1694 3075 1748 3130 in
1794 3111 1798 3148 ί

1855 3095 2029 3138 autem
2062 3098 2225 3154 neque
2246 3082 2483 3137 divinum
2516 3081 2783 3153 possibile,
2826 3098 2991 3153 neque
3038 3093 3274 3136 nostrum
3297 3093 3449 3139 extra

148 3145 368 3223 decimo
422 3162 653 3234 septimo
702 3160 724 3194 ³
767 3161 1003 3234 capitulo
1050 3163 1319 3221 sermonis
1363 3149 1445 3219 de.
1470 3165 1704 3237 imagine
1734 3185 1748 3221 :
1779 3145 1825 3206 (ἶ
1856 3145 2152 3246 passionem
2172 3183 2245 3229 est
2267 3173 2316 3205 "
2343 3145 2539 3243 :igilui'
2556 3190 2691 3245 quae
2706 3145 2813 3229 alio
2836 3145 3151 3248 relinquitur
3173 3177 3332 3244 ratio,
3355 3192 3450 3248 per

147 3254 488 3327 Recipiamus
508 3253 697 3310 iterum
709 3252 939 3308 divinant
957 3268 1127 3308 vocem
1150 3266 1166 3305 :
1185 3251 1470 3309 Faciamus
1495 3255 1755 3312 hominem

147 3348 224 3405 ad
275 3348 557 3420 imaginem
610 3355 658 3401 et
714 3344 1112 3401 similitudinem
1162 3355 1419 3402 nostram.
1481 3348 1755 3414 Quomodo

145 3457 316 3515 parua
339 3449 389 3495 et
416 3437 633 3510 indigna
675 3437 1106 3510 magnanimitate
1148 3439 1376 3494 hominis
1403 3456 1466 3495 ex
1488 3440 1588 3507 his,
1619 3459 1755 3513 quae

147 3543 307 3590 extra
327 3540 474 3597 sunt,
501 3530 717 3602 quidam
742 3531 1089 3600 imaginavere
1111 3533 1500 3600 comparatione
1521 3535 1590 3588 ad
1615 3535 1753 3591 hunc

144 3625 431 3690 mundum,
471 3622 620 3696 quasi
656 3623 709 3676 in
739 3622 850 3692 ipso
891 3622 1151 3688 existeret,
1197 3622 1458 3678 hominem
1505 3627 1751 3697 magni/i-

148 3729 332 3774 cantes
356 3716 589 3772 lDicunt
617 3715 810 3781 ‘enim,
836 3714 1097 3770 hominem
1126 3715 1494 3793 μικρόκοσμον,
1524 3718 1579 3773 id
1614 3732 1687 3775 est
1707 3722 1751 3788 ⁷,

147 3823 376 3880 parvum
404 3806 657 3862 mundum
686 3821 820 3871 esse,
847 3822 913 3861 ετ
935 3806 1145 3872 iisdem,
1171 3808 1358 3878 quibus
1411 3810 1679 3866 universus
1728 3812 1751 3843 ⁸

147 3898 423 3956 elementis
465 3899 722 3954 consistit.
779 3897 801 3930 ⁸
852 3896 993 3953 Nam
1033 3901 1122 3971 qui
1168 3911 1474 3956 ornamento
1526 3904 1751 3959 nominis

150 3991 316 4049 talem
336 3990 545 4047 laudem
573 3993 832 4048 humanae
860 3992 1058 4047 donant
1090 4002 1312 4051 naturae
1341 3995 1383 4027 ¹⁰
1406 4036 1422 4062 ,
1454 3996 1598 4053 obliti
1623 4009 1746 4054 sunt

149 4082 478 4154 semetipsos,
522 4083 578 4137 in
617 4081 1043 4153 praprietatibus,
1088 4099 1223 4155 quae
1260 4086 1402 4140 circa
1444 4086 1659 4143 culicem
1704 4098 1754 4144 et

151 4188 358 4230 murem
393 4181 537 4238 sunt,
566 4170 908 4227 venerabilem
947 4172 1209 4227 hominem
1238 4173 1506 4245 facientes.
1545 4174 1754 4234 Etenim

149 4275 203 4322 et
226 4265 284 4320 in
308 4264 351 4296 “
381 4262 486 4318 illis
511 4279 575 4319 ea:
596 4263 677 4319 his
705 4274 954 4335 quattuor
980 4268 1236 4321 concretio
1260 4277 1359 4334 est,
1390 4284 1449 4324 eo
1479 4270 1616 4341 quod
1644 4287 1755 4326 om-

150 4359 282 4416 nino
303 4376 359 4415 in
382 4374 687 4431 unoquoque
716 4359 758 4389 ¹¹
779 4359 1108 4414 existentium
1134 4377 1409 4433 corporum
1429 4374 1520 4418 aut
1548 4381 1613 4419 ea;
1632 4365 1753 4439 plu-

152 4452 301 4507 ribus
330 4460 423 4507 aut
446 4451 733 4507 minoribus
753 4451 1013 4523 quaedam
1058 4453 1226 4523 portio
1267 4455 1407 4509 circa
1455 4457 1653 4512 animal
1709 4457 1765 4515 ι’,

1854 3283 2013 3338 quam
2059 3267 2342 3321 veridicum
2398 3266 2624 3321 dicimus
2676 3265 2906 3320 diuinam
2958 3283 3152 3334 vocem,
3200 3284 3335 3338 quae
3376 3269 3445 3323 ad

1854 3359 2137 3432 imaginem
2163 3359 2211 3391 "
2244 3357 2339 3414 Dei
2369 3357 2569 3430 factum
2611 3356 2777 3428 fuisse
2814 3357 3077 3413 hominem
3116 3360 3283 3413 dicit?
3322 3357 3447 3416 Non

1853 3467 1976 3522 ergo
2004 3450 2051 3482 “
2071 3452 2184 3520 ipsa
2208 3450 2355 3505 nobis
2383 3449 2679 3519 recipienda
2703 3460 2778 3504 est
2800 3466 2952 3506 sacra
2975 3446 3295 3522 Scriptura?
3318 3449 3447 3506 Fiat

1853 3544 2030 3615 itaque
2052 3544 2310 3616 quaedam
2333 3558 2398 3597 ea:
2422 3543 2528 3608 his,
2553 3560 2688 3615 quae
2706 3544 2900 3615 scripta
2925 3553 3067 3610 sunt,
3104 3545 3173 3598 ad
3203 3545 3282 3612 id,
3305 3544 3446 3618 quod

1853 3635 2131 3706 quaeritur
2155 3652 2188 3688 a
2216 3635 2386 3701 nobis,
2411 3635 2776 3691 manuductio.
2811 3632 3103 3707 Postquam
3130 3636 3264 3692 dixit
3288 3648 3308 3688 :
3333 3635 3446 3693 Fa-

1854 3728 2059 3784 ciamus
2107 3728 2369 3784 hominem
2418 3728 2706 3784 secundum
2758 3729 3038 3802 imaginem
3087 3730 3155 3798 "’,
3205 3740 3254 3786 et
3287 3731 3343 3787 in
3365 3741 3450 3787 ta-

1822 3818 1990 3883 libus
2038 3820 2337 3890 faciamus,
2381 3819 2541 3890 infert
2591 3821 2730 3876 hunc
2772 3838 3061 3878 sermonem
3098 3839 3117 3878 :
3157 3824 3281 3894 quia
3318 3824 3443 3895 fecit

1853 3910 1996 3966 Deus
2024 3910 2310 3977 hominem,
2342 3911 2630 3965 secundum
2656 3912 2935 3982 imaginem
2960 3912 3055 3966 Dei
3078 3913 3199 3983 fecit
3229 3930 3347 3967 eum
3374 3915 3444 3982 ",

1856 4001 2152 4059 masculum
2181 4012 2228 4056 et
2251 4004 2502 4072 feminam
2532 4003 2653 4075 fecit
2680 4020 2788 4058 eos.
2813 4002 3024 4059 Dictum
3049 4015 3123 4060 est
3151 4005 3313 4077 igitur
3325 4007 3446 4079 jam
3510 4004 3512 4006 ’

1860 4103 1909 4147 et
1935 4096 1991 4149 in
2017 4093 2120 4156 his,
2154 4109 2289 4164 quae
2335 4109 2514 4149 coram
2552 4105 2694 4161 sunt,
2725 4096 2850 4167 quia
2881 4096 2951 4150 ad
2983 4095 3295 4152 solutionem
3324 4099 3449 4154 hae-

1859 4186 2049 4240 reticae
2084 4186 2364 4257 impietatis
2388 4186 2511 4242 talis
2536 4204 2705 4242 serrno
2732 4190 3134 4258 praenuntiatus
3158 4202 3254 4257 est,
3277 4203 3332 4247 ut
3357 4193 3444 4248 di-

1856 4288 2074 4343 scentes,
2090 4280 2214 4351 quia
2245 4278 2365 4350 fecit
2390 4280 2651 4336 hominem
2677 4282 2974 4353 unigenitus
2999 4282 3136 4339 Deus
3157 4289 3443 4342 secundum

1856 4369 2136 4442 imaginem
2154 4372 2268 4438 Dei,
2287 4370 2432 4428 nulla
2448 4376 2650 4429 ratione
2662 4374 2984 4429 divinitatem
3000 4372 3178 4431 Patris
3193 4388 3240 4432 et
3256 4375 3384 4435 Filii
3397 4378 3444 4412 “

1857 4477 2203 4533 segregemus,
2255 4462 2404 4533 ﬁdeli
2442 4464 2621 4519 dicina
2662 4462 2939 4536 Scriptura
2969 4464 3139 4522 Deum
3167 4477 3448 4543 utrumque

149 4543 517 4627 consideratur
542 4559 742 4621 eorum,
763 4544 875 4599 sine
899 4543 1087 4615 quibus
1120 4545 1437 4601 consistendi
1459 4547 1659 4620 aliquid
1689 4566 1753 4604 ea:
1783 4542 1830 4604 Β
1858 4555 2180 4620 nominantc,
2231 4572 2352 4611 eum
2399 4555 2631 4613 videlicet
2666 4560 2759 4630 qui
2790 4558 2912 4629 fecit
2942 4561 3222 4630 hominem,
3252 4542 3444 4621 etcum

150 4634 258 4701 his,
302 4649 436 4706 quae
470 4622 685 4689 sensum
728 4634 1081 4705 participant,
1127 4644 1373 4690 naturam
1425 4653 1528 4692 non
1573 4638 1746 4695 habet.

152 4728 299 4795 Quid
326 4727 488 4800 igitur
517 4736 631 4798 post
684 4728 867 4781 mundi
911 4728 1217 4783 charactera
1260 4738 1309 4783 et
1348 4730 1746 4787 similitudinem

149 4817 523 4876 arbitrandum
573 4826 649 4872 est
706 4834 815 4872 esse
866 4816 1125 4873 hominem
1172 4819 1316 4873 caelo
1365 4831 1745 4891 praetereunte,

150 4921 297 4967 terra
320 4920 544 4977 mutata,
569 4909 928 4981 omnibusque,
953 4926 1086 4981 quae
1118 4909 1173 4964 in
1192 4911 1273 4965 his
1302 4913 1745 4982 comprehendun-

148 5017 264 5074 tur,
291 5022 410 5061 cum
437 5005 663 5061 transitu
688 5004 1167 5077 comprehendentis
1204 5005 1385 5060 mundi
1434 5006 1477 5039 “
1520 5018 1752 5079 praeter-

1857 4648 1925 4700 od
1956 4647 2107 4717 cujus
2140 4649 2417 4720 imaginem
2467 4648 2643 4719 factus
2686 4661 2782 4706 est.
2840 4651 2948 4708 Sed
2978 4653 3043 4709 de
3090 4654 3188 4710 hoc
3235 4657 3445 4728 quidem

1854 4754 2023 4793 sermo
2071 4739 2390 4797 dimittatur.
2424 4740 2504 4795 Ad
2526 4743 2852 4813 propositum
2886 4762 3004 4801 vero
3034 4745 3076 4780 ·⁹
3101 4750 3445 4805 convertenda

1855 4841 1929 4886 est
1961 4834 2214 4903 quaestio,
2244 4833 2505 4904 quomodo
2529 4834 2704 4890 divino
2723 4845 2773 4890 et
2795 4835 2943 4892 beato
2966 4838 3045 4892 illi
3073 4841 3319 4895 miserunt
3347 4842 3445 4898 hoc

1856 4923 2029 4977 simile
2057 4922 2100 4954 ³¹
2145 4941 2176 4979 o
2208 4940 2363 4980 sacra
2394 4923 2668 4997 Scriptura
2697 4931 3019 4985 nominatur.
3057 4929 3248 4988 Nonne
3273 4934 3445 5002 itaque

1854 5012 2131 5084 diligenter
2173 5014 2471 5071 ordinanda
2504 5027 2626 5072 sunt
2656 5019 2849 5075 verba?
2878 5019 3179 5078 Invenimus
3206 5022 3250 5056 ³³
3278 5024 3441 5091 enim,

1484 5119 1738 5177 VARIAE
1773 5121 2175 5182 LECTIONES.

229 5236 249 5268 ⁸
284 5231 514 5299 SicCF;
536 5231 891 5307 in_uasis_om.
919 5232 987 5307 ᾼτ
1032 5235 1083 5307 Α²
1112 5215 1164 5288 Ἀ
1193 5232 1590 5307 intelligibilem.
1669 5236 1691 5268 ³
1728 5237 1819 5295 Sic
1848 5222 1969 5307 id“;
2023 5243 2065 5296 A
2113 5243 2199 5297 sit.

2297 5241 2318 5275 ³
2355 5243 2397 5298 Α
2424 5244 2777 5317 scientissimi.
2854 5250 2876 5281 ⁸
2905 5250 2991 5306 (ΖΙ⁴¹
3038 5260 3247 5317 xm“,
3274 5254 3316 5307 A
3345 5254 3439 5310 de-

152 5307 301 5392 cinno
325 5315 471 5392 sexto
510 5302 681 5392 istc
706 5304 897 5392 gris.
922 5304 1149 5392 ρέςίιιις.
1223 5305 1243 5337 τ
1263 5302 1379 5392 _s.c'
1398 5305 1487 5392 cr
1500 5323 1516 5372 ;
1544 5311 1884 5392 μικρόκοεμρν
1913 5302 1967 5367 id
1991 5326 2063 5369 est
2085 5331 2192 5392 φη..
2220 5315 2284 5392 tl.
2319 5385 2330 5392 _
2362 5317 2384 5348 ιι
2415 5315 2506 5372 Sic
2527 5316 2646 5392 Cr;
2671 5319 2718 5392 Α
2747 5302 3160 5376 αηευενὲἱιηιῖ⁷’ὶ
3200 5302 3436 5392 siser;

152 5379 202 5435 Δ
240 5376 627 5432 consistentem.
706 5374 749 5405 ¹⁰
788 5374 880 5430 Sic
926 5375 1010 5432 CF
1026 5393 1041 5440 ;
1084 5378 1130 5431 Α
1185 5386 1409 5431 naturae
1453 5374 1668 5434 donaui.
1749 5374 1802 5413 ἰ’
1831 5386 1885 5436 in
1928 5402 2035 5438 om.
2082 5386 2142 5440 Α.

2227 5386 2267 5417 ¹²
2302 5385 2349 5441 Α
2390 5403 2514 5442 uno.
2595 5390 2639 5419 ⁸³
2692 5391 2734 5444 Α
2780 5394 3094 5448 animatum.

3174 5396 3218 5427 “
3256 5398 3438 5454 mundi

153 5445 493 5535 onm;.A.n':§
530 5444 1185 5535 EFh'A‘coniitpris.‘
1212 5447 1293 5535 7”“
1330 5449 1390 5535 Α.
1401 5447 1543 5535 facta
1566 5461 1673 5535 est.
1733 5453 1794 5535 A"
1832 5453 1917 5535 illi
1944 5473 2076 5535 quae
2101 5457 2625 5535 igiturhest.-_“'_Sic
2651 5458 2768 5526 CF;
2799 5444 2963 5517 divini
2988 5444 3182 5521 scilicet

158 5521 202 5598 ξ’
243 5519 339 5598 Sic
544 5518 596 5598 A_
621 5516 1007 5598 est__ill_ud.n_'°
1036 5520 1082 5598 A_
1106 5515 1294 5575 solam.
1361 5515 1414 5598 ff
1446 5520 1537 5598 Sic
1563 5520 1679 5586 CF;
1720 5522 1765 5577 A
1787 5515 2140 5581 miser-itaita."
2187 5530 2230 5561 “
2259 5528 2352 5584 Sic
2379 5527 2493 5594 CF;
2527 5530 2570 5584 A
2601 5515 2871 5587 humanae
2908 5515 3439 5596 ....i.....£."a2¥i.}n}.'é

986 5605 1001 5655 ;
1031 5589 1115 5680 [An
1152 5588 1527 5680 εδξξᾊεξδῃςῃιέ
1568 5585 1718 5680 fxtra
1748 5600 1835 5680 est
1865 5599 2184 5680 passionem.
2258 5601 2305 5680 ’_”
2327 5599 2374 5655 Α
2428 5585 2492 5656 iii
2511 5585 2797 5680 imagine;
2839 5585 2885 5636 δ’
3168 5585 3238 5680 LK

155 5664 227 5750 ξτ.
250 5660 542 5750 “culti-ip!
566 5659 1138 5750 ‘iijnagiqnem_om.,hCF.
1211 5661 1385 5750 ’ᾖξε
1408 5661 1526 5750 ;
1557 5662 1757 5750 A‘quia
1787 5659 1929 5750 Deus
1980 5670 2102 5739 fecit
2147 5672 2416 5750 hominem
2438 5681 2490 5750 et
2518 5688 2561 5727 s.
2596 5659 2642 5726 ίΪ
2663 5672 2725 5727 Ι).
2754 5672 2790 5728 l.
2820 5690 2871 5750 ε.
2950 5674 2995 5707 ¹⁹
3033 5659 3439 5750 (ᾆξ”ῇῆἱῗίρἇλ

154 5734 274 5789 tris.
352 5731 398 5765 ⁸⁸
424 5731 511 5803 CF
546 5731 628 5786 Ad
663 5748 777 5786 vero
810 5730 1155 5803 propositum.
1233 5730 1276 5764 ³²
1304 5732 1394 5789 Sic
1423 5733 1508 5788 CF
1529 5750 1544 5799 ;
1603 5734 1643 5788 Α

188 5741 277 5816 ris,
352 5741 398 5816 ’ξ
424 5741 511 5816 μιν
546 5741 627 5786 Aa
663 5748 777 5786 vero
810 5741 1155 5813 propositum.
1233 5741 1276 5764 "
1304 5741 1394 5789 Sic
1423 5741 1544 5799 (LF;
1603 5741 1643 5788 Α
1674 5741 1951 5862 quomodo
1997 5759 2106 5798 esse
2151 5743 2385 5803 divinum
2430 5743 2638 5799 beatum
2675 5756 2724 5801 et
2769 5748 2963 5807 misera
3017 5741 3439 5813 hunianitas"et

188 5803 329 5862 inule
365 5803 448 5861 illi
483 5802 583 5861 hoc
613 5817 647 5861 a
673 5816 830 5861 sacra
868 5800 1172 5862 Scriptura.
1247 5803 1293 5838 ε’
1321 5805 1413 5862 Sic
1433 5804 1558 5862 CF:
1588 5804 1630 5859 Α
1711 5810 2026 5862 noeniemus.
3325 5790 3341 5827 ⁸

152 5803 329 5867 simile
365 5803 448 5861 illi
483 5802 583 5861 hoc
613 5817 647 5861 a
673 5800 830 5861 sacra
868 5800 1172 5875 Scriptura.
1247 5803 1293 5838 "
1321 5805 1413 5863 Sic
1433 5804 1558 5873 CF;
1588 5804 1630 5859 Α
1674 5800 2026 5879 Inveniemus.
