4028 6282
171 335 279 395 797

1017 330 1106 406 DE
1141 325 1485 388 DIVISIONE
1522 327 1875 387 NATURAE.
1913 357 1986 370 —-
2021 324 2225 382 LIBER
2262 322 2617 396 QUARTUS.

3367 332 3470 392 798

168 449 465 523 exemplum
497 447 836 521 aspicit,sed,
871 447 1004 502 sicut
1023 447 1222 501 dictum
1257 455 1354 512 est,
1377 443 1774 499 immutabiliori
1804 447 1853 508 Α
1881 440 2154 496 reducens.
2185 438 2307 510 Ipsa
2336 441 2499 511 igitur
2538 440 2897 496 restitutorum
2927 440 3027 498 vita
3051 441 3123 497 ad
3167 460 3304 513 eam,
3337 463 3472 520 quae

95 588 104 594 .
169 544 400 618 possidet
426 553 619 596 natura
658 543 696 592 ¹.
728 540 960 594 Causam
986 555 1103 593 vero
1129 535 1251 592 talis
1269 536 1776 608 sitperntacltinatio-

171 642 258 696 nis
284 637 380 692 soli
405 636 615 708 quidem
639 635 896 699 noverint,
919 633 1010 704 qui
1036 633 1300 687 veritatem
1323 647 1416 701 per
1439 647 1493 684 se
1516 629 1708 695 vident,
1731 637 1777 684 et

171 731 402 785 ministri
426 738 546 785 sunt
570 730 728 785 verbi.
759 727 871 782 Nos
894 737 1092 790 autem,
1125 736 1380 796 quantum
1407 725 1650 796 possibile
1681 734 1776 788 est,

169 839 242 878 es:
260 821 570 895 quibusdam
597 819 912 890 conjecturis
933 830 1088 889 atque
1112 819 1493 888 consequentiis
1513 817 1780 872 veritatem

171 918 432 982 silentes’,
446 916 585 987 quod
600 917 656 970 in
676 915 912 975 animum
935 913 1091 978 venit,
1112 930 1214 967 non
1227 912 1616 982 pronuntiative
1630 925 1783 980 expo.

173 1026 382 1074 nemus,
397 1009 417 1041 ⁸
438 1010 528 1063 sed
543 1007 697 1063 veluti
710 1009 764 1061 in
788 1007 1059 1078 gymnasio
1083 1005 1298 1062 auribus
1312 1004 1554 1074 ﬁdelibus
1570 1005 1784 1060 audien-

172 1102 246 1156 da
271 1117 638 1172 proponemus.
668 1099 808 1166 Quid
833 1115 955 1169 ergo
978 1107 1074 1163 est,
1099 1099 1236 1169 quod
1263 1099 1326 1152 de
1346 1097 1426 1151 his
1451 1096 1783 1167 cogitamus?

178 1192 390 1258 Sermo,
421 1194 510 1264 qui
557 1193 685 1246 dicit
721 1205 740 1244 .'
775 1192 896 1262 fecit
960 1191 1098 1245 Deus
1127 1191 1410 1255 hominem,
1443 1190 1656 1259 inﬁnita
1716 1190 1783 1243 si-

174 1288 518 1358 gniﬁcatiotte
566 1302 769 1340 omnem
820 1283 1468 1338 humanitatemostendit.
1499 1279 1622 1336 Non
1645 1283 1782 1335 enim

175 1395 318 1432 nunc
339 1380 739 1448 cognom’natur
760 1388 1034 1430 creaturae
1064 1375 1255 1439 Adam,
1293 1375 1429 1428 sicut
1454 1375 1507 1428 in
1530 1373 1786 1444 sequenti-

175 1471 277 1524 bus
302 1469 523 1524 historia
550 1469 700 1539 dicit,
728 1473 817 1523 sed
841 1483 1027 1522 nomen
1067 1475 1242 1521 creato
1263 1465 1461 1519 ltomini
1498 1481 1600 1519 non
1635 1464 1783 1518 aliud

170 1563 445 1632 quoddam
467 1563 833 1617 universaliter
860 1571 956 1616 est.
989 1560 1150 1614 Non“
1171 1560 1334 1630 igitur
1369 1559 1654 1614 universali
1685 1575 1784 1614 na-

173 1663 332 1710 turae
369 1655 637 1708 vocatione
679 1652 782 1706 tale
829 1653 1032 1723 aliquid
1071 1652 1330 1722 suspicari
1371 1651 1780 1717 introducimur,

171 1748 304 1818 quia
334 1747 386 1800 in
439 1746 617 1800 divina
647 1745 948 1816 praesentia
982 1745 1002 1776 ⁵
1031 1755 1080 1800 et
1135 1747 1330 1799 vrtute
1373 1745 1544 1798 omnis
1589 1743 1782 1796 huma-

1879 539 2089 610 prOprie
2115 539 2420 607 angelorum
2437 534 2926 607 habetur,profecto
2949 549 3068 592 ante
3094 541 3299 596 ruinam
3315 559 3473 616 ange-

1881 629 1963 684 lus
1989 629 2207 699 quidam
2226 628 2267 658 “’
2283 635 2394 681 erat
2424 643 2442 680 :
2463 636 2738 698 propterea
2761 629 2869 699 ipse
2881 632 2951 684 ad
2965 632 3322 703 antiquitatem
3339 635 3475 693 vitae

1882 732 2090 782 nostrae
2116 719 2311 773 reditus
2353 718 2554 789 angelis
2595 718 2940 785 assimilatur.
2965 721 3211 779 Attamen
3234 727 3366 781 sicut
3393 728 3477 782 di-

1883 825 2020 869 ctum
2051 823 2152 879 est,
2178 813 2373 884 nuptiis
2399 814 2538 884 apud
2573 828 2660 867 eos
2696 812 2740 847 “’
2763 831 2868 868 non
2911 817 3249 874 existentibus
3280 821 3336 875 in
3360 837 3477 893 mg—

1885 905 2120 981 ri‘adibus
2152 905 2375 974 inﬁnitis
2394 903 2616 978 militiae
2636 905 2948 976 angelorum
2977 920 3136 975 sunt;
3158 913 3232 966 sic
3252 915 3390 968 enim
3418 915 3476 970 in

1883 996 2166 1051 visionibus
2192 994 2380 1050 Daniel
2401 995 2658 1049 narravit.
2685 995 2811 1064 Non
2827 997 2988 1068 igitur
3006 1016 3100 1069 per
3121 1003 3342 1058 eundem
3378 1006 3475 1060 ho-

1883 1087 2160 1151 mincm,si
2185 1083 2332 1139 nulla
2355 1103 2622 1142 conversio
2643 1096 2695 1162 et
2721 1103 2951 1159 recessus
2978 1090 3041 1143 ab
3066 1093 3301 1163 angelica
3314 1098 3478 1150 socie-

1885 1188 1989 1233 tate
2010 1195 2074 1233 ex
2090 1188 2300 1249 peccato
2317 1177 2464 1234 nobis
2479 1177 2648 1246 ﬁeret,
2664 1178 2908 1248 fortassis
2937 1198 3028 1235 nos
3043 1183 3238 1253 nuptiis
3252 1185 3320 1238 ad
3345 1186 3481 1240 ntul-

1884 1269 2260 1341 tiplicationem
2283 1269 2644 1341 alligaremur.
2665 1265 2818 1344 Alius
2832 1275 3050 1344 quidam
3080 1286 3155 1330 est
3177 1277 3232 1331 in
3258 1288 3481 1336 naturae

1889 1362 2196 1432 angelorum
2246 1360 2702 1432 multiplicationis
2735 1365 2942 1429 modus,
2963 1366 3248 1437 ine/fabilis
3269 1371 3498 1440 quidem,

1885 1465 1930 1510 et
1956 1453 2356 1524 inintelligibilis
2376 1455 2620 1508 humanis
2644 1460 3186 1527 argumentationibus
3204 1479 3222 1524 ,°
3238 1473 3485 1518 verunta-

1885 1562 2001 1600 men
2032 1548 2154 1625 quia
2174 1545 2215 1575 ¹⁶
2237 1546 2448 1599 omnino
2473 1556 2570 1610 est,
2594 1546 2702 1617 ipse
2721 1548 2877 1602 etiam
2899 1549 2950 1619 in
2971 1549 3075 1616 his,
3099 1553 3190 1622 qui
3203 1553 3362 1622 paulo
3386 1557 3484 1610 nti-

1887 1655 1984 1693 nus
2007 1639 2070 1692 ab
2092 1637 2288 1710 angelis
2317 1638 2356 1668 ”
2381 1639 2627 1710 minorati
2646 1650 2786 1704 sunt,
2822 1653 3127 1712 operaretur
3150 1645 3216 1712 ¹⁸,
3243 1647 3297 1702 in
3317 1648 3485 1719 ipsam

1889 1733 2158 1803 deﬁnitam
2179 1733 2395 1802 factoris
2419 1732 2636 1786 consilio
2659 1751 2958 1791 mensuram
2980 1739 3362 1797 humanitatem
3388 1761 3485 1798 au-

175 1840 320 1894 nitas
344 1840 396 1893 in
423 1839 596 1908 prima
631 1839 1000 1893 constitutione
1023 1839 1394 1908 comprehensa
1419 1847 1514 1892 est.
1551 1835 1768 1908 Oportet
1802 1828 1847 1892 Β
1875 1840 2018 1896 θθηδο
2041 1823 2100 1878 δέ
2123 1840 2240 1877 vero
2265 1833 2462 1876 εοανίαι
2486 1823 2681 1894 “quis,
2701 1827 3052 1902 gettcrationis
3065 1831 3362 1885 animarum
3376 1848 3490 1888 mos

174 1935 319 1990 enim
349 1933 422 1987 nil
463 1932 572 1988 Deo
609 1932 877 2002 inﬁnitum
913 1932 966 1986 in
986 1933 1088 1995 his,
1121 1948 1258 2003 quae
1280 1932 1423 1985 abeo
1458 1931 1600 2001 facta
1629 1940 1774 1994 sunt,

177 2029 484 2092 aestimare,
517 2030 607 2091 sed
635 2025 1055 2096 uniuscujusque
1080 2041 1282 2089 eorum,
1313 2041 1448 2094 quae
1487 2033 1630 2088 sunt,
1656 2023 1779 2091 ﬁnis

175 2128 230 2174 et
281 2133 527 2172 mensura
580 2115 1077 2186 circumponderans
1111 2115 1328 2184 factoris
1385 2114 1642 2183 sapientia
1681 2123 1777 2169 est.

179 2208 640 2276 Quemadmodum
661 2209 826 2279 igitur
845 2207 1039 2278 aliquis
1056 2212 1210 2261 homo
1235 2205 1467 2276 corporis
1493 2206 1784 2263 quantitate

177 2313 486 2369 coartatur,
515 2312 564 2357 et
597 2317 847 2357 mensura
870 2300 969 2354 sibi
995 2300 1324 2355 substantiae
1345 2298 1656 2368 magnitudo
1686 2308 1782 2361 est,

175 2409 314 2466 quae
327 2394 382 2448 in
395 2392 669 2464 superﬁcie
681 2392 918 2462 corporis
932 2390 1234 2461 perﬁcitur:
1251 2390 1345 2454 sic,
1365 2387 1612 2453 arbitror,
1630 2387 1787 2442 veluti

178 2485 242 2544 in
257 2501 361 2546 uno
380 2500 596 2555 corpore
617 2493 781 2543 totam
799 2481 1146 2537 humanitatis
1161 2480 1540 2552 plenitudinem
1565 2496 1788 2550 progno-

178 2577 523 2636 stica'vt'rtute
560 2593 593 2632 tt
634 2574 743 2628 Deo
766 2573 998 2628 omnium
1035 2575 1466 2644 comprehensam
1505 2570 1690 2640 fuisse.
1719 2571 1787 2624 Et

177 2669 282 2730 hoc
304 2669 449 2744 docet
477 2683 669 2732 sermo,
701 2664 794 2737 qui
816 2666 977 2720 dicit:
1006 2664 1144 2731 Quia
1175 2663 1294 2734 fecit
1321 2662 1462 2718 Deus
1505 2662 1789 2727 hominem,

180 2761 471 2820 secundum
510 2758 792 2830 imaginem
819 2756 916 2812 Dei
939 2757 1059 2826 fecit
1085 2772 1224 2811 eum.
1260 2753 1384 2808 Non
1411 2754 1545 2808 enim
1570 2754 1623 2808 in
1643 2763 1794 2823 parte

181 2864 414 2910 staturae
447 2854 642 2922 imago,
667 2865 830 2921 neque
857 2852 911 2904 in
939 2849 1168 2920 quodam
1200 2863 1399 2910 eorum,
1423 2861 1558 2912 quae
1609 2860 1794 2908 secun-

185 2946 318 3006 dum
376 2946 544 3014 ipsum
605 2942 1025 3006 considerantur,
1048 2941 1217 3011 gratia
1251 2949 1347 3004 est,
1387 2939 1476 2993 sed
1519 2939 1572 2992 in
1627 2948 1794 2991 totum

183 3053 349 3111 genus
380 3034 672 3106 aequaliter
735 3033 859 3088 talis
895 3033 1125 3102 pervenit
1168 3033 1347 3086 virtus.
1381 3031 1605 3100 Signum
1673 3045 1793 3082 vero

183 3139 283 3192 αι,
297 3126 436 3199 quod
452 3125 470 3156 ⁶
486 3125 725 3180 omnibus
739 3123 979 3188 similiter
995 3124 1201 3176 animus
1217 3120 1428 3174 colloca.
1441 3136 1524 3182 ur,
1542 3120 1664 3171 dum
1684 3135 1794 3170 om-

1883 1918 2007 1971 dum
2034 1917 2327 1987 inquirens,
2352 1917 2450 1970 nisi
2477 1915 2786 1988 alligaretur
2816 1921 3118 1990 nuptiarum
3135 1928 3488 1995 coaperationi

1884 2011 2062 2078 honto,
2116 2010 2487 2081 respondemus
2530 2011 2575 2042 ²⁰
2626 2020 2674 2085 et
2710 2029 2804 2067 nos
2853 2013 3120 2085 angelicae
3167 2019 3491 2076 substantiae

1883 2103 2124 2167 modum,
2159 2102 2423 2173 quomodo
2457 2103 2509 2157 in
2533 2103 2578 2170 ς²ι
2609 2093 2839 2172 inﬁnitis
2862 2107 3185 2176 myriadibus
3207 2108 3286 2165 illi
3307 2121 3352 2164 et
3383 2129 3490 2166 una

1886 2199 2114 2252 essentia
2146 2199 2403 2261 existunt,
2433 2208 2477 2251 et
2507 2198 2563 2251 in
2601 2197 2781 2252 multis
2811 2211 3182 2272 numerantur.
3207 2201 3325 2258 Hoc
3352 2207 3493 2260 enim

1887 2301 2002 2362 apte
2050 2291 2473 2362 respondebimus
2520 2293 2852 2361 proponenti,
2901 2295 3163 2364 quomodo
3206 2307 3339 2352 esset
3385 2298 3492 2368 [ine

1889 2385 2084 2455 nuptiis
2123 2386 2299 2451 homo,
2330 2386 2582 2451 dicentes,
2613 2387 2746 2441 sicut
2776 2396 2899 2444 sunt
2920 2389 3092 2458 angeli
3121 2390 3234 2444 sine
3261 2391 3490 2462 nuptiis;

1890 2479 2152 2532 hominem
2175 2481 2312 2534 enini
2335 2481 2576 2536 similiter
2592 2481 2636 2512 ²²
2650 2479 2755 2535 illis
2776 2481 2939 2551 fuisse
2958 2490 3077 2536 ante
3096 2484 3498 2552 praevaricatio-

1894 2587 2007 2624 nem
2037 2572 2262 2639 ostendit
2289 2573 2400 2642 ipsa
2443 2574 2497 2626 in
2537 2572 2688 2628 illuni
2719 2575 2912 2629 iterum
2957 2577 3234 2632 restitutio.
3267 2577 3369 2633 His
3401 2580 3497 2634 ite-

1895 2677 2010 2713 rum
2041 2679 2072 2713 a
2115 2662 2261 2714 nobis
2292 2661 2366 2715 sic
2382 2661 2500 2731 jam
2529 2663 2652 2717 bene
2680 2664 2943 2730 discretis,
2982 2666 3036 2721 in
3059 2664 3106 2697 ³³
3140 2668 3366 2737 priorem
3403 2686 3495 2724 ra-

1896 2752 2087 2804 tionem
2135 2752 2460 2806 redeundum
2491 2763 2586 2818 est,
2616 2755 2878 2824 qttomodo
2916 2765 3031 2825 post
3071 2758 3496 2813 constitutionem

1895 2845 2144 2916 imaginis
2175 2846 2341 2915 ipsant
2383 2846 2670 2902 secundum
2712 2847 3004 2901 masculum
3030 2859 3077 2902 et
3109 2849 3360 2918 feminam
3389 2850 3498 2920 dif-

1897 2937 2174 3006 ferentiam
2213 2938 2702 3007 superittachinatus
2741 2948 2814 2994 est
2859 2939 2998 2993 Deus
3041 2940 3371 3009 formationi.
3414 2941 3495 2996 Ad

1897 3030 1993 3084 hoc
2034 3031 2170 3085 enim
2208 3031 2326 3084 dico
2367 3030 2546 3085 utilem
2589 3047 2700 3086 esse
2740 3034 2887 3100 prius
2934 3033 3218 3101 perfectam
3261 3051 3293 3087 a
3348 3035 3497 3090 nobis

1899 3123 2177 3178 theoriam.
2213 3124 2318 3189 Qui
2346 3124 2486 3178 enim
2526 3125 2704 3177 omnia
2727 3125 2950 3178 adduxit
2981 3125 3038 3180 in
3069 3142 3202 3190 esse,
3229 3135 3498 3198 totumque

185 3238 281 3278 nes
295 3219 622 3290 intelligendi
649 3228 697 3273 et
722 3216 1037 3276 consiliandi
1062 3215 1301 3269 virtutem
1325 3213 1571 3276 habeant,
1598 3221 1643 3264 et
1665 3199 1868 3278 taliaC
1901 3221 1954 3271 in
1980 3236 2074 3272 sua
2106 3219 2373 3272 υοιιιηιαιε
2408 3219 2666 3273 hominem
2694 3218 2763 3272 ad
2805 3219 3040 3273 divinam
3078 3219 3359 3290 imaginem
3388 3221 3500 3290 for.

185 3316 393 3380 omnia,
412 3330 475 3368 ea:
501 3313 687 3386 quibus
711 3314 888 3367 divina
915 3321 1109 3368 natura
1135 3311 1186 3362 in
1224 3325 1303 3373 eo,
1326 3308 1465 3379 quod
1510 3306 1799 3362 secundum

187 3411 361 3481 ipsum
386 3407 585 3478 factum
601 3416 700 3471 est,
723 3407 1047 3476 imaginatur
1061 3405 1106 3467 ⁷,
1121 3403 1360 3458 similiter
1381 3401 1589 3457 habent.
1610 3400 1678 3454 Et
1695 3401 1800 3468 ipse

187 3502 244 3557 in
275 3503 449 3571 prima
487 3500 670 3554 mundi
708 3499 1085 3553 constitutione
1130 3505 1370 3550 ostensus
1397 3494 1574 3558 homo,
1616 3502 1663 3547 et
1685 3501 1800 3564 post

190 3594 556 3650 universitatis
595 3592 1099 3648 consummationem
1144 3590 1356 3660 futurus
1378 3627 1394 3653 ,
1420 3587 1710 3659 aequaliter
1745 3588 1799 3641 in

190 3687 380 3758 seipsis
427 3685 662 3740 divinam
724 3685 902 3755 ferunt
961 3683 1263 3754 imaginem.
1327 3680 1614 3748 Propterea
1664 3697 1800 3735 unus

192 3777 351 3834 homo
378 3775 704 3832 nominatum
743 3787 818 3829 est
853 3791 1030 3840 ontne,
1062 3774 1188 3845 quia
1250 3775 1304 3826 in
1336 3775 1524 3827 virtute
1570 3773 1668 3827 Dei
1726 3770 1799 3826 nil

191 3868 464 3940 praeterit,
493 3867 570 3923 nil
627 3869 810 3925 instat.
835 3866 924 3920 sed
964 3877 1010 3920 et
1049 3865 1188 3937 quod
1246 3875 1528 3936 spectatur,
1567 3865 1802 3935 aequali-

194 3968 278 4014 ter
301 3958 562 4028 praesenti
609 3957 1036 4032 comprehensiva
1088 3955 1445 4010 universitatis
1499 3956 1800 4025 operatione

195 4051 511 4107 continetur.
547 4049 740 4105 Omnis
790 4052 968 4122 itaque
1009 4058 1202 4104 natura
1257 4049 1489 4104 humana
1518 4050 1562 4114 ⁸,
1598 4066 1732 4120 quae
1765 4068 1797 4104 a

196 4145 386 4217 primis
432 4160 595 4214 usque
631 4144 915 4199 novissima
948 4143 1203 4214 pervenit,
1244 4159 1351 4197 una
1389 4143 1647 4213 quaedam
1685 4159 1800 4198 vere

195 4236 468 4292 existentis
506 4235 679 4306 imago
709 4245 782 4289 est
815 4251 833 4289 :
861 4235 974 4304 ipsa
1015 4251 1131 4289 vero
1170 4237 1224 4289 in
1251 4234 1546 4289 masculum
1577 4245 1624 4289 et
1646 4235 1799 4304 [emi-

197 4346 326 4384 nam
355 4331 554 4400 generis
583 4329 883 4398 differentia
905 4327 1182 4382 novissime
1210 4328 1572 4382 constitutioni
1598 4328 1798 4398 forma-

201 4421 363 4474 tionis
390 4419 597 4489 adjecta
627 4429 721 4474 est.
763 4419 831 4474 Et.
882 4435 951 4474 ne
999 4419 1236 4486 mireris,
1290 4419 1506 4474 easdem
1559 4418 1800 4487 ejusdem

201 4511 504 4566 sententias
517 4525 683 4582 saepe
707 4525 804 4565 nos
828 4520 1108 4580 repetere;
1136 4525 1240 4565 non
1265 4509 1411 4564 enim
1437 4509 1798 4580 ampliﬁcandi

1901 3309 2082 3374 movit,
2114 3327 2214 3363 non
2248 3310 2505 3380 paulatim
2550 3311 2934 3382 adjectionibus
2977 3314 3278 3384 futurorum
3320 3333 3497 3372 moras

1905 3399 2047 3468 fecit,
2077 3402 2289 3455 sciendo
2313 3402 2366 3456 in
2393 3420 2543 3456 suam
2577 3403 2956 3472 plenitudinem
2979 3407 3277 3459 animarum
3321 3423 3502 3461 nume-

1903 3508 2016 3544 rum
2053 3494 2454 3563 perﬁciendum,
2491 3495 2582 3550 sed
2609 3495 2918 3551 cumulatim
2944 3497 2998 3551 in
3031 3498 3144 3566 ipsa
3173 3498 3500 3569 plenitudine

1903 3600 2105 3638 onmem
2142 3586 2426 3639 humanam
2476 3599 2722 3640 naturam
2753 3605 2846 3657 per
2889 3591 3278 3660 prognosticam
3313 3606 3502 3660 opera-

1903 3677 2092 3731 tionem
2137 3677 2416 3742 intellexit,
2462 3689 2508 3732 et
2549 3681 2603 3733 in
2633 3679 3007 3736 excelsitudine
3047 3692 3094 3735 et
3131 3682 3186 3736 in
3231 3682 3503 3754 coaequali

1904 3769 2102 3839 angelis
2133 3771 2303 3839 quiete
2339 3771 2725 3838 honori/icavit.
2776 3770 3039 3838 Quoniam
3088 3789 3204 3828 vero
3243 3773 3502 3843 praevidit

1903 3859 2332 3929 contemplatoria
2369 3861 2555 3913 virtute
2583 3859 2629 3894 ’⁵
2657 3878 2761 3914 non
2801 3871 2936 3916 recte
2971 3873 3176 3918 euntem
3206 3865 3274 3916 ad
3314 3863 3503 3918 bonam

1905 3950 2241 4014 voluntatem,
2278 3962 2432 4020 atque
2472 3951 2588 4004 ideo
2631 3968 2696 4006 ea:
2741 3952 2976 4022 angelica
3011 3954 3112 4008 vita
3146 3954 3494 4019 recedentem,

1905 4060 1965 4098 ne
2018 4046 2318 4097 animarum
2375 4043 2732 4098 humanarum
2785 4045 3068 4101 multitudo
3128 4047 3496 4112 minueretur,

1902 4135 2093 4189 cadens
2125 4151 2188 4190 ea:
2217 4135 2307 4188 illo
2330 4135 2507 4201 modo,
2539 4153 2796 4208 perquem
2819 4139 2990 4208 angeli
3017 4139 3086 4191 ad
3110 4137 3498 4192 multitudinem

1904 4228 2043 4280 aucti
2074 4237 2218 4291 sunt,
2265 4237 2541 4296 prapterea
2584 4230 2967 4283 convenientem
3007 4229 3062 4282 in
3101 4240 3368 4299 peccatum
3405 4246 3483 4284 an-

1906 4321 2101 4375 nulatis
2130 4321 2177 4352 ²⁵
2211 4321 2515 4376 incrementi
2541 4323 2972 4391 excogitationem
2997 4323 3051 4377 in
3076 4334 3264 4377 natura
3292 4322 3501 4389 confor-

1904 4415 2083 4477 mavit,
2115 4429 2209 4483 pro
2251 4413 2488 4482 angelica
2518 4415 2912 4484 magniﬁcentia
2953 4415 3257 4486 pecudalem
3288 4425 3334 4471 et
3367 4416 3503 4470 irra-
3543 4484 3549 4492 _

1910 4504 2157 4560 tionalent
2200 4521 2264 4559 ex
2289 4521 2343 4559 se
2374 4505 2588 4560 invicem
2632 4507 2978 4561 successionis
3007 4507 3216 4561 modum
3260 4508 3499 4562 Immani-

200 4603 606 4669 sermonis,sed
621 4603 978 4659 declarandae
997 4603 1446 4672 quaestionishoc
1462 4605 1807 4674 agimusgra-
1835 4572 1885 4633 υ
1912 4603 2007 4656 tati
2034 4603 2285 4656 inserens.
2322 4599 2461 4654 llinc
2492 4601 2618 4655 mihi
2647 4601 2854 4655 videtur
2881 4602 3038 4655 etiam
3065 4619 3285 4672 magnas
3307 4601 3501 4668 David,

202 4699 283 4753 tia
309 4696 351 4750 °.
377 4696 433 4750 In
460 4704 651 4751 octavo
672 4695 884 4750 decimo
914 4695 958 4726 ³ο
990 4694 1119 4750 item
1144 4693 1388 4764 ejusdem
1420 4697 1684 4750 sermonis
1712 4712 1806 4751 ca-

201 4791 379 4864 pitulo
423 4809 437 4844 :
497 4789 942 4854 Resurrectionis,
993 4789 1191 4858 inquit,
1236 4789 1408 4859 gloria
1455 4789 1495 4819 ¹⁸
1540 4788 1613 4843 nil
1659 4789 1806 4844 aliud

204 4886 356 4940 nobis
386 4885 830 4956 promittit,quam
854 4885 910 4938 in
941 4884 1305 4955 antiquitatem
1335 4883 1634 4938 cadentium
1659 4886 1804 4939 resti-

203 4979 461 5034 tutionem
492 4979 554 5032 ι’.
582 4978 676 5032 Est
704 4979 838 5033 enim
869 4979 1064 5033 reditus
1090 4979 1304 5050 quidam
1328 4980 1380 5033 in
1398 4980 1622 5048 primani
1647 4981 1805 5036 vitam

203 5073 493 5147 spectanda
511 5073 554 5105 ¹³
578 5073 773 5145 gratia,
789 5071 1062 5144 expulsum
1079 5073 1328 5144 paradiso
1354 5073 1542 5127 iterum
1566 5074 1618 5126 in
1633 5090 1803 5144 ipsum

1912 4693 2092 4750 dolens
2147 4693 2374 4747 hominis
2419 4693 2725 4756 miseriam,
2781 4692 2974 4748 talibus
3023 4695 3188 4748 verbis
3234 4694 3500 4764 planxisse

1914 4796 2155 4841 naturam
2189 4798 2206 4835 :
2240 4784 2379 4850 Quia
2407 4787 2582 4850 homo,
2627 4788 2681 4839 in
2723 4787 2920 4840 honore
2961 4785 3086 4840 dum
3123 4787 3168 4818 ³⁸
3205 4798 3356 4854 esset,
3399 4804 3502 4857 non

1912 4877 2164 4932 intellexit
2186 4879 2457 4941 honorem,
2485 4879 2660 4932 aicens
2686 4878 2956 4950 aequalem
2979 4882 3176 4952 angelis
3200 4883 3241 4915 ’⁷
3269 4899 3504 4938 reveren-

1911 4972 2059 5036 tiam,
2086 4981 2376 5042 propterea,
2421 4972 2612 5042 inquit,
2639 4971 2683 5002 ³⁸
2705 4983 3038 5039 comparatus
3061 4986 3134 5028 est
3152 4975 3405 5045 jumentis
3428 4976 3503 5030 in-

1913 5065 2240 5136 sipientibus.
2300 5063 2430 5120 Vere
2470 5067 2608 5121 enim
2637 5069 2917 5144 pecorinus
2949 5067 3120 5138 factus
3143 5079 3237 5135 est,
3269 5071 3355 5142 qui
3385 5047 3512 5126 ani-i

3506 5117 3510 5124 Α

1508 5185 1763 5244 νΑκιΑΕ
1803 5179 2210 5246 LECTIONES.

293 5308 307 5339 ¹
344 5305 433 5363 Sic
455 5303 570 5370 CF;
606 5303 652 5360 Α
680 5300 1114 5359 irrationabiliori
1145 5298 1389 5370 adhaeret
1414 5311 1653 5354 naturae.

213 5381 237 5416 ³
277 5379 322 5434 Α
375 5367 741 5447 praescientia.
836 5373 1203 5447 “quodam.

211 5444 423 5509 mireris
446 5479 510 5489 —
534 5450 707 5530 gratia
733 5462 842 5530 om.
863 5444 930 5500 Α.

215 5528 494 5593 lapsorum
531 5514 586 5572 in
628 5514 1562 5593 pristinumstatum_restitutionem.

211 5590 303 5658 eos
331 5611 442 5662 om.
470 5591 538 5646 A.
614 5591 659 5628 ιθ
690 5591 732 5662 Α
765 5590 1035 5662 quoniam.

216 5656 270 5721 AV
309 5656 597 5719 coartatur.
672 5661 718 5693 ¹⁰
752 5656 843 5716 Sic
896 5656 1010 5722 (LF;
1063 5658 1105 5711 A
1156 5656 1594 5722 respondebimus.

1731 5301 1751 5330 ’
1791 5298 1883 5356 Sic
1933 5296 2050 5368 CF;
2086 5296 2130 5360 ,Α
2159 5295 2455 5368 opinantes.

1447 5373 1465 5403 ⁷
1508 5371 1598 5425 Sic
1640 5369 1755 5436 CF;
1804 5369 1847 5424 A
1911 5364 2540 5436 sinulit’udinemwrefert.
2599 5367 2656 5399 "
2689 5366 2918 5419 humana
2954 5382 3062 5420 om.
3106 5367 3170 5423 Α.

1029 5444 1071 5475 ¹⁰
1100 5445 1190 5497 Sic
1227 5443 1344 5506 CF;
1387 5443 1426 5495 A
1467 5443 1666 5495 decimo
1706 5443 1943 5510 septimo.
2050 5443 2089 5473 ¹¹
2134 5443 2222 5491 Sic
2282 5443 2396 5502 CF;
2455 5443 2501 5490 A

1029 5527 1132 5567 tum
1166 5514 1562 5567 restitutionem.
1642 5513 1684 5546 ¹³
1721 5512 1810 5567 Sic
1839 5507 1924 5565 CF
1947 5527 1961 5567 ς
1983 5510 2029 5564 Α
2064 5519 2382 5567 exspectata.
2461 5507 2504 5539 ¹’⁶

1113 5533 1132 5566 πι
1166 5528 1562 5568 restttttttonem.
1643 5528 1684 5546 ν’
1721 5528 1810 5567 DIC
1839 5528 1913 5565 ιρι·
1947 5528 2029 5576 ;Α
2064 5528 2171 5577 εαέι

1113 5587 1154 5618 ¹⁷
1185 5589 1355 5639 minus
1378 5585 1439 5638 ab
1470 5585 1688 5654 angelis.
1724 5601 1833 5637 om.
1868 5585 1934 5636 A.
2038 5581 2079 5612 ¹⁸
2111 5583 2164 5634 Si

1156 5656 1594 5705 resuomlebimus.
1673 5656 1713 5685 "
1750 5657 1800 5705 in
1850 5671 1959 5705 om.
2003 5652 2066 5705 A.
2148 5651 2166 5680 ¹

1750 5673 1800 5708 ιη
1850 5671 1959 5709 om.
2003 5671 2066 5707 Α.

3068 5295 3089 5327 ’⁸
3130 5293 3252 5348 Νοη
3285 5312 3394 5352 om.
3437 5299 3515 5356 A.‘

3114 5367 3141 5403 Δ
3245 5369 3268 5401 ι
3332 5369 3390 5403 ιοί
3444 5387 3505 5403 ..ο

2791 5381 2918 5419 νιιτηα
2954 5382 3062 5420 om.
3106 5369 3170 5423 Α.
3245 5369 3268 5401 ’
3324 5369 3390 5438 Et
3443 5387 3505 5424 ne

2791 5508 2801 5518 .
2835 5435 2886 5467 “
2936 5436 3042 5518 Sic
3074 5436 3195 5518 CF;
3249 5441 3505 5518 A_quam_

2631 5506 2864 5575 angelica
2919 5509 3198 5579 quaedam.
3284 5509 3328 5542 ⁸⁸
3359 5506 3506 5577 apud

2038 5581 2079 5612 ¹⁸
2111 5583 2200 5634 Sic
2226 5579 2307 5633 LF
2327 5595 2342 5646 ;
2365 5581 2403 5632 Α
2428 5590 2745 5650 (metari-tur
2769 5578 3083 5636 hominibus.
3181 5579 3223 5610 ¹⁹
3252 5581 3342 5636 Sic
3381 5580 3502 5644 Cl“;

2038 5690 2066 5705 ι.
2148 5651 2191 5680 ²¹
2251 5651 2338 5705 Sic
2387 5648 2506 5706 CF:
2553 5654 2597 5703 Α
2636 5648 2876 5703 similem.
2955 5651 2999 5682 ”
3037 5649 3128 5706 Sic
3175 5649 3291 5706 CF:
3328 5652 3374 5705 A
3415 5652 3502 5705 ad.

2532 5292 2553 5326 ⁸
2590 5292 2638 5350 Α
2662 5294 2990 5364 exponimus.

2050 5435 2089 5473 ¹¹
2134 5435 2222 5491 Sic
2282 5435 2396 5502 CF;
2455 5435 2501 5490 A
2549 5437 2741 5502 gratia.

2148 5651 2191 5680 "
2251 5651 2338 5705 Sic
2387 5648 2506 5717 CF;
2553 5654 2597 5703 Α
2636 5648 2876 5703 similem.

219 5717 265 5778 δῖ
293 5717 933 5804 contemplatoriavirtute
961 5717 1066 5786 om.
1100 5728 1164 5783 Δ.
1207 5717 1252 5760 ’λθ
1284 5729 1372 5783 Sic
1399 5727 1515 5793 CI“;
1553 5727 1598 5781 Α
1629 5725 1808 5796 lapsis.
1880 5720 1924 5756 “
1957 5723 2047 5778 Sic
2078 5721 2193 5788 CF;
2236 5722 2281 5776 Α
2309 5737 2423 5776 cum
2461 5724 2512 5777 in
2540 5723 2752 5776 honore.
2818 5720 2863 5753 ’⁷
2891 5721 2983 5778 Sic
3010 5721 3127 5790 CF;
3155 5722 3200 5779 Α
3236 5717 3514 5797 (πηρώσω

219 5809 268 5843 ⁸⁸
295 5807 459 5869 inquit
498 5803 616 5862 'om.
655 5803 760 5860 CF.
