  <div class='ocr_page' id='page_1' title='image "/cluster/home/n/w/nwhite01/storage/ocr_20150623/122/hvd.32044015471659/437.png"; bbox 0 0 4028 6282; ppageno 0'>
   <div class='ocr_carea' id='block_1_1' title="bbox 1286 228 1375 238">
    <p class='ocr_par' dir='ltr' id='par_1_1' title="bbox 1286 228 1375 238">
     <span class='ocr_line' id='line_1_1' title="bbox 1286 228 1375 238; baseline 0 0"><span class='ocrx_word' id='word_1_1' title='bbox 1286 228 1291 233; x_wconf 57' lang='grc' dir='ltr'>ν</span> <span class='ocrx_word' id='word_1_2' title='bbox 1328 228 1375 238; x_wconf 62' lang='lat' dir='ltr'><strong>uv-</strong></span> 
     </span>
    </p>
   </div>
   <div class='ocr_carea' id='block_1_2' title="bbox 526 238 645 351">
    <p class='ocr_par' dir='ltr' id='par_1_2' title="bbox 526 238 645 351">
     <span class='ocr_line' id='line_1_2' title="bbox 526 238 645 351; baseline 0.025 -56"><span class='ocrx_word' id='word_1_3' title='bbox 526 238 645 351; x_wconf 61' lang='grc' dir='ltr'><strong>ἲ799</strong></span> 
     </span>
    </p>
   </div>
   <div class='ocr_carea' id='block_1_3' title="bbox 1910 250 2432 311">
    <p class='ocr_par' dir='ltr' id='par_1_3' title="bbox 1910 250 2432 311">
     <span class='ocr_line' id='line_1_3' title="bbox 1910 250 2432 311; baseline 0.002 -4"><span class='ocrx_word' id='word_1_4' title='bbox 1910 250 2196 310; x_wconf 79' lang='lat' dir='ltr'><strong>JOANNIS</strong></span> <span class='ocrx_word' id='word_1_5' title='bbox 2231 250 2432 311; x_wconf 87' lang='lat' dir='ltr'><strong>SCOTI</strong></span> 
     </span>
    </p>
   </div>
   <div class='ocr_carea' id='block_1_4' title="bbox 3731 250 3845 311">
    <p class='ocr_par' dir='ltr' id='par_1_4' title="bbox 3731 250 3845 311">
     <span class='ocr_line' id='line_1_4' title="bbox 3731 250 3845 311; baseline 0 0"><span class='ocrx_word' id='word_1_6' title='bbox 3731 250 3845 311; x_wconf 82' lang='lat'><strong>800</strong></span> 
     </span>
    </p>
   </div>
   <div class='ocr_carea' id='block_1_5' title="bbox 538 351 3843 439">
    <p class='ocr_par' dir='ltr' id='par_1_5' title="bbox 538 351 3843 439">
     <span class='ocr_line' id='line_1_5' title="bbox 538 351 3843 439; baseline 0.005 -32"><span class='ocrx_word' id='word_1_7' title='bbox 538 351 727 409; x_wconf 80' lang='lat' dir='ltr'><strong>malem</strong></span> <span class='ocrx_word' id='word_1_8' title='bbox 753 372 889 412; x_wconf 83' lang='lat' dir='ltr'><strong>nunc</strong></span> <span class='ocrx_word' id='word_1_9' title='bbox 914 361 1301 429; x_wconf 55' lang='lat' dir='ltr'><strong>generationem</strong></span> <span class='ocrx_word' id='word_1_10' title='bbox 1325 363 1741 435; x_wconf 78' lang='lat' dir='ltr'><strong>accepitpropter</strong></span> <span class='ocrx_word' id='word_1_11' title='bbox 1762 365 1830 419; x_wconf 84' lang='lat' dir='ltr'><strong>ad</strong></span> <span class='ocrx_word' id='word_1_12' title='bbox 1854 365 2127 420; x_wconf 79' lang='lat' dir='ltr'><strong>ntateriale</strong></span> <span class='ocrx_word' id='word_1_13' title='bbox 2158 377 2202 434; x_wconf 81' lang='grc' dir='ltr'><strong>Α</strong></span> <span class='ocrx_word' id='word_1_14' title='bbox 2230 367 2531 438; x_wconf 73' lang='lat' dir='ltr'><strong>praefatam</strong></span> <span class='ocrx_word' id='word_1_15' title='bbox 2592 380 2812 423; x_wconf 86' lang='lat' dir='ltr'><strong>causam</strong></span> <span class='ocrx_word' id='word_1_16' title='bbox 2877 364 3274 439; x_wconf 72' lang='lat' dir='ltr'><strong>superaddita?</strong></span> <span class='ocrx_word' id='word_1_17' title='bbox 3335 364 3472 423; x_wconf 81' lang='lat' dir='ltr'><strong>Num</strong></span> <span class='ocrx_word' id='word_1_18' title='bbox 3523 364 3549 399; x_wconf 86' lang='grc'><strong>⁸</strong></span> <span class='ocrx_word' id='word_1_19' title='bbox 3601 365 3662 423; x_wconf 85' lang='lat' dir='ltr'><strong>in</strong></span> <span class='ocrx_word' id='word_1_20' title='bbox 3717 367 3843 425; x_wconf 77' lang='lat' dir='ltr'><strong>sola</strong></span> 
     </span>
    </p>
   </div>
   <div class='ocr_carea' id='block_1_6' title="bbox 536 444 2123 527">
    <p class='ocr_par' dir='ltr' id='par_1_6' title="bbox 536 444 2123 527">
     <span class='ocr_line' id='line_1_6' title="bbox 536 444 2123 527; baseline 0.009 -29"><span class='ocrx_word' id='word_1_21' title='bbox 536 444 945 504; x_wconf 71' lang='lat' dir='ltr'><strong>inclinationem.</strong></span> <span class='ocrx_word' id='word_1_22' title='bbox 983 451 1121 507; x_wconf 74' lang='lat' dir='ltr'><strong>MAG.</strong></span> <span class='ocrx_word' id='word_1_23' title='bbox 1156 453 1391 509; x_wconf 81' lang='lat' dir='ltr'><strong>Praefati</strong></span> <span class='ocrx_word' id='word_1_24' title='bbox 1425 456 1610 526; x_wconf 87' lang='lat' dir='ltr'><strong>itaque</strong></span> <span class='ocrx_word' id='word_1_25' title='bbox 1659 458 1838 527; x_wconf 75' lang='lat' dir='ltr'><strong>magni</strong></span> <span class='ocrx_word' id='word_1_26' title='bbox 1890 458 2123 527; x_wconf 80' lang='lat' dir='ltr'><strong>theologi</strong></span> 
     </span>
    </p>
   </div>
   <div class='ocr_carea' id='block_1_7' title="bbox 536 536 2127 609">
    <p class='ocr_par' dir='ltr' id='par_1_7' title="bbox 536 536 2127 609">
     <span class='ocr_line' id='line_1_7' title="bbox 536 536 2127 609; baseline 0.008 -19"><span class='ocrx_word' id='word_1_27' title='bbox 536 536 721 598; x_wconf 84' lang='lat' dir='ltr'><strong>verba,</strong></span> <span class='ocrx_word' id='word_1_28' title='bbox 752 553 891 608; x_wconf 87' lang='lat' dir='ltr'><strong>quae</strong></span> <span class='ocrx_word' id='word_1_29' title='bbox 919 555 949 592; x_wconf 87' lang='lat' dir='ltr'><strong>a</strong></span> <span class='ocrx_word' id='word_1_30' title='bbox 994 549 1046 596; x_wconf 91' lang='lat' dir='ltr'><strong>te</strong></span> <span class='ocrx_word' id='word_1_31' title='bbox 1074 542 1377 599; x_wconf 85' lang='lat' dir='ltr'><strong>introducta</strong></span> <span class='ocrx_word' id='word_1_32' title='bbox 1406 557 1550 609; x_wconf 90' lang='lat' dir='ltr'><strong>sunt,</strong></span> <span class='ocrx_word' id='word_1_33' title='bbox 1596 546 1669 600; x_wconf 91' lang='lat' dir='ltr'><strong>nil</strong></span> <span class='ocrx_word' id='word_1_34' title='bbox 1702 547 1847 602; x_wconf 91' lang='lat' dir='ltr'><strong>aliud</strong></span> <span class='ocrx_word' id='word_1_35' title='bbox 1876 548 2127 603; x_wconf 81' lang='lat' dir='ltr'><strong>videntur</strong></span> 
     </span>
    </p>
   </div>
   <div class='ocr_carea' id='block_1_8' title="bbox 535 630 2125 710">
    <p class='ocr_par' dir='ltr' id='par_1_8' title="bbox 535 630 2125 710">
     <span class='ocr_line' id='line_1_8' title="bbox 535 630 2125 710; baseline 0.008 -25"><span class='ocrx_word' id='word_1_36' title='bbox 535 630 783 695; x_wconf 79' lang='lat' dir='ltr'><strong>suadere,</strong></span> <span class='ocrx_word' id='word_1_37' title='bbox 814 647 978 702; x_wconf 85' lang='lat' dir='ltr'><strong>quam</strong></span> <span class='ocrx_word' id='word_1_38' title='bbox 1005 643 1064 688; x_wconf 85' lang='grc' dir='ltr'><strong>ιιι</strong></span> <span class='ocrx_word' id='word_1_39' title='bbox 1094 635 1371 691; x_wconf 83' lang='lat' dir='ltr'><strong>hominem</strong></span> <span class='ocrx_word' id='word_1_40' title='bbox 1402 637 1767 710; x_wconf 85' lang='lat' dir='ltr'><strong>intelligamus</strong></span> <span class='ocrx_word' id='word_1_41' title='bbox 1798 642 1913 695; x_wconf 87' lang='lat' dir='ltr'><strong>solo</strong></span> <span class='ocrx_word' id='word_1_42' title='bbox 1942 644 2125 697; x_wconf 74' lang='lat' dir='ltr'><strong>animo</strong></span> 
     </span>
    </p>
   </div>
   <div class='ocr_carea' id='block_1_9' title="bbox 534 722 2123 805">
    <p class='ocr_par' dir='ltr' id='par_1_9' title="bbox 534 722 2123 805">
     <span class='ocr_line' id='line_1_9' title="bbox 534 722 2123 805; baseline 0.009 -29"><span class='ocrx_word' id='word_1_43' title='bbox 534 732 589 776; x_wconf 90' lang='lat' dir='ltr'><strong>et</strong></span> <span class='ocrx_word' id='word_1_44' title='bbox 627 722 920 779; x_wconf 78' lang='lat' dir='ltr'><strong>virtutibus</strong></span> <span class='ocrx_word' id='word_1_45' title='bbox 940 725 989 780; x_wconf 89' lang='lat' dir='ltr'><strong>ei</strong></span> <span class='ocrx_word' id='word_1_46' title='bbox 1024 727 1349 784; x_wconf 79' lang='lat' dir='ltr'><strong>naturaliter</strong></span> <span class='ocrx_word' id='word_1_47' title='bbox 1388 730 1566 786; x_wconf 89' lang='lat' dir='ltr'><strong>insitis</strong></span> <span class='ocrx_word' id='word_1_48' title='bbox 1606 732 1674 787; x_wconf 91' lang='lat' dir='ltr'><strong>ad</strong></span> <span class='ocrx_word' id='word_1_49' title='bbox 1705 732 1995 805; x_wconf 79' lang='lat' dir='ltr'><strong>imaginem</strong></span> <span class='ocrx_word' id='word_1_50' title='bbox 2028 734 2123 791; x_wconf 88' lang='lat' dir='ltr'><strong>Dei</strong></span> 
     </span>
    </p>
   </div>
   <div class='ocr_carea' id='block_1_10' title="bbox 532 814 2125 895">
    <p class='ocr_par' dir='ltr' id='par_1_10' title="bbox 532 814 2125 895">
     <span class='ocr_line' id='line_1_10' title="bbox 532 814 2125 895; baseline 0.009 -26"><span class='ocrx_word' id='word_1_51' title='bbox 532 814 734 872; x_wconf 75' lang='lat' dir='ltr'><strong>factum</strong></span> <span class='ocrx_word' id='word_1_52' title='bbox 764 846 834 860; x_wconf 89' lang='lat'><strong>-—</strong></span> <span class='ocrx_word' id='word_1_53' title='bbox 862 818 1047 875; x_wconf 86' lang='lat' dir='ltr'><strong>insunt</strong></span> <span class='ocrx_word' id='word_1_54' title='bbox 1073 832 1255 877; x_wconf 89' lang='lat' dir='ltr'><strong>autem</strong></span> <span class='ocrx_word' id='word_1_55' title='bbox 1278 822 1327 878; x_wconf 89' lang='lat' dir='ltr'><strong>ei</strong></span> <span class='ocrx_word' id='word_1_56' title='bbox 1355 825 1644 895; x_wconf 91' lang='lat' dir='ltr'><strong>sapientia,</strong></span> <span class='ocrx_word' id='word_1_57' title='bbox 1686 826 1934 895; x_wconf 88' lang='lat' dir='ltr'><strong>scientia,</strong></span> <span class='ocrx_word' id='word_1_58' title='bbox 1960 830 2125 885; x_wconf 56' lang='lat' dir='ltr'><strong>ratio.</strong></span> 
     </span>
    </p>
   </div>
   <div class='ocr_carea' id='block_1_11' title="bbox 533 907 2126 990">
    <p class='ocr_par' dir='ltr' id='par_1_11' title="bbox 533 907 2126 990">
     <span class='ocr_line' id='line_1_11' title="bbox 533 907 2126 990; baseline 0.009 -27"><span class='ocrx_word' id='word_1_59' title='bbox 533 907 750 964; x_wconf 87' lang='lat' dir='ltr'><strong>cinandi</strong></span> <span class='ocrx_word' id='word_1_60' title='bbox 796 910 988 977; x_wconf 89' lang='lat' dir='ltr'><strong>virtus,</strong></span> <span class='ocrx_word' id='word_1_61' title='bbox 1038 921 1362 985; x_wconf 77' lang='lat' dir='ltr'><strong>ceteraeque</strong></span> <span class='ocrx_word' id='word_1_62' title='bbox 1388 917 1637 982; x_wconf 89' lang='lat' dir='ltr'><strong>virtutes,</strong></span> <span class='ocrx_word' id='word_1_63' title='bbox 1674 921 1870 990; x_wconf 84' lang='lat' dir='ltr'><strong>quibus</strong></span> <span class='ocrx_word' id='word_1_64' title='bbox 1896 933 2126 977; x_wconf 90' lang='lat' dir='ltr'><strong>ornatur</strong></span> 
     </span>
    </p>
   </div>
   <div class='ocr_carea' id='block_1_12' title="bbox 535 1003 2123 1085">
    <p class='ocr_par' dir='ltr' id='par_1_12' title="bbox 535 1003 2123 1085">
     <span class='ocr_line' id='line_1_12' title="bbox 535 1003 2123 1085; baseline 0.009 -29"><span class='ocrx_word' id='word_1_65' title='bbox 535 1003 734 1065; x_wconf 88' lang='lat' dir='ltr'><strong>anima,</strong></span> <span class='ocrx_word' id='word_1_66' title='bbox 780 1004 1188 1062; x_wconf 86' lang='lat' dir='ltr'><strong>similitudinem</strong></span> <span class='ocrx_word' id='word_1_67' title='bbox 1223 1008 1277 1062; x_wconf 87' lang='lat' dir='ltr'><strong>itt</strong></span> <span class='ocrx_word' id='word_1_68' title='bbox 1305 1022 1364 1062; x_wconf 87' lang='lat' dir='ltr'><strong>se</strong></span> <span class='ocrx_word' id='word_1_69' title='bbox 1390 1007 1666 1066; x_wconf 85' lang='lat' dir='ltr'><strong>Creatoris</strong></span> <span class='ocrx_word' id='word_1_70' title='bbox 1693 1013 1773 1067; x_wconf 89' lang='lat' dir='ltr'><strong>sui</strong></span> <span class='ocrx_word' id='word_1_71' title='bbox 1814 1014 2123 1085; x_wconf 76' lang='lat' dir='ltr'><strong>exprimens</strong></span> 
     </span>
    </p>
   </div>
   <div class='ocr_carea' id='block_1_13' title="bbox 531 1097 2121 1166">
    <p class='ocr_par' dir='ltr' id='par_1_13' title="bbox 531 1097 2121 1166">
     <span class='ocr_line' id='line_1_13' title="bbox 531 1097 2121 1166; baseline 0.008 -17"><span class='ocrx_word' id='word_1_72' title='bbox 531 1123 606 1136; x_wconf 91' lang='lat'><strong>—-</strong></span> <span class='ocrx_word' id='word_1_73' title='bbox 623 1104 676 1150; x_wconf 91' lang='lat' dir='ltr'><strong>et</strong></span> <span class='ocrx_word' id='word_1_74' title='bbox 695 1097 838 1166; x_wconf 87' lang='lat' dir='ltr'><strong>quod</strong></span> <span class='ocrx_word' id='word_1_75' title='bbox 850 1112 1038 1153; x_wconf 87' lang='lat' dir='ltr'><strong>omnes</strong></span> <span class='ocrx_word' id='word_1_76' title='bbox 1052 1099 1300 1156; x_wconf 84' lang='lat' dir='ltr'><strong>homines</strong></span> <span class='ocrx_word' id='word_1_77' title='bbox 1325 1102 1491 1157; x_wconf 87' lang='lat' dir='ltr'><strong>semel</strong></span> <span class='ocrx_word' id='word_1_78' title='bbox 1514 1112 1569 1157; x_wconf 85' lang='lat' dir='ltr'><strong>et</strong></span> <span class='ocrx_word' id='word_1_79' title='bbox 1586 1104 1743 1158; x_wconf 87' lang='lat' dir='ltr'><strong>simul</strong></span> <span class='ocrx_word' id='word_1_80' title='bbox 1764 1113 1782 1145; x_wconf 82' lang='grc' dir='ltr'><strong>ι</strong></span> <span class='ocrx_word' id='word_1_81' title='bbox 1806 1105 1930 1160; x_wconf 81' lang='lat' dir='ltr'><strong>facti</strong></span> <span class='ocrx_word' id='word_1_82' title='bbox 1954 1115 2079 1161; x_wconf 89' lang='lat' dir='ltr'><strong>sunt</strong></span> <span class='ocrx_word' id='word_1_83' title='bbox 2098 1107 2121 1139; x_wconf 78' lang='lat'><strong>’</strong></span> 
     </span>
    </p>
   </div>
   <div class='ocr_carea' id='block_1_14' title="bbox 534 1185 2120 1265">
    <p class='ocr_par' dir='ltr' id='par_1_14' title="bbox 534 1185 2120 1265">
     <span class='ocr_line' id='line_1_14' title="bbox 534 1185 2120 1265; baseline 0.009 -25"><span class='ocrx_word' id='word_1_84' title='bbox 534 1185 589 1241; x_wconf 92' lang='lat' dir='ltr'><strong>in</strong></span> <span class='ocrx_word' id='word_1_85' title='bbox 620 1187 711 1240; x_wconf 89' lang='lat' dir='ltr'><strong>illo</strong></span> <span class='ocrx_word' id='word_1_86' title='bbox 748 1204 856 1243; x_wconf 89' lang='lat' dir='ltr'><strong>uno</strong></span> <span class='ocrx_word' id='word_1_87' title='bbox 884 1189 1124 1257; x_wconf 84' lang='lat' dir='ltr'><strong>homine,</strong></span> <span class='ocrx_word' id='word_1_88' title='bbox 1155 1191 1221 1248; x_wconf 91' lang='lat' dir='ltr'><strong>de</strong></span> <span class='ocrx_word' id='word_1_89' title='bbox 1248 1209 1356 1265; x_wconf 92' lang='lat' dir='ltr'><strong>quo</strong></span> <span class='ocrx_word' id='word_1_90' title='bbox 1387 1194 1647 1265; x_wconf 89' lang='lat' dir='ltr'><strong>scriptum</strong></span> <span class='ocrx_word' id='word_1_91' title='bbox 1675 1206 1759 1253; x_wconf 91' lang='lat' dir='ltr'><strong>est</strong></span> <span class='ocrx_word' id='word_1_92' title='bbox 1792 1216 1803 1252; x_wconf 90' lang='lat'><strong>:</strong></span> <span class='ocrx_word' id='word_1_93' title='bbox 1837 1196 2120 1255; x_wconf 78' lang='lat' dir='ltr'><strong>Faciamus</strong></span> 
     </span>
    </p>
   </div>
   <div class='ocr_carea' id='block_1_15' title="bbox 531 1264 2116 1354">
    <p class='ocr_par' dir='ltr' id='par_1_15' title="bbox 531 1264 2116 1354">
     <span class='ocr_line' id='line_1_15' title="bbox 531 1264 2116 1354; baseline 0.007 -20"><span class='ocrx_word' id='word_1_94' title='bbox 531 1280 793 1335; x_wconf 72' lang='lat' dir='ltr'><strong>hominem</strong></span> <span class='ocrx_word' id='word_1_95' title='bbox 822 1281 893 1335; x_wconf 86' lang='lat' dir='ltr'><strong>ad</strong></span> <span class='ocrx_word' id='word_1_96' title='bbox 918 1282 1199 1352; x_wconf 82' lang='lat' dir='ltr'><strong>imaginem</strong></span> <span class='ocrx_word' id='word_1_97' title='bbox 1237 1264 1285 1339; x_wconf 85' lang='lat' dir='ltr'><strong>et</strong></span> <span class='ocrx_word' id='word_1_98' title='bbox 1310 1264 1707 1341; x_wconf 67' lang='lat' dir='ltr'><strong>similitudinem</strong></span> <span class='ocrx_word' id='word_1_99' title='bbox 1737 1300 1989 1354; x_wconf 83' lang='lat' dir='ltr'><strong>nostram,</strong></span> <span class='ocrx_word' id='word_1_100' title='bbox 2023 1301 2075 1346; x_wconf 92' lang='lat' dir='ltr'><strong>et</strong></span> <span class='ocrx_word' id='word_1_101' title='bbox 2103 1309 2116 1345; x_wconf 87' lang='lat'><strong>:</strong></span> 
     </span>
    </p>
   </div>
   <div class='ocr_carea' id='block_1_16' title="bbox 532 1371 2123 1445">
    <p class='ocr_par' dir='ltr' id='par_1_16' title="bbox 532 1371 2123 1445">
     <span class='ocr_line' id='line_1_16' title="bbox 532 1371 2123 1445; baseline 0.008 -18"><span class='ocrx_word' id='word_1_102' title='bbox 532 1371 602 1427; x_wconf 83' lang='lat' dir='ltr'><strong>In</strong></span> <span class='ocrx_word' id='word_1_103' title='bbox 622 1389 724 1442; x_wconf 79' lang='lat' dir='ltr'><strong>quo</strong></span> <span class='ocrx_word' id='word_1_104' title='bbox 744 1389 922 1429; x_wconf 84' lang='lat' dir='ltr'><strong>omnes</strong></span> <span class='ocrx_word' id='word_1_105' title='bbox 949 1387 1327 1445; x_wconf 77' lang='lat' dir='ltr'><strong>peccauerunt;</strong></span> <span class='ocrx_word' id='word_1_106' title='bbox 1356 1379 1530 1437; x_wconf 77' lang='lat' dir='ltr'><strong>adhuc</strong></span> <span class='ocrx_word' id='word_1_107' title='bbox 1557 1382 1697 1436; x_wconf 88' lang='lat' dir='ltr'><strong>enim</strong></span> <span class='ocrx_word' id='word_1_108' title='bbox 1728 1383 1817 1439; x_wconf 87' lang='lat' dir='ltr'><strong>ille</strong></span> <span class='ocrx_word' id='word_1_109' title='bbox 1846 1401 1982 1439; x_wconf 89' lang='lat' dir='ltr'><strong>unus</strong></span> <span class='ocrx_word' id='word_1_110' title='bbox 2006 1401 2123 1440; x_wconf 83' lang='lat' dir='ltr'><strong>om-</strong></span> 
     </span>
    </p>
   </div>
   <div class='ocr_carea' id='block_1_17' title="bbox 531 1463 2120 1547">
    <p class='ocr_par' dir='ltr' id='par_1_17' title="bbox 531 1463 2120 1547">
     <span class='ocr_line' id='line_1_17' title="bbox 531 1463 2120 1547; baseline 0.008 -28"><span class='ocrx_word' id='word_1_111' title='bbox 531 1463 618 1520; x_wconf 90' lang='lat' dir='ltr'><strong>nis</strong></span> <span class='ocrx_word' id='word_1_112' title='bbox 643 1464 764 1530; x_wconf 76' lang='lat' dir='ltr'><strong>fuit,</strong></span> <span class='ocrx_word' id='word_1_113' title='bbox 793 1474 849 1521; x_wconf 89' lang='lat' dir='ltr'><strong>et</strong></span> <span class='ocrx_word' id='word_1_114' title='bbox 878 1466 932 1521; x_wconf 90' lang='lat' dir='ltr'><strong>in</strong></span> <span class='ocrx_word' id='word_1_115' title='bbox 956 1482 1065 1537; x_wconf 92' lang='lat' dir='ltr'><strong>quo</strong></span> <span class='ocrx_word' id='word_1_116' title='bbox 1079 1483 1268 1524; x_wconf 90' lang='lat' dir='ltr'><strong>omnes</strong></span> <span class='ocrx_word' id='word_1_117' title='bbox 1295 1470 1629 1526; x_wconf 84' lang='lat' dir='ltr'><strong>beatitudine</strong></span> <span class='ocrx_word' id='word_1_118' title='bbox 1647 1474 1883 1543; x_wconf 84' lang='lat' dir='ltr'><strong>paradisi</strong></span> <span class='ocrx_word' id='word_1_119' title='bbox 1910 1476 2120 1547; x_wconf 59' lang='lat' dir='ltr'><strong>estpulsi</strong></span> 
     </span>
    </p>
   </div>
   <div class='ocr_carea' id='block_1_18' title="bbox 531 1556 2118 1632">
    <p class='ocr_par' dir='ltr' id='par_1_18' title="bbox 531 1556 2118 1632">
     <span class='ocr_line' id='line_1_18' title="bbox 531 1556 2118 1632; baseline 0.008 -22"><span class='ocrx_word' id='word_1_120' title='bbox 531 1564 678 1611; x_wconf 87' lang='lat' dir='ltr'><strong>sunt.</strong></span> <span class='ocrx_word' id='word_1_121' title='bbox 721 1556 787 1612; x_wconf 85' lang='lat' dir='ltr'><strong>Et</strong></span> <span class='ocrx_word' id='word_1_122' title='bbox 827 1557 873 1613; x_wconf 89' lang='lat' dir='ltr'><strong>si</strong></span> <span class='ocrx_word' id='word_1_123' title='bbox 914 1558 1077 1613; x_wconf 91' lang='lat' dir='ltr'><strong>homo</strong></span> <span class='ocrx_word' id='word_1_124' title='bbox 1108 1575 1213 1615; x_wconf 91' lang='lat' dir='ltr'><strong>non</strong></span> <span class='ocrx_word' id='word_1_125' title='bbox 1245 1572 1516 1631; x_wconf 79' lang='lat' dir='ltr'><strong>peccaret,</strong></span> <span class='ocrx_word' id='word_1_126' title='bbox 1546 1563 1599 1617; x_wconf 92' lang='lat' dir='ltr'><strong>in</strong></span> <span class='ocrx_word' id='word_1_127' title='bbox 1628 1565 1900 1632; x_wconf 70' lang='lat' dir='ltr'><strong>geminum</strong></span> <span class='ocrx_word' id='word_1_128' title='bbox 1932 1582 2118 1622; x_wconf 74' lang='lat' dir='ltr'><strong>sexum</strong></span> 
     </span>
    </p>
   </div>
   <div class='ocr_carea' id='block_1_19' title="bbox 531 1646 2119 1729">
    <p class='ocr_par' dir='ltr' id='par_1_19' title="bbox 531 1646 2119 1729">
     <span class='ocr_line' id='line_1_19' title="bbox 531 1646 2119 1729; baseline 0.008 -27"><span class='ocrx_word' id='word_1_129' title='bbox 531 1646 891 1719; x_wconf 85' lang='lat' dir='ltr'><strong>simplicitatis</strong></span> <span class='ocrx_word' id='word_1_130' title='bbox 926 1664 1058 1705; x_wconf 89' lang='lat' dir='ltr'><strong>suae</strong></span> <span class='ocrx_word' id='word_1_131' title='bbox 1096 1649 1414 1708; x_wconf 88' lang='lat' dir='ltr'><strong>divisionem</strong></span> <span class='ocrx_word' id='word_1_132' title='bbox 1440 1669 1546 1709; x_wconf 90' lang='lat' dir='ltr'><strong>non</strong></span> <span class='ocrx_word' id='word_1_133' title='bbox 1590 1666 1865 1726; x_wconf 85' lang='lat' dir='ltr'><strong>pateretur</strong></span> <span class='ocrx_word' id='word_1_134' title='bbox 1890 1670 1939 1712; x_wconf 74' lang='grc' dir='ltr'>ι.</span> <span class='ocrx_word' id='word_1_135' title='bbox 1967 1659 2119 1729; x_wconf 84' lang='lat' dir='ltr'><strong>Quae</strong></span> 
     </span>
    </p>
   </div>
   <div class='ocr_carea' id='block_1_20' title="bbox 2224 456 3845 529">
    <p class='ocr_par' dir='ltr' id='par_1_20' title="bbox 2224 456 3845 529">
     <span class='ocr_line' id='line_1_20' title="bbox 2224 456 3845 529; baseline 0.001 -18"><span class='ocrx_word' id='word_1_136' title='bbox 2224 458 2408 512; x_wconf 89' lang='lat' dir='ltr'><strong>anima</strong></span> <span class='ocrx_word' id='word_1_137' title='bbox 2437 466 2554 513; x_wconf 86' lang='lat' dir='ltr'><strong>erat</strong></span> <span class='ocrx_word' id='word_1_138' title='bbox 2584 458 2701 514; x_wconf 89' lang='lat' dir='ltr'><strong>sine</strong></span> <span class='ocrx_word' id='word_1_139' title='bbox 2734 471 2979 529; x_wconf 89' lang='lat' dir='ltr'><strong>corpore,</strong></span> <span class='ocrx_word' id='word_1_140' title='bbox 3014 475 3080 512; x_wconf 85' lang='lat' dir='ltr'><strong>an</strong></span> <span class='ocrx_word' id='word_1_141' title='bbox 3109 459 3162 512; x_wconf 94' lang='lat' dir='ltr'><strong>iu</strong></span> <span class='ocrx_word' id='word_1_142' title='bbox 3194 458 3372 513; x_wconf 88' lang='lat' dir='ltr'><strong>anima</strong></span> <span class='ocrx_word' id='word_1_143' title='bbox 3403 456 3567 513; x_wconf 88' lang='lat' dir='ltr'><strong>simul</strong></span> <span class='ocrx_word' id='word_1_144' title='bbox 3608 466 3671 512; x_wconf 83' lang='lat' dir='ltr'><strong>et</strong></span> <span class='ocrx_word' id='word_1_145' title='bbox 3717 474 3845 513; x_wconf 62' lang='lat' dir='ltr'><strong>coro</strong></span> 
     </span>
    </p>
   </div>
   <div class='ocr_carea' id='block_1_21' title="bbox 2227 549 3846 619">
    <p class='ocr_par' dir='ltr' id='par_1_21' title="bbox 2227 549 3846 619">
     <span class='ocr_line' id='line_1_21' title="bbox 2227 549 3846 619; baseline -0.001 -15"><span class='ocrx_word' id='word_1_146' title='bbox 2227 549 2396 618; x_wconf 87' lang='lat' dir='ltr'><strong>pore?</strong></span> <span class='ocrx_word' id='word_1_147' title='bbox 2423 550 2489 603; x_wconf 86' lang='lat' dir='ltr'><strong>Et</strong></span> <span class='ocrx_word' id='word_1_148' title='bbox 2517 550 2561 603; x_wconf 91' lang='lat' dir='ltr'><strong>si</strong></span> <span class='ocrx_word' id='word_1_149' title='bbox 2589 550 2642 604; x_wconf 91' lang='lat' dir='ltr'><strong>in</strong></span> <span class='ocrx_word' id='word_1_150' title='bbox 2674 549 2787 604; x_wconf 88' lang='lat' dir='ltr'><strong>sola</strong></span> <span class='ocrx_word' id='word_1_151' title='bbox 2833 549 3036 614; x_wconf 87' lang='lat' dir='ltr'><strong>anima,</strong></span> <span class='ocrx_word' id='word_1_152' title='bbox 3089 550 3359 619; x_wconf 83' lang='lat' dir='ltr'><strong>quomodo</strong></span> <span class='ocrx_word' id='word_1_153' title='bbox 3400 549 3565 603; x_wconf 86' lang='lat' dir='ltr'><strong>homo</strong></span> <span class='ocrx_word' id='word_1_154' title='bbox 3595 549 3846 619; x_wconf 77' lang='lat' dir='ltr'><strong>appella-</strong></span> 
     </span>
    </p>
   </div>
   <div class='ocr_carea' id='block_1_22' title="bbox 2227 639 3845 705">
    <p class='ocr_par' dir='ltr' id='par_1_22' title="bbox 2227 639 3845 705">
     <span class='ocr_line' id='line_1_22' title="bbox 2227 639 3845 705; baseline 0.001 -12"><span class='ocrx_word' id='word_1_155' title='bbox 2227 649 2314 695; x_wconf 90' lang='lat' dir='ltr'><strong>tus</strong></span> <span class='ocrx_word' id='word_1_156' title='bbox 2368 650 2470 704; x_wconf 87' lang='lat' dir='ltr'><strong>est,</strong></span> <span class='ocrx_word' id='word_1_157' title='bbox 2526 653 2650 694; x_wconf 88' lang='lat' dir='ltr'><strong>cum</strong></span> <span class='ocrx_word' id='word_1_158' title='bbox 2707 650 2939 705; x_wconf 78' lang='lat' dir='ltr'><strong>constet,</strong></span> <span class='ocrx_word' id='word_1_159' title='bbox 2996 639 3271 694; x_wconf 87' lang='lat' dir='ltr'><strong>hominem</strong></span> <span class='ocrx_word' id='word_1_160' title='bbox 3324 654 3447 694; x_wconf 89' lang='lat' dir='ltr'><strong>esse</strong></span> <span class='ocrx_word' id='word_1_161' title='bbox 3502 654 3572 693; x_wconf 74' lang='lat' dir='ltr'><strong>ex</strong></span> <span class='ocrx_word' id='word_1_162' title='bbox 3614 639 3845 695; x_wconf 67' lang='lat' dir='ltr'><strong>duabus</strong></span> 
     </span>
    </p>
   </div>
   <div class='ocr_carea' id='block_1_23' title="bbox 2226 730 3846 801">
    <p class='ocr_par' dir='ltr' id='par_1_23' title="bbox 2226 730 3846 801">
     <span class='ocr_line' id='line_1_23' title="bbox 2226 730 3846 801; baseline -0.001 -16"><span class='ocrx_word' id='word_1_163' title='bbox 2226 730 2439 788; x_wconf 85' lang='lat' dir='ltr'><strong>naturis</strong></span> <span class='ocrx_word' id='word_1_164' title='bbox 2484 730 2844 801; x_wconf 88' lang='lat' dir='ltr'><strong>compositum</strong></span> <span class='ocrx_word' id='word_1_165' title='bbox 2882 731 2928 796; x_wconf 85' lang='lat'><strong>’,</strong></span> <span class='ocrx_word' id='word_1_166' title='bbox 2962 745 3030 786; x_wconf 72' lang='lat' dir='ltr'><strong>es</strong></span> <span class='ocrx_word' id='word_1_167' title='bbox 3085 730 3340 785; x_wconf 85' lang='lat' dir='ltr'><strong>invisibili</strong></span> <span class='ocrx_word' id='word_1_168' title='bbox 3385 730 3608 801; x_wconf 84' lang='lat' dir='ltr'><strong>quidem</strong></span> <span class='ocrx_word' id='word_1_169' title='bbox 3640 745 3846 787; x_wconf 74' lang='lat' dir='ltr'><strong>secan-</strong></span> 
     </span>
    </p>
   </div>
   <div class='ocr_carea' id='block_1_24' title="bbox 2225 820 3846 891">
    <p class='ocr_par' dir='ltr' id='par_1_24' title="bbox 2225 820 3846 891">
     <span class='ocr_line' id='line_1_24' title="bbox 2225 820 3846 891; baseline -0.002 -13"><span class='ocrx_word' id='word_1_170' title='bbox 2225 824 2352 878; x_wconf 89' lang='lat' dir='ltr'><strong>dum</strong></span> <span class='ocrx_word' id='word_1_171' title='bbox 2390 822 2651 887; x_wconf 79' lang='lat' dir='ltr'><strong>animum,</strong></span> <span class='ocrx_word' id='word_1_172' title='bbox 2683 831 2738 878; x_wconf 93' lang='lat' dir='ltr'><strong>et</strong></span> <span class='ocrx_word' id='word_1_173' title='bbox 2782 820 2981 877; x_wconf 90' lang='lat' dir='ltr'><strong>visibili</strong></span> <span class='ocrx_word' id='word_1_174' title='bbox 3024 821 3320 877; x_wconf 83' lang='lat' dir='ltr'><strong>secundum</strong></span> <span class='ocrx_word' id='word_1_175' title='bbox 3354 820 3598 891; x_wconf 80' lang='lat' dir='ltr'><strong>corpus?</strong></span> <span class='ocrx_word' id='word_1_176' title='bbox 3627 820 3705 875; x_wconf 80' lang='lat' dir='ltr'><strong>Et</strong></span> <span class='ocrx_word' id='word_1_177' title='bbox 3742 834 3846 875; x_wconf 84' lang='lat' dir='ltr'><strong>nec</strong></span> 
     </span>
    </p>
   </div>
   <div class='ocr_carea' id='block_1_25' title="bbox 2222 907 3847 982">
    <p class='ocr_par' dir='ltr' id='par_1_25' title="bbox 2222 907 3847 982">
     <span class='ocr_line' id='line_1_25' title="bbox 2222 907 3847 982; baseline 0.001 -18"><span class='ocrx_word' id='word_1_178' title='bbox 2222 921 2432 982; x_wconf 87' lang='lat' dir='ltr'><strong>partem</strong></span> <span class='ocrx_word' id='word_1_179' title='bbox 2486 911 2703 982; x_wconf 85' lang='lat' dir='ltr'><strong>quidem</strong></span> <span class='ocrx_word' id='word_1_180' title='bbox 2744 911 2980 966; x_wconf 89' lang='lat' dir='ltr'><strong>hominis</strong></span> <span class='ocrx_word' id='word_1_181' title='bbox 3036 920 3168 967; x_wconf 87' lang='lat' dir='ltr'><strong>tunc</strong></span> <span class='ocrx_word' id='word_1_182' title='bbox 3208 919 3449 966; x_wconf 85' lang='lat' dir='ltr'><strong>creatam</strong></span> <span class='ocrx_word' id='word_1_183' title='bbox 3500 907 3683 966; x_wconf 74' lang='lat' dir='ltr'><strong>fuisse</strong></span> <span class='ocrx_word' id='word_1_184' title='bbox 3728 926 3847 966; x_wconf 73' lang='lat' dir='ltr'><strong>cre-</strong></span> 
     </span>
    </p>
   </div>
   <div class='ocr_carea' id='block_1_26' title="bbox 2224 1001 3847 1076">
    <p class='ocr_par' dir='ltr' id='par_1_26' title="bbox 2224 1001 3847 1076">
     <span class='ocr_line' id='line_1_26' title="bbox 2224 1001 3847 1076; baseline 0 -19"><span class='ocrx_word' id='word_1_185' title='bbox 2224 1001 2493 1069; x_wconf 88' lang='lat' dir='ltr'><strong>diderim,</strong></span> <span class='ocrx_word' id='word_1_186' title='bbox 2552 1011 2612 1057; x_wconf 91' lang='lat' dir='ltr'><strong>ut</strong></span> <span class='ocrx_word' id='word_1_187' title='bbox 2676 1001 3060 1076; x_wconf 63' lang='grc' dir='ltr'><strong>συνεκδοχικῶς</strong></span> <span class='ocrx_word' id='word_1_188' title='bbox 3122 1003 3486 1074; x_wconf 80' lang='lat' dir='ltr'><strong>intelligamus</strong></span> <span class='ocrx_word' id='word_1_189' title='bbox 3539 1002 3697 1073; x_wconf 85' lang='lat' dir='ltr'><strong>quod</strong></span> <span class='ocrx_word' id='word_1_190' title='bbox 3763 1003 3847 1057; x_wconf 79' lang='lat' dir='ltr'><strong>di-</strong></span> 
     </span>
    </p>
   </div>
   <div class='ocr_carea' id='block_1_27' title="bbox 2222 1091 3845 1163">
    <p class='ocr_par' dir='ltr' id='par_1_27' title="bbox 2222 1091 3845 1163">
     <span class='ocr_line' id='line_1_27' title="bbox 2222 1091 3845 1163; baseline 0.001 -16"><span class='ocrx_word' id='word_1_191' title='bbox 2222 1100 2369 1147; x_wconf 88' lang='lat' dir='ltr'><strong>ctum</strong></span> <span class='ocrx_word' id='word_1_192' title='bbox 2426 1100 2514 1148; x_wconf 88' lang='lat' dir='ltr'><strong>est</strong></span> <span class='ocrx_word' id='word_1_193' title='bbox 2563 1110 2577 1147; x_wconf 89' lang='lat'><strong>:</strong></span> <span class='ocrx_word' id='word_1_194' title='bbox 2637 1091 2926 1147; x_wconf 80' lang='lat' dir='ltr'><strong>Faciamus</strong></span> <span class='ocrx_word' id='word_1_195' title='bbox 2990 1095 3286 1158; x_wconf 79' lang='lat' dir='ltr'><strong>hominem;</strong></span> <span class='ocrx_word' id='word_1_196' title='bbox 3320 1102 3654 1163; x_wconf 79' lang='lat' dir='ltr'><strong>praeseer</strong></span> <span class='ocrx_word' id='word_1_197' title='bbox 3716 1106 3845 1148; x_wconf 72' lang='lat' dir='ltr'><strong>cum</strong></span> 
     </span>
    </p>
   </div>
   <div class='ocr_carea' id='block_1_28' title="bbox 2223 1182 3846 1254">
    <p class='ocr_par' dir='ltr' id='par_1_28' title="bbox 2223 1182 3846 1254">
     <span class='ocr_line' id='line_1_28' title="bbox 2223 1182 3846 1254; baseline -0.001 -15"><span class='ocrx_word' id='word_1_198' title='bbox 2223 1193 2539 1239; x_wconf 89' lang='lat' dir='ltr'><strong>naturarum</strong></span> <span class='ocrx_word' id='word_1_199' title='bbox 2562 1185 2805 1240; x_wconf 88' lang='lat' dir='ltr'><strong>oumimu</strong></span> <span class='ocrx_word' id='word_1_200' title='bbox 2837 1185 3155 1254; x_wconf 83' lang='lat' dir='ltr'><strong>plenissima</strong></span> <span class='ocrx_word' id='word_1_201' title='bbox 3186 1194 3242 1239; x_wconf 89' lang='lat' dir='ltr'><strong>et</strong></span> <span class='ocrx_word' id='word_1_202' title='bbox 3271 1182 3682 1253; x_wconf 80' lang='lat' dir='ltr'><strong>perfectissima</strong></span> <span class='ocrx_word' id='word_1_203' title='bbox 3710 1198 3846 1238; x_wconf 75' lang='lat' dir='ltr'><strong>con-</strong></span> 
     </span>
    </p>
   </div>
   <div class='ocr_carea' id='block_1_29' title="bbox 2221 1273 3845 1347">
    <p class='ocr_par' dir='ltr' id='par_1_29' title="bbox 2221 1273 3845 1347">
     <span class='ocr_line' id='line_1_29' title="bbox 2221 1273 3845 1347; baseline -0.001 -15"><span class='ocrx_word' id='word_1_204' title='bbox 2221 1277 2356 1332; x_wconf 88' lang='lat' dir='ltr'><strong>ditio</strong></span> <span class='ocrx_word' id='word_1_205' title='bbox 2409 1276 2495 1332; x_wconf 87' lang='lat' dir='ltr'><strong>his</strong></span> <span class='ocrx_word' id='word_1_206' title='bbox 2558 1276 2890 1347; x_wconf 84' lang='lat' dir='ltr'><strong>propheticis</strong></span> <span class='ocrx_word' id='word_1_207' title='bbox 2954 1276 3135 1332; x_wconf 79' lang='lat' dir='ltr'><strong>verbis</strong></span> <span class='ocrx_word' id='word_1_208' title='bbox 3205 1285 3474 1330; x_wconf 88' lang='lat' dir='ltr'><strong>narretur.</strong></span> <span class='ocrx_word' id='word_1_209' title='bbox 3530 1273 3590 1330; x_wconf 89' lang='lat' dir='ltr'><strong>Si</strong></span> <span class='ocrx_word' id='word_1_210' title='bbox 3652 1286 3845 1330; x_wconf 71' lang='lat' dir='ltr'><strong>autem</strong></span> 
     </span>
    </p>
   </div>
   <div class='ocr_carea' id='block_1_30' title="bbox 2222 1367 3842 1441">
    <p class='ocr_par' dir='ltr' id='par_1_30' title="bbox 2222 1367 3842 1441">
     <span class='ocr_line' id='line_1_30' title="bbox 2222 1367 3842 1441; baseline -0.002 -16"><span class='ocrx_word' id='word_1_211' title='bbox 2222 1370 2396 1441; x_wconf 89' lang='lat' dir='ltr'><strong>prima</strong></span> <span class='ocrx_word' id='word_1_212' title='bbox 2433 1369 2672 1425; x_wconf 87' lang='lat' dir='ltr'><strong>conditio</strong></span> <span class='ocrx_word' id='word_1_213' title='bbox 2716 1369 2769 1423; x_wconf 90' lang='lat' dir='ltr'><strong>iu</strong></span> <span class='ocrx_word' id='word_1_214' title='bbox 2819 1369 2999 1424; x_wconf 85' lang='lat' dir='ltr'><strong>anima</strong></span> <span class='ocrx_word' id='word_1_215' title='bbox 3052 1378 3109 1423; x_wconf 88' lang='lat' dir='ltr'><strong>ct</strong></span> <span class='ocrx_word' id='word_1_216' title='bbox 3151 1384 3402 1439; x_wconf 74' lang='lat' dir='ltr'><strong>corpore,</strong></span> <span class='ocrx_word' id='word_1_217' title='bbox 3452 1367 3561 1423; x_wconf 88' lang='lat' dir='ltr'><strong>hoc</strong></span> <span class='ocrx_word' id='word_1_218' title='bbox 3609 1374 3726 1434; x_wconf 85' lang='lat' dir='ltr'><strong>est,</strong></span> <span class='ocrx_word' id='word_1_219' title='bbox 3784 1368 3842 1422; x_wconf 76' lang='lat' dir='ltr'><strong>in</strong></span> 
     </span>
    </p>
   </div>
   <div class='ocr_carea' id='block_1_31' title="bbox 2222 1460 3843 1533">
    <p class='ocr_par' dir='ltr' id='par_1_31' title="bbox 2222 1460 3843 1533">
     <span class='ocr_line' id='line_1_31' title="bbox 2222 1460 3843 1533; baseline -0.002 -15"><span class='ocrx_word' id='word_1_220' title='bbox 2222 1472 2338 1518; x_wconf 89' lang='lat' dir='ltr'><strong>toto</strong></span> <span class='ocrx_word' id='word_1_221' title='bbox 2359 1473 2414 1517; x_wconf 91' lang='lat' dir='ltr'><strong>et</strong></span> <span class='ocrx_word' id='word_1_222' title='bbox 2433 1462 2645 1533; x_wconf 87' lang='lat' dir='ltr'><strong>integro</strong></span> <span class='ocrx_word' id='word_1_223' title='bbox 2670 1461 2886 1517; x_wconf 88' lang='lat' dir='ltr'><strong>homine</strong></span> <span class='ocrx_word' id='word_1_224' title='bbox 2932 1471 3081 1517; x_wconf 86' lang='lat' dir='ltr'><strong>recte</strong></span> <span class='ocrx_word' id='word_1_225' title='bbox 3105 1460 3439 1533; x_wconf 79' lang='lat' dir='ltr'><strong>intelligitur,</strong></span> <span class='ocrx_word' id='word_1_226' title='bbox 3454 1462 3843 1532; x_wconf 72' lang='lat' dir='ltr'><strong>quaerendus-</strong></span> 
     </span>
    </p>
   </div>
   <div class='ocr_carea' id='block_1_32' title="bbox 2221 1552 3846 1627">
    <p class='ocr_par' dir='ltr' id='par_1_32' title="bbox 2221 1552 3846 1627">
     <span class='ocr_line' id='line_1_32' title="bbox 2221 1552 3846 1627; baseline -0.001 -18"><span class='ocrx_word' id='word_1_227' title='bbox 2221 1554 2488 1627; x_wconf 87' lang='lat' dir='ltr'><strong>prol‘ccto,</strong></span> <span class='ocrx_word' id='word_1_228' title='bbox 2515 1553 2674 1624; x_wconf 88' lang='lat' dir='ltr'><strong>quale</strong></span> <span class='ocrx_word' id='word_1_229' title='bbox 2700 1569 2899 1625; x_wconf 87' lang='lat' dir='ltr'><strong>corpus</strong></span> <span class='ocrx_word' id='word_1_230' title='bbox 2925 1552 3057 1608; x_wconf 90' lang='lat' dir='ltr'><strong>illud</strong></span> <span class='ocrx_word' id='word_1_231' title='bbox 3087 1560 3208 1608; x_wconf 89' lang='lat' dir='ltr'><strong>erat</strong></span> <span class='ocrx_word' id='word_1_232' title='bbox 3235 1552 3485 1623; x_wconf 83' lang='lat' dir='ltr'><strong>inprima</strong></span> <span class='ocrx_word' id='word_1_233' title='bbox 3516 1552 3846 1608; x_wconf 69' lang='lat' dir='ltr'><strong>conditione</strong></span> 
     </span>
    </p>
   </div>
   <div class='ocr_carea' id='block_1_33' title="bbox 2221 1643 3846 1715">
    <p class='ocr_par' dir='ltr' id='par_1_33' title="bbox 2221 1643 3846 1715">
     <span class='ocr_line' id='line_1_33' title="bbox 2221 1643 3846 1715; baseline -0.002 -13"><span class='ocrx_word' id='word_1_234' title='bbox 2221 1647 2481 1702; x_wconf 87' lang='lat' dir='ltr'><strong>hominis.</strong></span> <span class='ocrx_word' id='word_1_235' title='bbox 2526 1646 2594 1701; x_wconf 85' lang='lat' dir='ltr'><strong>Et</strong></span> <span class='ocrx_word' id='word_1_236' title='bbox 2618 1644 2838 1715; x_wconf 87' lang='lat' dir='ltr'><strong>quidem</strong></span> <span class='ocrx_word' id='word_1_237' title='bbox 2882 1660 3011 1700; x_wconf 83' lang='lat' dir='ltr'><strong>vera</strong></span> <span class='ocrx_word' id='word_1_238' title='bbox 3044 1645 3183 1700; x_wconf 82' lang='lat' dir='ltr'><strong>ratio</strong></span> <span class='ocrx_word' id='word_1_239' title='bbox 3207 1643 3429 1707; x_wconf 85' lang='lat' dir='ltr'><strong>clamat,</strong></span> <span class='ocrx_word' id='word_1_240' title='bbox 3475 1644 3582 1699; x_wconf 89' lang='lat' dir='ltr'><strong>hoc</strong></span> <span class='ocrx_word' id='word_1_241' title='bbox 3637 1657 3846 1714; x_wconf 78' lang='lat' dir='ltr'><strong>corpus</strong></span> 
     </span>
    </p>
   </div>
   <div class='ocr_carea' id='block_1_34' title="bbox 530 1734 3845 1817">
    <p class='ocr_par' dir='ltr' id='par_1_34' title="bbox 530 1734 3845 1817">
     <span class='ocr_line' id='line_1_34' title="bbox 530 1734 3845 1817; baseline 0.003 -26"><span class='ocrx_word' id='word_1_242' title='bbox 530 1737 724 1793; x_wconf 83' lang='lat' dir='ltr'><strong>divisio</strong></span> <span class='ocrx_word' id='word_1_243' title='bbox 766 1739 988 1794; x_wconf 90' lang='lat' dir='ltr'><strong>omnino</strong></span> <span class='ocrx_word' id='word_1_244' title='bbox 1040 1740 1256 1797; x_wconf 83' lang='lat' dir='ltr'><strong>divinae</strong></span> <span class='ocrx_word' id='word_1_245' title='bbox 1309 1753 1535 1799; x_wconf 76' lang='lat' dir='ltr'><strong>naturae</strong></span> <span class='ocrx_word' id='word_1_246' title='bbox 1582 1746 1835 1817; x_wconf 81' lang='lat' dir='ltr'><strong>imaginis</strong></span> <span class='ocrx_word' id='word_1_247' title='bbox 1880 1758 1936 1804; x_wconf 90' lang='lat' dir='ltr'><strong>et</strong></span> <span class='ocrx_word' id='word_1_248' title='bbox 1971 1751 2123 1805; x_wconf 86' lang='lat' dir='ltr'><strong>sitni-</strong></span> <span class='ocrx_word' id='word_1_249' title='bbox 2153 1741 2199 1802; x_wconf 84' lang='grc' dir='ltr'><strong>Β</strong></span> <span class='ocrx_word' id='word_1_250' title='bbox 2229 1737 2430 1792; x_wconf 69' lang='lat' dir='ltr'><strong>meri&quot;)</strong></span> <span class='ocrx_word' id='word_1_251' title='bbox 2459 1735 2669 1807; x_wconf 64' lang='lat' dir='ltr'>P8008“</span> <span class='ocrx_word' id='word_1_252' title='bbox 2730 1734 3266 1805; x_wconf 70' lang='lat' dir='ltr'><strong>supermacllinalum</strong></span> <span class='ocrx_word' id='word_1_253' title='bbox 3313 1749 3420 1789; x_wconf 76' lang='grc' dir='ltr'>ιιοη</span> <span class='ocrx_word' id='word_1_254' title='bbox 3455 1734 3662 1800; x_wconf 63' lang='lat' dir='ltr'><strong>fuisse.</strong></span> <span class='ocrx_word' id='word_1_255' title='bbox 3713 1734 3845 1792; x_wconf 58' lang='lat' dir='ltr'><strong>in“</strong></span> 
     </span>
    </p>
   </div>
   <div class='ocr_carea' id='block_1_35' title="bbox 527 1829 2121 1909">
    <p class='ocr_par' dir='ltr' id='par_1_35' title="bbox 527 1829 2121 1909">
     <span class='ocr_line' id='line_1_35' title="bbox 527 1829 2121 1909; baseline 0.009 -23"><span class='ocrx_word' id='word_1_256' title='bbox 527 1829 772 1889; x_wconf 86' lang='lat' dir='ltr'><strong>litudinis</strong></span> <span class='ocrx_word' id='word_1_257' title='bbox 799 1849 992 1905; x_wconf 80' lang='lat' dir='ltr'><strong>expers</strong></span> <span class='ocrx_word' id='word_1_258' title='bbox 1018 1845 1101 1892; x_wconf 89' lang='lat' dir='ltr'><strong>est</strong></span> <span class='ocrx_word' id='word_1_259' title='bbox 1141 1837 1182 1903; x_wconf 82' lang='grc'><strong>³,</strong></span> <span class='ocrx_word' id='word_1_260' title='bbox 1226 1846 1281 1892; x_wconf 91' lang='lat' dir='ltr'><strong>et</strong></span> <span class='ocrx_word' id='word_1_261' title='bbox 1309 1838 1455 1893; x_wconf 94' lang='lat' dir='ltr'><strong>nullo</strong></span> <span class='ocrx_word' id='word_1_262' title='bbox 1481 1841 1642 1897; x_wconf 88' lang='lat' dir='ltr'><strong>modo</strong></span> <span class='ocrx_word' id='word_1_263' title='bbox 1672 1851 1839 1909; x_wconf 89' lang='lat' dir='ltr'><strong>esset,</strong></span> <span class='ocrx_word' id='word_1_264' title='bbox 1868 1844 1912 1898; x_wconf 87' lang='lat' dir='ltr'><strong>si</strong></span> <span class='ocrx_word' id='word_1_265' title='bbox 1958 1844 2121 1900; x_wconf 89' lang='lat' dir='ltr'><strong>homo</strong></span> 
     </span>
    </p>
   </div>
   <div class='ocr_carea' id='block_1_36' title="bbox 526 1927 2123 2002">
    <p class='ocr_par' dir='ltr' id='par_1_36' title="bbox 526 1927 2123 2002">
     <span class='ocr_line' id='line_1_36' title="bbox 526 1927 2123 2002; baseline 0.004 -22"><span class='ocrx_word' id='word_1_266' title='bbox 526 1936 636 1980; x_wconf 79' lang='lat' dir='ltr'><strong>non</strong></span> <span class='ocrx_word' id='word_1_267' title='bbox 667 1937 937 1996; x_wconf 85' lang='lat' dir='ltr'><strong>peccaret,</strong></span> <span class='ocrx_word' id='word_1_268' title='bbox 982 1927 1127 1983; x_wconf 89' lang='lat' dir='ltr'><strong>sicut</strong></span> <span class='ocrx_word' id='word_1_269' title='bbox 1169 1927 1315 1983; x_wconf 91' lang='lat' dir='ltr'><strong>nullo</strong></span> <span class='ocrx_word' id='word_1_270' title='bbox 1347 1929 1508 1985; x_wconf 83' lang='lat' dir='ltr'><strong>modo</strong></span> <span class='ocrx_word' id='word_1_271' title='bbox 1537 1932 1645 1985; x_wconf 90' lang='lat' dir='ltr'><strong>erit</strong></span> <span class='ocrx_word' id='word_1_272' title='bbox 1674 1940 1798 2002; x_wconf 88' lang='lat' dir='ltr'><strong>post</strong></span> <span class='ocrx_word' id='word_1_273' title='bbox 1843 1941 2123 1989; x_wconf 83' lang='lat' dir='ltr'><strong>restaura-</strong></span> 
     </span>
    </p>
   </div>
   <div class='ocr_carea' id='block_1_37' title="bbox 528 2015 2117 2096">
    <p class='ocr_par' dir='ltr' id='par_1_37' title="bbox 528 2015 2117 2096">
     <span class='ocr_line' id='line_1_37' title="bbox 528 2015 2117 2096; baseline 0.006 -25"><span class='ocrx_word' id='word_1_274' title='bbox 528 2015 732 2072; x_wconf 84' lang='lat' dir='ltr'><strong>tionem</strong></span> <span class='ocrx_word' id='word_1_275' title='bbox 765 2026 994 2074; x_wconf 85' lang='lat' dir='ltr'><strong>naturae</strong></span> <span class='ocrx_word' id='word_1_276' title='bbox 1019 2019 1070 2072; x_wconf 92' lang='lat' dir='ltr'><strong>in</strong></span> <span class='ocrx_word' id='word_1_277' title='bbox 1093 2020 1380 2090; x_wconf 88' lang='lat' dir='ltr'><strong>pristinqu</strong></span> <span class='ocrx_word' id='word_1_278' title='bbox 1403 2031 1635 2088; x_wconf 77' lang='lat' dir='ltr'><strong>statum,</strong></span> <span class='ocrx_word' id='word_1_279' title='bbox 1660 2024 1751 2094; x_wconf 89' lang='lat' dir='ltr'><strong>qui</strong></span> <span class='ocrx_word' id='word_1_280' title='bbox 1791 2034 1912 2096; x_wconf 86' lang='lat' dir='ltr'><strong>post</strong></span> <span class='ocrx_word' id='word_1_281' title='bbox 1934 2028 2117 2082; x_wconf 83' lang='lat' dir='ltr'><strong>catho-</strong></span> 
     </span>
    </p>
   </div>
   <div class='ocr_carea' id='block_1_38' title="bbox 526 2106 2123 2170">
    <p class='ocr_par' dir='ltr' id='par_1_38' title="bbox 526 2106 2123 2170">
     <span class='ocr_line' id='line_1_38' title="bbox 526 2106 2123 2170; baseline 0.006 -8"><span class='ocrx_word' id='word_1_282' title='bbox 526 2106 688 2163; x_wconf 89' lang='lat' dir='ltr'><strong>licam</strong></span> <span class='ocrx_word' id='word_1_283' title='bbox 758 2110 1214 2164; x_wconf 84' lang='lat' dir='ltr'><strong>resurrectionem</strong></span> <span class='ocrx_word' id='word_1_284' title='bbox 1266 2120 1587 2166; x_wconf 87' lang='lat' dir='ltr'><strong>cuuctorum</strong></span> <span class='ocrx_word' id='word_1_285' title='bbox 1629 2114 1907 2169; x_wconf 88' lang='lat' dir='ltr'><strong>hominum</strong></span> <span class='ocrx_word' id='word_1_286' title='bbox 1952 2115 2123 2170; x_wconf 85' lang='lat' dir='ltr'><strong>maui-</strong></span> 
     </span>
    </p>
   </div>
   <div class='ocr_carea' id='block_1_39' title="bbox 526 2196 2123 2274">
    <p class='ocr_par' dir='ltr' id='par_1_39' title="bbox 526 2196 2123 2274">
     <span class='ocr_line' id='line_1_39' title="bbox 526 2196 2123 2274; baseline 0.004 -20"><span class='ocrx_word' id='word_1_287' title='bbox 526 2196 840 2254; x_wconf 75' lang='lat' dir='ltr'><strong>festahitur.</strong></span> <span class='ocrx_word' id='word_1_288' title='bbox 873 2201 1218 2272; x_wconf 83' lang='lat' dir='ltr'><strong>Quapropter</strong></span> <span class='ocrx_word' id='word_1_289' title='bbox 1246 2200 1291 2257; x_wconf 88' lang='lat' dir='ltr'><strong>si</strong></span> <span class='ocrx_word' id='word_1_290' title='bbox 1314 2202 1478 2257; x_wconf 90' lang='lat' dir='ltr'><strong>homo</strong></span> <span class='ocrx_word' id='word_1_291' title='bbox 1493 2218 1599 2257; x_wconf 90' lang='lat' dir='ltr'><strong>non</strong></span> <span class='ocrx_word' id='word_1_292' title='bbox 1627 2214 1898 2274; x_wconf 85' lang='lat' dir='ltr'><strong>peccaret,</strong></span> <span class='ocrx_word' id='word_1_293' title='bbox 1946 2206 2123 2263; x_wconf 86' lang='lat' dir='ltr'><strong>nullus</strong></span> 
     </span>
    </p>
   </div>
   <div class='ocr_carea' id='block_1_40' title="bbox 522 2290 2120 2365">
    <p class='ocr_par' dir='ltr' id='par_1_40' title="bbox 522 2290 2120 2365">
     <span class='ocr_line' id='line_1_40' title="bbox 522 2290 2120 2365; baseline 0.006 -20"><span class='ocrx_word' id='word_1_294' title='bbox 522 2290 819 2361; x_wconf 77' lang='lat' dir='ltr'><strong>utriusque</strong></span> <span class='ocrx_word' id='word_1_295' title='bbox 846 2306 1011 2346; x_wconf 76' lang='lat' dir='ltr'><strong>sexus</strong></span> <span class='ocrx_word' id='word_1_296' title='bbox 1040 2292 1252 2363; x_wconf 90' lang='lat' dir='ltr'><strong>copula,</strong></span> <span class='ocrx_word' id='word_1_297' title='bbox 1283 2308 1385 2349; x_wconf 90' lang='lat' dir='ltr'><strong>nec</strong></span> <span class='ocrx_word' id='word_1_298' title='bbox 1412 2294 1520 2349; x_wconf 92' lang='lat' dir='ltr'><strong>ullo</strong></span> <span class='ocrx_word' id='word_1_299' title='bbox 1547 2298 1753 2351; x_wconf 88' lang='lat' dir='ltr'><strong>semine</strong></span> <span class='ocrx_word' id='word_1_300' title='bbox 1784 2308 2120 2365; x_wconf 84' lang='lat' dir='ltr'><strong>nasceretur,</strong></span> 
     </span>
    </p>
   </div>
   <div class='ocr_carea' id='block_1_41' title="bbox 529 2383 2119 2462">
    <p class='ocr_par' dir='ltr' id='par_1_41' title="bbox 529 2383 2119 2462">
     <span class='ocr_line' id='line_1_41' title="bbox 529 2383 2119 2462; baseline 0.007 -25"><span class='ocrx_word' id='word_1_301' title='bbox 529 2383 627 2438; x_wconf 90' lang='lat' dir='ltr'><strong>sed</strong></span> <span class='ocrx_word' id='word_1_302' title='bbox 655 2384 1113 2453; x_wconf 86' lang='lat' dir='ltr'><strong>quemadmodum</strong></span> <span class='ocrx_word' id='word_1_303' title='bbox 1156 2386 1399 2457; x_wconf 88' lang='lat' dir='ltr'><strong>angelica</strong></span> <span class='ocrx_word' id='word_1_304' title='bbox 1437 2390 1691 2454; x_wconf 85' lang='lat' dir='ltr'><strong>essentia,</strong></span> <span class='ocrx_word' id='word_1_305' title='bbox 1721 2392 1846 2447; x_wconf 90' lang='lat' dir='ltr'><strong>dum</strong></span> <span class='ocrx_word' id='word_1_306' title='bbox 1890 2393 1958 2447; x_wconf 84' lang='lat' dir='ltr'><strong>sit</strong></span> <span class='ocrx_word' id='word_1_307' title='bbox 1990 2410 2119 2462; x_wconf 90' lang='lat' dir='ltr'><strong>uua,</strong></span> 
     </span>
    </p>
   </div>
   <div class='ocr_carea' id='block_1_42' title="bbox 530 2472 2119 2554">
    <p class='ocr_par' dir='ltr' id='par_1_42' title="bbox 530 2472 2119 2554">
     <span class='ocr_line' id='line_1_42' title="bbox 530 2472 2119 2554; baseline 0.007 -25"><span class='ocrx_word' id='word_1_308' title='bbox 530 2472 587 2529; x_wconf 88' lang='lat' dir='ltr'><strong>in</strong></span> <span class='ocrx_word' id='word_1_309' title='bbox 624 2475 861 2531; x_wconf 87' lang='lat' dir='ltr'><strong>inllnitas</strong></span> <span class='ocrx_word' id='word_1_310' title='bbox 904 2478 1199 2549; x_wconf 85' lang='lat' dir='ltr'><strong>myriades,</strong></span> <span class='ocrx_word' id='word_1_311' title='bbox 1245 2480 1405 2537; x_wconf 88' lang='lat' dir='ltr'><strong>nullis</strong></span> <span class='ocrx_word' id='word_1_312' title='bbox 1434 2490 1732 2554; x_wconf 87' lang='lat' dir='ltr'><strong>temporum</strong></span> <span class='ocrx_word' id='word_1_313' title='bbox 1777 2486 2000 2542; x_wconf 90' lang='lat' dir='ltr'><strong>mornlis</strong></span> <span class='ocrx_word' id='word_1_314' title='bbox 2035 2491 2119 2541; x_wconf 87' lang='lat' dir='ltr'><strong>iu-</strong></span> 
     </span>
    </p>
   </div>
   <div class='ocr_carea' id='block_1_43' title="bbox 530 2567 2119 2645">
    <p class='ocr_par' dir='ltr' id='par_1_43' title="bbox 530 2567 2119 2645">
     <span class='ocr_line' id='line_1_43' title="bbox 530 2567 2119 2645; baseline 0.006 -22"><span class='ocrx_word' id='word_1_315' title='bbox 530 2567 791 2638; x_wconf 83' lang='lat' dir='ltr'><strong>terjeetis,</strong></span> <span class='ocrx_word' id='word_1_316' title='bbox 816 2569 1041 2624; x_wconf 89' lang='lat' dir='ltr'><strong>simulet</strong></span> <span class='ocrx_word' id='word_1_317' title='bbox 1067 2571 1233 2626; x_wconf 87' lang='lat' dir='ltr'><strong>semel</strong></span> <span class='ocrx_word' id='word_1_318' title='bbox 1257 2573 1609 2645; x_wconf 86' lang='lat' dir='ltr'><strong>multiplicata</strong></span> <span class='ocrx_word' id='word_1_319' title='bbox 1640 2585 1745 2642; x_wconf 89' lang='lat' dir='ltr'><strong>est,</strong></span> <span class='ocrx_word' id='word_1_320' title='bbox 1780 2578 1852 2632; x_wconf 92' lang='lat' dir='ltr'><strong>ita</strong></span> <span class='ocrx_word' id='word_1_321' title='bbox 1883 2579 2119 2634; x_wconf 88' lang='lat' dir='ltr'><strong>lnnuaua</strong></span> 
     </span>
    </p>
   </div>
   <div class='ocr_carea' id='block_1_44' title="bbox 530 2659 2117 2731">
    <p class='ocr_par' dir='ltr' id='par_1_44' title="bbox 530 2659 2117 2731">
     <span class='ocr_line' id='line_1_44' title="bbox 530 2659 2117 2731; baseline 0.006 -18"><span class='ocrx_word' id='word_1_322' title='bbox 530 2667 744 2723; x_wconf 86' lang='lat' dir='ltr'><strong>natura,</strong></span> <span class='ocrx_word' id='word_1_323' title='bbox 796 2659 842 2714; x_wconf 87' lang='lat' dir='ltr'><strong>si</strong></span> <span class='ocrx_word' id='word_1_324' title='bbox 900 2661 1213 2716; x_wconf 89' lang='lat' dir='ltr'><strong>mandatum</strong></span> <span class='ocrx_word' id='word_1_325' title='bbox 1265 2663 1424 2719; x_wconf 85' lang='lat' dir='ltr'><strong>vellet</strong></span> <span class='ocrx_word' id='word_1_326' title='bbox 1472 2680 1713 2731; x_wconf 86' lang='lat' dir='ltr'><strong>servare,</strong></span> <span class='ocrx_word' id='word_1_327' title='bbox 1763 2675 1819 2720; x_wconf 88' lang='lat' dir='ltr'><strong>et</strong></span> <span class='ocrx_word' id='word_1_328' title='bbox 1858 2678 2117 2731; x_wconf 82' lang='lat' dir='ltr'><strong>servaret,</strong></span> 
     </span>
    </p>
   </div>
   <div class='ocr_carea' id='block_1_45' title="bbox 529 2750 2121 2823">
    <p class='ocr_par' dir='ltr' id='par_1_45' title="bbox 529 2750 2121 2823">
     <span class='ocr_line' id='line_1_45' title="bbox 529 2750 2121 2823; baseline 0.004 -16"><span class='ocrx_word' id='word_1_329' title='bbox 529 2750 586 2807; x_wconf 92' lang='lat' dir='ltr'><strong>in</strong></span> <span class='ocrx_word' id='word_1_330' title='bbox 628 2752 1031 2823; x_wconf 86' lang='lat' dir='ltr'><strong>praecognitum</strong></span> <span class='ocrx_word' id='word_1_331' title='bbox 1084 2753 1182 2809; x_wconf 88' lang='lat' dir='ltr'><strong>soli</strong></span> <span class='ocrx_word' id='word_1_332' title='bbox 1231 2755 1496 2810; x_wconf 87' lang='lat' dir='ltr'><strong>conditori</strong></span> <span class='ocrx_word' id='word_1_333' title='bbox 1545 2771 1831 2811; x_wconf 74' lang='lat' dir='ltr'><strong>numerurm</strong></span> <span class='ocrx_word' id='word_1_334' title='bbox 1875 2758 2033 2813; x_wconf 89' lang='lat' dir='ltr'><strong>simul</strong></span> <span class='ocrx_word' id='word_1_335' title='bbox 2065 2767 2121 2813; x_wconf 92' lang='lat' dir='ltr'><strong>et</strong></span> 
     </span>
    </p>
   </div>
   <div class='ocr_carea' id='block_1_46' title="bbox 530 2844 2120 2920">
    <p class='ocr_par' dir='ltr' id='par_1_46' title="bbox 530 2844 2120 2920">
     <span class='ocr_line' id='line_1_46' title="bbox 530 2844 2120 2920; baseline 0.003 -19"><span class='ocrx_word' id='word_1_336' title='bbox 530 2844 697 2901; x_wconf 65' lang='grc' dir='ltr'>εθηιιει</span> <span class='ocrx_word' id='word_1_337' title='bbox 717 2854 1045 2916; x_wconf 86' lang='lat' dir='ltr'><strong>erumperet.</strong></span> <span class='ocrx_word' id='word_1_338' title='bbox 1088 2846 1355 2915; x_wconf 82' lang='lat' dir='ltr'><strong>Quoniam</strong></span> <span class='ocrx_word' id='word_1_339' title='bbox 1386 2862 1514 2903; x_wconf 84' lang='lat' dir='ltr'><strong>vero</strong></span> <span class='ocrx_word' id='word_1_340' title='bbox 1542 2849 1813 2919; x_wconf 83' lang='lat' dir='ltr'><strong>praevidit</strong></span> <span class='ocrx_word' id='word_1_341' title='bbox 1840 2850 2001 2914; x_wconf 91' lang='lat' dir='ltr'><strong>Deus,</strong></span> <span class='ocrx_word' id='word_1_342' title='bbox 2027 2851 2120 2920; x_wconf 88' lang='lat' dir='ltr'><strong>qui</strong></span> 
     </span>
    </p>
   </div>
   <div class='ocr_carea' id='block_1_47' title="bbox 529 2937 2118 3001">
    <p class='ocr_par' dir='ltr' id='par_1_47' title="bbox 529 2937 2118 3001">
     <span class='ocr_line' id='line_1_47' title="bbox 529 2937 2118 3001; baseline 0.003 -8"><span class='ocrx_word' id='word_1_343' title='bbox 529 2952 631 2993; x_wconf 88' lang='lat' dir='ltr'><strong>nec</strong></span> <span class='ocrx_word' id='word_1_344' title='bbox 668 2937 810 2993; x_wconf 72' lang='lat' dir='ltr'><strong>t‘allit</strong></span> <span class='ocrx_word' id='word_1_345' title='bbox 864 2954 964 2994; x_wconf 76' lang='lat' dir='ltr'><strong>nec</strong></span> <span class='ocrx_word' id='word_1_346' title='bbox 1010 2937 1233 3001; x_wconf 79' lang='lat' dir='ltr'><strong>fallitur,</strong></span> <span class='ocrx_word' id='word_1_347' title='bbox 1285 2940 1560 2995; x_wconf 87' lang='lat' dir='ltr'><strong>hominem</strong></span> <span class='ocrx_word' id='word_1_348' title='bbox 1607 2942 1934 2997; x_wconf 89' lang='lat' dir='ltr'><strong>conditionis</strong></span> <span class='ocrx_word' id='word_1_349' title='bbox 1985 2958 2118 2998; x_wconf 87' lang='lat' dir='ltr'><strong>suae</strong></span> 
     </span>
    </p>
   </div>
   <div class='ocr_carea' id='block_1_48' title="bbox 527 3028 2118 3105">
    <p class='ocr_par' dir='ltr' id='par_1_48' title="bbox 527 3028 2118 3105">
     <span class='ocr_line' id='line_1_48' title="bbox 527 3028 2118 3105; baseline 0.004 -22"><span class='ocrx_word' id='word_1_350' title='bbox 527 3028 774 3084; x_wconf 90' lang='lat' dir='ltr'><strong>ordinem</strong></span> <span class='ocrx_word' id='word_1_351' title='bbox 800 3038 854 3085; x_wconf 91' lang='lat' dir='ltr'><strong>et</strong></span> <span class='ocrx_word' id='word_1_352' title='bbox 884 3030 1202 3102; x_wconf 90' lang='lat' dir='ltr'><strong>dignitatem</strong></span> <span class='ocrx_word' id='word_1_353' title='bbox 1217 3032 1586 3098; x_wconf 88' lang='lat' dir='ltr'><strong>deserturum,</strong></span> <span class='ocrx_word' id='word_1_354' title='bbox 1608 3034 2118 3105; x_wconf 87' lang='lat' dir='ltr'><strong>supermaehinatus</strong></span> 
     </span>
    </p>
   </div>
   <div class='ocr_carea' id='block_1_49' title="bbox 2226 1827 3841 1904">
    <p class='ocr_par' dir='ltr' id='par_1_49' title="bbox 2226 1827 3841 1904">
     <span class='ocr_line' id='line_1_49' title="bbox 2226 1827 3841 1904; baseline -0.002 -16"><span class='ocrx_word' id='word_1_355' title='bbox 2226 1834 2280 1888; x_wconf 92' lang='lat' dir='ltr'><strong>in</strong></span> <span class='ocrx_word' id='word_1_356' title='bbox 2313 1832 2485 1904; x_wconf 89' lang='lat' dir='ltr'><strong>prima</strong></span> <span class='ocrx_word' id='word_1_357' title='bbox 2520 1847 2587 1887; x_wconf 91' lang='lat' dir='ltr'><strong>ac</strong></span> <span class='ocrx_word' id='word_1_358' title='bbox 2623 1831 2858 1887; x_wconf 83' lang='lat' dir='ltr'><strong>naturali</strong></span> <span class='ocrx_word' id='word_1_359' title='bbox 2890 1828 3324 1887; x_wconf 78' lang='lat' dir='ltr'><strong>conformatione</strong></span> <span class='ocrx_word' id='word_1_360' title='bbox 3370 1828 3613 1885; x_wconf 83' lang='lat' dir='ltr'><strong>hominis</strong></span> <span class='ocrx_word' id='word_1_361' title='bbox 3647 1827 3841 1885; x_wconf 67' lang='lat' dir='ltr'><strong>cotidi-</strong></span> 
     </span>
    </p>
   </div>
   <div class='ocr_carea' id='block_1_50' title="bbox 2226 1919 3845 1992">
    <p class='ocr_par' dir='ltr' id='par_1_50' title="bbox 2226 1919 3845 1992">
     <span class='ocr_line' id='line_1_50' title="bbox 2226 1919 3845 1992; baseline -0.004 -13"><span class='ocrx_word' id='word_1_362' title='bbox 2226 1934 2362 1979; x_wconf 90' lang='lat' dir='ltr'><strong>tum.</strong></span> <span class='ocrx_word' id='word_1_363' title='bbox 2405 1924 2554 1980; x_wconf 86' lang='lat' dir='ltr'><strong>Dtsc.</strong></span> <span class='ocrx_word' id='word_1_364' title='bbox 2584 1922 2700 1978; x_wconf 86' lang='lat' dir='ltr'><strong>Non</strong></span> <span class='ocrx_word' id='word_1_365' title='bbox 2746 1938 2808 1977; x_wconf 76' lang='lat' dir='ltr'><strong>ex</strong></span> <span class='ocrx_word' id='word_1_366' title='bbox 2842 1922 3111 1992; x_wconf 81' lang='lat' dir='ltr'><strong>superﬂuo</strong></span> <span class='ocrx_word' id='word_1_367' title='bbox 3140 1921 3275 1975; x_wconf 85' lang='lat' dir='ltr'><strong>haec</strong></span> <span class='ocrx_word' id='word_1_368' title='bbox 3298 1919 3552 1991; x_wconf 87' lang='lat' dir='ltr'><strong>quaestio</strong></span> <span class='ocrx_word' id='word_1_369' title='bbox 3590 1919 3845 1990; x_wconf 73' lang='lat' dir='ltr'><strong>interpo-</strong></span> 
     </span>
    </p>
   </div>
   <div class='ocr_carea' id='block_1_51' title="bbox 2225 2012 3843 2083">
    <p class='ocr_par' dir='ltr' id='par_1_51' title="bbox 2225 2012 3843 2083">
     <span class='ocr_line' id='line_1_51' title="bbox 2225 2012 3843 2083; baseline -0.003 -10"><span class='ocrx_word' id='word_1_370' title='bbox 2225 2019 2328 2073; x_wconf 85' lang='lat' dir='ltr'><strong>sita</strong></span> <span class='ocrx_word' id='word_1_371' title='bbox 2360 2026 2466 2082; x_wconf 86' lang='lat' dir='ltr'><strong>est,</strong></span> <span class='ocrx_word' id='word_1_372' title='bbox 2490 2024 2550 2072; x_wconf 90' lang='lat' dir='ltr'><strong>et</strong></span> <span class='ocrx_word' id='word_1_373' title='bbox 2578 2031 2683 2069; x_wconf 90' lang='lat' dir='ltr'><strong>non</strong></span> <span class='ocrx_word' id='word_1_374' title='bbox 2716 2014 3050 2070; x_wconf 77' lang='lat' dir='ltr'><strong>infructuose</strong></span> <span class='ocrx_word' id='word_1_375' title='bbox 3091 2013 3402 2083; x_wconf 82' lang='lat' dir='ltr'><strong>quaerenda</strong></span> <span class='ocrx_word' id='word_1_376' title='bbox 3423 2022 3589 2083; x_wconf 82' lang='lat' dir='ltr'><strong>atque</strong></span> <span class='ocrx_word' id='word_1_377' title='bbox 3620 2012 3843 2068; x_wconf 69' lang='lat' dir='ltr'><strong>solven-</strong></span> 
     </span>
    </p>
   </div>
   <div class='ocr_carea' id='block_1_52' title="bbox 2226 2105 3844 2179">
    <p class='ocr_par' dir='ltr' id='par_1_52' title="bbox 2226 2105 3844 2179">
     <span class='ocr_line' id='line_1_52' title="bbox 2226 2105 3844 2179; baseline -0.002 -14"><span class='ocrx_word' id='word_1_378' title='bbox 2226 2110 2316 2165; x_wconf 86' lang='lat' dir='ltr'><strong>da.</strong></span> <span class='ocrx_word' id='word_1_379' title='bbox 2340 2109 2409 2164; x_wconf 83' lang='lat' dir='ltr'><strong>Et</strong></span> <span class='ocrx_word' id='word_1_380' title='bbox 2430 2113 2557 2179; x_wconf 87' lang='lat' dir='ltr'><strong>quia</strong></span> <span class='ocrx_word' id='word_1_381' title='bbox 2590 2117 2645 2161; x_wconf 87' lang='lat' dir='ltr'><strong>ttt</strong></span> <span class='ocrx_word' id='word_1_382' title='bbox 2675 2108 3025 2179; x_wconf 88' lang='lat' dir='ltr'><strong>proposuisti,</strong></span> <span class='ocrx_word' id='word_1_383' title='bbox 3048 2106 3337 2162; x_wconf 80' lang='lat' dir='ltr'><strong>solvendae</strong></span> <span class='ocrx_word' id='word_1_384' title='bbox 3352 2105 3498 2162; x_wconf 79' lang='lat' dir='ltr'><strong>illius</strong></span> <span class='ocrx_word' id='word_1_385' title='bbox 3518 2107 3748 2163; x_wconf 77' lang='lat' dir='ltr'><strong>debitor</strong></span> <span class='ocrx_word' id='word_1_386' title='bbox 3765 2107 3844 2161; x_wconf 77' lang='lat' dir='ltr'><strong>ta-</strong></span> 
     </span>
    </p>
   </div>
   <div class='ocr_carea' id='block_1_53' title="bbox 2225 2200 3843 2272">
    <p class='ocr_par' dir='ltr' id='par_1_53' title="bbox 2225 2200 3843 2272">
     <span class='ocr_line' id='line_1_53' title="bbox 2225 2200 3843 2272; baseline -0.001 -13"><span class='ocrx_word' id='word_1_387' title='bbox 2225 2212 2349 2259; x_wconf 90' lang='lat' dir='ltr'><strong>ctus</strong></span> <span class='ocrx_word' id='word_1_388' title='bbox 2390 2217 2468 2257; x_wconf 91' lang='lat' dir='ltr'><strong>es.</strong></span> <span class='ocrx_word' id='word_1_389' title='bbox 2504 2201 2620 2256; x_wconf 83' lang='lat' dir='ltr'><strong>Non</strong></span> <span class='ocrx_word' id='word_1_390' title='bbox 2674 2202 2842 2265; x_wconf 86' lang='lat' dir='ltr'><strong>enim,</strong></span> <span class='ocrx_word' id='word_1_391' title='bbox 2889 2209 2948 2255; x_wconf 91' lang='lat' dir='ltr'><strong>ut</strong></span> <span class='ocrx_word' id='word_1_392' title='bbox 2978 2201 3237 2265; x_wconf 84' lang='lat' dir='ltr'><strong>arbitror,</strong></span> <span class='ocrx_word' id='word_1_393' title='bbox 3292 2214 3660 2271; x_wconf 75' lang='lat' dir='ltr'><strong>proponet-es,</strong></span> <span class='ocrx_word' id='word_1_394' title='bbox 3695 2200 3843 2272; x_wconf 71' lang='lat' dir='ltr'><strong>quod</strong></span> 
     </span>
    </p>
   </div>
   <div class='ocr_carea' id='block_1_54' title="bbox 2225 2291 3840 2366">
    <p class='ocr_par' dir='ltr' id='par_1_54' title="bbox 2225 2291 3840 2366">
     <span class='ocr_line' id='line_1_54' title="bbox 2225 2291 3840 2366; baseline -0.003 -15"><span class='ocrx_word' id='word_1_395' title='bbox 2225 2297 2447 2353; x_wconf 91' lang='lat' dir='ltr'><strong>omnino</strong></span> <span class='ocrx_word' id='word_1_396' title='bbox 2477 2295 2688 2352; x_wconf 82' lang='lat' dir='ltr'><strong>solvere</strong></span> <span class='ocrx_word' id='word_1_397' title='bbox 2711 2311 2816 2349; x_wconf 93' lang='lat' dir='ltr'><strong>non</strong></span> <span class='ocrx_word' id='word_1_398' title='bbox 2840 2308 3162 2366; x_wconf 78' lang='lat' dir='ltr'><strong>procumres</strong></span> <span class='ocrx_word' id='word_1_399' title='bbox 3182 2293 3248 2346; x_wconf 77' lang='lat'><strong>&quot;.</strong></span> <span class='ocrx_word' id='word_1_400' title='bbox 3279 2291 3420 2347; x_wconf 68' lang='lat' dir='ltr'><strong>Hac.</strong></span> <span class='ocrx_word' id='word_1_401' title='bbox 3451 2292 3590 2347; x_wconf 88' lang='lat' dir='ltr'><strong>Illud</strong></span> <span class='ocrx_word' id='word_1_402' title='bbox 3614 2307 3840 2364; x_wconf 65' lang='lat' dir='ltr'><strong>corpu,</strong></span> 
     </span>
    </p>
   </div>
   <div class='ocr_carea' id='block_1_55' title="bbox 2226 2386 3837 2463">
    <p class='ocr_par' dir='ltr' id='par_1_55' title="bbox 2226 2386 3837 2463">
     <span class='ocr_line' id='line_1_55' title="bbox 2226 2386 3837 2463; baseline -0.001 -18"><span class='ocrx_word' id='word_1_403' title='bbox 2226 2392 2368 2463; x_wconf 90' lang='lat' dir='ltr'><strong>quod</strong></span> <span class='ocrx_word' id='word_1_404' title='bbox 2396 2391 2451 2445; x_wconf 91' lang='lat' dir='ltr'><strong>in</strong></span> <span class='ocrx_word' id='word_1_405' title='bbox 2498 2390 2890 2445; x_wconf 86' lang='lat' dir='ltr'><strong>constitutione</strong></span> <span class='ocrx_word' id='word_1_406' title='bbox 2942 2386 3176 2443; x_wconf 86' lang='lat' dir='ltr'><strong>hominis</strong></span> <span class='ocrx_word' id='word_1_407' title='bbox 3205 2387 3457 2458; x_wconf 88' lang='lat' dir='ltr'><strong>primitus</strong></span> <span class='ocrx_word' id='word_1_408' title='bbox 3486 2396 3575 2444; x_wconf 82' lang='lat' dir='ltr'><strong>est</strong></span> <span class='ocrx_word' id='word_1_409' title='bbox 3606 2388 3837 2453; x_wconf 66' lang='lat' dir='ltr'><strong>fma,</strong></span> 
     </span>
    </p>
   </div>
   <div class='ocr_carea' id='block_1_56' title="bbox 2226 2481 3841 2555">
    <p class='ocr_par' dir='ltr' id='par_1_56' title="bbox 2226 2481 3841 2555">
     <span class='ocr_line' id='line_1_56' title="bbox 2226 2481 3841 2555; baseline 0 -16"><span class='ocrx_word' id='word_1_410' title='bbox 2226 2483 2508 2555; x_wconf 90' lang='lat' dir='ltr'><strong>spirituale</strong></span> <span class='ocrx_word' id='word_1_411' title='bbox 2543 2494 2597 2539; x_wconf 89' lang='lat' dir='ltr'><strong>et</strong></span> <span class='ocrx_word' id='word_1_412' title='bbox 2624 2483 2667 2535; x_wconf 82' lang='lat'><strong>“.</strong></span> <span class='ocrx_word' id='word_1_413' title='bbox 2697 2482 3000 2538; x_wconf 74' lang='lat' dir='ltr'><strong>immortale</strong></span> <span class='ocrx_word' id='word_1_414' title='bbox 3020 2481 3343 2538; x_wconf 85' lang='lat' dir='ltr'><strong>crediderim</strong></span> <span class='ocrx_word' id='word_1_415' title='bbox 3362 2495 3510 2547; x_wconf 86' lang='lat' dir='ltr'><strong>esse,</strong></span> <span class='ocrx_word' id='word_1_416' title='bbox 3534 2496 3604 2537; x_wconf 78' lang='lat' dir='ltr'><strong>ac</strong></span> <span class='ocrx_word' id='word_1_417' title='bbox 3622 2482 3841 2539; x_wconf 58' lang='lat' dir='ltr'><strong>taleam</strong></span> 
     </span>
    </p>
   </div>
   <div class='ocr_carea' id='block_1_57' title="bbox 2228 2573 3836 2645">
    <p class='ocr_par' dir='ltr' id='par_1_57' title="bbox 2228 2573 3836 2645">
     <span class='ocr_line' id='line_1_57' title="bbox 2228 2573 3836 2645; baseline 0.001 -16"><span class='ocrx_word' id='word_1_418' title='bbox 2228 2574 2437 2644; x_wconf 87' lang='lat' dir='ltr'><strong>ipsum,</strong></span> <span class='ocrx_word' id='word_1_419' title='bbox 2487 2576 2646 2645; x_wconf 84' lang='lat' dir='ltr'><strong>quale</strong></span> <span class='ocrx_word' id='word_1_420' title='bbox 2692 2582 2814 2645; x_wconf 83' lang='lat' dir='ltr'><strong>post</strong></span> <span class='ocrx_word' id='word_1_421' title='bbox 2862 2573 3319 2629; x_wconf 86' lang='lat' dir='ltr'><strong>resurrectionem</strong></span> <span class='ocrx_word' id='word_1_422' title='bbox 3348 2573 3594 2628; x_wconf 82' lang='lat' dir='ltr'><strong>habituri</strong></span> <span class='ocrx_word' id='word_1_423' title='bbox 3625 2588 3836 2631; x_wconf 72' lang='lat' dir='ltr'><strong>sum</strong></span> 
     </span>
    </p>
   </div>
   <div class='ocr_carea' id='block_1_58' title="bbox 2228 2664 3841 2737">
    <p class='ocr_par' dir='ltr' id='par_1_58' title="bbox 2228 2664 3841 2737">
     <span class='ocr_line' id='line_1_58' title="bbox 2228 2664 3841 2737; baseline 0 -16"><span class='ocrx_word' id='word_1_424' title='bbox 2228 2665 2344 2722; x_wconf 85' lang='lat' dir='ltr'><strong>Non</strong></span> <span class='ocrx_word' id='word_1_425' title='bbox 2385 2668 2532 2722; x_wconf 90' lang='lat' dir='ltr'><strong>enim</strong></span> <span class='ocrx_word' id='word_1_426' title='bbox 2584 2666 2744 2722; x_wconf 78' lang='lat' dir='ltr'><strong>facile</strong></span> <span class='ocrx_word' id='word_1_427' title='bbox 2796 2667 3180 2728; x_wconf 86' lang='lat' dir='ltr'><strong>concesserim,</strong></span> <span class='ocrx_word' id='word_1_428' title='bbox 3235 2664 3591 2735; x_wconf 84' lang='lat' dir='ltr'><strong>eorruptibile</strong></span> <span class='ocrx_word' id='word_1_429' title='bbox 3640 2680 3841 2737; x_wconf 75' lang='lat' dir='ltr'><strong>corpus</strong></span> 
     </span>
    </p>
   </div>
   <div class='ocr_carea' id='block_1_59' title="bbox 2227 2754 3842 2828">
    <p class='ocr_par' dir='ltr' id='par_1_59' title="bbox 2227 2754 3842 2828">
     <span class='ocr_line' id='line_1_59' title="bbox 2227 2754 3842 2828; baseline 0 -15"><span class='ocrx_word' id='word_1_430' title='bbox 2227 2759 2395 2815; x_wconf 78' lang='lat' dir='ltr'><strong>fuisse</strong></span> <span class='ocrx_word' id='word_1_431' title='bbox 2419 2769 2473 2814; x_wconf 85' lang='lat' dir='ltr'><strong>et</strong></span> <span class='ocrx_word' id='word_1_432' title='bbox 2495 2757 2800 2823; x_wconf 85' lang='lat' dir='ltr'><strong>materiale,</strong></span> <span class='ocrx_word' id='word_1_433' title='bbox 2830 2758 3148 2828; x_wconf 86' lang='lat' dir='ltr'><strong>priusquam</strong></span> <span class='ocrx_word' id='word_1_434' title='bbox 3167 2771 3334 2812; x_wconf 83' lang='lat' dir='ltr'><strong>causa</strong></span> <span class='ocrx_word' id='word_1_435' title='bbox 3375 2754 3764 2828; x_wconf 79' lang='lat' dir='ltr'><strong>corruptionis</strong></span> <span class='ocrx_word' id='word_1_436' title='bbox 3788 2768 3842 2813; x_wconf 79' lang='lat' dir='ltr'><strong>et</strong></span> 
     </span>
    </p>
   </div>
   <div class='ocr_carea' id='block_1_60' title="bbox 2228 2834 3839 2920">
    <p class='ocr_par' dir='ltr' id='par_1_60' title="bbox 2228 2834 3839 2920">
     <span class='ocr_line' id='line_1_60' title="bbox 2228 2834 3839 2920; baseline -0.002 -14"><span class='ocrx_word' id='word_1_437' title='bbox 2228 2834 2651 2916; x_wconf 76' lang='lat' dir='ltr'><strong>materialitatis,</strong></span> <span class='ocrx_word' id='word_1_438' title='bbox 2679 2850 2781 2904; x_wconf 91' lang='lat' dir='ltr'><strong>hoc</strong></span> <span class='ocrx_word' id='word_1_439' title='bbox 2812 2858 2917 2914; x_wconf 87' lang='lat' dir='ltr'><strong>est,</strong></span> <span class='ocrx_word' id='word_1_440' title='bbox 2946 2858 3227 2920; x_wconf 86' lang='lat' dir='ltr'><strong>peccatum</strong></span> <span class='ocrx_word' id='word_1_441' title='bbox 3257 2848 3413 2904; x_wconf 86' lang='lat' dir='ltr'><strong>lieret</strong></span> <span class='ocrx_word' id='word_1_442' title='bbox 3443 2865 3459 2901; x_wconf 90' lang='lat'>:</span> <span class='ocrx_word' id='word_1_443' title='bbox 3492 2856 3551 2902; x_wconf 91' lang='lat' dir='ltr'><strong>et</strong></span> <span class='ocrx_word' id='word_1_444' title='bbox 3568 2848 3839 2915; x_wconf 74' lang='lat' dir='ltr'><strong>maxime,</strong></span> 
     </span>
    </p>
   </div>
   <div class='ocr_carea' id='block_1_61' title="bbox 2228 2939 3837 3013">
    <p class='ocr_par' dir='ltr' id='par_1_61' title="bbox 2228 2939 3837 3013">
     <span class='ocr_line' id='line_1_61' title="bbox 2228 2939 3837 3013; baseline -0.002 -14"><span class='ocrx_word' id='word_1_445' title='bbox 2228 2960 2349 3000; x_wconf 92' lang='lat' dir='ltr'><strong>cum</strong></span> <span class='ocrx_word' id='word_1_446' title='bbox 2382 2945 2669 3000; x_wconf 78' lang='lat' dir='ltr'><strong>manifesta</strong></span> <span class='ocrx_word' id='word_1_447' title='bbox 2700 2942 2839 2998; x_wconf 88' lang='lat' dir='ltr'><strong>ratio</strong></span> <span class='ocrx_word' id='word_1_448' title='bbox 2866 2944 3181 3013; x_wconf 88' lang='lat' dir='ltr'><strong>perdoceat,</strong></span> <span class='ocrx_word' id='word_1_449' title='bbox 3210 2939 3270 2997; x_wconf 70' lang='lat' dir='ltr'><strong>&#39;si</strong></span> <span class='ocrx_word' id='word_1_450' title='bbox 3302 2941 3354 2995; x_wconf 92' lang='lat' dir='ltr'><strong>id</strong></span> <span class='ocrx_word' id='word_1_451' title='bbox 3402 2940 3581 3011; x_wconf 88' lang='lat' dir='ltr'><strong>ipsum</strong></span> <span class='ocrx_word' id='word_1_452' title='bbox 3614 2954 3837 3011; x_wconf 79' lang='lat' dir='ltr'><strong>corpus,</strong></span> 
     </span>
    </p>
   </div>
   <div class='ocr_carea' id='block_1_62' title="bbox 2228 3031 3843 3109">
    <p class='ocr_par' dir='ltr' id='par_1_62' title="bbox 2228 3031 3843 3109">
     <span class='ocr_line' id='line_1_62' title="bbox 2228 3031 3843 3109; baseline 0 -20"><span class='ocrx_word' id='word_1_453' title='bbox 2228 3038 2370 3107; x_wconf 88' lang='lat' dir='ltr'><strong>quod</strong></span> <span class='ocrx_word' id='word_1_454' title='bbox 2417 3038 2467 3091; x_wconf 92' lang='lat' dir='ltr'><strong>iu</strong></span> <span class='ocrx_word' id='word_1_455' title='bbox 2495 3036 2669 3109; x_wconf 89' lang='lat' dir='ltr'><strong>prima</strong></span> <span class='ocrx_word' id='word_1_456' title='bbox 2693 3035 3005 3091; x_wconf 85' lang='lat' dir='ltr'><strong>conditione</strong></span> <span class='ocrx_word' id='word_1_457' title='bbox 3033 3034 3270 3090; x_wconf 91' lang='lat' dir='ltr'><strong>hominis</strong></span> <span class='ocrx_word' id='word_1_458' title='bbox 3318 3031 3525 3089; x_wconf 80' lang='lat' dir='ltr'><strong>factum</strong></span> <span class='ocrx_word' id='word_1_459' title='bbox 3575 3041 3670 3089; x_wconf 83' lang='lat' dir='ltr'><strong>est</strong></span> <span class='ocrx_word' id='word_1_460' title='bbox 3712 3042 3843 3090; x_wconf 81' lang='lat' dir='ltr'><strong>ante</strong></span> 
     </span>
    </p>
   </div>
   <div class='ocr_carea' id='block_1_63' title="bbox 528 3109 3841 3195">
    <p class='ocr_par' dir='ltr' id='par_1_63' title="bbox 528 3109 3841 3195">
     <span class='ocr_line' id='line_1_63' title="bbox 528 3109 3841 3195; baseline 0.001 -17"><span class='ocrx_word' id='word_1_461' title='bbox 528 3127 615 3178; x_wconf 83' lang='lat' dir='ltr'><strong>est</strong></span> <span class='ocrx_word' id='word_1_462' title='bbox 654 3120 884 3177; x_wconf 89' lang='lat' dir='ltr'><strong>alterum</strong></span> <span class='ocrx_word' id='word_1_463' title='bbox 931 3122 1394 3195; x_wconf 88' lang='lat' dir='ltr'><strong>multiplicatiouis</strong></span> <span class='ocrx_word' id='word_1_464' title='bbox 1437 3124 1705 3180; x_wconf 85' lang='lat' dir='ltr'><strong>humanae</strong></span> <span class='ocrx_word' id='word_1_465' title='bbox 1742 3133 1970 3181; x_wconf 88' lang='lat' dir='ltr'><strong>naturae</strong></span> <span class='ocrx_word' id='word_1_466' title='bbox 2011 3142 2122 3182; x_wconf 91' lang='lat' dir='ltr'><strong>mo-</strong></span> <span class='ocrx_word' id='word_1_467' title='bbox 2146 3109 2192 3173; x_wconf 70' lang='grc' dir='ltr'>Ο</span> <span class='ocrx_word' id='word_1_468' title='bbox 2224 3128 2504 3195; x_wconf 87' lang='lat' dir='ltr'><strong>delictum,</strong></span> <span class='ocrx_word' id='word_1_469' title='bbox 2540 3143 2666 3183; x_wconf 82' lang='lat' dir='ltr'><strong>mox</strong></span> <span class='ocrx_word' id='word_1_470' title='bbox 2693 3141 3017 3183; x_wconf 86' lang='lat' dir='ltr'><strong>conversum</strong></span> <span class='ocrx_word' id='word_1_471' title='bbox 3037 3135 3123 3183; x_wconf 90' lang='lat' dir='ltr'><strong>est</strong></span> <span class='ocrx_word' id='word_1_472' title='bbox 3156 3125 3444 3181; x_wconf 71' lang='lat' dir='ltr'><strong>etinctum</strong></span> <span class='ocrx_word' id='word_1_473' title='bbox 3473 3124 3841 3195; x_wconf 81' lang='lat' dir='ltr'><strong>corruptibile</strong></span> 
     </span>
    </p>
   </div>
   <div class='ocr_carea' id='block_1_64' title="bbox 529 3212 2121 3287">
    <p class='ocr_par' dir='ltr' id='par_1_64' title="bbox 529 3212 2121 3287">
     <span class='ocr_line' id='line_1_64' title="bbox 529 3212 2121 3287; baseline 0.002 -18"><span class='ocrx_word' id='word_1_474' title='bbox 529 3212 676 3276; x_wconf 86' lang='lat' dir='ltr'><strong>dum,</strong></span> <span class='ocrx_word' id='word_1_475' title='bbox 712 3228 822 3283; x_wconf 90' lang='lat' dir='ltr'><strong>quo</strong></span> <span class='ocrx_word' id='word_1_476' title='bbox 851 3215 1085 3269; x_wconf 88' lang='lat' dir='ltr'><strong>mundus</strong></span> <span class='ocrx_word' id='word_1_477' title='bbox 1112 3215 1219 3269; x_wconf 85' lang='lat' dir='ltr'><strong>iste</strong></span> <span class='ocrx_word' id='word_1_478' title='bbox 1255 3215 1496 3269; x_wconf 87' lang='lat' dir='ltr'><strong>locorum</strong></span> <span class='ocrx_word' id='word_1_479' title='bbox 1524 3225 1580 3270; x_wconf 90' lang='lat' dir='ltr'><strong>et</strong></span> <span class='ocrx_word' id='word_1_480' title='bbox 1619 3224 1922 3287; x_wconf 86' lang='lat' dir='ltr'><strong>temporum</strong></span> <span class='ocrx_word' id='word_1_481' title='bbox 1953 3219 2121 3272; x_wconf 85' lang='lat' dir='ltr'><strong>inter-</strong></span> 
     </span>
    </p>
   </div>
   <div class='ocr_carea' id='block_1_65' title="bbox 530 3302 2121 3379">
    <p class='ocr_par' dir='ltr' id='par_1_65' title="bbox 530 3302 2121 3379">
     <span class='ocr_line' id='line_1_65' title="bbox 530 3302 2121 3379; baseline 0.006 -21"><span class='ocrx_word' id='word_1_482' title='bbox 530 3302 686 3359; x_wconf 84' lang='lat' dir='ltr'><strong>vallis</strong></span> <span class='ocrx_word' id='word_1_483' title='bbox 732 3314 1127 3375; x_wconf 82' lang='lat' dir='ltr'><strong>perageretur,</strong></span> <span class='ocrx_word' id='word_1_484' title='bbox 1186 3315 1246 3360; x_wconf 93' lang='lat' dir='ltr'><strong>ut</strong></span> <span class='ocrx_word' id='word_1_485' title='bbox 1316 3307 1564 3363; x_wconf 89' lang='lat' dir='ltr'><strong>homines</strong></span> <span class='ocrx_word' id='word_1_486' title='bbox 1613 3309 1885 3379; x_wconf 78' lang='lat' dir='ltr'><strong>generalis</strong></span> <span class='ocrx_word' id='word_1_487' title='bbox 1938 3310 2121 3367; x_wconf 89' lang='lat' dir='ltr'><strong>delicti</strong></span> 
     </span>
    </p>
   </div>
   <div class='ocr_carea' id='block_1_66' title="bbox 532 3397 2119 3472">
    <p class='ocr_par' dir='ltr' id='par_1_66' title="bbox 532 3397 2119 3472">
     <span class='ocr_line' id='line_1_66' title="bbox 532 3397 2119 3472; baseline 0.004 -19"><span class='ocrx_word' id='word_1_488' title='bbox 532 3397 841 3470; x_wconf 87' lang='lat' dir='ltr'><strong>generalem</strong></span> <span class='ocrx_word' id='word_1_489' title='bbox 873 3398 1085 3454; x_wconf 90' lang='lat' dir='ltr'><strong>luerent</strong></span> <span class='ocrx_word' id='word_1_490' title='bbox 1131 3414 1385 3471; x_wconf 88' lang='lat' dir='ltr'><strong>poenam,</strong></span> <span class='ocrx_word' id='word_1_491' title='bbox 1415 3417 1482 3457; x_wconf 80' lang='lat' dir='ltr'><strong>ex</strong></span> <span class='ocrx_word' id='word_1_492' title='bbox 1513 3403 1853 3472; x_wconf 86' lang='lat' dir='ltr'><strong>corruptibili</strong></span> <span class='ocrx_word' id='word_1_493' title='bbox 1891 3405 2119 3470; x_wconf 90' lang='lat' dir='ltr'><strong>semine,</strong></span> 
     </span>
    </p>
   </div>
   <div class='ocr_carea' id='block_1_67' title="bbox 533 3487 2122 3561">
    <p class='ocr_par' dir='ltr' id='par_1_67' title="bbox 533 3487 2122 3561">
     <span class='ocr_line' id='line_1_67' title="bbox 533 3487 2122 3561; baseline 0.004 -18"><span class='ocrx_word' id='word_1_494' title='bbox 533 3487 676 3543; x_wconf 89' lang='lat' dir='ltr'><strong>sicut</strong></span> <span class='ocrx_word' id='word_1_495' title='bbox 701 3497 758 3543; x_wconf 89' lang='lat' dir='ltr'><strong>et</strong></span> <span class='ocrx_word' id='word_1_496' title='bbox 782 3496 967 3544; x_wconf 91' lang='lat' dir='ltr'><strong>cetera</strong></span> <span class='ocrx_word' id='word_1_497' title='bbox 997 3489 1274 3554; x_wconf 88' lang='lat' dir='ltr'><strong>animalia,</strong></span> <span class='ocrx_word' id='word_1_498' title='bbox 1311 3499 1617 3545; x_wconf 89' lang='lat' dir='ltr'><strong>nascentes.</strong></span> <span class='ocrx_word' id='word_1_499' title='bbox 1662 3490 1770 3545; x_wconf 88' lang='lat' dir='ltr'><strong>Sed</strong></span> <span class='ocrx_word' id='word_1_500' title='bbox 1810 3492 1935 3546; x_wconf 90' lang='lat' dir='ltr'><strong>dum</strong></span> <span class='ocrx_word' id='word_1_501' title='bbox 1964 3493 2122 3561; x_wconf 85' lang='lat' dir='ltr'><strong>haec,</strong></span> 
     </span>
    </p>
   </div>
   <div class='ocr_carea' id='block_1_68' title="bbox 533 3580 2126 3653">
    <p class='ocr_par' dir='ltr' id='par_1_68' title="bbox 533 3580 2126 3653">
     <span class='ocr_line' id='line_1_68' title="bbox 533 3580 2126 3653; baseline 0.003 -17"><span class='ocrx_word' id='word_1_502' title='bbox 533 3580 814 3651; x_wconf 86' lang='lat' dir='ltr'><strong>multaque</strong></span> <span class='ocrx_word' id='word_1_503' title='bbox 857 3580 1055 3637; x_wconf 89' lang='lat' dir='ltr'><strong>similia</strong></span> <span class='ocrx_word' id='word_1_504' title='bbox 1098 3596 1165 3637; x_wconf 79' lang='lat' dir='ltr'><strong>es</strong></span> <span class='ocrx_word' id='word_1_505' title='bbox 1205 3582 1468 3653; x_wconf 90' lang='lat' dir='ltr'><strong>praedicti</strong></span> <span class='ocrx_word' id='word_1_506' title='bbox 1514 3581 1759 3651; x_wconf 84' lang='lat' dir='ltr'><strong>magistri</strong></span> <span class='ocrx_word' id='word_1_507' title='bbox 1800 3584 2126 3641; x_wconf 85' lang='lat' dir='ltr'><strong>testimoniis</strong></span> 
     </span>
    </p>
   </div>
   <div class='ocr_carea' id='block_1_69' title="bbox 535 3673 2121 3745">
    <p class='ocr_par' dir='ltr' id='par_1_69' title="bbox 535 3673 2121 3745">
     <span class='ocr_line' id='line_1_69' title="bbox 535 3673 2121 3745; baseline 0.001 -14"><span class='ocrx_word' id='word_1_508' title='bbox 535 3673 881 3744; x_wconf 82' lang='lat' dir='ltr'><strong>colliguntur,</strong></span> <span class='ocrx_word' id='word_1_509' title='bbox 913 3673 1115 3729; x_wconf 88' lang='lat' dir='ltr'><strong>multae</strong></span> <span class='ocrx_word' id='word_1_510' title='bbox 1152 3674 1503 3745; x_wconf 89' lang='lat' dir='ltr'><strong>quaestiones</strong></span> <span class='ocrx_word' id='word_1_511' title='bbox 1550 3673 1784 3744; x_wconf 86' lang='lat' dir='ltr'><strong>undique</strong></span> <span class='ocrx_word' id='word_1_512' title='bbox 1814 3675 2121 3745; x_wconf 85' lang='lat' dir='ltr'><strong>prosiliunt.</strong></span> 
     </span>
    </p>
   </div>
   <div class='ocr_carea' id='block_1_70' title="bbox 535 3767 2125 3839">
    <p class='ocr_par' dir='ltr' id='par_1_70' title="bbox 535 3767 2125 3839">
     <span class='ocr_line' id='line_1_70' title="bbox 535 3767 2125 3839; baseline 0.002 -17"><span class='ocrx_word' id='word_1_513' title='bbox 535 3768 776 3837; x_wconf 86' lang='lat' dir='ltr'><strong>Quarum</strong></span> <span class='ocrx_word' id='word_1_514' title='bbox 818 3768 991 3839; x_wconf 91' lang='lat' dir='ltr'><strong>prima</strong></span> <span class='ocrx_word' id='word_1_515' title='bbox 1041 3784 1106 3823; x_wconf 88' lang='lat' dir='ltr'><strong>ac</strong></span> <span class='ocrx_word' id='word_1_516' title='bbox 1150 3768 1387 3822; x_wconf 80' lang='lat' dir='ltr'><strong>maxima</strong></span> <span class='ocrx_word' id='word_1_517' title='bbox 1421 3767 1683 3837; x_wconf 91' lang='lat' dir='ltr'><strong>impetum</strong></span> <span class='ocrx_word' id='word_1_518' title='bbox 1735 3768 2125 3825; x_wconf 84' lang='lat' dir='ltr'><strong>validissimum</strong></span> 
     </span>
    </p>
   </div>
   <div class='ocr_carea' id='block_1_71' title="bbox 536 3859 2129 3932">
    <p class='ocr_par' dir='ltr' id='par_1_71' title="bbox 536 3859 2129 3932">
     <span class='ocr_line' id='line_1_71' title="bbox 536 3859 2129 3932; baseline 0.002 -17"><span class='ocrx_word' id='word_1_519' title='bbox 536 3859 688 3916; x_wconf 76' lang='lat' dir='ltr'><strong>facit.</strong></span> <span class='ocrx_word' id='word_1_520' title='bbox 724 3859 782 3915; x_wconf 86' lang='lat' dir='ltr'><strong>Si</strong></span> <span class='ocrx_word' id='word_1_521' title='bbox 809 3860 954 3914; x_wconf 90' lang='lat' dir='ltr'><strong>enim</strong></span> <span class='ocrx_word' id='word_1_522' title='bbox 983 3874 1176 3915; x_wconf 89' lang='lat' dir='ltr'><strong>omnes</strong></span> <span class='ocrx_word' id='word_1_523' title='bbox 1210 3859 1479 3923; x_wconf 90' lang='lat' dir='ltr'><strong>homines,</strong></span> <span class='ocrx_word' id='word_1_524' title='bbox 1507 3874 1612 3914; x_wconf 92' lang='lat' dir='ltr'><strong>non</strong></span> <span class='ocrx_word' id='word_1_525' title='bbox 1641 3859 1846 3927; x_wconf 90' lang='lat' dir='ltr'><strong>solum,</strong></span> <span class='ocrx_word' id='word_1_526' title='bbox 1878 3862 1968 3932; x_wconf 90' lang='lat' dir='ltr'><strong>qui</strong></span> <span class='ocrx_word' id='word_1_527' title='bbox 2012 3861 2129 3918; x_wconf 82' lang='lat' dir='ltr'><strong>fue-</strong></span> 
     </span>
    </p>
   </div>
   <div class='ocr_carea' id='block_1_72' title="bbox 537 3949 2131 4021">
    <p class='ocr_par' dir='ltr' id='par_1_72' title="bbox 537 3949 2131 4021">
     <span class='ocr_line' id='line_1_72' title="bbox 537 3949 2131 4021; baseline 0.002 -14"><span class='ocrx_word' id='word_1_528' title='bbox 537 3960 687 4017; x_wconf 88' lang='lat' dir='ltr'><strong>runt,</strong></span> <span class='ocrx_word' id='word_1_529' title='bbox 717 3958 773 4005; x_wconf 91' lang='lat' dir='ltr'><strong>et</strong></span> <span class='ocrx_word' id='word_1_530' title='bbox 808 3950 901 4021; x_wconf 89' lang='lat' dir='ltr'><strong>qui</strong></span> <span class='ocrx_word' id='word_1_531' title='bbox 933 3960 1077 4016; x_wconf 89' lang='lat' dir='ltr'><strong>sunt,</strong></span> <span class='ocrx_word' id='word_1_532' title='bbox 1105 3965 1292 4005; x_wconf 88' lang='lat' dir='ltr'><strong>verum</strong></span> <span class='ocrx_word' id='word_1_533' title='bbox 1317 3960 1371 4004; x_wconf 91' lang='lat' dir='ltr'><strong>et</strong></span> <span class='ocrx_word' id='word_1_534' title='bbox 1394 3952 1485 4021; x_wconf 89' lang='lat' dir='ltr'><strong>qui</strong></span> <span class='ocrx_word' id='word_1_535' title='bbox 1513 3949 1680 4005; x_wconf 79' lang='lat' dir='ltr'><strong>futuri</strong></span> <span class='ocrx_word' id='word_1_536' title='bbox 1711 3961 1859 4017; x_wconf 88' lang='lat' dir='ltr'><strong>sunt,</strong></span> <span class='ocrx_word' id='word_1_537' title='bbox 1884 3954 2043 4008; x_wconf 84' lang='lat' dir='ltr'><strong>simul</strong></span> <span class='ocrx_word' id='word_1_538' title='bbox 2075 3962 2131 4010; x_wconf 88' lang='lat' dir='ltr'><strong>et</strong></span> 
     </span>
    </p>
   </div>
   <div class='ocr_carea' id='block_1_73' title="bbox 537 4040 2132 4112">
    <p class='ocr_par' dir='ltr' id='par_1_73' title="bbox 537 4040 2132 4112">
     <span class='ocr_line' id='line_1_73' title="bbox 537 4040 2132 4112; baseline -0.001 -13"><span class='ocrx_word' id='word_1_539' title='bbox 537 4041 707 4099; x_wconf 88' lang='lat' dir='ltr'><strong>semel</strong></span> <span class='ocrx_word' id='word_1_540' title='bbox 738 4042 909 4098; x_wconf 87' lang='lat' dir='ltr'><strong>creati</strong></span> <span class='ocrx_word' id='word_1_541' title='bbox 952 4042 1005 4096; x_wconf 93' lang='lat' dir='ltr'><strong>in</strong></span> <span class='ocrx_word' id='word_1_542' title='bbox 1048 4040 1135 4096; x_wconf 89' lang='lat' dir='ltr'><strong>illa</strong></span> <span class='ocrx_word' id='word_1_543' title='bbox 1166 4042 1345 4099; x_wconf 83' lang='lat' dir='ltr'><strong>divina</strong></span> <span class='ocrx_word' id='word_1_544' title='bbox 1376 4055 1530 4106; x_wconf 86' lang='lat' dir='ltr'><strong>voce,</strong></span> <span class='ocrx_word' id='word_1_545' title='bbox 1555 4055 1695 4112; x_wconf 87' lang='lat' dir='ltr'><strong>quae</strong></span> <span class='ocrx_word' id='word_1_546' title='bbox 1722 4042 1853 4097; x_wconf 91' lang='lat' dir='ltr'><strong>dicit</strong></span> <span class='ocrx_word' id='word_1_547' title='bbox 1886 4058 1901 4098; x_wconf 93' lang='lat'><strong>:</strong></span> <span class='ocrx_word' id='word_1_548' title='bbox 1933 4041 2132 4097; x_wconf 82' lang='lat' dir='ltr'><strong>Facia-</strong></span> 
     </span>
    </p>
   </div>
   <div class='ocr_carea' id='block_1_74' title="bbox 538 4135 2130 4205">
    <p class='ocr_par' dir='ltr' id='par_1_74' title="bbox 538 4135 2130 4205">
     <span class='ocr_line' id='line_1_74' title="bbox 538 4135 2130 4205; baseline 0.001 -15"><span class='ocrx_word' id='word_1_549' title='bbox 538 4151 657 4190; x_wconf 85' lang='lat' dir='ltr'><strong>mus</strong></span> <span class='ocrx_word' id='word_1_550' title='bbox 675 4135 972 4201; x_wconf 75' lang='lat' dir='ltr'><strong>hominem;</strong></span> <span class='ocrx_word' id='word_1_551' title='bbox 997 4136 1107 4190; x_wconf 90' lang='lat' dir='ltr'><strong>etsi</strong></span> <span class='ocrx_word' id='word_1_552' title='bbox 1125 4135 1226 4190; x_wconf 88' lang='lat' dir='ltr'><strong>ista</strong></span> <span class='ocrx_word' id='word_1_553' title='bbox 1254 4150 1479 4205; x_wconf 88' lang='lat' dir='ltr'><strong>corpora</strong></span> <span class='ocrx_word' id='word_1_554' title='bbox 1508 4135 1879 4204; x_wconf 83' lang='lat' dir='ltr'><strong>corruptibilia</strong></span> <span class='ocrx_word' id='word_1_555' title='bbox 1909 4144 1964 4191; x_wconf 89' lang='lat' dir='ltr'><strong>et</strong></span> <span class='ocrx_word' id='word_1_556' title='bbox 1988 4151 2130 4191; x_wconf 82' lang='lat' dir='ltr'><strong>mor—</strong></span> 
     </span>
    </p>
   </div>
   <div class='ocr_carea' id='block_1_75' title="bbox 542 4227 2133 4298">
    <p class='ocr_par' dir='ltr' id='par_1_75' title="bbox 542 4227 2133 4298">
     <span class='ocr_line' id='line_1_75' title="bbox 542 4227 2133 4298; baseline 0.001 -15"><span class='ocrx_word' id='word_1_557' title='bbox 542 4227 669 4283; x_wconf 86' lang='lat' dir='ltr'><strong>talia</strong></span> <span class='ocrx_word' id='word_1_558' title='bbox 690 4227 712 4259; x_wconf 73' lang='grc'>⁸</span> <span class='ocrx_word' id='word_1_559' title='bbox 754 4242 821 4282; x_wconf 79' lang='lat' dir='ltr'><strong>ex</strong></span> <span class='ocrx_word' id='word_1_560' title='bbox 852 4228 1190 4298; x_wconf 83' lang='lat' dir='ltr'><strong>corruptibili</strong></span> <span class='ocrx_word' id='word_1_561' title='bbox 1219 4238 1274 4282; x_wconf 91' lang='lat' dir='ltr'><strong>et</strong></span> <span class='ocrx_word' id='word_1_562' title='bbox 1296 4227 1507 4283; x_wconf 86' lang='lat' dir='ltr'><strong>mortali</strong></span> <span class='ocrx_word' id='word_1_563' title='bbox 1536 4240 1591 4283; x_wconf 89' lang='lat' dir='ltr'><strong>et</strong></span> <span class='ocrx_word' id='word_1_564' title='bbox 1620 4229 1888 4284; x_wconf 85' lang='lat' dir='ltr'><strong>materiali</strong></span> <span class='ocrx_word' id='word_1_565' title='bbox 1922 4231 2133 4285; x_wconf 86' lang='lat' dir='ltr'><strong>semine</strong></span> 
     </span>
    </p>
   </div>
   <div class='ocr_carea' id='block_1_76' title="bbox 540 4320 2131 4393">
    <p class='ocr_par' dir='ltr' id='par_1_76' title="bbox 540 4320 2131 4393">
     <span class='ocr_line' id='line_1_76' title="bbox 540 4320 2131 4393; baseline -0.001 -17"><span class='ocrx_word' id='word_1_566' title='bbox 540 4320 844 4385; x_wconf 85' lang='lat' dir='ltr'><strong>nascentia,</strong></span> <span class='ocrx_word' id='word_1_567' title='bbox 879 4320 1222 4375; x_wconf 84' lang='lat' dir='ltr'><strong>extrinsecus</strong></span> <span class='ocrx_word' id='word_1_568' title='bbox 1263 4322 1531 4375; x_wconf 84' lang='lat' dir='ltr'><strong>humanae</strong></span> <span class='ocrx_word' id='word_1_569' title='bbox 1575 4329 1800 4376; x_wconf 88' lang='lat' dir='ltr'><strong>naturae</strong></span> <span class='ocrx_word' id='word_1_570' title='bbox 1841 4322 1906 4375; x_wconf 92' lang='lat' dir='ltr'><strong>ad</strong></span> <span class='ocrx_word' id='word_1_571' title='bbox 1936 4322 2131 4393; x_wconf 89' lang='lat' dir='ltr'><strong>imagi-</strong></span> 
     </span>
    </p>
   </div>
   <div class='ocr_carea' id='block_1_77' title="bbox 2222 3215 3839 3291">
    <p class='ocr_par' dir='ltr' id='par_1_77' title="bbox 2222 3215 3839 3291">
     <span class='ocr_line' id='line_1_77' title="bbox 2222 3215 3839 3291; baseline -0.004 -14"><span class='ocrx_word' id='word_1_572' title='bbox 2222 3231 2342 3291; x_wconf 90' lang='lat' dir='ltr'><strong>post</strong></span> <span class='ocrx_word' id='word_1_573' title='bbox 2372 3220 2653 3285; x_wconf 89' lang='lat' dir='ltr'><strong>delictum,</strong></span> <span class='ocrx_word' id='word_1_574' title='bbox 2686 3234 2795 3274; x_wconf 92' lang='lat' dir='ltr'><strong>non</strong></span> <span class='ocrx_word' id='word_1_575' title='bbox 2827 3226 2946 3273; x_wconf 90' lang='lat' dir='ltr'><strong>erat</strong></span> <span class='ocrx_word' id='word_1_576' title='bbox 2971 3216 3105 3273; x_wconf 88' lang='lat' dir='ltr'><strong>illud</strong></span> <span class='ocrx_word' id='word_1_577' title='bbox 3136 3215 3709 3287; x_wconf 82' lang='lat' dir='ltr'><strong>supermachinatum,</strong></span> <span class='ocrx_word' id='word_1_578' title='bbox 3743 3216 3839 3271; x_wconf 79' lang='lat' dir='ltr'><strong>sed</strong></span> 
     </span>
    </p>
   </div>
   <div class='ocr_carea' id='block_1_78' title="bbox 2224 3308 3841 3381">
    <p class='ocr_par' dir='ltr' id='par_1_78' title="bbox 2224 3308 3841 3381">
     <span class='ocr_line' id='line_1_78' title="bbox 2224 3308 3841 3381; baseline -0.002 -15"><span class='ocrx_word' id='word_1_579' title='bbox 2224 3314 2290 3368; x_wconf 88' lang='lat' dir='ltr'><strong>de</strong></span> <span class='ocrx_word' id='word_1_580' title='bbox 2315 3310 2580 3381; x_wconf 88' lang='lat' dir='ltr'><strong>spirituali</strong></span> <span class='ocrx_word' id='word_1_581' title='bbox 2605 3319 2661 3366; x_wconf 89' lang='lat' dir='ltr'><strong>et</strong></span> <span class='ocrx_word' id='word_1_582' title='bbox 2692 3308 3089 3379; x_wconf 87' lang='lat' dir='ltr'><strong>inoorruptibili</strong></span> <span class='ocrx_word' id='word_1_583' title='bbox 3122 3309 3177 3363; x_wconf 94' lang='lat' dir='ltr'><strong>in</strong></span> <span class='ocrx_word' id='word_1_584' title='bbox 3211 3317 3492 3364; x_wconf 90' lang='lat' dir='ltr'><strong>terrenum</strong></span> <span class='ocrx_word' id='word_1_585' title='bbox 3532 3315 3593 3362; x_wconf 85' lang='lat' dir='ltr'><strong>et</strong></span> <span class='ocrx_word' id='word_1_586' title='bbox 3649 3321 3841 3362; x_wconf 74' lang='lat' dir='ltr'><strong>corro-</strong></span> 
     </span>
    </p>
   </div>
   <div class='ocr_carea' id='block_1_79' title="bbox 2224 3399 3838 3477">
    <p class='ocr_par' dir='ltr' id='par_1_79' title="bbox 2224 3399 3838 3477">
     <span class='ocr_line' id='line_1_79' title="bbox 2224 3399 3838 3477; baseline -0.004 -18"><span class='ocrx_word' id='word_1_587' title='bbox 2224 3404 2411 3477; x_wconf 81' lang='lat' dir='ltr'><strong>ptibile</strong></span> <span class='ocrx_word' id='word_1_588' title='bbox 2435 3411 2854 3459; x_wconf 88' lang='lat' dir='ltr'><strong>trausmutatum</strong></span> <span class='ocrx_word' id='word_1_589' title='bbox 2880 3443 2896 3468; x_wconf 94' lang='lat'><strong>,</strong></span> <span class='ocrx_word' id='word_1_590' title='bbox 2930 3417 2996 3458; x_wconf 85' lang='lat' dir='ltr'><strong>ac</strong></span> <span class='ocrx_word' id='word_1_591' title='bbox 3028 3403 3241 3473; x_wconf 87' lang='lat' dir='ltr'><strong>perhoc</strong></span> <span class='ocrx_word' id='word_1_592' title='bbox 3263 3400 3532 3472; x_wconf 82' lang='lat' dir='ltr'><strong>praedicti</strong></span> <span class='ocrx_word' id='word_1_593' title='bbox 3559 3399 3838 3469; x_wconf 74' lang='lat' dir='ltr'><strong>magistri,</strong></span> 
     </span>
    </p>
   </div>
   <div class='ocr_carea' id='block_1_80' title="bbox 2225 3493 3839 3570">
    <p class='ocr_par' dir='ltr' id='par_1_80' title="bbox 2225 3493 3839 3570">
     <span class='ocr_line' id='line_1_80' title="bbox 2225 3493 3839 3570; baseline -0.003 -15"><span class='ocrx_word' id='word_1_594' title='bbox 2225 3497 2477 3570; x_wconf 85' lang='lat' dir='ltr'><strong>Gregorii</strong></span> <span class='ocrx_word' id='word_1_595' title='bbox 2505 3496 2755 3553; x_wconf 82' lang='lat' dir='ltr'><strong>videlicet</strong></span> <span class='ocrx_word' id='word_1_596' title='bbox 2781 3495 3042 3568; x_wconf 84' lang='lat' dir='ltr'><strong>theologi,</strong></span> <span class='ocrx_word' id='word_1_597' title='bbox 3066 3495 3365 3550; x_wconf 84' lang='lat' dir='ltr'><strong>auctoritas</strong></span> <span class='ocrx_word' id='word_1_598' title='bbox 3392 3493 3663 3549; x_wconf 82' lang='lat' dir='ltr'><strong>vacillare</strong></span> <span class='ocrx_word' id='word_1_599' title='bbox 3693 3494 3839 3550; x_wconf 51' lang='lat' dir='ltr'><strong>vide.</strong></span> 
     </span>
    </p>
   </div>
   <div class='ocr_carea' id='block_1_81' title="bbox 2224 3585 3839 3658">
    <p class='ocr_par' dir='ltr' id='par_1_81' title="bbox 2224 3585 3839 3658">
     <span class='ocr_line' id='line_1_81' title="bbox 2224 3585 3839 3658; baseline -0.001 -16"><span class='ocrx_word' id='word_1_600' title='bbox 2224 3586 2551 3658; x_wconf 83' lang='lat' dir='ltr'><strong>bitur,quod</strong></span> <span class='ocrx_word' id='word_1_601' title='bbox 2575 3588 2736 3643; x_wconf 88' lang='lat' dir='ltr'><strong>absit.</strong></span> <span class='ocrx_word' id='word_1_602' title='bbox 2762 3586 2883 3657; x_wconf 86' lang='lat' dir='ltr'><strong>ipse</strong></span> <span class='ocrx_word' id='word_1_603' title='bbox 2903 3585 3173 3657; x_wconf 87' lang='lat' dir='ltr'><strong>siquidem</strong></span> <span class='ocrx_word' id='word_1_604' title='bbox 3200 3586 3592 3642; x_wconf 89' lang='lat' dir='ltr'><strong>incunctanter</strong></span> <span class='ocrx_word' id='word_1_605' title='bbox 3616 3585 3839 3651; x_wconf 79' lang='lat' dir='ltr'><strong>asserit,</strong></span> 
     </span>
    </p>
   </div>
   <div class='ocr_carea' id='block_1_82' title="bbox 2230 3676 3838 3751">
    <p class='ocr_par' dir='ltr' id='par_1_82' title="bbox 2230 3676 3838 3751">
     <span class='ocr_line' id='line_1_82' title="bbox 2230 3676 3838 3751; baseline -0.001 -16"><span class='ocrx_word' id='word_1_606' title='bbox 2230 3690 2421 3745; x_wconf 91' lang='lat' dir='ltr'><strong>totum,</strong></span> <span class='ocrx_word' id='word_1_607' title='bbox 2438 3680 2580 3750; x_wconf 88' lang='lat' dir='ltr'><strong>quod</strong></span> <span class='ocrx_word' id='word_1_608' title='bbox 2603 3680 2656 3734; x_wconf 95' lang='lat' dir='ltr'><strong>iu</strong></span> <span class='ocrx_word' id='word_1_609' title='bbox 2675 3679 2848 3751; x_wconf 90' lang='lat' dir='ltr'><strong>prima</strong></span> <span class='ocrx_word' id='word_1_610' title='bbox 2863 3678 3176 3734; x_wconf 88' lang='lat' dir='ltr'><strong>conditione</strong></span> <span class='ocrx_word' id='word_1_611' title='bbox 3195 3677 3434 3734; x_wconf 86' lang='lat' dir='ltr'><strong>hominis</strong></span> <span class='ocrx_word' id='word_1_612' title='bbox 3451 3676 3521 3732; x_wconf 82' lang='lat' dir='ltr'><strong>ad</strong></span> <span class='ocrx_word' id='word_1_613' title='bbox 3538 3677 3838 3749; x_wconf 70' lang='lat' dir='ltr'><strong>imaginet-</strong></span> 
     </span>
    </p>
   </div>
   <div class='ocr_carea' id='block_1_83' title="bbox 2227 3767 3841 3838">
    <p class='ocr_par' dir='ltr' id='par_1_83' title="bbox 2227 3767 3841 3838">
     <span class='ocr_line' id='line_1_83' title="bbox 2227 3767 3841 3838; baseline -0.002 -12"><span class='ocrx_word' id='word_1_614' title='bbox 2227 3770 2325 3826; x_wconf 87' lang='lat' dir='ltr'><strong>Dei</strong></span> <span class='ocrx_word' id='word_1_615' title='bbox 2375 3769 2575 3825; x_wconf 83' lang='lat' dir='ltr'><strong>factum</strong></span> <span class='ocrx_word' id='word_1_616' title='bbox 2608 3778 2689 3825; x_wconf 91' lang='lat' dir='ltr'><strong>est</strong></span> <span class='ocrx_word' id='word_1_617' title='bbox 2722 3769 2787 3834; x_wconf 81' lang='lat'><strong>&quot;,</strong></span> <span class='ocrx_word' id='word_1_618' title='bbox 2830 3767 3127 3824; x_wconf 89' lang='lat' dir='ltr'><strong>secundum</strong></span> <span class='ocrx_word' id='word_1_619' title='bbox 3182 3768 3448 3823; x_wconf 87' lang='lat' dir='ltr'><strong>rationem</strong></span> <span class='ocrx_word' id='word_1_620' title='bbox 3492 3767 3748 3838; x_wconf 85' lang='lat' dir='ltr'><strong>corporis</strong></span> <span class='ocrx_word' id='word_1_621' title='bbox 3785 3776 3841 3823; x_wconf 87' lang='lat' dir='ltr'><strong>et</strong></span> 
     </span>
    </p>
   </div>
   <div class='ocr_carea' id='block_1_84' title="bbox 2230 3856 3839 3930">
    <p class='ocr_par' dir='ltr' id='par_1_84' title="bbox 2230 3856 3839 3930">
     <span class='ocr_line' id='line_1_84' title="bbox 2230 3856 3839 3930; baseline -0.003 -14"><span class='ocrx_word' id='word_1_622' title='bbox 2230 3862 2441 3916; x_wconf 85' lang='lat' dir='ltr'><strong>animae</strong></span> <span class='ocrx_word' id='word_1_623' title='bbox 2458 3860 2500 3892; x_wconf 82' lang='grc'><strong>¹³</strong></span> <span class='ocrx_word' id='word_1_624' title='bbox 2526 3876 2741 3930; x_wconf 89' lang='lat' dir='ltr'><strong>semper</strong></span> <span class='ocrx_word' id='word_1_625' title='bbox 2759 3858 2803 3891; x_wconf 77' lang='lat'>“</span> <span class='ocrx_word' id='word_1_626' title='bbox 2827 3858 3312 3930; x_wconf 87' lang='lat' dir='ltr'><strong>iucorruptibiliter</strong></span> <span class='ocrx_word' id='word_1_627' title='bbox 3335 3872 3580 3914; x_wconf 83' lang='lat' dir='ltr'><strong>manere.</strong></span> <span class='ocrx_word' id='word_1_628' title='bbox 3607 3856 3839 3913; x_wconf 72' lang='lat' dir='ltr'><strong>Utenia</strong></span> 
     </span>
    </p>
   </div>
   <div class='ocr_carea' id='block_1_85' title="bbox 2229 3950 3835 4024">
    <p class='ocr_par' dir='ltr' id='par_1_85' title="bbox 2229 3950 3835 4024">
     <span class='ocr_line' id='line_1_85' title="bbox 2229 3950 3835 4024; baseline -0.002 -16"><span class='ocrx_word' id='word_1_629' title='bbox 2229 3968 2375 4008; x_wconf 87' lang='lat' dir='ltr'><strong>nunc</strong></span> <span class='ocrx_word' id='word_1_630' title='bbox 2399 3952 2447 3985; x_wconf 87' lang='grc'>¹⁸</span> <span class='ocrx_word' id='word_1_631' title='bbox 2469 3953 2787 4007; x_wconf 88' lang='lat' dir='ltr'><strong>omittamus</strong></span> <span class='ocrx_word' id='word_1_632' title='bbox 2804 3951 3119 4023; x_wconf 81' lang='lat' dir='ltr'><strong>perspicuas</strong></span> <span class='ocrx_word' id='word_1_633' title='bbox 3142 3950 3287 4006; x_wconf 91' lang='lat' dir='ltr'><strong>illius</strong></span> <span class='ocrx_word' id='word_1_634' title='bbox 3313 3951 3835 4024; x_wconf 83' lang='lat' dir='ltr'><strong>argumentationes,</strong></span> 
     </span>
    </p>
   </div>
   <div class='ocr_carea' id='block_1_86' title="bbox 2231 4042 3840 4115">
    <p class='ocr_par' dir='ltr' id='par_1_86' title="bbox 2231 4042 3840 4115">
     <span class='ocr_line' id='line_1_86' title="bbox 2231 4042 3840 4115; baseline -0.001 -16"><span class='ocrx_word' id='word_1_635' title='bbox 2231 4044 2427 4115; x_wconf 84' lang='lat' dir='ltr'><strong>quibus</strong></span> <span class='ocrx_word' id='word_1_636' title='bbox 2454 4043 2825 4101; x_wconf 85' lang='lat' dir='ltr'><strong>indubitanter</strong></span> <span class='ocrx_word' id='word_1_637' title='bbox 2874 4042 3127 4109; x_wconf 77' lang='lat' dir='ltr'><strong>aﬂ‘trmat,</strong></span> <span class='ocrx_word' id='word_1_638' title='bbox 3173 4056 3275 4098; x_wconf 86' lang='lat' dir='ltr'><strong>nec</strong></span> <span class='ocrx_word' id='word_1_639' title='bbox 3323 4042 3538 4096; x_wconf 79' lang='lat' dir='ltr'><strong>animas</strong></span> <span class='ocrx_word' id='word_1_640' title='bbox 3565 4050 3840 4098; x_wconf 52' lang='lat' dir='ltr'><strong>antenor.</strong></span> 
     </span>
    </p>
   </div>
   <div class='ocr_carea' id='block_1_87' title="bbox 2232 4132 3840 4211">
    <p class='ocr_par' dir='ltr' id='par_1_87' title="bbox 2232 4132 3840 4211">
     <span class='ocr_line' id='line_1_87' title="bbox 2232 4132 3840 4211; baseline -0.002 -17"><span class='ocrx_word' id='word_1_641' title='bbox 2232 4154 2364 4211; x_wconf 90' lang='lat' dir='ltr'><strong>pora</strong></span> <span class='ocrx_word' id='word_1_642' title='bbox 2389 4138 2557 4192; x_wconf 82' lang='lat' dir='ltr'><strong>fuisse</strong></span> <span class='ocrx_word' id='word_1_643' title='bbox 2584 4146 2817 4200; x_wconf 86' lang='lat' dir='ltr'><strong>creatas,</strong></span> <span class='ocrx_word' id='word_1_644' title='bbox 2841 4152 2939 4191; x_wconf 90' lang='lat' dir='ltr'><strong>nec</strong></span> <span class='ocrx_word' id='word_1_645' title='bbox 2959 4150 3189 4206; x_wconf 89' lang='lat' dir='ltr'><strong>corpora</strong></span> <span class='ocrx_word' id='word_1_646' title='bbox 3219 4144 3348 4191; x_wconf 88' lang='lat' dir='ltr'><strong>ante</strong></span> <span class='ocrx_word' id='word_1_647' title='bbox 3381 4134 3620 4198; x_wconf 80' lang='lat' dir='ltr'><strong>animas,</strong></span> <span class='ocrx_word' id='word_1_648' title='bbox 3653 4134 3748 4189; x_wconf 89' lang='lat' dir='ltr'><strong>sed</strong></span> <span class='ocrx_word' id='word_1_649' title='bbox 3772 4132 3840 4190; x_wconf 77' lang='lat' dir='ltr'><strong>si-</strong></span> 
     </span>
    </p>
   </div>
   <div class='ocr_carea' id='block_1_88' title="bbox 2233 4226 3837 4297">
    <p class='ocr_par' dir='ltr' id='par_1_88' title="bbox 2233 4226 3837 4297">
     <span class='ocr_line' id='line_1_88' title="bbox 2233 4226 3837 4297; baseline -0.003 -12"><span class='ocrx_word' id='word_1_650' title='bbox 2233 4230 2345 4285; x_wconf 88' lang='lat' dir='ltr'><strong>mul</strong></span> <span class='ocrx_word' id='word_1_651' title='bbox 2371 4239 2423 4285; x_wconf 90' lang='lat' dir='ltr'><strong>et</strong></span> <span class='ocrx_word' id='word_1_652' title='bbox 2466 4228 2635 4284; x_wconf 80' lang='lat' dir='ltr'><strong>semel</strong></span> <span class='ocrx_word' id='word_1_653' title='bbox 2683 4237 2851 4283; x_wconf 84' lang='lat' dir='ltr'><strong>totum</strong></span> <span class='ocrx_word' id='word_1_654' title='bbox 2881 4226 3083 4283; x_wconf 83' lang='lat' dir='ltr'><strong>factum</strong></span> <span class='ocrx_word' id='word_1_655' title='bbox 3116 4228 3171 4283; x_wconf 92' lang='lat' dir='ltr'><strong>in</strong></span> <span class='ocrx_word' id='word_1_656' title='bbox 3199 4227 3385 4283; x_wconf 88' lang='lat' dir='ltr'><strong>divino</strong></span> <span class='ocrx_word' id='word_1_657' title='bbox 3428 4227 3686 4291; x_wconf 88' lang='lat' dir='ltr'><strong>consilio,</strong></span> <span class='ocrx_word' id='word_1_658' title='bbox 3730 4241 3837 4297; x_wconf 71' lang='lat' dir='ltr'><strong>quo</strong></span> 
     </span>
    </p>
   </div>
   <div class='ocr_carea' id='block_1_89' title="bbox 2233 4317 3841 4390">
    <p class='ocr_par' dir='ltr' id='par_1_89' title="bbox 2233 4317 3841 4390">
     <span class='ocr_line' id='line_1_89' title="bbox 2233 4317 3841 4390; baseline -0.002 -14"><span class='ocrx_word' id='word_1_659' title='bbox 2233 4324 2438 4378; x_wconf 90' lang='lat' dir='ltr'><strong>dictum</strong></span> <span class='ocrx_word' id='word_1_660' title='bbox 2464 4329 2547 4375; x_wconf 90' lang='lat' dir='ltr'><strong>est</strong></span> <span class='ocrx_word' id='word_1_661' title='bbox 2578 4320 2837 4390; x_wconf 76' lang='lat' dir='ltr'><strong>faciamus</strong></span> <span class='ocrx_word' id='word_1_662' title='bbox 2861 4319 3147 4385; x_wconf 78' lang='lat' dir='ltr'><strong>Immineat,</strong></span> <span class='ocrx_word' id='word_1_663' title='bbox 3169 4334 3234 4374; x_wconf 89' lang='lat' dir='ltr'><strong>ac</strong></span> <span class='ocrx_word' id='word_1_664' title='bbox 3258 4317 3417 4373; x_wconf 88' lang='lat' dir='ltr'><strong>simul</strong></span> <span class='ocrx_word' id='word_1_665' title='bbox 3438 4318 3494 4373; x_wconf 92' lang='lat' dir='ltr'><strong>in</strong></span> <span class='ocrx_word' id='word_1_666' title='bbox 3522 4318 3841 4375; x_wconf 72' lang='lat' dir='ltr'><strong>hulleman-</strong></span> 
     </span>
    </p>
   </div>
   <div class='ocr_carea' id='block_1_90' title="bbox 540 4405 3838 4483">
    <p class='ocr_par' dir='ltr' id='par_1_90' title="bbox 540 4405 3838 4483">
     <span class='ocr_line' id='line_1_90' title="bbox 540 4405 3838 4483; baseline -0.002 -16"><span class='ocrx_word' id='word_1_667' title='bbox 540 4427 664 4467; x_wconf 83' lang='lat' dir='ltr'><strong>nent</strong></span> <span class='ocrx_word' id='word_1_668' title='bbox 693 4411 785 4467; x_wconf 90' lang='lat' dir='ltr'><strong>Dei</strong></span> <span class='ocrx_word' id='word_1_669' title='bbox 810 4410 987 4468; x_wconf 80' lang='lat' dir='ltr'><strong>factae</strong></span> <span class='ocrx_word' id='word_1_670' title='bbox 1015 4412 1056 4476; x_wconf 83' lang='grc'><em>³,</em></span> <span class='ocrx_word' id='word_1_671' title='bbox 1085 4412 1564 4481; x_wconf 80' lang='lat' dir='ltr'><strong>praevaricationis</strong></span> <span class='ocrx_word' id='word_1_672' title='bbox 1592 4414 1788 4468; x_wconf 84' lang='lat' dir='ltr'><strong>merito</strong></span> <span class='ocrx_word' id='word_1_673' title='bbox 1813 4427 1976 4483; x_wconf 89' lang='lat' dir='ltr'><strong>super</strong></span> <span class='ocrx_word' id='word_1_674' title='bbox 2019 4429 2135 4468; x_wconf 87' lang='lat' dir='ltr'><strong>ma-</strong></span> <span class='ocrx_word' id='word_1_675' title='bbox 2164 4473 2204 4483; x_wconf 86' lang='lat'><strong>__</strong></span> <span class='ocrx_word' id='word_1_676' title='bbox 2235 4413 2363 4468; x_wconf 88' lang='lat' dir='ltr'><strong>dum</strong></span> <span class='ocrx_word' id='word_1_677' title='bbox 2391 4411 2625 4467; x_wconf 87' lang='lat' dir='ltr'><strong>secunda</strong></span> <span class='ocrx_word' id='word_1_678' title='bbox 2648 4408 2883 4480; x_wconf 85' lang='lat' dir='ltr'><strong>quadam</strong></span> <span class='ocrx_word' id='word_1_679' title='bbox 2910 4408 3259 4481; x_wconf 82' lang='lat' dir='ltr'><strong>generatione</strong></span> <span class='ocrx_word' id='word_1_680' title='bbox 3287 4405 3353 4473; x_wconf 72' lang='grc' dir='ltr'><strong>ι’,</strong></span> <span class='ocrx_word' id='word_1_681' title='bbox 3399 4419 3543 4477; x_wconf 82' lang='lat' dir='ltr'><strong>quae</strong></span> <span class='ocrx_word' id='word_1_682' title='bbox 3573 4405 3838 4477; x_wconf 79' lang='lat' dir='ltr'><strong>superad-</strong></span> 
     </span>
    </p>
   </div>
   <div class='ocr_carea' id='block_1_91' title="bbox 543 4473 3837 4573">
    <p class='ocr_par' dir='ltr' id='par_1_91' title="bbox 543 4473 3837 4573">
     <span class='ocr_line' id='line_1_91' title="bbox 543 4473 3837 4573; baseline -0.002 -14"><span class='ocrx_word' id='word_1_683' title='bbox 543 4504 763 4559; x_wconf 88' lang='lat' dir='ltr'><strong>chiuata</strong></span> <span class='ocrx_word' id='word_1_684' title='bbox 784 4515 932 4570; x_wconf 90' lang='lat' dir='ltr'><strong>sunt,</strong></span> <span class='ocrx_word' id='word_1_685' title='bbox 963 4519 1028 4559; x_wconf 89' lang='lat' dir='ltr'><strong>ac</strong></span> <span class='ocrx_word' id='word_1_686' title='bbox 1058 4519 1153 4573; x_wconf 77' lang='lat' dir='ltr'><strong>per</strong></span> <span class='ocrx_word' id='word_1_687' title='bbox 1177 4506 1278 4559; x_wconf 87' lang='lat' dir='ltr'><strong>hoc</strong></span> <span class='ocrx_word' id='word_1_688' title='bbox 1300 4504 1443 4558; x_wconf 84' lang='lat' dir='ltr'><strong>nullo</strong></span> <span class='ocrx_word' id='word_1_689' title='bbox 1477 4506 1635 4561; x_wconf 88' lang='lat' dir='ltr'><strong>modo</strong></span> <span class='ocrx_word' id='word_1_690' title='bbox 1660 4515 1865 4570; x_wconf 86' lang='lat' dir='ltr'><strong>essent,</strong></span> <span class='ocrx_word' id='word_1_691' title='bbox 1893 4506 1938 4560; x_wconf 84' lang='lat' dir='ltr'><strong>si</strong></span> <span class='ocrx_word' id='word_1_692' title='bbox 1971 4506 2131 4562; x_wconf 89' lang='lat' dir='ltr'><strong>homo</strong></span> <span class='ocrx_word' id='word_1_693' title='bbox 2164 4473 2212 4533; x_wconf 67' lang='grc' dir='ltr'>Β</span> <span class='ocrx_word' id='word_1_694' title='bbox 2240 4507 2351 4563; x_wconf 88' lang='lat' dir='ltr'><strong>dita</strong></span> <span class='ocrx_word' id='word_1_695' title='bbox 2384 4514 2489 4569; x_wconf 90' lang='lat' dir='ltr'><strong>est,</strong></span> <span class='ocrx_word' id='word_1_696' title='bbox 2521 4505 2573 4559; x_wconf 91' lang='lat' dir='ltr'><strong>in</strong></span> <span class='ocrx_word' id='word_1_697' title='bbox 2597 4503 2787 4558; x_wconf 89' lang='lat' dir='ltr'><strong>ordine</strong></span> <span class='ocrx_word' id='word_1_698' title='bbox 2824 4512 3126 4572; x_wconf 83' lang='lat' dir='ltr'><strong>temporum</strong></span> <span class='ocrx_word' id='word_1_699' title='bbox 3159 4501 3329 4565; x_wconf 83' lang='lat' dir='ltr'><strong>nasci,</strong></span> <span class='ocrx_word' id='word_1_700' title='bbox 3365 4499 3647 4569; x_wconf 88' lang='lat' dir='ltr'><strong>quomodo</strong></span> <span class='ocrx_word' id='word_1_701' title='bbox 3674 4498 3837 4554; x_wconf 68' lang='lat' dir='ltr'><strong>etiam</strong></span> 
     </span>
    </p>
   </div>
   <div class='ocr_carea' id='block_1_92' title="bbox 543 4596 2130 4667">
    <p class='ocr_par' dir='ltr' id='par_1_92' title="bbox 543 4596 2130 4667">
     <span class='ocr_line' id='line_1_92' title="bbox 543 4596 2130 4667; baseline 0 -15"><span class='ocrx_word' id='word_1_702' title='bbox 543 4597 760 4652; x_wconf 86' lang='lat' dir='ltr'><strong>divinae</strong></span> <span class='ocrx_word' id='word_1_703' title='bbox 788 4596 1061 4665; x_wconf 85' lang='lat' dir='ltr'><strong>imaginis,</strong></span> <span class='ocrx_word' id='word_1_704' title='bbox 1096 4597 1147 4650; x_wconf 92' lang='lat' dir='ltr'><strong>in</strong></span> <span class='ocrx_word' id='word_1_705' title='bbox 1180 4613 1286 4666; x_wconf 87' lang='lat' dir='ltr'><strong>qua</strong></span> <span class='ocrx_word' id='word_1_706' title='bbox 1311 4596 1561 4652; x_wconf 90' lang='lat' dir='ltr'><strong>conditus</strong></span> <span class='ocrx_word' id='word_1_707' title='bbox 1592 4605 1675 4652; x_wconf 90' lang='lat' dir='ltr'><strong>est</strong></span> <span class='ocrx_word' id='word_1_708' title='bbox 1712 4597 1753 4661; x_wconf 62' lang='grc' dir='ltr'><strong>σι,</strong></span> <span class='ocrx_word' id='word_1_709' title='bbox 1778 4596 2130 4667; x_wconf 86' lang='lat' dir='ltr'><strong>pulchritudi-</strong></span> 
     </span>
    </p>
   </div>
   <div class='ocr_carea' id='block_1_93' title="bbox 546 4688 2129 4758">
    <p class='ocr_par' dir='ltr' id='par_1_93' title="bbox 546 4688 2129 4758">
     <span class='ocr_line' id='line_1_93' title="bbox 546 4688 2129 4758; baseline -0.002 -14"><span class='ocrx_word' id='word_1_710' title='bbox 546 4703 671 4744; x_wconf 88' lang='lat' dir='ltr'><strong>nem</strong></span> <span class='ocrx_word' id='word_1_711' title='bbox 702 4703 809 4742; x_wconf 89' lang='lat' dir='ltr'><strong>non</strong></span> <span class='ocrx_word' id='word_1_712' title='bbox 837 4688 1217 4744; x_wconf 87' lang='lat' dir='ltr'><strong>dehonestaret</strong></span> <span class='ocrx_word' id='word_1_713' title='bbox 1249 4706 1263 4743; x_wconf 93' lang='lat'><strong>:</strong></span> <span class='ocrx_word' id='word_1_714' title='bbox 1298 4704 1404 4743; x_wconf 91' lang='lat' dir='ltr'><strong>non</strong></span> <span class='ocrx_word' id='word_1_715' title='bbox 1445 4703 1781 4757; x_wconf 84' lang='lat' dir='ltr'><strong>supervacuo</strong></span> <span class='ocrx_word' id='word_1_716' title='bbox 1827 4688 2129 4758; x_wconf 87' lang='lat' dir='ltr'><strong>quaeritur,</strong></span> 
     </span>
    </p>
   </div>
   <div class='ocr_carea' id='block_1_94' title="bbox 545 4778 2133 4851">
    <p class='ocr_par' dir='ltr' id='par_1_94' title="bbox 545 4778 2133 4851">
     <span class='ocr_line' id='line_1_94' title="bbox 545 4778 2133 4851; baseline 0.001 -18"><span class='ocrx_word' id='word_1_717' title='bbox 545 4780 823 4850; x_wconf 87' lang='lat' dir='ltr'><strong>quomodo</strong></span> <span class='ocrx_word' id='word_1_718' title='bbox 867 4780 1041 4851; x_wconf 89' lang='lat' dir='ltr'><strong>prima</strong></span> <span class='ocrx_word' id='word_1_719' title='bbox 1085 4780 1325 4836; x_wconf 86' lang='lat' dir='ltr'><strong>conditio</strong></span> <span class='ocrx_word' id='word_1_720' title='bbox 1364 4780 1432 4834; x_wconf 88' lang='lat' dir='ltr'><strong>ad</strong></span> <span class='ocrx_word' id='word_1_721' title='bbox 1477 4780 1765 4850; x_wconf 83' lang='lat' dir='ltr'><strong>imaginem</strong></span> <span class='ocrx_word' id='word_1_722' title='bbox 1821 4778 1961 4835; x_wconf 83' lang='lat' dir='ltr'><strong>Dei&quot;</strong></span> <span class='ocrx_word' id='word_1_723' title='bbox 1989 4779 2133 4835; x_wconf 79' lang='lat' dir='ltr'><strong>facta</strong></span> 
     </span>
    </p>
   </div>
   <div class='ocr_carea' id='block_1_95' title="bbox 544 4873 2133 4947">
    <p class='ocr_par' dir='ltr' id='par_1_95' title="bbox 544 4873 2133 4947">
     <span class='ocr_line' id='line_1_95' title="bbox 544 4873 2133 4947; baseline -0.001 -18"><span class='ocrx_word' id='word_1_724' title='bbox 544 4881 652 4940; x_wconf 88' lang='lat' dir='ltr'><strong>cst,</strong></span> <span class='ocrx_word' id='word_1_725' title='bbox 676 4873 945 4945; x_wconf 87' lang='lat' dir='ltr'><strong>siquidem</strong></span> <span class='ocrx_word' id='word_1_726' title='bbox 962 4874 1197 4930; x_wconf 88' lang='lat' dir='ltr'><strong>secunda</strong></span> <span class='ocrx_word' id='word_1_727' title='bbox 1220 4889 1327 4930; x_wconf 91' lang='lat' dir='ltr'><strong>non</strong></span> <span class='ocrx_word' id='word_1_728' title='bbox 1355 4873 1422 4929; x_wconf 93' lang='lat' dir='ltr'><strong>ad</strong></span> <span class='ocrx_word' id='word_1_729' title='bbox 1446 4873 1760 4947; x_wconf 90' lang='lat' dir='ltr'><strong>imaginem,</strong></span> <span class='ocrx_word' id='word_1_730' title='bbox 1790 4873 1883 4928; x_wconf 89' lang='lat' dir='ltr'><strong>sed</strong></span> <span class='ocrx_word' id='word_1_731' title='bbox 1910 4880 2133 4944; x_wconf 89' lang='lat' dir='ltr'><strong>propter</strong></span> 
     </span>
    </p>
   </div>
   <div class='ocr_carea' id='block_1_96' title="bbox 2240 4590 3842 4667">
    <p class='ocr_par' dir='ltr' id='par_1_96' title="bbox 2240 4590 3842 4667">
     <span class='ocr_line' id='line_1_96' title="bbox 2240 4590 3842 4667; baseline -0.004 -14"><span class='ocrx_word' id='word_1_732' title='bbox 2240 4612 2385 4653; x_wconf 88' lang='lat' dir='ltr'><strong>nunc</strong></span> <span class='ocrx_word' id='word_1_733' title='bbox 2411 4595 2477 4659; x_wconf 81' lang='lat'><strong>&quot;,</strong></span> <span class='ocrx_word' id='word_1_734' title='bbox 2529 4605 2650 4667; x_wconf 88' lang='lat' dir='ltr'><strong>post</strong></span> <span class='ocrx_word' id='word_1_735' title='bbox 2692 4602 2974 4665; x_wconf 87' lang='lat' dir='ltr'><strong>peccatum</strong></span> <span class='ocrx_word' id='word_1_736' title='bbox 3000 4607 3289 4665; x_wconf 84' lang='lat' dir='ltr'><strong>perversae</strong></span> <span class='ocrx_word' id='word_1_737' title='bbox 3313 4590 3612 4647; x_wconf 81' lang='lat' dir='ltr'><strong>voluntatis</strong></span> <span class='ocrx_word' id='word_1_738' title='bbox 3656 4592 3842 4647; x_wconf 78' lang='lat' dir='ltr'><strong>huma-</strong></span> 
     </span>
    </p>
   </div>
   <div class='ocr_carea' id='block_1_97' title="bbox 2242 4681 3839 4761">
    <p class='ocr_par' dir='ltr' id='par_1_97' title="bbox 2242 4681 3839 4761">
     <span class='ocr_line' id='line_1_97' title="bbox 2242 4681 3839 4761; baseline -0.006 -16"><span class='ocrx_word' id='word_1_739' title='bbox 2242 4704 2345 4745; x_wconf 86' lang='lat' dir='ltr'><strong>nae</strong></span> <span class='ocrx_word' id='word_1_740' title='bbox 2376 4696 2627 4753; x_wconf 88' lang='lat' dir='ltr'><strong>naturae,</strong></span> <span class='ocrx_word' id='word_1_741' title='bbox 2650 4694 2705 4741; x_wconf 91' lang='lat' dir='ltr'><strong>et</strong></span> <span class='ocrx_word' id='word_1_742' title='bbox 2720 4686 2971 4761; x_wconf 86' lang='lat' dir='ltr'><strong>corporis</strong></span> <span class='ocrx_word' id='word_1_743' title='bbox 2992 4684 3037 4718; x_wconf 79' lang='grc'><strong>⁸⁸</strong></span> <span class='ocrx_word' id='word_1_744' title='bbox 3060 4684 3189 4739; x_wconf 88' lang='lat' dir='ltr'><strong>illud</strong></span> <span class='ocrx_word' id='word_1_745' title='bbox 3209 4682 3489 4755; x_wconf 85' lang='lat' dir='ltr'><strong>spirituale</strong></span> <span class='ocrx_word' id='word_1_746' title='bbox 3515 4691 3572 4740; x_wconf 89' lang='lat' dir='ltr'><strong>et</strong></span> <span class='ocrx_word' id='word_1_747' title='bbox 3593 4681 3839 4738; x_wconf 73' lang='lat' dir='ltr'><strong>naturale</strong></span> 
     </span>
    </p>
   </div>
   <div class='ocr_carea' id='block_1_98' title="bbox 2242 4769 3839 4847">
    <p class='ocr_par' dir='ltr' id='par_1_98' title="bbox 2242 4769 3839 4847">
     <span class='ocr_line' id='line_1_98' title="bbox 2242 4769 3839 4847; baseline -0.006 -11"><span class='ocrx_word' id='word_1_748' title='bbox 2242 4780 2425 4836; x_wconf 87' lang='lat' dir='ltr'><strong>animo</strong></span> <span class='ocrx_word' id='word_1_749' title='bbox 2445 4791 2658 4847; x_wconf 85' lang='lat' dir='ltr'><strong>semper</strong></span> <span class='ocrx_word' id='word_1_750' title='bbox 2685 4775 2988 4832; x_wconf 85' lang='lat' dir='ltr'><strong>adhaerens</strong></span> <span class='ocrx_word' id='word_1_751' title='bbox 3014 4790 3079 4830; x_wconf 86' lang='lat' dir='ltr'><strong>ac</strong></span> <span class='ocrx_word' id='word_1_752' title='bbox 3102 4774 3205 4831; x_wconf 92' lang='lat' dir='ltr'><strong>sibi</strong></span> <span class='ocrx_word' id='word_1_753' title='bbox 3234 4781 3549 4829; x_wconf 88' lang='lat' dir='ltr'><strong>concretum</strong></span> <span class='ocrx_word' id='word_1_754' title='bbox 3576 4769 3839 4828; x_wconf 48' lang='lat' dir='ltr'><strong>discerni.</strong></span> 
     </span>
    </p>
   </div>
   <div class='ocr_carea' id='block_1_99' title="bbox 2244 4865 3836 4941">
    <p class='ocr_par' dir='ltr' id='par_1_99' title="bbox 2244 4865 3836 4941">
     <span class='ocr_line' id='line_1_99' title="bbox 2244 4865 3836 4941; baseline -0.006 -12"><span class='ocrx_word' id='word_1_755' title='bbox 2244 4884 2334 4930; x_wconf 89' lang='lat' dir='ltr'><strong>tur</strong></span> <span class='ocrx_word' id='word_1_756' title='bbox 2359 4873 2430 4928; x_wconf 87' lang='lat' dir='ltr'><strong>ab</strong></span> <span class='ocrx_word' id='word_1_757' title='bbox 2457 4886 2546 4938; x_wconf 86' lang='lat' dir='ltr'><strong>eo,</strong></span> <span class='ocrx_word' id='word_1_758' title='bbox 2568 4870 2713 4941; x_wconf 89' lang='lat' dir='ltr'><strong>quod</strong></span> <span class='ocrx_word' id='word_1_759' title='bbox 2742 4869 2939 4925; x_wconf 85' lang='lat' dir='ltr'><strong>merito</strong></span> <span class='ocrx_word' id='word_1_760' title='bbox 2973 4866 3397 4940; x_wconf 85' lang='lat' dir='ltr'><strong>traogressionis</strong></span> <span class='ocrx_word' id='word_1_761' title='bbox 3424 4865 3704 4938; x_wconf 81' lang='lat' dir='ltr'><strong>adjectum</strong></span> <span class='ocrx_word' id='word_1_762' title='bbox 3732 4872 3836 4929; x_wconf 87' lang='lat' dir='ltr'><strong>est.</strong></span> 
     </span>
    </p>
   </div>
   <div class='ocr_carea' id='block_1_100' title="bbox 1842 4999 2546 5063">
    <p class='ocr_par' dir='ltr' id='par_1_100' title="bbox 1842 4999 2546 5063">
     <span class='ocr_line' id='line_1_100' title="bbox 1842 4999 2546 5063; baseline -0.009 -1"><span class='ocrx_word' id='word_1_763' title='bbox 1842 5005 2102 5063; x_wconf 75' lang='lat' dir='ltr'><strong>VARIAE</strong></span> <span class='ocrx_word' id='word_1_764' title='bbox 2138 4999 2546 5062; x_wconf 83' lang='lat' dir='ltr'><strong>LECTIONES.</strong></span> 
     </span>
    </p>
   </div>
   <div class='ocr_carea' id='block_1_101' title="bbox 625 5106 3837 5186">
    <p class='ocr_par' dir='ltr' id='par_1_101' title="bbox 625 5106 3837 5186">
     <span class='ocr_line' id='line_1_101' title="bbox 625 5106 3837 5186; baseline -0.006 -6"><span class='ocrx_word' id='word_1_765' title='bbox 625 5126 642 5157; x_wconf 85' lang='grc'>¹</span> <span class='ocrx_word' id='word_1_766' title='bbox 664 5123 710 5180; x_wconf 80' lang='grc' dir='ltr'><strong>Δ</strong></span> <span class='ocrx_word' id='word_1_767' title='bbox 731 5122 953 5179; x_wconf 80' lang='lat' dir='ltr'><strong>simulet</strong></span> <span class='ocrx_word' id='word_1_768' title='bbox 975 5121 1152 5177; x_wconf 81' lang='lat' dir='ltr'><strong>semel.</strong></span> <span class='ocrx_word' id='word_1_769' title='bbox 1229 5122 1249 5153; x_wconf 81' lang='grc'>³</span> <span class='ocrx_word' id='word_1_770' title='bbox 1274 5120 1365 5176; x_wconf 87' lang='lat' dir='ltr'><strong>Sic</strong></span> <span class='ocrx_word' id='word_1_771' title='bbox 1384 5120 1460 5186; x_wconf 86' lang='lat' dir='ltr'><strong>A;</strong></span> <span class='ocrx_word' id='word_1_772' title='bbox 1485 5118 1570 5177; x_wconf 86' lang='lat' dir='ltr'><strong>CF</strong></span> <span class='ocrx_word' id='word_1_773' title='bbox 1594 5120 1719 5176; x_wconf 85' lang='lat' dir='ltr'><strong>sint.</strong></span> <span class='ocrx_word' id='word_1_774' title='bbox 1795 5119 1817 5151; x_wconf 84' lang='grc'><em>³</em></span> <span class='ocrx_word' id='word_1_775' title='bbox 1839 5118 1930 5175; x_wconf 89' lang='lat' dir='ltr'><strong>Sic</strong></span> <span class='ocrx_word' id='word_1_776' title='bbox 1955 5118 2072 5184; x_wconf 83' lang='lat' dir='ltr'><strong>CF;</strong></span> <span class='ocrx_word' id='word_1_777' title='bbox 2097 5118 2163 5173; x_wconf 81' lang='grc' dir='ltr'><strong>Α.</strong></span> <span class='ocrx_word' id='word_1_778' title='bbox 2186 5117 2255 5186; x_wconf 84' lang='lat' dir='ltr'><strong>Q.</strong></span> <span class='ocrx_word' id='word_1_779' title='bbox 2274 5118 2327 5170; x_wconf 90' lang='lat' dir='ltr'><strong>d.</strong></span> <span class='ocrx_word' id='word_1_780' title='bbox 2345 5117 2398 5171; x_wconf 89' lang='lat' dir='ltr'><strong>d.</strong></span> <span class='ocrx_word' id='word_1_781' title='bbox 2430 5116 2540 5186; x_wconf 43' lang='lat' dir='ltr'><strong>uLi.</strong></span> <span class='ocrx_word' id='word_1_782' title='bbox 2565 5129 2616 5186; x_wconf 85' lang='lat' dir='ltr'><strong>e.</strong></span> <span class='ocrx_word' id='word_1_783' title='bbox 2645 5128 2693 5167; x_wconf 92' lang='lat' dir='ltr'><strong>s.</strong></span> <span class='ocrx_word' id='word_1_784' title='bbox 2721 5112 2938 5186; x_wconf 72' lang='lat' dir='ltr'><strong>omnino</strong></span> <span class='ocrx_word' id='word_1_785' title='bbox 2953 5127 3137 5186; x_wconf 69' lang='lat' dir='ltr'><strong>estpers</strong></span> <span class='ocrx_word' id='word_1_786' title='bbox 3165 5117 3270 5186; x_wconf 63' lang='lat' dir='ltr'><strong>est.</strong></span> <span class='ocrx_word' id='word_1_787' title='bbox 3344 5111 3369 5186; x_wconf 65' lang='grc' dir='ltr'><strong>ξ</strong></span> <span class='ocrx_word' id='word_1_788' title='bbox 3397 5107 3491 5186; x_wconf 76' lang='lat' dir='ltr'><strong>Sic</strong></span> <span class='ocrx_word' id='word_1_789' title='bbox 3511 5106 3633 5186; x_wconf 62' lang='lat' dir='ltr'><strong>Cf;</strong></span> <span class='ocrx_word' id='word_1_790' title='bbox 3659 5109 3700 5186; x_wconf 65' lang='grc' dir='ltr'>ᾼ</span> <span class='ocrx_word' id='word_1_791' title='bbox 3727 5126 3837 5164; x_wconf 59' lang='lat' dir='ltr'><strong>eor.</strong></span> 
     </span>
    </p>
   </div>
   <div class='ocr_carea' id='block_1_102' title="bbox 550 5180 3835 5267">
    <p class='ocr_par' dir='ltr' id='par_1_102' title="bbox 550 5180 3835 5267">
     <span class='ocr_line' id='line_1_102' title="bbox 550 5180 3835 5267; baseline -0.005 -18"><span class='ocrx_word' id='word_1_792' title='bbox 550 5196 818 5267; x_wconf 63' lang='lat' dir='ltr'><strong>ruptibilia</strong></span> <span class='ocrx_word' id='word_1_793' title='bbox 855 5205 901 5267; x_wconf 74' lang='lat' dir='ltr'><strong>et</strong></span> <span class='ocrx_word' id='word_1_794' title='bbox 930 5192 1176 5267; x_wconf 82' lang='lat' dir='ltr'><strong>mortalia</strong></span> <span class='ocrx_word' id='word_1_795' title='bbox 1213 5180 1463 5267; x_wconf 41' lang='lat' dir='ltr'><strong>corpora;</strong></span> <span class='ocrx_word' id='word_1_796' title='bbox 1532 5190 1554 5223; x_wconf 85' lang='grc'>⁸</span> <span class='ocrx_word' id='word_1_797' title='bbox 1588 5191 1677 5247; x_wconf 89' lang='lat' dir='ltr'><strong>Sic</strong></span> <span class='ocrx_word' id='word_1_798' title='bbox 1698 5188 1813 5267; x_wconf 62' lang='lat' dir='ltr'><strong>CF;</strong></span> <span class='ocrx_word' id='word_1_799' title='bbox 1847 5193 1891 5245; x_wconf 83' lang='lat' dir='ltr'><strong>A</strong></span> <span class='ocrx_word' id='word_1_800' title='bbox 1916 5180 2177 5245; x_wconf 76' lang='lat' dir='ltr'><strong>conditae.</strong></span> <span class='ocrx_word' id='word_1_801' title='bbox 2256 5189 2277 5220; x_wconf 80' lang='grc'>⁸</span> <span class='ocrx_word' id='word_1_802' title='bbox 2306 5187 2399 5244; x_wconf 88' lang='lat' dir='ltr'><strong>Sic</strong></span> <span class='ocrx_word' id='word_1_803' title='bbox 2519 5202 2551 5267; x_wconf 37' lang='grc' dir='ltr'>ξ’</span> <span class='ocrx_word' id='word_1_804' title='bbox 2572 5184 2616 5238; x_wconf 78' lang='grc' dir='ltr'>Α</span> <span class='ocrx_word' id='word_1_805' title='bbox 2636 5183 2868 5267; x_wconf 47' lang='lat' dir='ltr'><strong>erat“:</strong></span> <span class='ocrx_word' id='word_1_806' title='bbox 2899 5181 2997 5237; x_wconf 85' lang='lat' dir='ltr'><strong>Dei</strong></span> <span class='ocrx_word' id='word_1_807' title='bbox 3019 5196 3129 5237; x_wconf 88' lang='lat' dir='ltr'><strong>om.</strong></span> <span class='ocrx_word' id='word_1_808' title='bbox 3159 5182 3266 5239; x_wconf 84' lang='lat' dir='ltr'><strong>CF.</strong></span> <span class='ocrx_word' id='word_1_809' title='bbox 3744 5198 3835 5235; x_wconf 72' lang='lat' dir='ltr'><strong>en.</strong></span> 
     </span>
    </p>
   </div>
   <div class='ocr_carea' id='block_1_103' title="bbox 549 5260 2919 5340">
    <p class='ocr_par' dir='ltr' id='par_1_103' title="bbox 549 5260 2919 5340">
     <span class='ocr_line' id='line_1_103' title="bbox 549 5260 2919 5340; baseline -0.005 -20"><span class='ocrx_word' id='word_1_810' title='bbox 718 5264 835 5340; x_wconf 79' lang='lat' dir='ltr'><strong>CF_;</strong></span> <span class='ocrx_word' id='word_1_811' title='bbox 867 5264 1202 5340; x_wconf 12' lang='lat' dir='ltr'><strong>Agltominem</strong></span> <span class='ocrx_word' id='word_1_812' title='bbox 1231 5260 1314 5317; x_wconf 63' lang='grc' dir='ltr'><strong>ρκ’</strong></span> <span class='ocrx_word' id='word_1_813' title='bbox 1336 5263 1540 5340; x_wconf 55' lang='lat' dir='ltr'><strong>duabus</strong></span> <span class='ocrx_word' id='word_1_814' title='bbox 1588 5262 1799 5340; x_wconf 81' lang='lat' dir='ltr'><strong>_naturi_s</strong></span> <span class='ocrx_word' id='word_1_815' title='bbox 1836 5260 2356 5340; x_wconf 44' lang='lat' dir='ltr'><strong>esseconsposi&#39;tunt.</strong></span> <span class='ocrx_word' id='word_1_816' title='bbox 2436 5260 2477 5340; x_wconf 68' lang='grc' dir='ltr'><strong>’ξ’</strong></span> <span class='ocrx_word' id='word_1_817' title='bbox 2519 5260 2611 5311; x_wconf 84' lang='lat' dir='ltr'><strong>Stc</strong></span> <span class='ocrx_word' id='word_1_818' title='bbox 2645 5260 2726 5340; x_wconf 46' lang='lat'><strong>5;</strong></span> <span class='ocrx_word' id='word_1_819' title='bbox 2765 5260 2850 5310; x_wconf 76' lang='lat' dir='ltr'><strong>Cl&quot;</strong></span> <span class='ocrx_word' id='word_1_820' title='bbox 2885 5270 2919 5336; x_wconf 66' lang='grc' dir='ltr'><em>η</em></span> 
     </span>
    </p>
   </div>
   <div class='ocr_carea' id='block_1_104' title="bbox 552 5323 3540 5472">
    <p class='ocr_par' dir='ltr' id='par_1_104' title="bbox 552 5323 3540 5472">
     <span class='ocr_line' id='line_1_104' title="bbox 552 5323 3540 5437; baseline -0.005 -44"><span class='ocrx_word' id='word_1_821' title='bbox 552 5338 598 5371; x_wconf 83' lang='grc'>¹¹</span> <span class='ocrx_word' id='word_1_822' title='bbox 624 5336 715 5393; x_wconf 86' lang='lat' dir='ltr'><strong>Sic</strong></span> <span class='ocrx_word' id='word_1_823' title='bbox 740 5323 859 5402; x_wconf 52' lang='lat' dir='ltr'><strong>CF&#39;;</strong></span> <span class='ocrx_word' id='word_1_824' title='bbox 904 5336 946 5390; x_wconf 79' lang='grc' dir='ltr'><strong>Δ</strong></span> <span class='ocrx_word' id='word_1_825' title='bbox 977 5336 1175 5407; x_wconf 81' lang='lat' dir='ltr'><strong>factum</strong></span> <span class='ocrx_word' id='word_1_826' title='bbox 1223 5344 1297 5390; x_wconf 88' lang='lat' dir='ltr'><strong>est</strong></span> <span class='ocrx_word' id='word_1_827' title='bbox 1331 5334 1401 5388; x_wconf 80' lang='lat' dir='ltr'><strong>ad</strong></span> <span class='ocrx_word' id='word_1_828' title='bbox 1439 5332 1717 5437; x_wconf 50' lang='lat' dir='ltr'><strong>imaginem</strong></span> <span class='ocrx_word' id='word_1_829' title='bbox 1747 5330 1867 5388; x_wconf 87' lang='lat' dir='ltr'><strong>Dei.</strong></span> <span class='ocrx_word' id='word_1_830' title='bbox 1947 5331 1992 5368; x_wconf 80' lang='grc'>⁸⁸</span> <span class='ocrx_word' id='word_1_831' title='bbox 2014 5323 2138 5414; x_wconf 42' lang='lat' dir='ltr'><strong>.Si&#39;c</strong></span> <span class='ocrx_word' id='word_1_832' title='bbox 2161 5328 2279 5396; x_wconf 80' lang='lat' dir='ltr'><strong>CF;</strong></span> <span class='ocrx_word' id='word_1_833' title='bbox 2308 5331 2354 5385; x_wconf 79' lang='grc' dir='ltr'>Α</span> <span class='ocrx_word' id='word_1_834' title='bbox 2380 5329 2589 5384; x_wconf 86' lang='lat' dir='ltr'><strong>animae</strong></span> <span class='ocrx_word' id='word_1_835' title='bbox 2622 5335 2669 5381; x_wconf 84' lang='lat' dir='ltr'><strong>et</strong></span> <span class='ocrx_word' id='word_1_836' title='bbox 2711 5323 2966 5396; x_wconf 79' lang='lat' dir='ltr'><strong>corporis.</strong></span> <span class='ocrx_word' id='word_1_837' title='bbox 3042 5323 3091 5358; x_wconf 72' lang='lat'><strong>”</strong></span> <span class='ocrx_word' id='word_1_838' title='bbox 3114 5340 3316 5397; x_wconf 81' lang='lat' dir='ltr'><strong>semper</strong></span> <span class='ocrx_word' id='word_1_839' title='bbox 3336 5338 3442 5379; x_wconf 86' lang='lat' dir='ltr'><strong>om.</strong></span> <span class='ocrx_word' id='word_1_840' title='bbox 3476 5324 3540 5379; x_wconf 81' lang='grc' dir='ltr'><strong>Δ.</strong></span> 
     </span>
     <span class='ocr_line' id='line_1_105' title="bbox 552 5401 2531 5472; baseline -0.007 -6"><span class='ocrx_word' id='word_1_841' title='bbox 552 5424 663 5466; x_wconf 89' lang='lat' dir='ltr'><strong>om.</strong></span> <span class='ocrx_word' id='word_1_842' title='bbox 694 5407 760 5463; x_wconf 80' lang='grc' dir='ltr'><strong>Α.</strong></span> <span class='ocrx_word' id='word_1_843' title='bbox 839 5407 882 5440; x_wconf 82' lang='grc'><strong>¹⁶</strong></span> <span class='ocrx_word' id='word_1_844' title='bbox 902 5404 995 5464; x_wconf 83' lang='lat' dir='ltr'><strong>Sic</strong></span> <span class='ocrx_word' id='word_1_845' title='bbox 1018 5405 1135 5472; x_wconf 82' lang='lat' dir='ltr'><strong>CF;</strong></span> <span class='ocrx_word' id='word_1_846' title='bbox 1175 5406 1222 5461; x_wconf 79' lang='grc' dir='ltr'><strong>Α</strong></span> <span class='ocrx_word' id='word_1_847' title='bbox 1250 5407 1473 5461; x_wconf 86' lang='lat' dir='ltr'><strong>ratione.</strong></span> <span class='ocrx_word' id='word_1_848' title='bbox 1570 5405 1590 5435; x_wconf 85' lang='grc'><strong>⁷</strong></span> <span class='ocrx_word' id='word_1_849' title='bbox 1621 5404 1667 5458; x_wconf 79' lang='grc' dir='ltr'><strong>Α</strong></span> <span class='ocrx_word' id='word_1_850' title='bbox 1704 5420 1817 5459; x_wconf 87' lang='lat' dir='ltr'><strong>nec.</strong></span> <span class='ocrx_word' id='word_1_851' title='bbox 1894 5402 1940 5436; x_wconf 79' lang='lat'><strong>&quot;‘</strong></span> <span class='ocrx_word' id='word_1_852' title='bbox 1971 5401 2064 5458; x_wconf 84' lang='lat' dir='ltr'><strong>Stc</strong></span> <span class='ocrx_word' id='word_1_853' title='bbox 2095 5401 2211 5469; x_wconf 80' lang='lat' dir='ltr'><strong>CF;</strong></span> <span class='ocrx_word' id='word_1_854' title='bbox 2237 5404 2285 5458; x_wconf 81' lang='grc' dir='ltr'>Α</span> <span class='ocrx_word' id='word_1_855' title='bbox 2322 5416 2531 5472; x_wconf 83' lang='lat' dir='ltr'><strong>corpus.</strong></span> 
     </span>
    </p>
   </div>
   <div class='ocr_carea' id='block_1_105' title="bbox 2059 5491 2313 5551">
    <p class='ocr_par' dir='ltr' id='par_1_105' title="bbox 2059 5491 2313 5551">
     <span class='ocr_line' id='line_1_106' title="bbox 2059 5491 2313 5551; baseline -0.008 -2"><span class='ocrx_word' id='word_1_856' title='bbox 2059 5491 2313 5551; x_wconf 81' lang='lat' dir='ltr'><strong>NOTAE.</strong></span> 
     </span>
    </p>
   </div>
   <div class='ocr_carea' id='block_1_106' title="bbox 551 5404 1473 5473">
    <p class='ocr_par' dir='ltr' id='par_1_106' title="bbox 551 5404 1473 5473">
     <span class='ocr_line' id='line_1_107' title="bbox 551 5404 1473 5473; baseline -0.007 -7"><span class='ocrx_word' id='word_1_857' title='bbox 551 5424 663 5466; x_wconf 88' lang='lat' dir='ltr'><strong>om.</strong></span> <span class='ocrx_word' id='word_1_858' title='bbox 694 5407 760 5463; x_wconf 80' lang='grc' dir='ltr'><strong>Α.</strong></span> <span class='ocrx_word' id='word_1_859' title='bbox 839 5407 882 5440; x_wconf 82' lang='grc'><strong>¹⁶</strong></span> <span class='ocrx_word' id='word_1_860' title='bbox 902 5404 995 5464; x_wconf 68' lang='lat' dir='ltr'><strong>sae</strong></span> <span class='ocrx_word' id='word_1_861' title='bbox 1018 5405 1135 5473; x_wconf 82' lang='lat' dir='ltr'><strong>CF;</strong></span> <span class='ocrx_word' id='word_1_862' title='bbox 1175 5406 1222 5461; x_wconf 79' lang='grc' dir='ltr'><strong>Α</strong></span> <span class='ocrx_word' id='word_1_863' title='bbox 1250 5407 1473 5461; x_wconf 86' lang='lat' dir='ltr'><strong>ratione.</strong></span> 
     </span>
    </p>
   </div>
   <div class='ocr_carea' id='block_1_107' title="bbox 627 5606 2147 5685">
    <p class='ocr_par' dir='ltr' id='par_1_107' title="bbox 627 5606 2147 5685">
     <span class='ocr_line' id='line_1_108' title="bbox 627 5606 2147 5685; baseline -0.005 -14"><span class='ocrx_word' id='word_1_864' title='bbox 627 5625 655 5658; x_wconf 79' lang='grc' dir='ltr'><strong>ι</strong></span> <span class='ocrx_word' id='word_1_865' title='bbox 703 5613 919 5671; x_wconf 85' lang='lat' dir='ltr'><strong>Falsam</strong></span> <span class='ocrx_word' id='word_1_866' title='bbox 975 5612 1025 5671; x_wconf 81' lang='lat' dir='ltr'><strong>J.</strong></span> <span class='ocrx_word' id='word_1_867' title='bbox 1068 5612 1218 5671; x_wconf 89' lang='lat' dir='ltr'><strong>Seoti</strong></span> <span class='ocrx_word' id='word_1_868' title='bbox 1268 5611 1604 5685; x_wconf 13' lang='lat' dir='ltr'><strong>opinionemr‘</strong></span> <span class='ocrx_word' id='word_1_869' title='bbox 1635 5611 1702 5685; x_wconf 82' lang='lat' dir='ltr'><strong>de</strong></span> <span class='ocrx_word' id='word_1_870' title='bbox 1740 5608 1918 5685; x_wconf 87' lang='lat' dir='ltr'><strong>primo</strong></span> <span class='ocrx_word' id='word_1_871' title='bbox 1971 5606 2147 5685; x_wconf 74' lang='lat' dir='ltr'><strong>homi-</strong></span> 
     </span>
    </p>
   </div>
   <div class='ocr_carea' id='block_1_108' title="bbox 557 5678 2146 5758">
    <p class='ocr_par' dir='ltr' id='par_1_108' title="bbox 557 5678 2146 5758">
     <span class='ocr_line' id='line_1_109' title="bbox 557 5678 2146 5758; baseline -0.007 -14"><span class='ocrx_word' id='word_1_872' title='bbox 557 5702 648 5753; x_wconf 91' lang='lat' dir='ltr'><strong>ne,</strong></span> <span class='ocrx_word' id='word_1_873' title='bbox 694 5688 786 5758; x_wconf 89' lang='lat' dir='ltr'><strong>qui</strong></span> <span class='ocrx_word' id='word_1_874' title='bbox 815 5698 940 5742; x_wconf 87' lang='lat' dir='ltr'><strong>ante</strong></span> <span class='ocrx_word' id='word_1_875' title='bbox 980 5678 1514 5758; x_wconf 77' lang='lat' dir='ltr'><strong>praevaricaiionem</strong></span> <span class='ocrx_word' id='word_1_876' title='bbox 1548 5678 1774 5758; x_wconf 63' lang='lat' dir='ltr'><strong>simplei</strong></span> <span class='ocrx_word' id='word_1_877' title='bbox 1815 5678 2146 5758; x_wconf 80' lang='lat' dir='ltr'><strong>homo__fue-</strong></span> 
     </span>
    </p>
   </div>
   <div class='ocr_carea' id='block_1_109' title="bbox 560 5751 2147 5830">
    <p class='ocr_par' dir='ltr' id='par_1_109' title="bbox 560 5751 2147 5830">
     <span class='ocr_line' id='line_1_110' title="bbox 560 5751 2147 5830; baseline -0.004 -15"><span class='ocrx_word' id='word_1_878' title='bbox 560 5751 651 5826; x_wconf 83' lang='lat' dir='ltr'><strong>rit,</strong></span> <span class='ocrx_word' id='word_1_879' title='bbox 682 5751 747 5814; x_wconf 66' lang='lat' dir='ltr'><strong>a&#39;c</strong></span> <span class='ocrx_word' id='word_1_880' title='bbox 765 5766 887 5830; x_wconf 89' lang='lat' dir='ltr'><strong>post</strong></span> <span class='ocrx_word' id='word_1_881' title='bbox 901 5751 1185 5830; x_wconf 77' lang='lat' dir='ltr'><strong>peccatum</strong></span> <span class='ocrx_word' id='word_1_882' title='bbox 1215 5766 1442 5815; x_wconf 81' lang='lat' dir='ltr'><strong>naturae</strong></span> <span class='ocrx_word' id='word_1_883' title='bbox 1467 5751 1785 5818; x_wconf 57' lang='lat' dir='ltr'><strong>div&#39;nionem</strong></span> <span class='ocrx_word' id='word_1_884' title='bbox 1814 5751 1868 5809; x_wconf 90' lang='lat' dir='ltr'><strong>in</strong></span> <span class='ocrx_word' id='word_1_885' title='bbox 1881 5751 2147 5825; x_wconf 83' lang='lat' dir='ltr'><strong>duplicem</strong></span> 
     </span>
    </p>
   </div>
   <div class='ocr_carea' id='block_1_110' title="bbox 2436 5251 3836 5379">
    <p class='ocr_par' dir='ltr' id='par_1_110' title="bbox 2436 5251 3836 5379">
     <span class='ocr_line' id='line_1_111' title="bbox 2436 5251 3832 5324; baseline -0.006 -12"><span class='ocrx_word' id='word_1_886' title='bbox 2436 5257 2477 5289; x_wconf 82' lang='grc'><strong>⁸⁰</strong></span> <span class='ocrx_word' id='word_1_887' title='bbox 2519 5256 2611 5311; x_wconf 73' lang='lat' dir='ltr'><strong>Sto</strong></span> <span class='ocrx_word' id='word_1_888' title='bbox 2645 5259 2726 5320; x_wconf 84' lang='lat' dir='ltr'><strong>A;</strong></span> <span class='ocrx_word' id='word_1_889' title='bbox 2765 5251 2850 5310; x_wconf 85' lang='lat' dir='ltr'><strong>CF</strong></span> <span class='ocrx_word' id='word_1_890' title='bbox 2885 5269 3241 5324; x_wconf 74' lang='lat' dir='ltr'><strong>procurasses.</strong></span> <span class='ocrx_word' id='word_1_891' title='bbox 3320 5252 3361 5292; x_wconf 70' lang='grc' dir='ltr'><strong>ἰ</strong></span> <span class='ocrx_word' id='word_1_892' title='bbox 3386 5251 3481 5309; x_wconf 89' lang='lat' dir='ltr'><strong>Sic</strong></span> <span class='ocrx_word' id='word_1_893' title='bbox 3507 5252 3637 5317; x_wconf 85' lang='lat' dir='ltr'><strong>CF;</strong></span> <span class='ocrx_word' id='word_1_894' title='bbox 3684 5254 3724 5305; x_wconf 79' lang='grc' dir='ltr'><strong>Α</strong></span> <span class='ocrx_word' id='word_1_895' title='bbox 3750 5269 3832 5305; x_wconf 74' lang='lat' dir='ltr'><strong>se.</strong></span> 
     </span>
     <span class='ocr_line' id='line_1_112' title="bbox 2436 5323 3836 5379; baseline 0 0"><span class='ocrx_word' id='word_1_896' title='bbox 2436 5329 2589 5379; x_wconf 77' lang='lat' dir='ltr'><strong>rimae</strong></span> <span class='ocrx_word' id='word_1_897' title='bbox 2622 5335 2669 5379; x_wconf 84' lang='lat' dir='ltr'><strong>et</strong></span> <span class='ocrx_word' id='word_1_898' title='bbox 2711 5324 2966 5379; x_wconf 73' lang='lat' dir='ltr'><strong>corporis.</strong></span> <span class='ocrx_word' id='word_1_899' title='bbox 3042 5323 3091 5358; x_wconf 72' lang='lat'>&quot;</span> <span class='ocrx_word' id='word_1_900' title='bbox 3114 5340 3316 5379; x_wconf 66' lang='lat' dir='ltr'><strong>semper</strong></span> <span class='ocrx_word' id='word_1_901' title='bbox 3336 5338 3442 5379; x_wconf 86' lang='lat' dir='ltr'><strong>om.</strong></span> <span class='ocrx_word' id='word_1_902' title='bbox 3476 5324 3540 5379; x_wconf 80' lang='grc' dir='ltr'><strong>Δ.</strong></span> <span class='ocrx_word' id='word_1_903' title='bbox 3624 5323 3672 5357; x_wconf 81' lang='grc'><strong>⁸³</strong></span> <span class='ocrx_word' id='word_1_904' title='bbox 3700 5337 3836 5379; x_wconf 75' lang='lat' dir='ltr'><strong>usus</strong></span> 
     </span>
    </p>
   </div>
   <div class='ocr_carea' id='block_1_111' title="bbox 2250 5595 3837 5673">
    <p class='ocr_par' dir='ltr' id='par_1_111' title="bbox 2250 5595 3837 5673">
     <span class='ocr_line' id='line_1_113' title="bbox 2250 5595 3837 5673; baseline -0.003 -13"><span class='ocrx_word' id='word_1_905' title='bbox 2250 5619 2463 5670; x_wconf 83' lang='lat' dir='ltr'><strong>sexum,</strong></span> <span class='ocrx_word' id='word_1_906' title='bbox 2496 5600 2879 5673; x_wconf 85' lang='lat' dir='ltr'><strong>masculumet</strong></span> <span class='ocrx_word' id='word_1_907' title='bbox 2904 5598 3183 5666; x_wconf 81' lang='lat' dir='ltr'><strong>feminam,</strong></span> <span class='ocrx_word' id='word_1_908' title='bbox 3207 5612 3402 5673; x_wconf 85' lang='lat' dir='ltr'><strong>passus</strong></span> <span class='ocrx_word' id='word_1_909' title='bbox 3427 5599 3520 5669; x_wconf 87' lang='lat' dir='ltr'><strong>sit,</strong></span> <span class='ocrx_word' id='word_1_910' title='bbox 3550 5595 3837 5659; x_wconf 80' lang='lat' dir='ltr'><strong>recensui-</strong></span> 
     </span>
    </p>
   </div>
   <div class='ocr_carea' id='block_1_112' title="bbox 2250 5671 3356 5748">
    <p class='ocr_par' dir='ltr' id='par_1_112' title="bbox 2250 5671 3356 5748">
     <span class='ocr_line' id='line_1_114' title="bbox 2250 5671 3356 5748; baseline -0.006 -14"><span class='ocrx_word' id='word_1_911' title='bbox 2250 5692 2373 5734; x_wconf 86' lang='lat' dir='ltr'><strong>mus</strong></span> <span class='ocrx_word' id='word_1_912' title='bbox 2386 5690 2547 5748; x_wconf 84' lang='lat' dir='ltr'><strong>supra</strong></span> <span class='ocrx_word' id='word_1_913' title='bbox 2578 5674 2682 5733; x_wconf 88' lang='lat' dir='ltr'><strong>col.</strong></span> <span class='ocrx_word' id='word_1_914' title='bbox 2715 5671 2822 5732; x_wconf 75' lang='lat'><strong>509</strong></span> <span class='ocrx_word' id='word_1_915' title='bbox 2853 5681 2968 5730; x_wconf 94' lang='lat' dir='ltr'><strong>not.</strong></span> <span class='ocrx_word' id='word_1_916' title='bbox 3006 5685 3031 5714; x_wconf 75' lang='grc' dir='ltr'><strong>ι</strong></span> <span class='ocrx_word' id='word_1_917' title='bbox 3056 5671 3356 5746; x_wconf 75' lang='lat' dir='ltr'><strong>etpassim.</strong></span> 
     </span>
    </p>
   </div>
  </div>
