4028 6282
134 358 232 411 801

133 473 194 526 in
224 470 238 498 ‘
274 464 526 520 vicesimo
572 460 800 529 septimo
845 457 1080 526 capitulo
1110 470 1269 523 saepe
1298 452 1423 506 dicti
1455 447 1721 503 sermonis
1750 450 1794 506 Λ

134 555 564 616 iuculentissime
601 551 869 619 explanat.
904 548 1025 602 Non
1047 547 1205 609 enim,
1235 543 1428 613 inquit,
1478 556 1568 610 per
1608 555 1719 591 on:-

134 650 252 709 nia,
273 645 412 716 quod
447 652 680 696 nostrum
709 649 804 703 est,
844 639 896 690 in
919 638 1066 707 ﬂuxu
1089 647 1135 689 et
1164 631 1600 688 transmutatione
1621 637 1716 680 est.

140 739 209 794 Si
245 738 380 792 enim
411 743 564 796 esset,
595 727 989 801 reprehensibile
1025 725 1401 786 uniecrsaliter,
1432 719 1570 792 quod
1603 717 1720 770 nul-

135 829 252 882 lam
280 837 471 881 statum
509 823 661 876 liabet
703 830 1027 875 ex-natura:
1057 819 1146 871 sed
1185 817 1346 886 juxta
1400 810 1720 867 subtiliorem

140 918 397 970 rationem
426 928 625 972 eorum,
648 927 780 980 quae
803 909 855 962 in
878 907 1024 960 nobis
1050 916 1192 967 sunt,
1223 903 1486 974 quoddam
1512 898 1718 967 quidem

139 1015 271 1068 stat,
295 1003 558 1074 quoddam
598 1017 714 1053 vero
743 1015 806 1052 ea:
851 995 1196 1050 mutabilitate
1240 993 1452 1045 accidit.
1485 988 1724 1042 Mutatur

139 1095 282 1148 enim
324 1109 415 1161 per
441 1091 736 1144 auctionem
785 1096 832 1140 et
886 1084 1280 1138 diminutione»:
1307 1095 1516 1148 corpus,
1567 1074 1725 1130 veluti

141 1187 444 1240 uestimenta
495 1181 748 1251 quaedam
804 1187 1167 1246 consequentes
1216 1181 1411 1225 aetates
1459 1168 1721 1222 indutum.

143 1275 265 1330 Stat
298 1290 415 1328 rem
450 1289 541 1343 per
568 1285 771 1324 omnem
822 1267 1204 1321 conversionem
1251 1257 1724 1315 intransmutabilis

144 1370 206 1422 in
234 1385 287 1421 se
335 1368 446 1435 ipsa
477 1365 671 1434 forma,
701 1361 870 1414 insitis
912 1360 1011 1412 sibi
1050 1355 1205 1410 semel
1233 1370 1298 1408 ex
1327 1364 1518 1406 natura
1566 1351 1727 1418 signis

146 1474 258 1512 non
296 1455 616 1518 desistens’,
674 1452 761 1506 sed
817 1451 870 1503 in
922 1448 1158 1502 omnibus
1210 1444 1492 1499 secundum
1542 1456 1728 1510 corpus

145 1543 677 1600 transmutationibus
702 1556 820 1593 cum
861 1539 969 1591 suis
1003 1537 1297 1590 nationibus
1324 1541 1537 1604 apparet
1564 1547 1582 1585 :
1606 1531 1730 1584 sub-

146 1636 390 1688 trahetur
413 1633 435 1664 ⁶
463 1642 657 1694 autent,
704 1645 799 1699 per
829 1625 1054 1680 Verbum
1088 1624 1295 1678 Domini
1322 1622 1574 1684 videlicet,
1593 1621 1728 1690 ipsa,

148 1741 286 1796 quae
313 1739 377 1778 ea:
397 1722 636 1790 passione
656 1729 751 1780 est,
779 1716 1019 1775 mutatio,
1062 1731 1195 1783 quae
1217 1713 1237 1743 "
1264 1713 1462 1780 formae
1481 1723 1728 1779 superae-

987 344 1074 398 DE
1113 335 1456 396 DIVISIONE
1495 331 1842 390 NATURAE.
1878 360 1950 374 —
1980 326 2183 382 LlBER
2217 322 2566 392 QUARTUS.

3289 313 3396 371 802

1826 445 1891 498 ad
1927 441 2368 510 compositionem
2408 437 2764 507 superadjecti
2816 452 2876 491 ac
2935 434 3096 490 veluti
3140 432 3393 504 superlini

1819 535 2061 604 corporis
2110 532 2380 601 pertinere
2429 545 2534 584 non
2584 528 2802 582 dubium
2853 537 2954 582 est.
3005 527 3158 594 Quod
3201 540 3398 594 corpus

1820 623 2102 678 materiale
2128 631 2182 674 et
2225 619 2461 675 exterius
2506 616 2669 672 veluti
2717 617 2984 686 quoddam
3018 616 3397 670 vestimentum
3441 663 3448 667 .

1823 713 2157 783 signaculum
2188 710 2231 743 “
2264 710 2537 765 interioris
2567 718 2621 763 et
2669 709 2932 763 naturalis
2961 724 3066 762 non
3109 709 3402 778 incongrue

1823 803 2160 873 intelligitur.
2199 800 2440 854 Movetur
2483 799 2624 852 enim
2657 813 2752 867 per
2796 806 3036 866 tempora
3077 806 3134 850 et
3176 803 3398 856 aetates.

1827 901 2175 962 augmentum
2216 898 2267 944 et
2317 888 2693 942 detrimentum
2727 885 2808 939 sui
2837 885 3114 954 patiendo,
3147 883 3235 938 illo
3262 899 3405 938 setn-
3441 924 3446 928 .

1825 994 1921 1050 per
1945 979 2186 1034 interiori
2216 978 2268 1031 in
2296 991 2392 1030 suo
2423 983 2563 1028 statu
2592 973 3100 1026 incommutabiliter
3127 981 3402 1026 manente.

1897 1071 1984 1124 15.
2022 1069 2127 1124 Sed
2152 1068 2407 1138 quoniam
2424 1075 2473 1120 et
2491 1065 2620 1118 illud
2637 1065 2914 1118 exleriusa
2934 1063 3043 1118 Deo
3057 1063 3254 1118 factum
3267 1061 3412 1116 est"

1829 1168 1884 1216 et
1897 1159 2321 1230 superadditum,
2339 1157 2550 1209 divinae
2570 1154 2823 1208 bonitatis
2837 1153 3148 1224 magniludo
3165 1163 3219 1208 et
3234 1152 3411 1206 inlini-

1830 1260 1882 1304 ta
1907 1264 2032 1317 erga
2060 1247 2264 1308 omnia,
2288 1261 2425 1314 quae
2442 1254 2586 1306 sunt,
2607 1243 2954 1313 providentia
3004 1243 3174 1298 noluit
3199 1243 3414 1312 penitus

1829 1338 2062 1409 perire“
2082 1346 2135 1392 et
2155 1338 2219 1392 ad
2237 1336 2459 1391 nihilum
2485 1335 2673 1404 redigi,
2689 1336 2812 1404 quia
2825 1335 2892 1388 ab
2915 1335 3024 1404 ipsa
3041 1346 3143 1398 est,
3165 1343 3412 1390 ctextre-

1832 1445 1977 1484 mum
2004 1427 2054 1482 in
2087 1427 2349 1482 creaturis
2377 1426 2586 1479 obtinet
2610 1425 2872 1487 ordinem;
2896 1440 3054 1493 porro
3085 1426 3208 1494 quia
3229 1441 3416 1492 omne,

1832 1521 1974 1592 quod
2014 1521 2064 1574 in
2100 1519 2242 1572 hunc
2268 1516 2523 1570 mundum
2553 1532 2648 1585 per
2667 1517 3069 1584 generationem
3101 1518 3342 1571 localiter
3362 1527 3420 1572 et

1836 1608 2206 1679 temporaliter
2234 1605 2497 1668 nascitur,
2522 1622 2624 1659 non
2649 1613 2823 1674 potest
2842 1605 3162 1670 [inec-arere,
3182 1607 3294 1659 sive
3321 1606 3422 1658 mi-

1834 1699 1996 1754 nimis
2019 1698 2082 1759 ",
2110 1697 2318 1757 utdies,
2346 1697 2527 1758 horae,
2547 1707 2840 1759 momenta,
2857 1697 2969 1750 sive
2985 1696 3253 1759 maximis,
3270 1705 3422 1750 utse-

149 1787 303 1868 cidit.
340 1787 480 1864 Nam
504 1809 661 1862 veluti
703 1807 862 1876 facies
903 1803 1161 1871 quaedam
1207 1801 1379 1854 aliena
1412 1800 1433 1830 ⁵
1478 1799 1589 1867 ipsa
1644 1813 1734 1867 per
1768 1815 1812 1872 Β
1840 1789 1982 1854 cula,
2015 1788 2128 1842 sive
2155 1787 2370 1850 mediis,
2401 1795 2460 1840 ut
2488 1795 2711 1849 aetates,
2747 1787 2870 1838 anni
2900 1795 3223 1855 temporum,
3258 1788 3423 1840 inter-

149 1894 535 1963 informitatem
563 1889 866 1958 deformitas
900 1887 1122 1954 fortnam
1154 1881 1506 1950 deprehendit,
1528 1897 1632 1949 qua
1663 1882 1740 1933 in-

153 1961 424 2045 formitate
479 1987 570 2040 per
609 1967 828 2021 Verbum
871 1964 1276 2026 circumablata,
1307 1963 1440 2015 sicut
1493 1961 1743 2015 Naaman

154 2069 350 2138 Syrus,
372 2083 460 2120 seu
485 2064 659 2117 decem
681 2061 703 2092 ⁶
731 2061 826 2131 qui
848 2060 900 2113 in
925 2055 1205 2127 Evanger
1228 2063 1536 2117 narrantur,
1558 2053 1743 2105 iterum

155 2159 436 2210 obscurata
463 2153 558 2207 sub
579 2151 818 2221 passione
834 2149 994 2218 facies
1021 2163 1112 2216 per
1135 2146 1411 2199 sanitatem
1435 2145 1487 2196 in
1512 2143 1622 2196 suis
1653 2157 1746 2193 no-

152 2243 390 2297 tionibus
447 2240 659 2293 relucet.
699 2236 873 2306 Igitur
911 2236 964 2288 in
1009 2233 1363 2301 deiformitate
1406 2233 1616 2284 aninmo
1638 2245 1745 2282 non

157 2330 350 2401 ﬂuxile
395 2345 487 2398 per
533 2325 934 2380 mutabilitatem
989 2333 1038 2376 et
1091 2318 1489 2374 transmutabile
1530 2327 1625 2381 est,
1655 2316 1746 2376 sed

157 2421 301 2488 quod
323 2428 586 2489 permanet
608 2415 951 2484 similiterque
985 2413 1038 2464 in
1069 2421 1247 2464 nostra
1277 2409 1604 2462 concretione
1652 2408 1748 2460 Ita-

160 2511 336 2573 betur,
387 2509 483 2561 ltoc
532 2501 738 2560 animae
790 2503 1057 2557 inseritur.
1091 2500 1159 2554 Et
1190 2499 1436 2570 quoniam
1482 2499 1623 2568 ipsas
1658 2512 1750 2566 per

162 2603 387 2671 speciem
414 2599 737 2669 differentias
781 2598 924 2667 ipsae
949 2593 1222 2648 mutabiles
1249 2591 1591 2645 concretionis
1618 2606 1750 2658 qua-

163 2692 338 2745 litates
360 2689 741 2759 superformant
767 2687 809 2748 ',
840 2685 1098 2738 concretio
1148 2699 1266 2736 vero
1296 2698 1397 2736 non
1437 2681 1545 2733 alia
1586 2695 1748 2749 quae-

162 2782 294 2835 dam
320 2779 341 2811 ⁸
366 2788 440 2833 est
493 2788 697 2848 praeter
737 2774 1105 2830 elementorum
1149 2771 1428 2825 mixturam
1455 2786 1473 2835 ;
1500 2768 1750 2822 elementa

165 2881 346 2926 autem
399 2868 618 2922 dicimus
667 2865 1024 2919 universitatis
1064 2876 1278 2931 corpore
1319 2857 1339 2886 '
1394 2856 1777 2924 constitutioni

167 2960 407 3030 subjecta
437 2998 453 3023 ,
513 2973 578 3011 ex
624 2955 812 3026 quibus
861 2955 1018 3008 etiam
1053 2953 1340 3004 humanum
1387 2963 1574 3017 corpus
1624 2962 1750 2999 con-

169 3062 278 3107 stat
325 3075 340 3108 .-
385 3049 674 3104 uecessario
733 3047 900 3116 specie
967 3042 1122 3098 ueluti
1193 3042 1437 3108 descripti
1497 3035 1754 3108 signaculi

1841 1876 1997 1931 Vallis
2048 1877 2190 1930 inter
2238 1876 2560 1945 principium
2615 1875 2911 1930 nativitatis
2966 1878 3017 1930 in
3070 1879 3210 1932 hanc
3259 1880 3424 1932 vitam

1841 1965 2189 2036 ejusdemque
2221 1966 2362 2020 vitae
2398 1965 2556 2020 linem
2601 1965 2954 2035 interpositis,
3006 1969 3238 2022 naturali
3277 1982 3428 2022 crea-

1844 2066 2086 2110 turarum
2112 2055 2452 2109 ordinatione
2469 2055 2736 2124 exigente.
2771 2054 2942 2112 Omne
2966 2057 3254 2124 siquidem,
3280 2058 3425 2128 quod

1847 2146 1900 2200 in
1945 2145 2144 2199 mundo
2173 2159 2237 2198 ex
2273 2143 2470 2198 nmndo
2519 2145 2874 2214 compositum
2909 2145 3098 2216 incipit
3141 2162 3282 2207 esse,
3330 2163 3428 2200 ne-

1847 2253 2004 2292 cesse
2039 2245 2125 2291 est
2161 2235 2352 2290 resolvi
2407 2244 2462 2289 et
2503 2250 2622 2288 cum
2652 2238 2851 2291 mundo
2887 2238 3124 2293 interire.
3171 2237 3434 2293 Necessa¢

1848 2326 1986 2379 rium
2017 2335 2155 2388 erat,
2181 2325 2423 2378 exterius
2468 2339 2530 2377 ac
2562 2325 2839 2379 materiale
2878 2341 3076 2396 corpus
3111 2327 3245 2381 solvi
3278 2330 3329 2382 in
3367 2345 3432 2385 ea

1849 2416 2133 2480 elementa,
2171 2430 2234 2470 ex
2267 2415 2463 2485 quibus
2489 2425 2826 2484 assumptum
2857 2428 2962 2479 est,
3001 2433 3106 2470 non
3143 2427 3318 2474 autem
3347 2434 3436 2473 ne-

1849 2505 2169 2569 cessarium,
2219 2505 2416 2573 perire,
2463 2505 2716 2573 quoniam
2753 2521 2818 2559 ex
2869 2506 2978 2560 Deo
3013 2517 3149 2571 erat,
3187 2519 3438 2563 manente

1849 2612 2064 2666 semper
2109 2597 2351 2652 interiori
2400 2597 2514 2662 illo,
2541 2607 2594 2650 ct.
2620 2597 3132 2655 inconnnutabiliter
3167 2608 3343 2656 stante
3383 2602 3442 2656 in

1852 2691 1967 2744 suis
2010 2689 2327 2753 rationibus,
2382 2691 2677 2744 secundum
2711 2705 2846 2759 quas
2876 2707 3002 2747 cum
3051 2695 3228 2747 anima
3281 2703 3337 2747 et
3382 2695 3439 2748 in

1854 2781 2034 2835 anima
2077 2788 2132 2835 et
2157 2796 2253 2850 per
2292 2781 2528 2834 animam
2571 2790 2626 2834 et
2664 2792 2883 2851 propter
2910 2783 3144 2836 animam
3174 2785 3438 2837 constitu-

1857 2883 1970 2927 tum
2018 2885 2121 2928 est.
2174 2873 2438 2940 Quoniam
2485 2887 2615 2926 vero
2663 2872 2807 2926 illius
2861 2873 3106 2942 corporis
3147 2873 3442 2928 materialis

1858 2974 2019 3033 atque
2047 2962 2291 3018 solubilis
2318 2969 2499 3015 manet
2531 2961 2582 3015 in
2615 2962 2796 3023 anima
2835 2963 3068 3030 species,
3116 2977 3221 3016 non
3269 2962 3441 3017 solum

1859 3057 1951 3111 illo
1982 3059 2212 3121 vivente,
2250 3070 2436 3109 verum
2487 3055 2651 3109 etiam
2695 3065 2818 3124 post
2847 3054 2962 3124 ejus
3013 3053 3336 3111 solutionem
3387 3064 3444 3109 et

170 3142 380 3211 formae
423 3138 466 3169 ὀ
507 3139 562 3191 in
604 3136 778 3190 anima
815 3142 1146 3204 permanente
1172 3174 1188 3197 ,
1243 3145 1406 3200 neque
1457 3129 1755 3198 reforman-

1862 3150 1914 3204 in
1944 3149 2209 3203 elementa
2238 3147 2422 3201 mundi
2453 3147 2719 3212 reditum;
2769 3147 3058 3216 disputatio
3083 3146 3279 3218 quippe
3306 3147 3445 3200 divi-

169 3232 248 3283 da
301 3231 355 3283 in
407 3224 674 3298 signaculo
700 3227 767 3278 ad
815 3225 1040 3292 formam
1071 3223 1135 3275 ab
1173 3239 1254 3286 ea,
1291 3220 1522 3274 videlicet
1551 3219 1754 3282 anima,

173 3322 486 3388 ignorantur
516 3358 532 3382 ,
576 3317 670 3369 sed
728 3317 781 3369 in
824 3325 1050 3384 tempore
1094 3310 1482 3380 reformationis
1528 3307 1621 3362 i'la
1667 3307 1761 3360 ite-

178 3426 297 3463 rum
343 3410 411 3463 ad
475 3426 529 3463 se
595 3410 761 3474 ipsam
833 3405 1090 3475 recipiet,
1155 3416 1489 3473 quaecunque
1559 3399 1762 3468 formae

176 3498 470 3552 charaaeri
514 3497 794 3566 coaptabit.
861 3491 1134 3564 Coaptabit
1180 3499 1355 3544 autem
1405 3488 1617 3542 omnino
1667 3485 1762 3538 illa

176 3586 263 3640 Itis
299 3594 364 3651 ιι,
399 3602 531 3657 quae
580 3585 644 3638 ab
675 3585 822 3638 initio
871 3585 925 3636 in
960 3582 1132 3652 {arma
1180 3579 1593 3633 cltaracterizata
1620 3587 1762 3631 sunt.

181 3671 421 3729 Videsne
445 3673 624 3742 igitur,
647 3689 806 3743 quam
839 3670 1107 3726 subtiliter
1129 3669 1174 3700 “
1203 3668 1410 3737 primae
1441 3666 1766 3720 conditionis

191 3762 580 3835 proprietatem
609 3763 675 3816 ab
704 3760 807 3823 his,
832 3774 969 3830 quae
999 3756 1342 3828 superaddita
1382 3765 1529 3819 sunt,
1560 3755 1764 3808 discer-

186 3855 311 3909 nit?
333 3853 696 3921 Quodcunque
719 3850 861 3907 cnim
887 3850 938 3903 in
962 3847 1210 3903 humanis
1231 3846 1549 3916 corporibus
1577 3845 1770 3898 immn-

188 3945 356 4001 tabile
386 3945 718 4014 intelligitur,
763 3942 969 4012 primae
987 3939 1311 3995 conditionis
1337 3939 1616 4008 proprium
1649 3945 1766 4001 est;

187 4035 447 4106 quicquid
485 4049 613 4088 vero
639 4034 691 4086 in
722 4032 800 4086 eis
835 4030 1086 4086 mutabile
1129 4045 1193 4085 ac
1225 4029 1271 4062 ¹³
1304 4025 1509 4083 varium
1535 4029 1771 4099 percipi-

190 4137 306 4190 tur,
345 4126 470 4180 Illud
497 4135 579 4180 est
607 4124 1056 4196 superadjectum,
1081 4131 1340 4193 extraque
1373 4131 1619 4175 naturam
1647 4121 1775 4175 sub-

191 4219 462 4274 stitutum.
488 4216 872 4272 Universaliter
899 4226 1078 4269 autem
1107 4215 1161 4268 in
1183 4214 1432 4268 omnibus
1457 4212 1774 4282 corporibus

191 4310 447 4366 humanis
495 4323 600 4362 una
648 4308 944 4375 eademque
992 4304 1160 4359 forma
1205 4302 1505 4358 communis
1533 4303 1773 4355 omnium

195 4402 532 4472 intelligitur,
571 4410 625 4456 et
654 4416 864 4470 semper
899 4401 950 4453 in
979 4400 1228 4453 omnibus
1271 4398 1778 4452 inconnnutabiliter

1866 3240 1934 3293 tis
1979 3253 2102 3293 cum
2153 3238 2426 3292 Abraham
2485 3237 2757 3292 notionem
2806 3252 3092 3307 corporum
3148 3238 3445 3292 adhaerere

1864 3330 2148 3386 animabus
2190 3338 2310 3399 post
2355 3338 2584 3385 mortem
2622 3330 2859 3385 indicat:
2897 3341 3180 3401 propterea
3210 3333 3447 3402 partium

1867 3421 2050 3484 illius,
2109 3421 2417 3490 ubicunque
2471 3420 2857 3475 elementorum
2911 3423 3052 3482 sint,
3097 3438 3221 3478 .non
3272 3433 3452 3494 potest

1867 3513 2043 3566 anima
2067 3512 2336 3576 oblivisci,
2361 3521 2454 3564 aut
2479 3526 2572 3566 eas
2596 3513 2826 3566 nescire.
2857 3512 3113 3579 Quamvis
3142 3514 3284 3569 enim
3319 3530 3449 3585 pro-

1866 3613 1988 3676 pter
2015 3613 2293 3674 peccatum
2336 3603 2713 3673 superadditae
2751 3604 2860 3658 sint
2899 3603 3164 3659 humanae
3203 3616 3448 3669 naturae,

1869 3697 1936 3750 ad
1971 3712 2091 3752 eam
2124 3705 2299 3750 tamen
2345 3709 2448 3748 nou
2477 3695 2750 3764 pertinere
2777 3710 2882 3749 non
2915 3705 3162 3765 possunt,
3189 3696 3449 3765 quoniam

1869 3786 1938 3839 ab
1995 3787 2184 3841 eodem
2240 3794 2464 3839 naturae
2521 3786 2801 3840 conditore
2852 3795 2908 3840 et
2968 3786 3182 3842 additae
3229 3796 3356 3842 sunt
3399 3799 3456 3841 ct

1872 3875 2065 3935 factae,
2091 3889 2154 3928 ac
2186 3889 2281 3941 per
2309 3873 2413 3928 hoc
2456 3873 2508 3926 in
2556 3876 2952 3931 restauratione
2996 3876 3227 3931 hominis
3256 3877 3309 3931 in
3337 3880 3454 3930 uni-

1873 3975 2038 4020 tatem
2071 3975 2295 4019 naturae
2338 3965 2672 4019 revocandae
2705 3977 2829 4019 sunt
2867 3967 2945 4029 “,
2987 3966 3113 4021 dum
3158 3968 3334 4021 anima
3381 3977 3456 4020 to-

1875 4066 1986 4110 tum
2012 4055 2113 4109 sibi
2156 4055 2428 4108 subditum
2474 4056 2888 4109 resurrectionis
2934 4065 3174 4126 tempore
3207 4058 3450 4126 recipiet.

1877 4145 1939 4198 Et
1980 4144 2084 4199 hoc
2132 4152 2239 4208 est,
2287 4143 2431 4213 quod
2469 4143 2544 4196 ait
2591 4144 2884 4213 magister:
2931 4143 3242 4200 Necessario
3288 4149 3456 4215 specie

1875 4235 2029 4289 veluti
2055 4234 2288 4302 discripti
2320 4233 2578 4303 signaculi
2621 4234 2820 4303 formae
2861 4235 2911 4289 ¹⁹,
2943 4237 2998 4288 in
3039 4237 3215 4290 anima
3243 4253 3455 4306 perma-

1879 4336 2050 4388 nente,
2085 4340 2244 4394 neque
2277 4323 2612 4392 reformando
2643 4325 2696 4376 in
2721 4325 2992 4395 signaculo
3024 4327 3093 4379 ad
3127 4326 3349 4396 formam
3391 4328 3455 4380 ab

1876 4431 1936 4466 ea
1980 4415 2308 4482 ignorantur.
2336 4415 2412 4467 Ac
2451 4412 2496 4466 si
2525 4413 2751 4478 diceret,
2799 4414 2922 4468 dum
2955 4416 3182 4483 species,
3233 4416 3335 4470 hoc
3375 4426 3458 4469 est

193 4503 329 4550 stat.
376 4492 510 4547 Nam
565 4491 982 4548 innun'terabiles
1017 4489 1372 4554 differentiae,
1404 4504 1542 4558 quae
1588 4488 1764 4543 eidem
1797 4505 2017 4570 υηοιίυ
2064 4504 2317 4573 Λεπτίνη
2362 4505 2623 4574 signaculi
2653 4544 2668 4568 '
2712 4505 2998 4561 exterioris
3037 4506 3290 4561 videlicet
3336 4522 3458 4562 cor-

196 4583 409 4639 formae
435 4582 704 4647 accidunt,
737 4597 840 4636 non
862 4597 928 4636 ex
959 4581 1165 4635 ratione
1193 4582 1398 4650 primae
1421 4579 1768 4644 conditionis,

196 4673 294 4729 sed
337 4691 404 4729 ex
433 4673 776 4742 qualitatibus
800 4671 1224 4741 corruptibilium
1257 4670 1522 4726 seminum
1568 4668 1776 4723 contin-

196 4773 355 4834 gunt.
385 4763 503 4833 Ipsa
547 4763 709 4832 igitur
752 4761 919 4816 forma
949 4761 1245 4832 spiritualis
1275 4759 1553 4830 spirituale
1582 4775 1777 4828 corpus

200 4865 311 4920 est,
347 4856 400 4909 in
426 4856 597 4924 prima
620 4855 930 4910 conditione
977 4853 1207 4907 hominis
1234 4851 1436 4907 factum
1465 4870 1478 4906 :
1507 4853 1648 4920 quod
1678 4867 1776 4905 au-

207 4958 317 5002 tem
342 4960 410 5000 ex
439 4945 685 5010 materia,
707 4946 808 5000 hoc
833 4952 935 5008 est,
966 4959 1032 4998 ex
1065 4945 1414 5012 qualitatibus
1438 4953 1492 4998 et
1513 4944 1781 5012 quantita-

204 5039 356 5092 tibus
399 5045 652 5105 quattuor
679 5035 1064 5090 elementorum
1115 5034 1298 5088 mundi
1339 5033 1608 5088 sensibilis
1662 5049 1784 5089 cum

207 5131 331 5198 ipsa
359 5127 527 5182 forma
549 5126 882 5196 qualitativa,
910 5126 978 5180 de
1002 5140 1108 5195 qua
1137 5125 1188 5178 in
1219 5125 1487 5194 prioribus
1506 5123 1660 5179 libris
1682 5126 1789 5179 dis-

208 5217 537 5286 putavimus,
591 5215 842 5286 quoniam
899 5223 956 5268 et
995 5213 1178 5284 augeri
1213 5221 1267 5267 et
1292 5213 1458 5266 minui
1487 5213 1782 5283 patiuntur,

1881 4595 2050 4665 poris,
2083 4594 2224 4662 quod
2249 4602 2407 4648 vocat
2434 4593 2478 4624 ³⁸
2508 4593 2843 4663 signaculum
2875 4595 3164 4658 interioris,
3205 4597 3256 4650 in
3282 4597 3461 4650 anima

1883 4694 2183 4754 permanet,
2230 4686 2390 4739 etiam
2425 4694 2545 4754 post
2587 4685 2844 4754 signaculi
2889 4687 3210 4741 solutionem
3243 4698 3463 4756 prepter

1884 4775 2029 4828 illam
2074 4775 2367 4836 notionem,
2415 4789 2577 4842 quam
2613 4788 2827 4843 semper
2871 4775 3050 4836 habet.
3101 4792 3206 4830 non
3251 4778 3468 4846 ignorat

1887 4873 2071 4932 partes
2111 4862 2372 4930 signaculi
2419 4878 2516 4931 per
2543 4861 2808 4917 elementa
2859 4878 3095 4933 sparsas,
3139 4875 3467 4920 ettrcsurre-

1887 4951 2081 5004 ctionis
2126 4952 2211 5004 die
2253 4951 2294 4984 ¹¹
2343 4951 2394 5004 in
2439 4951 2736 5022 signaculo,
2770 4954 2873 5008 hoc
2908 4964 3014 5016 est.
3042 4957 3094 5010 in
3134 4972 3361 5025 corpore
3400 4957 3469 5009 ad

1888 5041 2116 5097 formam
2142 5043 2373 5104 animae,
2404 5044 2545 5110 quod
2569 5052 2652 5096 est
2678 5045 2903 5099 interius
2923 5061 3138 5115 corpus,
3171 5047 3467 5099 reforman-

1890 5132 2006 5185 das.
2041 5131 2134 5184 Est
2160 5129 2302 5184 enim
2332 5132 2572 5186 exterius
2597 5140 2653 5185 et
2687 5135 2965 5189 materiale
2994 5151 3189 5204 corpus
3223 5136 3468 5206 signacu-

1893 5219 2002 5275 lum
2040 5219 2331 5284 interioris,
2359 5219 2411 5273 in
2447 5235 2553 5291 quo
2581 5220 2752 5276 lorma
2799 5225 3012 5278 animae
3040 5226 3378 5296 exprimitur,
3407 5242 3473 5280 ac

1490 5344 1746 5401 VARIAE
1781 5347 2181 5406 LECTIONES.

289 5479 306 5510 ι
339 5469 392 5523 in
415 5481 523 5523 om.
549 5467 612 5521 Α.

212 5540 440 5593 mutatio
459 5553 595 5609 quae
618 5538 814 5590 morbo.
859 5605 876 5609 _
893 5535 912 5564 ⁵
936 5535 982 5588 Α
1005 5534 1074 5609 ad
1097 5535 1292 5588 aliena.

691 5466 712 5498 ²
736 5462 828 5521 Sic
850 5463 980 5529 CF.;
1005 5463 1046 5517 Α
1079 5463 1238 5518 insita
1260 5462 1360 5518 sibi
1383 5478 1430 5517 s.
1454 5477 1502 5518 e.
1522 5479 1576 5517 n.
1607 5465 1755 5533 signa
1785 5481 1840 5517 n.
1872 5467 2136 5520 amittens.

1368 5533 1390 5564 '
1418 5533 1509 5607 Sic
1529 5534 1722 5607 (λετ-Α
1750 5535 1891 5587 sicut
1914 5537 1968 5587 in
2003 5533 2249 5607 Naaman
2274 5555 2364 5591 seu
2390 5540 2444 5592 in
2470 5540 2570 5603 Itis,
2596 5541 2684 5607 qui
2711 5541 2760 5592 in
2814 5538 3094 5607 Evangelia
3125 5551 3227 5592 cet.

2230 5467 2251 5498 ³
2277 5466 2368 5522 Sic
2399 5467 2524 5533 CF;
2555 5469 2596 5522 A
2629 5469 2970 5523 subtrahitur.
3046 5468 3067 5500 ⁸
3098 5466 3186 5524 Sic
3206 5471 3320 5536 CF;
3350 5471 3388 5524 Α
3413 5491 3474 5527 ea

3330 5543 3348 5572 ⁷
3385 5543 3475 5596 Sic

215 5609 395 5672 CF;A
421 5603 818 5676 transformant.
857 5604 1353 5676 aqua_ed_amo_u_t.AA.
1388 5607 1410 5638 ⁹
1434 5603 1522 5659 Sic
1536 5603 1698 5676 CF;l‘.
1715 5619 1991 5676 corporeae
2006 5606 2316 5676 ?—corpore
2334 5609 2523 5661 om.A.
2579 5603 2837 5676 "formae
2853 5603 3040 5660 otan.
3101 5609 3138 5638 ¹¹
3171 5610 3251 5662 Itis
3271 5624 3378 5664 om.
3408 5613 3473 5664 Λ.

217 5682 264 5714 ¹¹
295 5680 388 5762 Sic
404 5677 488 5733 CF
505 5675 597 5762 ;.
612 5675 886 5762 ‘similiter:

206 5762 450 5817 penitus.

963 5674 1006 5710 ³³
1037 5673 1129 5727 Sic
1166 5673 1282 5738 CF;
1315 5674 1360 5728 A
1395 5685 1464 5728 et.

529 5748 568 5779 "
599 5747 718 5801 Ain
759 5745 1014 5799 minimis.
1112 5743 1154 5775 ¹⁸
1207 5755 1324 5798 sunt
1363 5761 1470 5801 out.
1500 5744 1564 5799 A.

657 5837 926 5896 PATROL.
951 5834 1204 5895 CXXII.

1545 5673 1589 5704 ”
1610 5673 1938 5742 signaculum
1969 5690 2077 5729 om.
2111 5679 2177 5730 A.

1642 5745 1686 5778 ¹⁹
1737 5743 1936 5811 formae
1965 5761 2072 5801 om.
2106 5747 2171 5800 A.

2256 5677 2300 5708 ¹⁵
2326 5678 2410 5731 CF
2433 5688 2505 5730 est
2535 5678 2752 5746 factum.
2850 5677 2893 5708 “
2916 5678 3002 5731 Sic
3053 5677 3170 5742 CF;
3223 5682 3266 5731 Α
3307 5685 3478 5747 perire

2271 5748 2314 5778 ²¹⁰
2349 5750 2438 5803 Sic
2468 5747 2572 5812 CF;
2602 5749 2645 5800 Λ
2675 5757 2905 5802 vocatur.
2983 5750 3025 5786 ἰ
3068 5749 3152 5800 die
3197 5764 3305 5804 om.
3338 5752 3405 5806 A.

3001 5835 3084 5898 26
