4028 6282
566 339 672 403 805

1944 343 2227 401 JOANNIS
2265 345 2461 402 SCOTI

3744 355 3853 409 θυι

566 476 663 534 per
685 460 787 515 hac
827 459 999 516 forma
1024 459 1141 529 ejus
1185 459 1580 515 rationabiliter
1621 458 1941 528 appellatur.
1976 458 2043 512 Et
2069 473 2139 514 ne
2164 463 2214 524 Α
2239 460 2378 530 quod
2411 476 2504 529 per
2546 470 2618 516 tot
2646 477 2811 515 annos
2851 478 2953 517 non
2978 473 3098 517 sunt
3143 467 3332 520 ob.'rita
3362 468 3401 500 ει
3430 470 3604 539 :qsid
3626 473 3856 535 mirum.

565 568 653 608 me
682 551 987 615 existimes,
1014 551 1120 605 duo
1144 565 1373 619 corpora
1411 546 1675 603 naturalia
1704 547 1758 601 in
1801 563 1906 600 uno
1933 547 2149 604 homine

566 644 784 699 docere.
818 641 995 698 Unum
1026 642 1172 698 enim
1203 648 1291 696 est
1323 654 1542 711 corpus.
1583 653 1691 708 quo
1725 635 2150 692 connaturaliter

567 743 623 788 et
645 731 1182 789 consubstantialiter
1209 732 1423 785 animae
1450 737 1734 798 compacto
1780 729 1942 783 homo
1983 726 2152 783 conti.

566 828 733 882 citur.
761 826 896 881 Illud
926 824 1191 895 siquidem
1219 822 1523 889 materiale,
1548 820 1693 891 quod
1722 827 1804 875 est
1839 818 2153 890 superaddi-

574 927 711 982 tum,
771 916 972 971 rectius
1025 914 1404 969 vestimentum
1472 912 1741 982 quoddam
1803 908 2062 965 mutabile
2099 916 2155 963 et

572 1004 924 1076 corruptibile
969 1003 1081 1058 veri
1132 1018 1197 1058 ac
1247 1002 1506 1057 naturalis
1566 1001 1814 1071 corporis
1863 1000 2152 1070 accipitur,

574 1110 736 1164 quam
767 1109 952 1149 verum
996 1108 1211 1163 corpus.
1251 1091 1369 1147 Non
1417 1093 1562 1146 enim
1614 1106 1803 1145 verum
1850 1098 1954 1154 est,
2012 1088 2155 1159 quod

575 1201 787 1257 semper
817 1202 923 1240 non
969 1194 1166 1249 manet,
1200 1195 1278 1249 et,
1327 1194 1386 1239 ut
1426 1184 1502 1238 ait
1540 1194 1763 1239 sanctus
1787 1183 2154 1255 Augustinus:

577 1276 734 1340 Quod
768 1276 947 1345 incipit
979 1291 1089 1329 esse
1114 1274 1251 1345 quod
1279 1291 1381 1328 non
1413 1285 1550 1339 erat,
1574 1283 1620 1327 et
1655 1273 1847 1327 desinit
1872 1289 1981 1327 esse
2019 1272 2157 1342 quod

576 1379 671 1429 est,
707 1366 824 1436 jam
873 1382 977 1419 non
1014 1375 1107 1419 est.
1135 1364 1265 1419 lude
1293 1364 1370 1427 lit.
1404 1366 1549 1434 quod
1578 1380 1793 1434 semper
1820 1380 1927 1418 non
1955 1362 2160 1432 simpli-

578 1459 739 1522 citer,
780 1458 873 1512 sed
903 1473 1023 1512 cum
1068 1457 1435 1511 additamenta
1482 1456 1663 1526 aliqua
1706 1457 1923 1526 partitur
1964 1470 2184 1523 corpus

577 1550 686 1603 hoc
711 1549 727 1579 ¹
752 1547 979 1603 mortale
1007 1546 1091 1601 vel
1116 1546 1465 1615 corruptibile
1494 1544 1577 1600 vel
1618 1553 1890 1599 terrenum
1915 1543 1998 1597 vel
2046 1542 2163 1596 ani-

581 1639 740 1704 male,
801 1638 868 1693 ad
922 1637 1304 1691 discretionem
1358 1636 1527 1706 ipsius
1581 1635 1840 1704 simplicis
1896 1633 2159 1703 corporis,

579 1730 720 1798 quod
755 1729 1004 1800 primitus
1030 1729 1083 1783 in
1120 1728 1336 1783 homine
1376 1727 1653 1783 conditum
1708 1727 1729 1759 ²
1770 1734 1875 1792 est,
1916 1735 1973 1781 et
2017 1726 2162 1781 quod

581 1821 822 1876 futurum
850 1828 954 1877 est.

654 1910 742 1964 14.
785 1908 930 1965 Dtsc.
981 1909 1120 1977 Quid
1158 1924 1287 1980 ergo
1311 1908 1753 1978 respondebimus
1777 1904 2179 1962 sanctissimo”-

583 2000 1031 2070 divinissimoque
1079 2000 1347 2069 theologi),
1393 1999 1694 2069 Augustino"
1753 1998 2021 2063 videlicet,
2071 1996 2165 2068 qui

582 2091 872 2160 praedictis
920 2090 1221 2144 rationibus
1264 2089 1520 2161 refragari
1550 2089 1796 2143 videtur?
1817 2087 1947 2141 Nam
1976 2086 2088 2142 fere
2111 2088 2167 2142 in

582 2182 838 2237 outuibus
895 2182 1008 2236 suis
1056 2181 1208 2235 libris
1270 2181 1650 2236 incunctanter
1700 2181 1911 2244 asserit,
1963 2195 2159 2249 corpus

584 2270 746 2341 primi
772 2270 1004 2327 hominis
1030 2278 1154 2324 ante
1189 2278 1467 2340 peccatum
1499 2269 1733 2325 animale
1773 2269 1960 2336 fuisse,
1992 2279 2165 2325 terre-

514 2388 519 2391 τ
586 2377 738 2426 ιιιιιιι,
769 2360 1014 2423 mortale,
1046 2362 1294 2430 quamvis
1317 2376 1422 2414 non
1464 2370 1786 2427 moreretur,
1826 2363 1869 2417 si
1902 2379 2007 2417 non
2044 2377 2168 2433 pec-

578 2462 753 2515 caret,
794 2451 1069 2523 peccando
1097 2468 1226 2507 vero
1256 2462 1544 2518 mortuum,
1568 2455 1707 2508 sicut
1735 2456 1810 2509 ait
1840 2454 2162 2525 Apostolus:

586 2545 787 2616 Corpus
815 2546 1021 2616 quidem
1044 2555 1304 2599 mortuum
1332 2558 1542 2615 prop'er
1576 2558 1865 2616 peccatum.
1900 2547 2036 2601 ilinc
2060 2556 2165 2610 est,

584 2634 727 2705 quod
759 2634 812 2689 in
844 2635 1018 2704 primo
1050 2635 1187 2688 libro
1231 2635 1298 2690 de
1334 2634 1607 2705 Baplismn
1630 2636 1994 2705 parvulorum,
2038 2652 2168 2690 cnn—

585 2731 809 2785 vincens
828 2743 939 2791 eos,
974 2729 1062 2798 qui
1090 2730 1276 2784 dicunt
1316 2730 1487 2784 Adam
1518 2730 1596 2785 sic
1634 2741 1893 2796 creatum,
1924 2740 1983 2785 ut
2004 2732 2168 2785 etiam

587 2818 705 2874 sine
734 2819 942 2888 peccati
984 2819 1178 2873 merito
1220 2829 1541 2883 moreretur,
1586 2834 1691 2874 non
1741 2835 1913 2890 poena
1955 2820 2166 2889 culpae,

586 2909 680 2964 sed
698 2909 1022 2964 necessitate
1052 2919 1275 2963 naturae
1300 2927 1313 2962 :
1339 2908 1480 2974 Quid
1502 2926 1647 2980 ergo,
1672 2910 1865 2979 inquit,
1892 2908 2172 2979 responde-

587 3001 712 3055 bunt
739 3000 783 3068 ⁵,
807 3018 926 3055 cum
968 3000 1180 3072 legitur,
1205 3004 1302 3055 hoc
1343 3001 1510 3056 Deum
1560 3003 1727 3072 primo
1768 3002 1965 3056 homini
2008 3002 2166 3055 etiam

586 3103 699 3162 post
756 3084 1025 3164 peccatum
1089 3094 1407 3163 increpando
1464 3104 1510 3146 et
1561 3095 1864 3148 danmando
1910 3095 2106 3148 dixisse
2148 3109 2168 3148 :

2252 552 2298 606 si
2362 553 2619 607 obedienti
2679 554 2878 609 homini
2916 555 3150 624 ejusdem
3207 560 3497 629 praeceptis
3529 562 3577 595 "
3610 566 3856 631 potentia

2251 652 2625 712 praestaretur,
2659 652 2717 696 ut
2765 643 2995 698 animale
3043 645 3141 698 hoc
3181 656 3229 700 et
3287 647 3331 683 ⁸³
3376 650 3600 704 mortale
3650 653 3861 706 habens

2254 748 2459 802 corpus,
2519 733 2727 788 haberet
2779 734 2835 787 in
2881 751 2941 788 eo
2983 736 3245 799 quendam
3295 748 3512 806 statuat,
3577 758 3690 812 quo
3745 744 3861 799 sine

2254 822 2456 892 defectu
2484 834 2613 878 esset
2646 841 2925 883 annosum.
2973 836 3220 894 tempore,
3245 846 3349 898 quo
3403 829 3549 885 Deus
3597 832 3779 896 vellet,
3826 853 3861 884 ιι

2255 914 2574 968 mortalitate
2588 916 2658 968 ad
2672 915 3119 970 immortalitatem
3147 936 3260 973 stne
3288 921 3456 973 media
3483 931 3657 974 morte
3675 934 3866 975 centu-

2258 1002 2389 1056 rus?
2422 1003 2570 1057 Sicut
2598 1006 2734 1058 enim
2755 1006 2882 1059 haec
2914 1006 2941 1074 ἱ⁴
2966 1023 3024 1059 sa
3048 1023 3195 1070 caro,
3219 1025 3373 1078 quam
3402 1026 3544 1064 nunc
3570 1010 3859 1070 habemus.

2258 1108 2364 1145 non
2394 1092 2511 1145 ideo
2550 1108 2653 1145 non
2674 1102 2748 1146 est
2776 1092 3132 1159 rulaerubilis,
3156 1096 3281 1164 quia
3304 1113 3409 1150 non
3428 1107 3501 1151 est
3534 1115 3775 1163 necesse,
3807 1112 3864 1153 nt

2259 1180 2589 1246 vulneretur;
2620 1182 2696 1236 sic
2738 1181 2831 1236 illa
2860 1200 2964 1237 non
2994 1184 3110 1238 ideo
3150 1202 3254 1239 non
3288 1185 3387 1255 fuit
3426 1187 3700 1252 mortalis,
3732 1192 3863 1259 quia

2260 1289 2365 1327 non
2402 1284 2512 1326 erat
2550 1290 2753 1328 necesse
2777 1283 2833 1327 ut
2863 1284 3150 1328 moreretur
3183 1274 3249 1328 ”.
3278 1274 3455 1330 Talem
3480 1285 3613 1347 puto
3649 1278 3869 1331 habitu-

2259 1363 2434 1416 dinem
2461 1362 2634 1416 adltuc
2673 1362 2727 1416 in
2764 1379 2978 1432 corpore
3009 1363 3229 1417 animali
3256 1374 3410 1435 atque
3442 1365 3669 1420 mortali
3701 1369 3864 1420 etiam

2259 1453 2389 1518 illis,
2419 1455 2507 1525 qui
2536 1454 2647 1507 sine
2673 1463 2836 1507 morte
2859 1453 2978 1506 hinc
3008 1453 3251 1508 translati
3283 1464 3428 1521 sunt,
3451 1456 3623 1525 fuisse
3648 1473 3865 1510 conces-

2260 1561 2394 1599 sam.
2427 1544 2608 1615 Neque
2644 1546 2781 1598 enim
2811 1544 2988 1598 Enoch
3013 1555 3061 1598 et
3089 1543 3236 1600 Elius
3260 1563 3354 1617 per
3380 1560 3488 1600 tam
3521 1547 3744 1618 longam
3771 1564 3865 1601 ae.

2263 1642 2420 1687 tatem
2460 1643 2720 1687 senectute
2762 1645 3116 1700 marcuerunt,
3166 1652 3258 1691 nec
3290 1645 3499 1704 tamen,
3548 1639 3750 1704 credo,
3776 1655 3868 1691 eos

2255 1725 2372 1795 jam
2398 1726 2451 1779 in
2480 1725 2627 1778 illam
2664 1725 2987 1794 spiritualem
3011 1725 3315 1796 qualitatem
3352 1728 3592 1798 corporis
3619 1744 3863 1782 comme-

2192 1814 2236 1873 B
2265 1826 2421 1880 tatos,
2448 1815 2618 1887 qualis
2645 1818 2699 1870 in
2729 1819 3102 1872 resurreaione
3128 1820 3470 1888 promittitur,
3490 1836 3633 1892 quae
3665 1822 3724 1874 in
3760 1820 3867 1874 Do-

2268 1907 2408 1961 mino
2433 1908 2602 1977 prima
2630 1910 2941 1977 praecessit,
2972 1909 3075 1962 nisi
3101 1910 3224 1980 quia
3263 1910 3349 1964 isti
3382 1910 3614 1978 fortasse
3654 1930 3752 1966 nec
3787 1914 3866 1965 bis

2269 1999 2395 2053 cibis
2422 2008 2591 2070 egent,
2614 2002 2703 2070 qui
2731 2002 2814 2054 sui
2854 2004 3244 2072 consumptione
3273 2004 3317 2035 ⁸⁸
3350 2005 3614 2074 reﬁciunt.
3658 2005 3767 2061 Sed
3806 2025 3869 2061 ex

2268 2105 2369 2162 quo
2400 2089 2643 2144 translati
2665 2101 2808 2155 sunt,
2836 2092 2909 2144 ita
2938 2092 3111 2145 vivunt
3136 2132 3150 2156 ,
3189 2103 3243 2146 ut
3272 2094 3491 2148 similem
3521 2095 3756 2149 habeant
3781 2114 3867 2150 so-

2268 2180 2503 2234 cietatem
2529 2178 2633 2233 illis
2663 2180 3013 2251 quadraginta
3043 2180 3246 2246 diebus,
3274 2182 3460 2252 quibus
3489 2182 3649 2237 Elius
3679 2200 3748 2237 es:
3775 2199 3865 2236 ca-

2268 2268 2367 2323 lice
2391 2285 2557 2339 aquae
2576 2279 2622 2323 et
2647 2286 2712 2323 ex
2734 2269 2986 2340 collyride
3001 2270 3155 2340 panis
3174 2270 3285 2325 sine
3304 2270 3417 2324 cibo
3438 2272 3569 2324 vixit
3587 2288 3611 2336 ;
3634 2282 3730 2326 aut
3753 2273 3800 2326 si
3820 2280 3867 2325 et

2267 2362 2349 2416 Itis
2377 2360 2744 2415 sustentaculis
2770 2377 2897 2431 apus
2919 2371 3015 2425 est,
3039 2362 3113 2414 ita
3142 2362 3196 2415 in
3221 2360 3471 2431 paradiso
3491 2361 3726 2430 fortasse
3748 2379 3866 2432 pss-

2269 2462 2478 2517 cuntur,
2501 2453 2636 2506 sicut
2652 2453 2842 2517 Adam,
2863 2454 3170 2522 priusquam
3188 2462 3399 2523 propter
3414 2466 3695 2523 peccatum
3721 2456 3865 2507 catino

2268 2546 2333 2600 de
2358 2546 2497 2600 exire
2520 2542 2810 2600 tuernisset.
2847 2544 3085 2600 Habebat
3123 2546 3283 2611 enim,
3311 2555 3567 2616 quantum
3596 2546 3863 2609 existimo.

2269 2647 2316 2691 ct
2345 2638 2409 2691 de
2438 2637 2694 2707 lignorum
2729 2636 2986 2706 fructibus
3019 2636 3350 2705 refectionem
3388 2647 3573 2689 contra
3612 2637 3866 2705 defectio-

2271 2744 2418 2791 nem,
2451 2737 2497 2782 et
2530 2728 2594 2781 de
2624 2727 2764 2797 ligno
2797 2727 2930 2782 vitae
2952 2726 3287 2781 stabilitatem
3312 2734 3498 2780 contra
3526 2737 3861 2781 vetustatem.

2252 2819 2337 2874 .Et
2373 2820 2499 2889 quid
2545 2820 2612 2874 ad
2655 2833 2803 2883 rem,
2844 2827 2992 2872 tanta
3027 2816 3072 2849 "
3103 2818 3240 2872 tanti
3278 2827 3334 2872 et
3371 2828 3481 2872 tam
3530 2821 3720 2889 magni
3769 2819 3866 2872 viri

2272 2910 2580 2967 testimonia
2608 2925 2960 2981 exaggerare,
2984 2924 3106 2964 cum
3135 2908 3386 2963 omnibus
3415 2908 3589 2964 libros
3616 2909 3767 2964 illius
3793 2909 3864 2963 leo

2271 3002 2539 3071 gentibus,
2573 3009 2629 3056 et
2653 3001 2887 3055 maxime
2911 3001 2977 3055 de
3004 2999 3201 3056 Genesi
3238 3001 3306 3055 ad
3347 3000 3566 3055 literam
3594 3009 3654 3057 et
3684 3002 3755 3056 de
3776 3000 3865 3056 Cio

2269 3092 2435 3146 vitale
2481 3090 2596 3155 Dei,
2619 3088 3115 3144 manifestissimum
3155 3088 3255 3153 sit,
3289 3088 3364 3142 nil
3391 3087 3539 3142 aliud
3564 3089 3773 3144 docere
3801 3088 3869 3141 de

589 3180 756 3235 Terra
797 3199 871 3247 es,
907 3191 954 3236 et
1002 3182 1058 3236 in
1100 3193 1294 3236 terram
1322 3183 1420 3237 ibis
1439 3184 1464 3236 .9
1510 3181 1691 3254 Neque
1718 3185 1853 3238 enim
1884 3186 2168 3239 secundum
2198 3174 2242 3236 C
2275 3197 2503 3252 corpore
2525 3181 2682 3251 primi
2707 3180 2941 3235 hominis
2962 3187 3087 3234 ante
3107 3187 3403 3248 peccatum,
3432 3195 3600 3249 quam
3630 3179 3869 3233 animale

587 3271 840 3336 animam,
868 3271 980 3337 sed,
1011 3272 1150 3342 quod
1182 3272 1515 3342 manifestum
1543 3284 1640 3334 est.
1668 3275 1954 3328 secundum
1981 3292 2169 3345 corpus

588 3356 729 3414 terra
754 3372 888 3425 erat,
928 3372 975 3416 et
1016 3372 1182 3415 morte
1222 3361 1454 3432 ejusdem
1503 3365 1739 3434 corporis
1780 3374 1890 3418 erat
1916 3365 2087 3419 iturus
2114 3366 2170 3420 in

590 3466 805 3508 terram.
832 3454 1080 3520 Quamvis
1101 3456 1237 3508 enim
1253 3457 1536 3510 secundant
1560 3474 1746 3526 corpus
1776 3466 1913 3511 terra
1935 3468 2091 3521 esset,
2119 3464 2169 3510 et

590 3559 797 3612 corpus,
838 3545 893 3596 in
929 3561 1034 3614 quo
1053 3555 1260 3599 creatus
1302 3554 1398 3608 est,
1423 3544 1655 3598 animale
1692 3556 1937 3616 gestaret,
1970 3556 2167 3610 tamen,

590 3634 636 3686 si
673 3650 776 3688 non
802 3646 1084 3704 peccasset,
1127 3635 1180 3689 in
1205 3652 1390 3704 corpus
1415 3635 1545 3704 [oret
1590 3636 1612 3667 ⁵
1649 3635 1919 3704 spirituale
1954 3647 2167 3690 mutan-

588 3724 773 3787 dus,et
799 3726 852 3778 in
889 3725 1033 3779 illum
1050 3726 1513 3794 incorruptionem,
1543 3742 1677 3795 qu-re
1692 3725 1729 3794 ﬁ
1748 3725 1935 3779 lelibus
1959 3736 2005 3779 et
2044 3742 2165 3780 san-

591 3825 688 3868 ctts
718 3817 1057 3885 promittitur,
1087 3819 1199 3870 sine
1224 3816 1649 3885 mortispericulo
1668 3819 2008 3870 transiturus.
2057 3815 2166 3871 Cu-

582 3904 675 3973 jus
708 3907 783 3958 rei
812 3905 1127 3960 desiderium
1153 3922 1245 3960 nos
1271 3907 1459 3961 habere
1481 3924 1582 3961 non
1610 3907 1779 3961 solum
1804 3908 1902 3978 ipsi
1917 3908 2167 3962 sentimus

588 3996 645 4049 in
684 3996 1051 4055 nobiswerum
1081 3999 1238 4051 etiam
1271 4009 1509 4052 monente
1556 3997 1577 4030 ‘
1623 3999 1871 4067 Apostolo
1933 4000 2170 4068 agnosci-

585 4101 704 4139 mus
724 4087 767 4151 ',
790 4087 879 4140 ubi
905 4087 979 4140 ait
1002 4103 1021 4140 :
1054 4086 1258 4141 Etenim
1278 4088 1332 4142 in
1355 4088 1451 4142 hoc
1470 4089 1873 4159 ingemiscimus,
1896 4089 2173 4142 habitacu-

588 4175 697 4229 lum
720 4186 979 4239 uostrmn,
1000 4177 1138 4246 quod
1175 4175 1240 4231 de
1261 4176 1403 4231 caelo
1430 4188 1525 4242 est,
1555 4180 1860 4248 superindai
1881 4179 2165 4247 cupientes,

587 4268 634 4320 si
659 4280 832 4321 tamen
858 4267 1050 4331 induti,
1084 4283 1186 4321 non
1219 4268 1346 4321 nudi
1381 4269 1725 4342 inveniamur.
1747 4269 1950 4325 Etenim
1966 4270 2055 4340 qui
2077 4287 2167 4323 su-

588 4374 705 4410 mus
734 4359 789 4410 in
810 4359 908 4410 hac
936 4356 1276 4420 habitatione,
1315 4358 1699 4426 ingemisciums
1728 4361 1952 4429 gravati,
1982 4360 2034 4411 iu
2064 4375 2166 4429 quo

591 4446 833 4500 uoluntas
882 4447 1180 4516 exspoliari,
1207 4451 1295 4502 sed
1325 4452 1673 4519 supert'estiri,
1726 4461 1779 4504 ut
1827 4451 2168 4504 absorbeatur

2272 3283 2434 3346 atque
2471 3272 2696 3329 mortale
2737 3271 2926 3328 fuisse.
2968 3270 3023 3327 Si
3061 3273 3204 3326 cnim
3234 3269 3465 3326 animale
3502 3284 3611 3324 non
3645 3270 3867 3333 luisset,

2272 3364 2542 3436 quomodo
2569 3364 2637 3418 de
2673 3361 2938 3419 fructibus
2971 3362 3211 3432 paradisi
3245 3361 3529 3418 comedere
3549 3362 3866 3432 iuberetur,

2274 3469 2341 3508 ne
2370 3453 2641 3517 deﬁceret,
2668 3461 2723 3506 et
2762 3452 2829 3507 de
2865 3450 3011 3523 ligno
3041 3451 3209 3516 vitae,
3232 3466 3301 3506 ne
3329 3451 3678 3505 senesceret?
3700 3450 3842 3505 Nam

2273 3551 2332 3596 ut
2362 3542 2473 3611 ipse
2499 3556 2658 3610 saepe
2690 3539 2920 3605 asserit,
2954 3540 3113 3610 primi
3156 3539 3401 3597 homines
3427 3549 3553 3593 ante
3576 3541 3865 3608 praevari-

2271 3634 2538 3689 cationem
2563 3632 2626 3687 de
2646 3631 2913 3686 fructibus
2927 3631 3159 3702 paradisi
3182 3630 3536 3701 corporaliter
3555 3631 3869 3685 comedisse

2270 3740 2308 3795 p
2325 3725 2643 3778 -rhibentur.
2662 3721 2802 3776 MAG.
2828 3719 3083 3791 Quisquis
3108 3721 3220 3776 vult
3250 3721 3294 3753 "
3322 3729 3378 3776 et
3404 3730 3608 3791 potest,
3638 3738 3842 3791 respan

2272 3818 2396 3872 deat
2428 3834 2441 3870 :
2476 3815 2607 3870 mihi
2631 3825 2810 3869 autem
2839 3824 2894 3870 et
2922 3814 3039 3879 tibi,
3066 3813 3109 3868 si
3134 3812 3325 3882 placet,
3355 3812 3610 3877 sulliciat,
3638 3822 3867 3866 sentcn-

2274 3908 2374 3962 tias
2402 3915 2714 3963 sanctorum
2734 3904 2955 3959 Patrum
2980 3904 3046 3960 de
3066 3902 3450 3959 constitutione
3473 3902 3713 3957 hominis
3740 3914 3869 3957 ante

2270 4006 2548 4067 peccatum
2575 3998 2777 4068 legere,
2802 4004 2876 4062 et,
2908 3995 3036 4066 quid
3057 3994 3420 4066 unusquisque
3444 4009 3631 4050 eorum
3665 3996 3865 4057 voluit,

2270 4096 2427 4141 cauta
2454 4102 2518 4141 ac
2539 4086 2779 4155 diligenti
2813 4085 3161 4156 inquisitione
3187 4099 3467 4156 quaerere.
3493 4082 3640 4137 Lites
3674 4095 3865 4137 autem

2271 4177 2414 4232 inter
2446 4190 2541 4231 eos
2587 4176 2949 4239 constituere,
2996 4192 3101 4229 non
3148 4183 3230 4229 est
3265 4183 3537 4237 nostrum,
3579 4183 3673 4226 aut
3718 4176 3865 4228 hunc

2268 4265 2597 4319 constituere
2617 4304 2633 4329 ,
2673 4264 2816 4319 hunc
2851 4271 3031 4318 autem
3062 4262 3340 4326 refellere,
3369 4263 3621 4327 Scientes,
3657 4274 3792 4333 pust
3824 4266 3867 4295 "

2269 4362 2487 4410 sanctos
2509 4354 2792 4425 Apostolos
2815 4354 3020 4409 nullum
3052 4355 3194 4424 apud
3222 4354 3457 4410 Graecos
3481 4354 3644 4409 fuisse
3677 4356 3735 4409 in
3770 4372 3870 4411 es-

2268 4447 2627 4518 positionibus
2654 4447 2869 4502 divinae
2897 4445 3211 4517 Scripturae
3254 4447 3472 4515 majoris
3510 4449 3867 4502 auctoritatis

588 4539 859 4592 utttrtalea
901 4541 1028 4595 vita.
1061 4538 1287 4596 Proinde
1314 4542 1359 4595 si
1392 4558 1495 4595 non
1531 4554 1788 4612 peccasset
1827 4544 2014 4604 Adam,
2057 4560 2159 4598 non
2194 4537 2237 4595 ἰ)
2265 4537 2528 4609 Gregorio
2584 4536 2860 4608 llneologo,
2900 4536 3106 4591 nullum
3140 4537 3282 4607 apud
3326 4537 3592 4591 Romanos
3625 4537 3867 4593 Aurelio

587 4635 700 4678 erat
720 4628 1090 4695 exspoliundus
1110 4645 1339 4699 corpore,
1364 4630 1453 4683 sed
1478 4632 1922 4700 superaestiendus
1950 4626 2164 4686 immor-

587 4714 789 4768 talitate
835 4726 883 4769 et
910 4716 1315 4786 incorruptione,
1345 4728 1402 4772 ut
1444 4719 1806 4774 absorberetur
1829 4720 1851 4753 ⁸
1874 4721 2092 4775 mortale
2128 4738 2161 4775 a

585 4814 715 4869 vita,
738 4804 795 4857 id
822 4814 898 4859 est
932 4806 997 4859 ab
1020 4806 1240 4861 animali
1277 4807 1331 4860 in
1355 4808 1630 4877 spirituale
1668 4810 1932 4863 transiret.
1983 4809 2162 4880 Neque

580 4896 723 4948 “enim
750 4897 1081 4950 metuendum
1108 4897 1228 4966 fuit,
1261 4915 1323 4952 ue
1350 4898 1484 4966 forte
1505 4900 1702 4951 diutius
1724 4901 1806 4952 lu'c
1836 4901 2015 4953 vireret
2059 4902 2081 4933 ⁹
2105 4902 2160 4953 in

585 5000 801 5053 corpore
827 4984 1063 5048 aninmli,
1095 4996 1142 5039 et
1162 4987 1202 5017 "’
1213 4997 1468 5039 senectute
1487 4997 1811 5056 gravaretur,
1833 4998 1877 5041 et
1908 4987 2160 5056 paulatim

576 5076 948 5129 Aveterasceado
993 5078 1277 5145 perueniret
1318 5079 1386 5129 ad
1435 5089 1667 5130 mortem.
1721 5076 1779 5131 Si
1832 5079 1967 5130 enim
2023 5077 2161 5132 Deus

584 5162 950 5219 lsraelitarum
1011 5168 1322 5221 vestimentis
1372 5176 1418 5220 et
1466 5166 1831 5221 calceamentis
1881 5169 2161 5237 praestitit,

2266 4629 2588 4700 Augustino.
2615 4626 2681 4682 Et
2705 4628 2858 4698 quid,
2881 4627 2924 4684 si
2952 4628 3005 4682 in
3033 4627 3135 4682 hac
3160 4628 3319 4682 veluti
3343 4629 3715 4683 controversia
3746 4646 3865 4683 ma-

2267 4736 2496 4792 gnorum
2537 4721 2775 4774 virorum
2815 4720 3083 4790 quendam
3119 4734 3437 4775 consensum
3476 4719 3711 4775 velimus
3743 4738 3866 4774 ma-

2266 4810 2496 4874 chinari,
2527 4810 2790 4876 dicentes,
2821 4808 2948 4863 illud
2975 4824 3190 4879 corpus,
3220 4809 3363 4879 quod
3399 4807 3695 4878 Gregorius
3725 4810 3865 4864 dicit

2267 4903 2448 4957 divina
2494 4902 2849 4971 praescientia
2893 4910 3115 4971 propter
3152 4900 3392 4956 futurum
3430 4908 3719 4970 peccatum
3760 4901 3866 4956 br-

2267 4993 2399 5048 mini
2457 4991 2984 5061 supermacbinatnm
3034 4992 3378 5061 exteriusque
3430 4989 3751 5059 adjectum,
3808 4992 3865 5046 id

2264 5084 2437 5153 ipsum
2478 5084 2546 5138 ab
2577 5083 2877 5153 Augustino
2904 5085 3135 5138 animale
3165 5093 3414 5138 vocatum
3434 5123 3450 5146 ,
3476 5083 3727 5151 duasque
3758 5084 3861 5137 ho-

2266 5174 2429 5229 minis
2475 5173 2910 5241 constitutiones,
2960 5189 3121 5228 unam
3167 5174 3382 5244 quidem
3436 5173 3504 5227 ad
3550 5173 3861 5243 imaginem

1888 5303 2139 5359 VARME
2180 5304 2587 5362 LECTIONES.

658 5458 676 5489 ⁸
703 5461 799 5513 hoc
824 5475 932 5515 om.
964 5460 1028 5514 Α.
1104 5460 1123 5490 ¹
1150 5458 1240 5514 Sic
1260 5458 1378 5522 CF;
1411 5459 1451 5511 A
1479 5458 1696 5512 editum.

606 5530 773 5599 inquit
796 5535 953 5598 om.).
1027 5530 1049 5561 ⁸
1078 5528 1169 5584 Sic
1197 5529 1315 5591 CF;
1340 5531 1383 5582 A
1416 5529 1609 5597 fuerat.

648 5600 1005 5677 absorbeatur.
1061 5600 1120 5677 _'
1153 5599 1263 5677 Sic_
1291 5599 1404 5663 Cl";
1546 5599 1777 5677 uirendo.

584 5668 629 5703 “
679 5669 771 5721 Sic
797 5668 909 5733 CF;
938 5683 1033 5736 pro
1052 5670 1147 5721 hoc
1166 5681 1210 5721 et
1238 5668 1282 5721 Α
1305 5686 1386 5720 ae.
1464 5668 1507 5698 ¹’⁸
1539 5668 1580 5719 Α
1614 5677 1665 5719 ιιι
1696 5685 1796 5722 non
1829 5681 2146 5725 turn-eretur.

586 5739 627 5778 ιτ
659 5735 746 5796 Sic
772 5736 855 5791 CF
884 5756 895 5802 ;
932 5735 975 5790 Α
1002 5738 1253 5807 Quisquis
1276 5739 1434 5807 igitur
1473 5736 1603 5791 vult.
1679 5738 1723 5769 ⁸⁵
1750 5740 1788 5791 Α
1817 5751 2039 5809 pra-ter.

1794 5459 1943 5539 {Sic
2058 5477 2072 5519 :
2092 5462 2144 5539 ΔΔ
2169 5462 2538 5539 scientissimo.

1731 5529 1753 5560 ⁸
1784 5531 1872 5583 Sic
1928 5531 2042 5594 (ιιες
2078 5534 2120 5585 Α
2171 5533 2503 5587 admonente.

1901 5600 1941 5634 ¹⁰
1987 5614 2032 5654 et
2085 5618 2195 5656 om.
2228 5604 2293 5656 Α.

2638 5462 3003 5560 £329.13}.
3048 5455 3413 5560 (ἒέῗῖἷηῖἕῖἕὶ
3445 5457 3859 5560 "Talai-'19?

2420 5544 2503 5587 tte.
2630 5534 2651 5566 "
2683 5534 2774 5589 Sic
2817 5532 2934 5594 CF;
2970 5534 3011 5585 Α
3054 5527 3434 5602 cognoscimus.
3528 5531 3549 5560 ⁸
3588 5527 3680 5581 Sic
3716 5529 3854 5589 (1F;

2420 5603 2459 5634 ”
2490 5601 2582 5656 Sic
2627 5602 2753 5668 CF;
2798 5603 2844 5656 Α
2882 5604 3084 5655 attrita.
3218 5603 3259 5632 ¹²
3292 5601 3578 5669 praeceptis
3629 5613 3745 5651 ιιιιι.
3782 5600 3856 5651 Α.

2253 5673 2299 5705 ¹³
2325 5673 2415 5729 Sic
2442 5673 2514 5738 A;
2543 5673 2626 5729 CF
2657 5673 3123 5727 consummatione.
3203 5670 3247 5703 “
3278 5674 3367 5728 Sic
3392 5670 3509 5733 Cl";
3540 5669 3577 5722 Α
3611 5677 3855 5721 tantum.
