4028 6282
196 290 296 339 803

1050 282 1137 335 DE
1176 282 1513 338 DIVISIONE
1554 281 1903 337 NATURAE.
1947 315 1992 322 —
2053 284 2249 340 LIBER
2290 286 2639 354 QUARTUS.

3360 295 3464 352 806

196 396 290 448 Dei
326 390 750 445 suhstantialitcr
778 389 995 455 factum,
1029 391 1251 445 alteram
1287 408 1414 449 vero
1444 395 1598 464 longe
1638 398 1774 450 ima-
1806 408 1853 462 Α
1883 410 1965 453 tus
1994 402 2143 455 estin
2189 404 2343 455 corde
2372 420 2483 456 suo.
2515 404 2685 469 Quam
2728 408 2887 476 igitur
2928 410 3101 477 felices
3136 421 3280 466 crant
3308 414 3469 482 primi

192 485 321 554 gine
343 493 361 523 ι
398 484 707 545 distantem,
730 492 784 535 et
812 483 863 535 in
888 483 1181 537 masculum
1205 496 1258 537 et
1282 484 1533 539 feminam
1558 496 1777 556 propter

190 588 476 647 peccatum
502 577 750 637 divisam,
775 575 1092 645 Gregorium
1120 592 1225 629 non
1271 578 1527 640 tacuisse,
1570 594 1730 631 unam
1754 580 1775 611 ⁸

1879 490 2136 553 homines,
2178 499 2226 542 et
2271 491 2429 544 nullis
2469 494 2808 562 agitabantur
2838 500 3314 566 perturbationibus
3354 509 3471 557 ani-

1882 596 2121 644 morum,
2170 580 2329 633 nullis
2381 599 2658 652 corporum
2710 585 3047 641 laedebantur
3087 592 3472 648 incommodis:

191 682 325 720 vero
355 668 497 719 illam
540 665 592 718 iu
624 664 919 718 masculum
954 674 1009 717 et
1050 663 1303 719 feminam
1333 666 1642 734 bipertitam
1670 668 1782 720 Au-
1876 680 1989 723 tam
2023 671 2150 740 felix
2181 673 2419 726 universa
2463 676 2682 729 societas
2712 687 2840 730 esset
2879 679 3142 743 humana,
3182 684 3226 735 si
3265 700 3357 737 nec
3393 685 3475 737 illi

191 757 469 827 gustinum
500 756 731 818 dixisse,
769 754 995 808 alteram
1023 770 1183 816 vero,
1215 771 1356 823 quae
1385 756 1451 807 ad
1485 757 1776 825 imaginem

194 849 291 902 Dei
322 856 426 906 est.
450 847 704 915 onmique
730 862 862 900 sexu
892 855 1063 909 caret,
1088 847 1377 901 siluisse'?
1406 849 1543 914 Quid
1572 851 1637 903 ad
1666 866 1779 904 rem

191 938 505 1008 pertinebit,
529 952 652 990 cum
681 936 969 989 verisimile
996 952 1099 989 non
1130 937 1374 990 videatur
1394 938 1458 992 de
1481 938 1782 1008 Augustino

189 1028 505 1091 aestimare,
531 1042 649 1080 eam
680 1026 701 1056 ⁸
728 1026 1092 1079 conditionem
1122 1027 1355 1081 hominis
1396 1029 1463 1081 ad
1492 1029 1779 1096 imaginem

191 1119 290 1174 Dei
316 1119 546 1183 siluisse,
562 1133 682 1171 eam
714 1132 1018 1186 vero,quae
1046 1119 1339 1171 secundum
1361 1118 1682 1189 Gregorium
1715 1123 1781 1173 ad

186 1209 598 1263 similitudinem
614 1210 979 1277 jumentorum
997 1208 1363 1278 insipientium
1385 1212 1578 1264 merito
1594 1211 1779 1265 iuohe-

190 1299 430 1353 dientiae
457 1297 595 1351 facta
620 1307 726 1361 est,
755 1297 1094 1366 explanassc,
1116 1300 1436 1366 praesertim
1464 1316 1609 1363 cum,
1633 1302 1784 1369 quis-

186 1391 316 1458 quis
350 1390 516 1443 libros
546 1388 663 1457 ejus
690 1389 1051 1457 perspexerit,
1076 1389 1415 1456 apertissime
1447 1389 1700 1452 inveniet,
1732 1390 1784 1443 in

189 1483 369 1551 primo
411 1481 629 1535 homine
667 1480 965 1534 masculum
1008 1489 1064 1534 et
1110 1480 1367 1534 fetuinam
1397 1481 1465 1535 ad
1498 1481 1784 1549 imaginem

190 1573 290 1627 Dei
338 1571 511 1626 factos
552 1571 739 1635 fuisse,
791 1572 1012 1639 ipsaque
1055 1570 1309 1624 animalia
1358 1584 1610 1640 corpora,
1646 1588 1788 1641 quae

188 1673 321 1718 ante
350 1671 630 1733 peccatum
672 1672 1051 1731 gestaverant,
1092 1678 1197 1717 non
1238 1678 1305 1716 ex
1349 1677 1518 1733 poena
1554 1666 1784 1733 peccati,

1883 761 2102 825 malum,
2135 762 2275 831 quod
2315 764 2469 816 etiam
2506 766 2560 817 in
2596 778 2827 833 posteros
2865 770 3187 837 trajicerent,
3214 789 3305 826 nec
3332 775 3478 842 quis-

1881 869 2037 921 quam
2094 870 2159 905 ex
2209 854 2250 885 "
2303 871 2481 907 eorum
2522 857 2681 924 stirpe
2739 858 3059 927 iniquitatem
3098 864 3474 930 committeret,

1884 958 2017 1009 quae
2062 943 2452 997 damnationem
2497 946 2763 1015 reciperet.
2804 948 2971 1017 Atque
3008 949 3108 1001 ista
3145 966 3479 1015 permanetr'e

1886 1033 2156 1101 felicitate,
2180 1034 2345 1087 donec
2371 1052 2461 1105 per
2500 1036 2644 1089 illam
2677 1039 3104 1103 benedictionem,
3134 1056 3237 1109 qua
3257 1040 3476 1104 dictum,

1887 1134 1960 1176 est
2008 1137 2026 1173 :
2083 1122 2309 1178 Crescite
2360 1136 2407 1177 ct
2460 1126 2921 1194 multiplicamini,
2970 1129 3481 1198 praedestinatorunt

1889 1212 2207 1266 Sanctorum
2237 1231 2482 1267 numerus
2506 1215 2874 1285 compleretur,
2906 1217 3013 1270 alia
3042 1218 3217 1289 major
3239 1220 3479 1287 daretur,

1884 1319 2019 1371 quae
2056 1304 2365 1356 beatissimis
2392 1305 2590 1374 angelis
2622 1306 2750 1358 data
2779 1316 2854 1359 est
2874 1346 2888 1371 ,
2925 1308 3011 1360 ubi
3028 1307 3140 1376 jam
3179 1319 3310 1363 esset
3338 1321 3479 1364 certa

1886 1392 2137 1445 securitas
2156 1404 2507 1461 peccatorum,
2547 1396 2900 1465 neminemque
2920 1398 3253 1463 moriturum,
3282 1410 3331 1452 et
3358 1402 3467 1455 tali.

1887 1491 2018 1534 esset
2062 1483 2164 1534 vita
2214 1493 2516 1535 sanctorum
2564 1497 2677 1552 post
2738 1485 2940 1538 uallum
2988 1486 3207 1554 laboris,
3258 1490 3477 1547 doloris.

1889 1573 2071 1626 mortis
2107 1575 2547 1642 experimentum,
2583 1576 2755 1644 qualis
2787 1586 2883 1629 erit
2917 1587 3032 1645 post
3065 1579 3194 1632 haec
3222 1580 3397 1633 omnia
3426 1582 3480 1636 in

1889 1664 2279 1733 incorruptione
2303 1682 2577 1734 corporum
2608 1668 2812 1720 reddita
2847 1670 3220 1724 resurrectione
3245 1682 3483 1725 mortuo-

187 1757 289 1811 sed
318 1773 380 1809 ex
410 1756 735 1811 necessitate
776 1765 1004 1809 naturae
1047 1755 1403 1825 processisse,
1434 1756 1500 1809 ad
1529 1771 1783 1825 procrea-
1818 1774 1863 1833 Β
1892 1772 2029 1835 rum.
2079 1756 2225 1810 ldem
2262 1757 2315 1810 in
2360 1759 2548 1811 eodem
2594 1759 2851 1814 vicesimo
2895 1761 3084 1831 quinto
3124 1762 3168 1796 ”
3202 1765 3479 1833 capitulo:

188 1848 395 1901 tionem
435 1848 685 1901 videlicet
723 1847 1109 1916 praedestinati
1150 1858 1465 1902 sanctorum
1507 1849 1785 1903 hominum

190 1938 429 2003 numeri,
444 1946 499 1991 et
520 1937 767 1991 societati
797 1936 1073 2007 angelicae
1093 1931 1524 1992 beatitudinisex
1548 1938 1786 1992 humana

188 2038 390 2083 natura
417 2028 708 2092 adunandi,
728 2029 899 2083 donec
918 2028 1172 2083 caelestis
1194 2030 1383 2084 civitas
1408 2031 1608 2085 sanctis
1640 2031 1660 2061 '
1686 2048 1786 2085 an-

190 2120 328 2189 gelis
348 2120 657 2190 sanctisque
672 2120 979 2175 hominibus
994 2120 1341 2189 impleretur?
1356 2120 1461 2175 Sed
1477 2121 1661 2175 mirari
1678 2138 1783 2177 non

190 2212 513 2274 desino,cur
528 2211 653 2265 illud
668 2226 864 2281 corpus
877 2211 1111 2281 appellat
1125 2212 1401 2279 animale“,
1418 2214 1560 2282 quod
1577 2214 1787 2284 magnis

190 2300 443 2354 laudibus
478 2300 680 2355 exultat
723 2308 982 2370 tanquam
1021 2300 1305 2370 spirituale
1345 2312 1509 2371 atque
1545 2303 1783 2356 beatum.

188 2391 421 2446 Beatum
444 2402 623 2447 autem
641 2392 808 2447 fuisse
830 2404 955 2447 ante
980 2393 1235 2447 delictum
1260 2393 1347 2447 ille
1376 2394 1488 2463 ipse
1511 2394 1563 2447 in
1590 2403 1786 2463 quarto

191 2485 407 2538 decimo
434 2484 572 2539 libro
592 2485 659 2539 de
686 2484 917 2539 Civitate
940 2486 1033 2540 Dei
1062 2494 1293 2541 testatur
1314 2488 1524 2542 decimo
1549 2489 1782 2559 capitulo

187 2577 413 2632 dicens:
437 2577 542 2632 Sed
558 2589 733 2632 utrum
746 2580 946 2645 primus
962 2578 1116 2630 homo
1133 2577 1209 2632 vel
1224 2578 1380 2647 primi
1394 2579 1645 2644 homines,
1660 2580 1787 2632 duo-

190 2685 315 2721 rum
330 2679 438 2722 erat
456 2670 640 2739 quippe
652 2671 978 2739 confugium,
997 2671 1250 2723 habebant
1265 2670 1391 2723 istos
1406 2672 1646 2739 affectus,
1664 2688 1788 2725 con-

189 2759 571 2826 cupiscentiam
594 2759 824 2828 profecto
845 2770 892 2812 et
915 2758 1189 2823 laetitiam,
1205 2759 1440 2812 timorem
1462 2769 1507 2812 et
1531 2759 1783 2825 dolorem,

191 2852 250 2903 in
281 2866 497 2919 corpore
530 2851 750 2904 animali
792 2862 911 2905 ante
940 2860 1239 2919 peccatum,
1278 2848 1457 2919 quales
1483 2851 1538 2902 in
1572 2866 1787 2919 corpore

190 2941 461 3007 spirituali
493 2958 593 2994 non
626 2942 928 2995 habebimus
959 2942 1100 2994 omni
1133 2952 1353 3009 purgato
1393 2940 1644 3010 ﬁnitoque
1670 2958 1787 3010 pec-

192 3040 338 3093 cato,
371 3047 472 3084 non
504 3032 762 3084 immerito
792 3032 1081 3102 quaeritur.
1109 3029 1167 3084 Si
1193 3031 1329 3083 enim
1354 3030 1627 3091 habebant,
1657 3048 1787 3101 quo-

1904 1842 2109 1898 Vivebat
2133 1847 2306 1915 itaque
2329 1847 2481 1899 homo
2509 1849 2565 1901 in
2593 1850 2861 1917 paradiso,
2891 1853 3024 1903 sicut
3054 1851 3272 1917 volebat,
3295 1870 3487 1923 quam-

1888 1935 1981 1987 diu
2018 1936 2115 1989 hoc
2151 1937 2383 2000 volebat,
2422 1939 2561 2007 quod
2603 1937 2742 1992 Deus
2769 1939 3003 2008 jusserat
3024 1959 3045 2006 ;
3084 1943 3276 1996 vivebat
3300 1944 3482 2013 fruens

1887 2025 2019 2091 Deo,
2043 2043 2108 2080 ea:
2136 2044 2237 2097 quo
2276 2028 2409 2081 bono
2447 2040 2560 2082 erat
2591 2030 2793 2095 bonus;
2832 2032 3031 2086 vivebat
3070 2034 3183 2087 sine
3212 2033 3321 2087 ulla
3361 2051 3481 2105 ege-

1886 2122 2039 2184 state,
2091 2120 2166 2172 ita
2224 2135 2426 2189 semper
2467 2122 2631 2174 vivere
2681 2122 2874 2176 habens
2917 2124 2971 2177 in
3011 2135 3280 2193 potestate.
3322 2126 3482 2181 Cibus

1887 2208 2102 2272 aderat,
2143 2224 2207 2262 ne
2234 2210 2492 2272 esuriret;
2525 2220 2707 2273 potus,
2746 2228 2810 2264 ne
2853 2212 3053 2279 sitiret;
3088 2216 3288 2285 lignum
3314 2220 3480 2281 vitae,

1889 2312 1952 2349 ne
1989 2296 2139 2351 illum
2189 2309 2395 2351 senecta
2448 2298 2788 2353 dissolveret:
2839 2302 2974 2355 nihil
3026 2308 3377 2374 corruptionis
3426 2310 3483 2364 in

1888 2403 2125 2455 corpore,
2152 2388 2228 2441 vel
2257 2404 2321 2441 ea:
2352 2405 2567 2455 corpore
2596 2390 2734 2445 ullas
2776 2394 3041 2448 molestias
3072 2395 3195 2450 ullis
3225 2396 3338 2467 ejus
3360 2416 3483 2453 sen-

1886 2477 2029 2529 sibus
2072 2477 2359 2545 ingerebat.
2403 2478 2601 2533 Nullus
2639 2481 2951 2537 intrinsecus
3003 2486 3249 2552 morbus,
3306 2489 3484 2544 nullus

1885 2570 2019 2622 ictus
2035 2571 2705 2626 metuebaturea'trinsecus.
2722 2573 2941 2630 Summa
2958 2578 3009 2631 in
3024 2596 3181 2633 carne
3191 2584 3413 2647 sanitas,
3429 2586 3487 2640 in

1886 2661 2062 2713 animo
2088 2670 2197 2713 tota
2227 2662 2603 2731 tranquillitas.
2620 2661 2767 2717 Sicut
2783 2666 2836 2717 in
2850 2668 3098 2735 paradiso
3115 2670 3291 2724 nullus
3307 2684 3485 2726 aestus

1887 2759 1978 2801 aut
1998 2749 2187 2818 frigus,
2210 2751 2285 2803 ita
2310 2751 2362 2803 in
2386 2751 2501 2819 ejus
2525 2751 2818 2806 habitatore
2836 2753 2983 2807 nulla
3010 2771 3075 2809 ex
3100 2758 3385 2825 cupiditate
3405 2760 3485 2814 vel

1886 2856 1951 2893 ea:
1968 2840 2011 2871 “
2037 2842 2222 2894 timore
2246 2842 2520 2895 accedebat
2550 2844 2716 2895 bonae
2753 2844 3038 2900 voluntatis
3062 2848 3300 2915 offensio.
3333 2850 3483 2905 Nihil

1887 2933 2097 2985 omnino
2113 2932 2279 2994 triste,
2296 2931 2425 2984 nihil
2440 2941 2550 2985 erat
2567 2933 2792 2986 inaniter
2805 2933 3021 2999 laetum,
3038 2939 3290 3005 gaudium
3307 2957 3481 2995 verum

1886 3019 2292 3089 perpetuabatur
2316 3036 2380 3073 ea:
2408 3020 2534 3083 Deo,
2563 3021 2618 3074 in
2642 3037 2792 3090 queat
2822 3024 3083 3093 flagrabat
3110 3027 3306 3081 caritas
3336 3030 3401 3083 de
3438 3030 3483 3061 ⁸⁸

193 3120 355 3173 modo
381 3130 526 3172 erant
556 3120 694 3172 beati
724 3121 778 3173 in
804 3119 894 3173 illo
922 3118 1248 3172 memorabili
1283 3119 1616 3172 beatitudinis
1646 3118 1780 3185 loco,

1891 3109 2044 3162 corde
2084 3126 2241 3179 puro,
2287 3120 2333 3164 et
2380 3111 2697 3164 conscientia
2742 3112 2909 3175 bona,
2950 3122 2998 3167 et
3037 3114 3143 3183 fide
3191 3131 3294 3169 non
3333 3118 3480 3185 ﬁcta.

190 3212 252 3265 id
281 3221 375 3273 est,
403 3212 650 3280 paradiso
672 3212 697 3263 2’
723 3210 851 3275 Quis
871 3211 1080 3264 tandem
1104 3210 1339 3264 absolute
1358 3211 1464 3263 dici
1488 3212 1665 3264 beatus
1688 3227 1784 3280 po-

192 3312 337 3368 test,
387 3304 474 3373 qui
524 3303 711 3355 timore
758 3302 999 3372 afficitur,
1051 3300 1127 3355 vel
1170 3301 1391 3356 dolore?
1424 3300 1564 3367 Quid
1614 3313 1788 3356 autem

192 3396 380 3448 timere
402 3403 491 3447 aut
530 3394 706 3447 dolere
743 3403 979 3462 poterant
1025 3392 1105 3446 illi
1148 3394 1380 3447 homines
1429 3394 1483 3446 in
1522 3402 1788 3447 tantorum

194 3490 350 3537 tanta
394 3484 657 3554 afﬂuentia
697 3483 971 3543 bonorum,
1002 3483 1091 3535 ubi
1129 3499 1222 3536 nec
1260 3499 1401 3536 mors
1442 3482 1783 3545 metuebatur,

198 3591 296 3627 nec
310 3573 430 3627 'ulla
460 3575 691 3643 corporis
715 3574 855 3628 mala
878 3574 1141 3638 valetudo,
1165 3591 1257 3628 nec
1285 3576 1463 3628 aberat
1486 3577 1786 3645 quicquam,

194 3665 339 3733 quod
361 3666 493 3717 bona
516 3669 753 3718 voluntas
775 3681 877 3718 non
903 3665 1297 3733 adipisceretur,
1325 3681 1417 3719 nec
1442 3667 1627 3730 inerat,
1650 3666 1790 3736 quod

197 3769 412 3806 carnem
436 3755 728 3808 animumve
748 3755 973 3808 hominis
996 3754 1216 3823 feliciter
1238 3756 1454 3809 viventis
1470 3756 1793 3825 offenderet!

198 3843 367 3894 Amor
389 3852 499 3895 erat
527 3842 930 3910 imperturbatus
952 3844 1005 3896 in
1035 3843 1223 3908 Deum,
1250 3854 1403 3914 atque
1429 3845 1567 3898 inter
1584 3862 1638 3898 se
1661 3862 1788 3899 con-

192 3933 387 4004 jugum
414 3934 523 4001 fida
546 3949 611 3987 ac
637 3934 658 3966 "
691 3936 893 3989 sincera
915 3936 1161 3989 societate
1187 3936 1487 3999 viventium,
1527 3946 1575 3990 et
1598 3952 1662 3990 ex
1694 3938 1792 3989 hoc

201 4040 384 4078 amore
402 4024 599 4094 grande
618 4026 892 4096 gaudium,
917 4043 1019 4080 non
1042 4027 1337 4091 desistente,
1357 4027 1497 4097 quod
1515 4028 1795 4081 amabatur

200 4118 273 4171 ad
309 4117 606 4187 fruendum.
651 4119 784 4173 Erat
823 4121 1072 4175 devitatio
1117 4119 1403 4191 tranquilla
1442 4121 1661 4191 peccati,
1687 4136 1793 4187 qua

200 4219 445 4263 manente
468 4210 670 4264 nullum
692 4211 901 4265 omnino
924 4211 1167 4265 alicunde
1193 4212 1214 4242 ⁸
1241 4211 1460 4278 malum,
1488 4212 1628 4283 quod
1671 4228 1793 4265 con-

200 4300 437 4352 tristaret
468 4299 511 4364 ’,
562 4300 815 4354 irruebat.
859 4301 941 4354 An
981 4300 1116 4370 forte
1159 4300 1432 4371 cupiebant
1475 4300 1792 4369 prohibitum

199 4388 408 4457 lignum
432 4391 499 4441 ad
524 4391 833 4443 vescendum
856 4391 1171 4460 contingere,
1196 4390 1285 4444 sed
1316 4390 1449 4443 mori
1472 4389 1791 4454 metuebant,

1888 3199 2055 3268 Atque
2078 3201 2215 3252 inter
2247 3215 2302 3253 se
2334 3199 2613 3269 conjugum
2641 3200 2752 3268 fida
2776 3211 2823 3254 et
2859 3218 2924 3256 ea:
2960 3204 3174 3257 honesto
3199 3222 3377 3260 amore
3403 3224 3487 3260 so.

1889 3290 2070 3353 cietas,
2103 3306 2318 3343 concors
2343 3290 2529 3343 mentis
2570 3292 2903 3362 corporisque
2930 3295 3133 3362 vigilia,
3158 3304 3206 3348 et
3246 3297 3483 3353 mandati

1888 3381 2002 3434 sine
2029 3378 2208 3433 labore
2228 3380 2488 3434 custodia.
2520 3377 2640 3433 Non
2663 3379 2923 3434 lassitudo
2948 3382 3205 3452 fatigabat
3233 3386 3482 3450 otiosum,

1891 3487 1994 3524 non
2041 3486 2271 3523 sommus
2322 3470 2582 3539 premebat
2628 3470 2866 3523 invitum.
2909 3470 2977 3524 In
3030 3483 3178 3526 tanta
3228 3474 3485 3543 facilitate

1892 3578 2066 3615 rerum
2094 3571 2142 3614 et
2167 3561 2416 3629 felicitate
2440 3562 2712 3615 hominum
2739 3562 2897 3626 absit,
2922 3576 2977 3616 ut
3006 3566 3348 3634 suspicemur,
3379 3582 3484 3619 non

1890 3654 2119 3724 potuisse
2158 3652 2353 3722 prolem
2392 3654 2495 3707 seri
2532 3653 2578 3695 ι’
2624 3654 2737 3707 sine
2771 3653 3003 3709 libidinis
3042 3657 3240 3718 morbo,
3285 3659 3377 3711 sed
3422 3675 3482 3711 eo

1892 3743 2173 3798 voluntatis
2212 3755 2341 3797 nutu
2377 3754 2705 3797 moverentur
2731 3747 2959 3799 membra
2999 3746 3114 3811 illa,
3152 3764 3254 3816 quo
3288 3758 3485 3816 cetera,

1892 3845 1940 3887 et
1986 3837 2097 3889 sine
2152 3836 2361 3889 ardoris
2418 3835 2716 3889 illecebroso
2770 3837 3006 3903 stimulo,
3063 3855 3180 3892 cum
3223 3842 3484 3910 tranquil-

1894 3930 2041 3984 litate
2096 3931 2257 3983 unimi
2298 3942 2345 3984 et
2391 3932 2654 4000 corporis,
2697 3931 2843 3983 nulla
2889 3935 3223 4001 corruptione
3270 3934 3485 3999 integri-

1895 4025 2039 4087 tatis,
2100 4023 2465 4092 iufunderetur
2508 4023 2703 4091 gremio
2761 4023 2981 4076 maritus
3033 4025 3236 4077 uxoris.
3298 4023 3484 4078 Vides-

1896 4127 1993 4176 ne,
2044 4121 2303 4182 quantum
2374 4111 2587 4175 laudat,
2638 4121 2900 4180 quantum
2944 4112 3212 4180 gloriticat
3254 4111 3485 4167 felicita-

1898 4210 2004 4255 tem
2036 4201 2314 4271 utriusque
2341 4217 2502 4256 sexus
2530 4202 2581 4255 in
2612 4203 2863 4271 paradiso
2894 4212 3018 4256 ante
3055 4204 3483 4272 praevaricatio-

1899 4309 2041 4356 nem,
2074 4308 2235 4363 quam
2265 4302 2485 4348 sanctae
2524 4294 3086 4365 incontaminataetpte
3123 4297 3344 4366 nuptiae
3384 4298 3483 4353 lie-

1900 4394 2039 4448 rent,
2069 4383 2244 4454 qualis
2269 4398 2420 4438 amor
2442 4384 2926 4454 irreprehensihilis
2952 4383 3237 4457 conjugum
3258 4396 3313 4441 et
3344 4388 3488 4443 inse-

202 4491 270 4528 ac
291 4492 384 4544 per
414 4477 510 4530 hoc
546 4487 593 4531 et
634 4479 895 4547 cupiditas
918 4489 966 4532 et
1004 4490 1171 4532 metus
1190 4479 1307 4548 jam
1342 4491 1464 4531 tunc
1486 4478 1604 4533 illos
1630 4480 1793 4532 homi-
1826 4464 1874 4525 Ι)
1898 4476 2157 4546 parabilis
2178 4476 2428 4539 societas,
2451 4491 2613 4544 quam
2636 4475 2858 4544 pulchra
2874 4486 3183 4531 sanctorum
3205 4478 3487 4532 hominum

202 4579 303 4617 nes
327 4565 559 4619 etiamin
587 4566 677 4619 illo
698 4567 1032 4634 perturbabat
1054 4567 1166 4621 loco
1189 4568 1398 4632 ?Absit,
1424 4578 1477 4620 ut
1499 4568 1597 4621 hoc
1619 4569 1799 4622 existi-

203 4669 409 4708 memus
433 4654 616 4721 fuisse,
632 4656 719 4709 ubi
732 4656 935 4710 nullum
955 4667 1066 4711 erat
1082 4659 1295 4712 omnino
1307 4668 1596 4728 peccatum.
1617 4656 1799 4729 Neque

203 4746 348 4799 enim
382 4745 582 4799 nullum
612 4758 878 4816 peccatum
908 4758 1004 4811 est,
1028 4765 1108 4811 ea,
1142 4767 1275 4821 quae
1304 4750 1389 4803 lea:
1420 4750 1518 4803 Dei
1544 4750 1796 4819 prohibet,

205 4838 574 4905 concupiscere
591 4877 606 4901 ,
636 4846 790 4907 atque
817 4837 860 4869 ¹⁶
885 4839 948 4890 ab
980 4838 1060 4892 his
1091 4839 1348 4893 abstinere
1374 4840 1555 4892 timore
1580 4856 1794 4909 poenae,
1818 4822 1823 4827 ~

206 4943 319 4983 non
343 4943 521 4981 umore
540 4928 803 4997 justitiae.
829 4929 995 4994 Absit,
1021 4932 1257 5001 inquam,
1281 4940 1335 4984 ut
1363 4942 1482 4985 ante
1511 4947 1661 4984 omne
1679 4946 1797 4999 pec-

209 5030 392 5074 catum
412 5019 531 5089 jam
558 5020 627 5073 ibi
657 5019 813 5090 fuerit
840 5021 945 5075 tale
999 5031 1266 5090 peccatum
1285 5062 1300 5087 ,
1345 5032 1400 5075 ut
1431 5022 1527 5075 hoc
1556 5021 1620 5075 de
1652 5020 1794 5089 ligno

212 5110 511 5164 antitterent
541 5114 603 5176 “,
632 5113 769 5183 quod
789 5113 853 5166 de
876 5112 1093 5167 muliere
1134 5112 1269 5167 Deus
1291 5114 1401 5166 ait:
1433 5113 1494 5167 Si
1516 5113 1632 5168 auis
1659 5112 1798 5165 vide-

212 5200 290 5255 rit
317 5200 588 5254 mulierem
642 5202 711 5255 ad
756 5204 1222 5270 concupiscendum
1249 5219 1382 5256 eam.
1401 5203 1520 5270 jam
1552 5202 1798 5257 moecha-

1902 4567 2227 4636 procreatio,
2255 4575 2312 4620 et
2336 4566 2389 4620 in
2418 4566 2876 4634 praedestinatum
2906 4582 3187 4620 numerum
3229 4567 3494 4635 multipli-

1903 4658 2064 4720 catio,
2104 4672 2267 4725 quam
2306 4664 2427 4724 post
2471 4656 2702 4724 paradisi
2750 4655 3059 4711 felicitatem
3100 4656 3153 4710 in
3189 4656 3488 4725 angelicam

1903 4748 2287 4803 beatitudinem
2321 4754 2640 4816 sequeretur
2664 4746 2964 4810 translatio,
2992 4755 3050 4800 ut
3078 4762 3182 4801 non
3214 4747 3489 4800 immerito

1905 4838 2027 4905 quis
2070 4839 2314 4901 miretur,
2364 4835 2636 4906 quomodo
2681 4836 2933 4890 animalia
2986 4852 3212 4907 corpora
3270 4839 3322 4891 in
3377 4848 3487 4891 tam

1903 4927 2113 4982 excelsa
2156 4926 2485 4981 beatitudine
2514 4925 2714 4980 vixisse
2760 4926 3014 4982 credibile
3050 4929 3136 4982 sit.
3170 4928 3314 4982 DISC.
3348 4926 3488 4980 Num

1905 5017 2044 5071 inter
2058 5030 2175 5081 nos,
2189 5016 2315 5069 dum
2334 5015 2374 5047 ³⁷
2389 5015 2455 5069 de
2468 5016 2776 5071 conditione
2797 5017 3062 5071 humanae
3076 5026 3297 5071 naturae
3310 5016 3491 5084 dispu-

1908 5106 2176 5171 tabamus,
2205 5105 2507 5161 confectum
2535 5115 2638 5172 est,
2666 5107 2941 5162 hominem
2970 5109 3023 5162 in
3054 5122 3252 5178 genere
3277 5107 3489 5161 anima-

1908 5199 2037 5254 lium
2069 5200 2418 5255 substitutum
2464 5199 2653 5266 fuisse,
2688 5201 2797 5255 imo
2824 5201 2987 5255 etiam
3024 5200 3201 5255 omnia
3234 5198 3490 5255 animalia

1487 5331 1741 5385 VARIAE
1803 5326 2204 5385 LECTIONES.

298 5469 311 5501 ¹
345 5468 435 5523 Sic
461 5467 576 5533 CF;
626 5468 669 5523 Α
706 5468 770 5520 ab
810 5466 1061 5538 imagine.
1134 5468 1155 5497 ’
1187 5464 1277 5521 Sic
1308 5464 1498 5529 CF;'A
1529 5462 1718 5517 solam.

216 5540 241 5571 s
273 5540 364 5571 ειη
398 5538 481 5571 rt:
503 5556 515 5566 .
559 5540 586 5571 Α
616 5538 846 5571 .....'.....t.
874 5538 1099 5571 ,ηιηςιιηι
1196 5538 1215 5567 1
1253 5536 1335 5571 με’
1376 5546 1421 5571 οι
1519 5535 1541 5566 8
1568 5534 1657 5571 ςίρ
1683 5533 1718 5571 t‘.

216 5540 241 5571 ⁸
273 5540 365 5594 Sic
398 5538 516 5599 CF;
551 5540 591 5591 A
615 5538 846 5592 animale
873 5536 1119 5606 appellat.
1196 5538 1215 5567 "
1253 5536 1335 5591 CF
1375 5546 1443 5589 et.
1519 5536 1541 5566 ⁸
1568 5536 1687 5589 Sict

216 5610 328 5663 CI“.
408 5610 448 5640 “
484 5610 575 5662 Sic
605 5608 722 5668 (1F;
760 5610 799 5660 A
843 5610 1194 5661 admitterent.
1276 5608 1319 5641 "
1348 5623 1412 5659 ex
1441 5620 1552 5661 om.
1581 5604 1687 5661 CF.

221 5680 269 5713 “
298 5684 386 5741 Sac
415 5678 521 5745 CF;
550 5680 593 5733 Α
627 5680 757 5735 ﬁeri.
838 5680 876 5709 "
911 5678 1001 5732 Sic
1025 5676 1130 5741 CF;
1156 5679 1197 5730 Λ
1222 5694 1359 5731 cum.

1817 5462 1837 5493 ³
1870 5461 1959 5517 Sic
1984 5460 2099 5526 CF;
2126 5461 2169 5515 Α
2192 5461 2436 5516 tacuisse.

1519 5535 1541 5566 ⁸
1568 5534 1658 5589 Sic
1683 5533 1798 5593 CF;
1829 5534 1872 5586 Α
1905 5531 2138 5586 aliunde.

1767 5604 1809 5635 ¹³
1837 5602 1919 5658 CF
1948 5618 2076 5666 xxv;
2111 5604 2155 5657 Α
2194 5600 2439 5658 vicesimo
2468 5614 2632 5657 sexto.

3013 5462 3035 5494 '
3060 5462 3255 5517 sanctis
3282 5476 3391 5515 om.
3421 5462 3488 5515 Α.

2243 5534 2263 5564 ³
2288 5532 2379 5586 Sic
2404 5532 2520 5599 CF;
2546 5533 2591 5586 Α
2620 5533 3037 5587 contristantur.
3116 5533 3159 5563 ¹⁶
3198 5543 3352 5601 atque
3376 5547 3486 5584 om.

2736 5601 2778 5632 "‘
2814 5620 2879 5657 ex
2915 5619 3023 5658 om.
3066 5601 3173 5657 CF.
3254 5602 3298 5633 "
3329 5603 3372 5655 Α
3406 5616 3490 5654 ex.

2513 5461 2535 5493 ‘
2564 5478 2678 5516 eam
2708 5476 2817 5517 om.
2846 5462 2913 5516 Α.
