4028 6282
554 373 657 431 801

1935 356 2215 418 JOANNIS
2255 361 2449 420 SCOTI

3712 352 3825 409 808

552 479 981 539 substantialiter
1012 478 1064 532 in
1097 476 1187 531 illo
1216 483 1394 530 creata
1415 515 1428 537 ,
1479 487 1584 528 non
1630 473 1802 527 solmn
1835 474 1975 541 quod
2008 476 2206 534 ουτ-,Α
2237 472 2470 526 humana
2498 477 2691 525 natura
2736 469 2759 499 "
2787 468 2831 522 si
2881 482 2986 522 non
3043 475 3310 537 peccaret,
3362 465 3586 521 omnino
3638 465 3825 521 libera

556 572 702 626 nitun
732 569 920 624 notitia
953 568 1124 622 inerat
1147 566 1218 628 ei,
1243 580 1428 619 verum
1453 564 1635 627 etiam,
1660 564 1782 631 quia
1809 562 2129 616 universitas

552 660 782 716 visibilis
823 666 877 712 et
917 655 1198 713 invisibilis
1234 663 1520 711 creaturae
1555 653 1605 706 in
1650 668 1716 706 eo
1761 653 1973 707 condita
2015 650 2161 705 est‘!‘

553 753 695 808 Mss.
722 749 1036 805 Confectum
1067 747 1241 817 plane.
1276 748 1419 800 Disc.
1450 744 1583 811 Quid
1619 760 1750 813 ergo
1787 744 2016 807 mirum,
2044 742 2132 796 vel

554 858 655 903 cur
684 841 1001 896 incredibile
1042 840 1140 901 sit,
1173 839 1216 893 si
1259 838 1492 892 humana
1522 852 1778 906 corpora,
1820 836 2132 905 priusquam

553 939 844 1003 peccarent
892 929 947 983 in
1002 927 1271 997 paradiso,
1300 948 1305 953 -
1334 925 1586 979 animalia
1644 923 1807 979 fuisse
1859 925 2130 988 dicantur,

555 1038 695 1093 quae
716 1023 769 1077 in
800 1036 995 1091 genere
1022 1019 1333 1074 animalium
1362 1019 1648 1073 constituta
1672 1016 1832 1071 sunt?
1857 1017 1899 1070 E
1924 1017 2133 1071 duobus

555 1113 752 1183 quippe
777 1127 940 1165 unum
967 1110 1166 1180 eligere
1185 1109 1329 1179 cogit
1352 1124 1449 1162 nos
1472 1108 1611 1162 ratio
1636 1125 1649 1161 :
1680 1116 1773 1160 aut
1797 1106 1940 1161 enim
1964 1121 2130 1174 nega-

556 1202 733 1270 himns
760 1201 976 1256 omnino
1006 1200 1057 1254 in
1093 1214 1287 1268 genere
1323 1197 1630 1252 animalium
1660 1196 1932 1250 conditum
1964 1194 2134 1248 homi-

557 1291 761 1355 nem,si
791 1290 1036 1344 volumus
1060 1303 1274 1359 negare,
1304 1289 1355 1342 iu
1378 1302 1444 1342 eo
1467 1285 1700 1341 animale
1722 1298 1918 1355 corpus
1937 1283 2132 1349 fuisse;

557 1391 670 1447 aut,
702 1382 744 1436 si
778 1398 881 1435 non
905 1395 1190 1450 possumus
1215 1379 1541 1434 contendere
1565 1386 1621 1430 et
1647 1377 1932 1446 abnegare,
1958 1375 2131 1443 ipsum

555 1474 771 1542 quidem
794 1473 1059 1541 quoddam
1086 1470 1285 1524 animal
1326 1470 1378 1523 in
1415 1483 1613 1538 genere
1650 1467 1961 1521 animalium
2009 1465 2026 1496 ⁸
2058 1465 2149 1517 fa-.

555 1575 727 1631 ctum,
755 1565 1021 1635 quomodo
1046 1563 1390 1634 negabimus,
1419 1560 1648 1616 animale
1672 1574 1869 1629 corpus
1889 1557 2137 1612 habuisse

557 1665 684 1710 ante
728 1664 1031 1723 peccatum,
1077 1663 1152 1717 et,
1199 1653 1242 1706 si
1283 1668 1387 1706 non
1424 1660 1707 1721 peccaret,
1738 1649 1975 1719 potuisse
2017 1646 2135 1700 fieri

558 1744 807 1799 beatum?
838 1743 974 1798 Mtte.
1007 1744 1175 1797 Acute
1203 1742 1418 1811 quidem
1448 1738 1863 1810 philosopharis.
1902 1737 2135 1791 Putasne

2233 569 2495 624 maneret,
2527 558 2976 628 quemadmodum
3002 556 3169 611 libera
3193 556 3371 611 futura
3405 566 3511 610 est.
3558 556 3681 611 Hoc
3727 572 3832 610 auo

2233 659 2338 704 tem
2374 650 2496 703 dico
2545 647 2865 719 Gregorium
2908 647 3206 718 Nyssaenm
3256 662 3509 716 sequens,
3538 647 3829 716 exposito-

2233 755 2453 811 remque
2484 740 2650 810 ipsius
2694 738 3005 801 Maximum,
3052 754 3155 793 non
3186 748 3367 793 ante
3417 739 3553 793 alios
3592 748 3829 793 sanctos

2232 829 2425 884 Patres
2452 827 2746 898 spiritualis
2773 827 3072 892 doctrinae,
3098 827 3332 896 qualiter
3380 828 3642 881 videntur
3695 842 3829 880 sen-

2233 920 2388 983 sisse,
2418 918 2686 978 refellens,
2717 919 2849 972 haec
2876 918 3054 971 omnia
3083 919 3149 971 ad
3180 918 3408 988 primam
3452 927 3509 973 et
3557 919 3828 972 substan-

2234 1010 2414 1065 tialem
2441 1009 2672 1064 hominis
2699 1008 3029 1064 creationem
3059 1010 3330 1077 pertinere
3353 1017 3734 1062 autnmanles.
3762 1007 3829 1061 Et

2234 1101 2280 1155 si
2308 1111 2359 1155 te
2382 1108 2576 1162 movet,
2595 1114 2763 1169 quare
2784 1098 2925 1153 Deus
2949 1098 2999 1151 in
3025 1098 3241 1152 homine
3264 1097 3472 1163 fecerit,
3497 1100 3828 1168 priusquam

2234 1197 2660 1258 peccaret,quae
2681 1198 2900 1257 propter
2923 1197 3201 1257 peccatum
3226 1188 3365 1243 facta
3392 1198 3544 1254 sunt,
3572 1189 3829 1243 animad-

2234 1290 2405 1346 verte,
2433 1283 2574 1351 qnod
2607 1281 2716 1334 Deo
2750 1280 2886 1334 nihil
2914 1291 3000 1334 est
3029 1289 3175 1343 ante,
3208 1281 3339 1335 nihil
3366 1290 3512 1351 post,
3554 1281 3648 1335 cui
3688 1281 3829 1334 nihil

2234 1374 2609 1442 praeteritum,
2641 1373 2772 1426 nihil
2801 1373 3214 1437 futurnm,nihil
3241 1375 3474 1437 medium
3507 1375 3659 1430 inter
3678 1391 3831 1445 prae-

2238 1463 2455 1519 teritum
2483 1472 2539 1519 et
2563 1462 2823 1527 futurum,
2854 1465 3108 1533 quoniam
3139 1466 3237 1535 ipsi
3267 1466 3443 1519 omnia
3482 1465 3654 1519 simul
3680 1477 3827 1519 seu.

2235 1552 2346 1608 Cur
2366 1569 2497 1625 ergo
2533 1568 2635 1608 non
2664 1553 2842 1608 'sinml
2873 1553 3095 1619 faceret,
3140 1570 3277 1625 quae
3306 1555 3565 1610 facienda
3611 1556 3779 1610 simul
3806 1559 3830 1590 ⁸

2237 1642 2453 1696 videbat
2477 1651 2533 1697 et
2553 1642 2804 1697 volebat?
2850 1642 2986 1697 Nam
3015 1659 3137 1698 cum
3162 1643 3392 1699 dicimus
3436 1654 3569 1700 ante
3601 1654 3664 1699 et
3707 1654 3831 1715 post

2238 1742 2538 1803 peccatum,
2593 1733 2979 1804 cogitationum
3036 1743 3343 1788 nostrarum
3398 1735 3828 1790 mutabilitatem

556 1836 760 1904 itaque,
789 1834 955 1888 Deum
997 1832 1154 1887 simul
1182 1833 1359 1886 otnnia
1388 1831 1614 1886 fecisse?
1654 1831 1798 1884 DISC.
1830 1830 1942 1883 lmo
1967 1830 2130 1883 credo
2161 1816 2205 1874 Β
2233 1834 2595 1881 monstramus
2621 1864 2637 1888 ,
2698 1824 2823 1879 dum
2879 1824 3056 1881 adlmc
3109 1823 3441 1894 temporibus
3476 1826 3777 1881 sulpitium:
3809 1847 3822 1878 ;

555 1935 612 1979 et
651 1925 911 1997 intelligo.
938 1925 1131 1979 Omnia
1167 1924 1452 1993 siquidem,
1482 1937 1620 1991 quae
1646 1930 1946 1990 temporum
1970 1922 2135 1975 inter-

560 2016 710 2071 vallis
751 2015 805 2068 in
854 2014 1052 2069 mundo
1095 2022 1412 2075 nascuntur,
1443 2012 1601 2066 simul
1630 2019 1685 2066 et
1722 2010 1887 2066 semel
1919 2018 1975 2064 ct
2010 2018 2136 2063 ante

558 2105 815 2158 mundum
863 2111 919 2157 et
966 2117 1090 2157 cum
1133 2101 1519 2157 mundofacta
1556 2111 1704 2164 sunt,
1741 2100 2133 2169 quamvisnon

555 2193 713 2248 simul
739 2208 839 2264 per
859 2194 880 2222 '
902 2193 1115 2247 divinae
1163 2192 1531 2261 providentiae
1567 2192 2087 2247 administrationem
2110 2190 2131 2221 ³

557 2283 816 2336 mundum
853 2280 1179 2339 sensibiliter
1206 2280 1564 2350 adimpleant,
1592 2281 1685 2335 sed
1713 2281 1900 2334 ordine
1933 2291 2136 2350 tempo-

560 2386 679 2425 rum
698 2409 714 2433 ,
744 2368 971 2423 Domino
996 2368 1208 2429 dicente
1233 2386 1245 2421 :
1279 2367 1439 2425 Pater
1474 2385 1617 2422 meus
1655 2385 1815 2437 usque
1837 2369 1989 2421 modo
2011 2384 2133 2437 ope-

558 2471 729 2523 ratur,
766 2469 813 2523 et
850 2476 942 2530 ego
977 2476 1179 2529 operor.
1210 2459 1349 2514 Mtte.
1397 2459 1564 2515 Recte
1595 2461 1836 2515 intueris.
1869 2460 2005 2514 Num
2040 2460 2133 2514 tibi

555 2551 798 2617 videtur,
837 2550 977 2620 quod
1018 2560 1297 2619 propterea
1344 2549 1484 2604 Deus
1525 2552 1793 2607 hominem
1841 2550 1892 2604 in
1939 2564 2135 2620 genere

558 2641 870 2695 animalium
917 2639 1124 2704 fecerit,
1172 2640 1294 2709 quia
1336 2640 1481 2696 illum
1520 2640 1825 2696 animaliter
1868 2640 2133 2694 victurum

556 2732 849 2803 praescivit
869 2771 886 2797 ,
917 2731 1080 2800 inque
1111 2730 1514 2786 irrationabiles
1549 2732 1571 2763 ⁸
1618 2740 1794 2787 motus
1820 2746 2006 2786 eorum
2050 2747 2135 2786 re-

556 2822 685 2878 licta
705 2823 918 2878 divinae
943 2823 1191 2894 imaginis
1212 2823 1608 2892 pulchritudine
1622 2838 1685 2877 ac
1696 2822 1955 2893 dignitate
1978 2837 2151 2876 casu-.

559 2914 715 2968 rum?
758 2914 906 2970 nise.
949 2914 1253 2972 Verisimile
1286 2918 1519 2972 videtur.
1560 2916 1710 2972 Fecit
1743 2918 1887 2972 cnim
1930 2916 2149 2980 futura,

556 3004 647 3072 qni
678 3003 806 3059 fecit
831 3005 1011 3060 omnia
1056 3006 1234 3060 simul.
1264 3006 1405 3062 Msa.
1442 3007 1705 3075 Quoniam
1751 3007 1913 3074 igitur
1941 3007 2007 3060 de
2036 3021 2133 3061 sua

555 3096 937 3165 praescicntia,‘
969 3112 1106 3166 quae
1133 3095 1246 3151 falli
1275 3114 1376 3153 non
1407 3107 1607 3167 potest,
1634 3098 1969 3153 certissimus
1989 3098 2129 3159 crat,

2234 1912 2345 1971 Deo
2366 1923 2545 1969 autem
2569 1914 2728 1969 simul
2758 1923 2911 1969 erant
2946 1922 3001 1967 et
3034 1915 3235 1984 peccati
3269 1916 3635 1985 praescientia
3685 1918 3830 1986 ελδερ

2234 2016 2338 2070 que
2367 2004 2772 2071 consequentia.
2820 2003 3037 2057 llomiui
3058 2004 3344 2073 siquidem,
3380 2019 3486 2059 non
3511 2004 3652 2072 Deo,
3683 2007 3829 2064 futu-

2234 2109 2353 2157 rum
2388 2102 2507 2148 erat
2542 2097 2845 2163 peccatum,
2877 2102 2933 2149 et
2978 2095 3358 2163 consequentia
3405 2098 3620 2164 peccati
3667 2114 3829 2167 prae-

2234 2182 2395 2250 cessit
2421 2191 2699 2252 peccatum
2730 2183 2782 2236 in
2814 2182 3052 2248 homine,
3068 2183 3321 2253 quoniam
3348 2194 3405 2239 et
3427 2184 3607 2254 ipsum
3634 2203 3827 2255 pecea-

2236 2280 2347 2337 tum
2383 2274 2676 2342 praecessit
2702 2274 2744 2305 ¹⁰
2778 2275 3014 2344 seipsnm
3047 2276 3099 2328 in
3129 2275 3316 2331 eodem
3339 2276 3557 2333 homine
3582 2279 3654 2333 ιι.
3686 2280 3825 2334 Mala

2233 2365 2426 2434 quippe
2454 2365 2719 2432 voluntas,
2745 2368 2886 2435 quod
2908 2376 2995 2421 est
3015 2377 3297 2435 peccatum
3335 2369 3641 2435 occultum,
3669 2387 3826 2441 prae-

2234 2456 2396 2519 cessit
2427 2456 2576 2510 vetiti
2604 2454 2811 2510 fructus
2826 2460 3222 2526 gustum,quod
3245 2467 3329 2512 est
3353 2470 3643 2529 peccatum
3667 2480 3825 2533 aper-

2236 2550 2367 2603 tum.
2396 2543 2593 2597 Eadem
2619 2547 2823 2599 ratione
2862 2555 3038 2614 potest
3079 2546 3325 2617 intelligi,
3367 2550 3512 2617 quod
3549 2551 3823 2620 scriptum

2232 2645 2315 2694 est
2347 2652 2361 2687 :
2402 2634 2567 2688 Iacob
2602 2635 2786 2700 dilexi,
2811 2634 2956 2690 Esau
2984 2647 3159 2691 autent
3196 2638 3316 2691 odio
3348 2639 3529 2694 habui.
3563 2640 3825 2697 Nondum

2232 2723 2375 2801 enim
2408 2723 2687 2794 utriusque
2710 2723 2860 2780 malis
2878 2724 2960 2778 vel
2989 2726 3032 2756 “
3061 2725 3215 2780 bonis
3236 2727 3444 2782 actibus
3464 2733 3826 2799 perpetratis,

2233 2810 2287 2866 in
2316 2811 2503 2866 ordine
2534 2821 2834 2882 temporum
2859 2828 3046 2868 eorum
3078 2808 3469 2884 consequentia
3498 2818 3649 2871 facta
3693 2831 3828 2874 sunt

2234 2903 2288 2965 in
2314 2918 2402 2969 eo,
2433 2904 2486 2958 in
2518 2919 2624 2973 quo
2655 2904 2979 2959 universitas
3014 2904 3171 2960 simul
3196 2915 3251 2960 et
3270 2922 3434 2961 unum
3462 2914 3547 2962 est
3577 2926 3594 2962 :
3627 2924 3827 2965 conse-

2233 2996 2451 3064 quentia
2475 3004 2653 3048 autem
2681 2995 2801 3050 dico
2821 2996 3158 3051 dilectionem
3189 3006 3241 3052 et
3266 2998 3471 3065 odium.
3501 2998 3619 3054 Hoc
3651 3001 3825 3054 etiam

2234 3086 2348 3155 ipse
2385 3086 2641 3155 magister
2684 3086 3016 3155 Augustinus
3069 3086 3257 3141 edocet
3309 3087 3364 3141 in
3416 3087 3652 3155 praefati
3692 3088 3826 3145 libri

555 3158 753 3247 ζειίτηη,
798 3158 1111 3254 ρτίυέηὶηιη
1170 3186 1329 3241 homo
1384 3158 1663 3255 ιζοεοπέι,
1698 3187 1904 3255 pem“
1941 3158 2204 3241 coms
2237 3176 2396 3232 tertio
2428 3176 2636 3229 decimo
2670 3174 2903 3245 capitulo
2928 3175 2995 3230 de
3022 3174 3211 3244 primis
3247 3175 3555 3231 hominibus
3584 3178 3824 3232 dicens:

554 3274 774 3342 quentia
803 3274 857 3328 in
884 3275 1099 3329 homine
1137 3285 1191 3330 et
1219 3290 1341 3345 cum
1382 3276 1594 3330 homine
1621 3276 1778 3331 simul
1806 3276 2149 3338 concreavit,

559 3371 619 3415 nt
645 3377 745 3417 nec
788 3361 1058 3418 immerito
1096 3365 1427 3429 aestimetur,
1467 3380 1687 3428 eorum,
1725 3380 1863 3433 quae
1890 3364 2049 3418 simul
2079 3364 2150 3417 in:

559 3451 780 3507 homine
800 3451 946 3508 facta
963 3465 1107 3518 sunt,
1135 3455 1635 3524 quaedamqnidetn
1657 3466 1878 3524 propter
1899 3455 2133 3508 divinam

559 3544 882 3610 bonitatem,
903 3554 962 3599 ut
983 3555 1108 3601 sunt
1129 3546 1238 3612 illa,
1264 3546 1317 3600 in
1342 3546 1534 3615 quibus
1564 3547 1740 3616 imago
1779 3546 2076 3601 conditoris
2113 3545 2148 3595 ⁸.

562 3634 902 3706 intelligitur,
939 3636 1152 3691 animus
1178 3636 1426 3691 videlicet
1457 3645 1511 3690 et
1549 3637 1686 3691 ratio
1733 3651 2026 3704 sensusque
2055 3637 2135 3689 in-

560 3725 751 3789 terior,
778 3724 880 3788 vel,
913 3733 973 3789 ut
1007 3726 1079 3780 ita
1104 3725 1301 3791 dicam,
1326 3725 1766 3789 essentia,virtns
1792 3735 1846 3780 et
1874 3726 2153 3795 operatio,-

560 3804 825 3882 quaedam
876 3830 1006 3870 vero
1044 3825 1272 3884 propter
1314 3814 1564 3869 delictum
1608 3815 1929 3884 praescitum
1973 3824 2137 3884 atque

559 3904 864 3961 certissime
894 3902 1153 3959 futurum.
1190 3904 1354 3959 Multa
1382 3904 1525 3960 enim
1564 3906 1796 3974 praescit
1817 3905 1978 3970 Dens,
2004 3920 2147 3973 quos

562 4013 681 4052 rum
726 4013 837 4063 non
871 4007 957 4053 est
996 4013 1162 4053 causa
1202 3998 1337 4069 ipse,
1385 3997 1531 4073 quia
1560 3997 1983 4053 substantialiter
2029 4012 2134 4051 non

561 4098 708 4141 sunt.
766 4088 861 4142 Est
907 4097 1086 4143 autem
1134 4089 1349 4156 sapiens
1389 4087 1560 4155 factor
1607 4096 1663 4142 et
1714 4087 2013 4151 ordinatur,
2054 4101 2137 4149 _ue

564 4176 929 4232 universitatis
970 4177 1419 4246 pulchritudinem
1468 4176 1827 4246 perturbent,
1886 4174 2138 4235 etsolus

561 4275 755 4336 potens
795 4275 877 4322 est
912 4268 981 4320 de
1024 4266 1164 4321 malo
1206 4266 1588 4321 irrationabilis
1629 4266 1918 4321 voluntatis
1958 4265 2139 4320 facere

560 4357 781 4418 bonum.
843 4354 986 4410 Haec
1042 4364 1220 4410 autem
1291 4364 1417 4410 sunt
1484 4356 1865 4424 consequentia
1932 4354 2137 4424 peccati

562 4455 785 4515 propter
847 4453 1169 4514 peccatum,
1231 4445 1540 4513 priusquam
1602 4447 1752 4499 fieret
1818 4454 2134 4514 peccatum,

566 4539 635 4589 ab
679 4551 744 4589 eo
780 4536 823 4598 ⁸,
873 4536 1025 4602 cujus
1067 4534 1419 4602 praescientia
1471 4522 1576 4588 non
1645 4533 1885 4600 fallitur,
1940 4535 1994 4588 in
2044 4534 2135 4588 ho-

571 4627 715 4680 tuine
734 4634 787 4679 et
815 4640 939 4680 cum
969 4625 1184 4679 homine
1210 4624 1373 4678 veluti
1400 4632 1554 4679 extra
1581 4624 1850 4678 hominem
1873 4639 1936 4678 ac
1957 4638 2137 4693 super:

569 4716 793 4768 addita:
824 4713 1053 4767 animale
1079 4713 1293 4783 quidem
1340 4728 1535 4781 corpus
1573 4722 1732 4783 atque
1778 4722 2047 4768 terrenum
2085 4720 2141 4768 et

570 4805 935 4875 corruptibile,
965 4820 1123 4860 sexus
1147 4816 1371 4875 uterque
1408 4822 1474 4861 ex
1532 4808 1771 4877 masculo
1825 4815 1880 4860 et
1920 4807 2137 4872 femina,

563 4896 862 4965 bestiarum
910 4896 1257 4965 similitudine
1311 4899 1701 4968 procreationis
1747 4899 2134 4969 multiplicatio,

559 4986 714 5056 jndig
734 4986 859 5040 ‘ntia
888 4986 991 5041 cibi
1018 4995 1072 5041 et
1096 4996 1252 5056 potus
1293 4987 1696 5058 indumentique
1727 4990 1771 5054 ",
1804 4990 2137 5046 incrementa

562 5088 623 5136 ,οι
646 5079 985 5130 decrementa
1008 5077 1266 5145 corporis.
1292 5079 1463 5145 somni
1495 5094 1558 5134 ac
1588 5079 1890 5149 vigiliarum
1930 5082 2138 5136 alterna

563 5167 1342 5239 inevitabilisquenecessitas,
1364 5177 1418 5222 ct
1444 5170 1660 5235 similia,
1676 5170 1871 5239 quibus
1890 5171 2141 5227 omnibus

2236 3264 2303 3319 In
2339 3263 2540 3317 occulto
2562 3272 2735 3316 autem
2759 3262 2887 3315 mali
2909 3279 3019 3317 esse
3049 3273 3344 3332 coeperunt,
3376 3274 3430 3317 ut
3478 3265 3534 3317 in
3579 3279 3828 3333 apertam

2233 3354 2635 3427 inobedientiam
2661 3352 2977 3419 laberentur.
3016 3351 3136 3407 Non
3163 3355 3298 3407 enim
3333 3358 3402 3406 ad
3442 3353 3646 3408 malum
3686 3373 3827 3425 opus

2234 3447 2603 3521 perveniretur,
2632 3446 2732 3499 nisi
2772 3446 3133 3515 praecessisset
3177 3445 3418 3500 uoluntas
3443 3446 3610 3501 mala.
3643 3446 3827 3504 Porro

2234 3537 2404 3590 malae
2431 3539 2712 3591 voluntatis
2738 3538 2944 3591 initium
2964 3539 3089 3608 quid
3104 3540 3268 3609 potuit
3286 3555 3396 3592 esse
3414 3539 3516 3593 nisi
3533 3540 3787 3609 superbia
3800 3541 3831 3594 .’

2236 3629 2456 3683 Initium
2485 3631 2621 3684 enim
2652 3630 2819 3684 omnis
2841 3630 3039 3699 peccati
3057 3631 3299 3700 superbia
3329 3641 3425 3685 est.
3462 3631 3541 3686 Ac
3574 3647 3674 3701 per
3718 3633 3827 3688 hoc

2236 3720 2394 3775 datur
2423 3721 2667 3791 intelligi,
2693 3721 2964 3774 hominem
2993 3730 3217 3789 peccato
3238 3737 3510 3791 nunquam
3535 3722 3822 3777 caruisse:

2236 3813 2376 3868 sicut
2413 3828 2686 3881 nunquam
2742 3811 3058 3880 intelligitur
3084 3811 3304 3881 absque
3347 3811 3591 3866 nmtabili
3627 3812 3828 3867 volun-

2238 3913 2348 3960 tate
2376 3903 2703 3959 substitisse.
2736 3901 2869 3956 Nam
2895 3911 2949 3956 et
2980 3902 3093 3971 ipsa
3117 3901 3506 3957 irrationabilis
3539 3903 3830 3956 mutabili-

2239 4003 2322 4051 tas
2347 3994 2548 4049 liberae
2572 3981 2882 4058 voluntatis,
2915 3993 3037 4063 quia
3081 4007 3242 4047 causa
3284 3993 3407 4047 mali
3446 4001 3551 4057 est,
3586 3994 3829 4049 nonnul-

2237 4085 2349 4140 lum
2388 4085 2596 4157 malum
2622 4099 2741 4139 esse
2771 4098 2992 4139 necesse
3012 4092 3114 4139 est.
3136 4083 3365 4138 Causam
3395 4084 3655 4153 siquidem
3692 4085 3828 4139 n-ali

2238 4170 2434 4233 malam
2464 4192 2569 4231 non
2588 4191 2733 4247 esse,
2758 4175 2880 4245 quis
2904 4177 3097 4231 audeat
3124 4176 3305 4231 dicere
3323 4217 3337 4239 ,
3382 4177 3828 4245 quandoquidem

2238 4268 2405 4334 libera
2440 4267 2686 4321 voluntas
2710 4267 2775 4321 ad
2801 4266 3101 4337 eligendum
3132 4267 3330 4321 bonum
3358 4269 3478 4321 data
3511 4268 3555 4299 "
3580 4268 3827 4338 scipsasn

2240 4359 2489 4429 servilem
2522 4357 2649 4412 fecit
2673 4356 2737 4411 ad
2785 4358 3119 4426 sequendum
3166 4357 3399 4411 malum?
3446 4357 3598 4425 Quod
3642 4360 3827 4414 etiam

2239 4447 2568 4518 Augustinus
2617 4446 2917 4501 insinuasse
2978 4447 3190 4501 videtur
3238 4448 3303 4502 ".
3363 4447 3478 4502 Non
3526 4449 3669 4503 enim
3721 4451 3830 4511 ait,

2241 4538 2550 4592 vixithomo
2577 4537 2629 4590 in
2659 4537 2931 4605 paradiso,
2951 4536 3035 4601 vel
3058 4537 3283 4600 vixerat,
3315 4538 3643 4592 vixitfruens
3677 4537 3823 4602 Deo,

2239 4627 2326 4682 vel
2348 4628 2577 4692 vixerat,
2599 4627 2731 4680 vixit
2753 4627 2870 4681 sine
2897 4626 3002 4680 ulla
3031 4636 3288 4696 egestate,
3321 4627 3405 4683 vel
3429 4629 3655 4682 vixerat.
3678 4626 3828 4683 Nam

2241 4718 2286 4772 si
2319 4717 2513 4772 talibus
2540 4717 2718 4772 verbis
2734 4719 3018 4789 praeteriti
3060 4718 3104 4750 ¹⁸
3144 4729 3402 4782 uteretur,
3431 4718 3679 4774 fortassis
3711 4737 3829 4775 non

2243 4810 2534 4878 incongrue
2556 4808 2944 4879 intelligeretur
2970 4809 3013 4839 ”
3040 4809 3234 4864 docere
3268 4809 3517 4875 voluisse,
3539 4810 3827 4864 hominem

2244 4903 2297 4956 in
2333 4902 2583 4971 paradiso
2618 4899 2911 4970 perfectam
2946 4902 3334 4956 beatitudinem
3370 4903 3486 4958 sine
3528 4901 3633 4956 ullo
3685 4917 3830 4973 pec—

2242 4999 2363 5047 cato
2400 5004 2493 5059 per
2516 4990 2690 5058 spatia
2732 4990 2994 5059 quaedam
3042 4990 3301 5060 temporis
3346 4990 3612 5044 habuisse.
3658 4987 3824 5044 Sed:

2249 5079 2483 5145 Vivebat,
2499 5079 2689 5149 inquit,
2705 5079 2857 5132 homo
2878 5079 2934 5131 ia
2951 5079 3219 5146 paradiso,
3260 5079 3453 5132 rivebut
3486 5077 3664 5147 fruens
3686 5075 3828 5141 Deo,

2241 5172 2432 5227 vivebat
2464 5172 2504 5204 ¹⁷
2534 5171 2645 5225 sine
2674 5169 2783 5225 ulla
2829 5180 3071 5241 egestate.
3101 5170 3179 5225 Ac
3229 5172 3276 5226 si
3318 5182 3503 5245 aperte
3545 5171 3759 5226 diceret
3809 5191 3827 5224 ;

1840 5308 2094 5363 YARIAE
2132 5306 2528 5364 LECTIONES.

648 5444 663 5474 ¹
688 5442 776 5498 Sic
803 5441 909 5507 CF;
934 5443 1196 5498 conditum
1224 5443 1480 5500 hominem
1515 5449 1586 5486 '——
1604 5446 1910 5501 animalium
1934 5463 2043 5503 om.
2092 5449 2157 5503 Α.

562 5513 927 5573 ,irrationales.
1006 5513 1027 5544 '
1058 5512 1148 5567 Sic
1171 5512 1275 5579 CF;
1308 5515 1352 5566 A
1379 5517 1646 5569 creatoris.

556 5583 597 5643 ,⁸
626 5581 782 5636 simul
807 5598 915 5636 om.
945 5582 1006 5637 Α.
1084 5582 1126 5614 ³⁰
1165 5582 1256 5638 Sic
1281 5582 1398 5644 CF;
1437 5585 1477 5636 Α
1506 5588 1911 5652 praecesserunt.

576 5654 616 5707 Α
658 5662 769 5705 aut.
847 5652 889 5684 "
919 5654 1044 5707 data
1073 5666 1181 5708 om.
1212 5653 1277 5706 A.

577 5722 694 5786 Cl“;
736 5723 773 5776 Α
807 5722 859 5777 in
885 5723 1156 5793 paradiso,
1181 5723 1455 5777 inchoabat
1496 5724 1661 5778 vivere
1682 5724 1798 5781 sine
1824 5736 1929 5782 cet.

2257 5454 2278 5486 ⁸
2311 5468 2403 5516 per
2448 5465 2558 5504 om.
2587 5448 2651 5504 Α.
2749 5450 2770 5482 ³
2801 5448 2845 5503 Α
2898 5450 3368 5505 administratione.
3400 5456 3403 5459 ’
3468 5451 3491 5481 ⁸
3519 5449 3608 5505 Sic
3629 5449 3747 5515 CF;
3779 5451 3823 5505 Α

1750 5515 1771 5546 ⁸
1797 5533 1855 5593 eo
1879 5533 1988 5573 om.
2013 5520 2171 5601 diu..."
2211 5515 2602 5601 iugumentique
2655 5534 2765 5601 om.
2793 5521 2860 5574 Δ.
2932 5520 2957 5568 .'
2987 5519 3079 5601 Sic
3106 5518 3222 5601 QF;
3249 5522 3293 5574 A
3318 5520 3822 5601 naturanlr‘ttmaga.

2025 5590 2063 5621 “
2093 5589 2184 5645 Sic
2212 5588 2328 5654 CF;
2362 5588 2616 5660 quoniam
2653 5599 2700 5660 et
2723 5589 3208 5660 ipsum—homine
3229 5605 3337 5644 om.
3362 5592 3434 5660 Α.

1356 5653 1398 5730 ίξ
1425 5652 1509 5708 CF
1533 5654 1743 5730 _v:'detu_r
1772 5655 2081 5714 insinuasse.
2159 5660 2203 5692 ³⁸
2230 5652 2497 5730 praeteriti
2525 5675 2634 5715 om.
2661 5652 2751 5714 A.'
2805 5659 2847 5691 "
2876 5659 2968 5715 Sic
2991 5659 3122 5726 CR;
3152 5659 3195 5713 Α
3222 5659 3580 5730 in'etligerem.
3654 5660 3696 5693 "
3723 5658 3826 5714 Sic

3514 5589 3557 5621 η
3581 5588 3667 5643 Sic
3693 5589 3822 5652 CF;
