4028 6282
191 362 298 423 809

1019 364 1104 420 DE
1145 365 1480 422 DlV’lSlONE
1519 365 1865 423 NATUBAE.
1905 399 1974 407 —
2013 367 2211 435 LIBER
2248 369 2594 437 QUARTUS.

3338 374 3454 430 810

194 475 484 532 inchoabat
515 475 696 532 vivere
725 476 884 531 homo
906 475 957 530 in
980 479 1254 548 paradiso,
1280 478 1567 532 inchoabat
1589 479 1770 533 vivere
1798 483 1844 542 A
1875 495 2138 549 nunquam
2168 497 2283 533 cum
2308 481 2505 550 angelis
2545 481 2748 534 beatam
2785 482 2995 538 duxisse
3039 485 3217 550 vitam,
3250 487 3340 539 sed
3378 489 3442 540 ab

193 570 386 623 fruens
449 568 582 632 Deo;
627 568 915 623 inchoabat
961 569 1142 624 vivere
1196 570 1314 624 sine
1362 568 1468 624 ulla
1512 578 1770 637 egestate.

193 658 343 713 llaec
397 658 543 712 enim
590 658 798 727 species
834 659 1110 728 praeteriti
1157 660 1414 729 temporis
1445 659 1512 714 ab
1549 659 1654 722 bis,
1683 659 1774 728 qui

192 750 482 805 verborum
514 749 936 820 signiﬁcationes
965 760 1121 806 acute
1157 752 1512 820 perspiciunt,
1555 751 1775 805 inchoa-

194 839 306 892 tiva
339 849 584 894 vocatur.
618 837 1018 894 lnchoationem
1044 842 1239 910 quippe
1265 850 1318 894 et
1347 843 1642 910 auspicium
1675 857 1772 895 cu-

183 929 425 1000 iuspiam
473 930 551 984 rei
608 929 891 1000 signiﬁcat,
926 945 1064 1002 quae
1111 929 1226 999 jam
1269 932 1336 986 ad
1387 931 1772 1002 perfectionem

189 1018 342 1072 nullo
376 1019 534 1073 modo
560 1020 822 1089 pervenit.

267 1107 354 1162 i5.
382 1101 534 1174 Quod
563 1109 748 1174 etiam,
778 1109 882 1165 hoc
926 1119 1028 1176 est,
1077 1111 1224 1166 nullo
1267 1111 1545 1182 temporali
1600 1115 1774 1182 spatio

185 1200 398 1268 primos
458 1201 704 1256 homines
769 1202 935 1257 fuisse
995 1205 1047 1258 in
1111 1207 1382 1274 paradiso,
1431 1207 1482 1260 in
1552 1223 1694 1260 nono
1754 1209 1769 1238 ¹

189 1291 441 1348 Exemeri
466 1294 548 1348 sui
591 1294 724 1365 ipse,
749 1296 940 1351 edocet
964 1289 1149 1352 dicens
1175 1318 1188 1352 :
1219 1299 1329 1352 Cur
1370 1317 1473 1353 non
1515 1303 1768 1365 coierunt,

187 1385 294 1437 nisi
317 1401 434 1438 cum
461 1387 684 1440 exissent
710 1388 773 1440 de
791 1390 1038 1456 paradiso
1060 1391 1090 1442 Ρ
1113 1389 1228 1444 Cito
1252 1391 1550 1460 responderi
1577 1383 1769 1460 potest,

182 1479 313 1547 quia
342 1495 462 1532 mox
485 1489 661 1532 creata
694 1479 930 1546 muliere,
952 1483 1253 1551 priusquam
1283 1485 1501 1548 coirent,
1525 1482 1667 1551 facta
1696 1493 1771 1537 est

183 1565 281 1620 illa
311 1569 680 1636 transgressio,
720 1570 873 1639 cujus
918 1572 1191 1624 meritoin
1244 1583 1457 1627 mortem
1503 1561 1767 1638 destinati,

180 1656 342 1708 etiam
381 1657 402 1686 ³
434 1657 500 1710 de
543 1657 657 1710 loco
695 1658 836 1712 illius
868 1661 1126 1729 felicitatis
1162 1665 1417 1716 exierunt.
1467 1663 1586 1717 Non
1632 1667 1768 1718 enim

179 1742 468 1815 Scriptura
487 1759 686 1818 tempus
709 1753 977 1819 expressit,
1008 1765 1261 1819 quantum
1302 1754 1593 1822 interfuerit
1637 1767 1764 1809 tem-

1876 573 1986 638 ipso
2024 589 2150 626 suae
2187 573 2496 626 conditionis
2523 572 2566 638 ’ἒ
2597 573 2744 626 initio
2768 574 3033 638 cecidisse,
3057 592 3159 628 non
3196 578 3270 629 sic
3307 579 3446 632 acci-

1873 663 2116 732 piendum
2155 674 2251 729 est,
2279 675 2333 718 ut
2373 680 2476 717 non
2500 659 2727 734 propria
2783 664 3045 720 voluntate
3096 667 3405 738 deprauatus
3428 710 3444 734 ,

1873 757 1962 810 sed
1990 756 2158 809 malus
2189 757 2219 810 a
2261 757 2394 810 bono
2423 753 2530 810 Deo
2552 766 2757 810 creatus
2797 769 3039 826 putetur;
3068 759 3297 829 alioquin
3339 778 3442 814 non

1875 847 1938 900 ab
1976 848 2127 900 initio
2161 848 2407 901 cecidisse
2441 848 2718 900 diceretur.
2747 846 2928 915 Neque
2956 850 3090 902 enim
3130 851 3331 912 cecidit,
3355 850 3446 902 sed

1875 937 1996 990 talis
2017 947 2091 991 est
2123 938 2328 1006 factus;
2359 939 2448 991 sed
2481 938 2650 1007 factus
2672 939 2914 1011 continuo
2935 955 2986 992 se
3012 957 3042 991 a
3073 938 3184 992 luce
3222 942 3447 994 veritatis

1874 1018 2341 1094 avertit,superbia
2382 1028 2610 1080 tumidus
2638 1038 2685 1081 et
2729 1030 2968 1096 propriae
3010 1030 3272 1094 potestatis
3311 1029 3450 1082 dele-

1874 1118 2096 1170 ctatione
2156 1129 2448 1185 corruptus.
2499 1115 2648 1171 Unde
2707 1118 2886 1172 beatae
2921 1131 3073 1187 atque
3105 1118 3148 1152 ⁸³
3187 1118 3450 1187 angelicas

1874 1208 2006 1260 vitae
2043 1207 2365 1260 dulcedinem
2398 1224 2500 1260 non
2536 1209 2779 1277 gustavit,
2806 1224 2962 1277 quam
3004 1224 3105 1261 non
3149 1208 3324 1276 utique
3362 1223 3452 1258 ao-

1874 1305 2072 1363 ceptam
2133 1297 2417 1364 fastidivit,
2463 1297 2553 1350 sed
2600 1297 2822 1350 nolendo
2867 1298 3098 1366 accipere
3138 1297 3364 1350 deseruit
3401 1304 3451 1348 et

1872 1387 2067 1439 amisit.
2094 1385 2324 1440 Proinde
2351 1405 2439 1440 nec
2474 1389 2556 1440 sui
2596 1391 2748 1441 casus
2790 1390 3054 1455 praescius
3102 1404 3210 1441 esse
3260 1387 3450 1454 potuit,

1873 1477 2118 1547 quoniam
2140 1478 2479 1546 praescientia
2508 1478 2550 1508 ”
2576 1479 2781 1547 pietatis
2802 1487 2874 1531 est
2902 1478 3122 1546 fructus.
3155 1476 3253 1529 Ille
3276 1487 3452 1528 autent

1873 1567 2120 1620 continuo
2166 1568 2379 1636 impius,
2410 1577 2776 1637 consequenter
2820 1577 2867 1620 et
2907 1576 3074 1620 mente
3113 1581 3316 1628 caecus,
3348 1580 3453 1617 non

1871 1675 1937 1712 ex
1961 1676 2042 1720 eo,
2066 1659 2206 1729 quod
2251 1670 2538 1728 acceperat,
2566 1660 2772 1724 cecidit,
2799 1659 2888 1711 sed
2932 1674 2994 1711 ea:
3032 1675 3109 1716 eo,
3137 1656 3275 1726 quod
3314 1656 3454 1708 acci-

1871 1759 2036 1818 peret,
2082 1752 2128 1804 si
2164 1751 2317 1804 subdi
2363 1750 2470 1804 Deo
2521 1750 2782 1805 coluisset.
2834 1749 2985 1814 Quod
3042 1750 3273 1818 profecto
3325 1748 3452 1817 quia

175 1837 325 1906 poris
370 1837 391 1868 ³
429 1839 565 1892 inter
593 1856 680 1894 eos
707 1840 875 1910 factos
902 1851 947 1894 et
978 1859 1042 1895 ex
1065 1845 1137 1896 eis
1169 1854 1348 1897 natum
1377 1843 1530 1898 Cain.
1579 1844 1768 1899 Fuisse
1801 1845 1843 1904 Β
1873 1841 2058 1905 noluit,
2090 1853 2137 1895 et
2177 1842 2241 1895 ab
2269 1859 2347 1904 eo,
2371 1842 2508 1912 quod
2546 1852 2851 1911 accepturus
2882 1850 3012 1902 erat,
3051 1839 3256 1902 cecidit,
3284 1848 3331 1891 et
3361 1854 3453 1908 po-

176 1939 364 1982 autent
390 1926 415 1958 ‘
454 1929 624 1983 Adam
657 1931 1029 1999 temporaliter
1059 1933 1110 1986 in
1145 1934 1418 2002 paradiso,
1450 1935 1762 2005 priusquam

175 2018 249 2070 de
272 2027 420 2072 costa
452 2020 570 2090 ejus
591 2021 783 2076 mulier
806 2022 1185 2090 fabricaretur,
1209 2026 1356 2080 dicat
1391 2027 1481 2096 qui
1515 2027 1538 2058 ⁸
1565 2037 1760 2098 potest.

176 2110 416 2166 Proinde
449 2113 598 2183 plus,
623 2123 685 2168 ut
713 2115 967 2178 arbitror,
1003 2117 1118 2171 laus
1147 2117 1234 2170 illa
1265 2119 1408 2172 vitae
1445 2119 1679 2172 hominis
1707 2119 1760 2174 in

173 2202 444 2271 paradiso
461 2202 740 2257 referenda
763 2213 845 2260 est
877 2207 942 2259 ad
974 2205 1208 2260 futuram
1240 2205 1356 2274 ejus
1408 2209 1436 2239 ⁶
1473 2209 1662 2274 vitam,
1714 2209 1762 2262 si

172 2291 438 2347 obediens
475 2305 840 2363 permaneret,
870 2311 1031 2366 quam
1063 2298 1129 2350 ad
1153 2307 1451 2366 peractam,
1497 2313 1635 2366 quae
1674 2313 1761 2350 so-

174 2380 454 2438 lummodo
482 2385 858 2451 inchoaverat,
885 2402 983 2441 nec
1010 2404 1243 2458 urquam
1275 2397 1522 2443 steterat.
1549 2388 1680 2442 Nam
1716 2390 1761 2443 si

172 2475 371 2530 saltem
399 2477 480 2530 vel
506 2493 670 2546 parvo
698 2479 872 2549 spatio
899 2480 1163 2543 stetisset,
1189 2481 1497 2535 necessario
1543 2482 1610 2535 ad
1660 2482 1759 2535 ali~

171 2583 342 2639 quam
372 2567 757 2636 perfeelionem
785 2572 1111 2639 perveniret.
1136 2573 1210 2626 Ac
1245 2588 1340 2642 per
1364 2574 1466 2626 hoc
1489 2573 1761 2644 praefatus

172 2657 436 2728 magister
463 2657 710 2715 fortassis
742 2677 845 2716 non
886 2663 1090 2716 diceret
1129 2665 1362 2728 vivebat,
1389 2665 1482 2719 sed
1517 2666 1650 2719 vivit
1677 2667 1760 2720 vel

172 2749 442 2804 vixerat:
497 2767 804 2821 quanquam
856 2752 900 2807 si
946 2753 1145 2808 talibus
1205 2755 1480 2824 praeteriti
1535 2756 1756 2826 perlecti

169 2849 232 2895 et
279 2841 560 2912 plusquam
611 2844 835 2914 perfecti
881 2847 1058 2900 verbis
1105 2855 1364 2909 uteretur,
1398 2847 1482 2902 vel
1533 2851 1574 2903 si
1627 2850 1759 2903 alias

171 2949 310 2988 usus
358 2945 458 2996 est,
491 2936 608 3005 plus
657 2925 982 2992 crediderim
1034 2942 1382 3009 prae-teritum
1428 2958 1525 3011 pro
1579 2943 1760 2997 futuro

171 3023 444 3092 posuisse,
472 3041 631 3094 quam
660 3036 862 3081 statum
897 3029 1133 3084 hominis
1162 3032 1442 3102 temporali
1484 3035 1660 3103 spatio
1702 3035 1755 3088 in

173 3111 430 3169 felicitate
477 3117 712 3185 paradisi
746 3129 870 3173 ante
901 3132 1177 3188 peccatum
1209 3124 1457 3178 docuisse
1479 3166 1492 3186 ,
1518 3141 1578 3180 ea
1610 3127 1758 3181 vide-

1867 1943 2102 1987 testatem
2127 1934 2289 1996 illius,
2313 1935 2406 1987 sub
2437 1951 2538 2004 quo
2564 1950 2673 1987 esse
2695 1932 2878 1994 noluit,
2909 1949 3010 1985 non
3037 1931 3221 1992 evasit,
3253 1929 3452 1998 factus-

1864 2041 1962 2090 que
2007 2025 2061 2078 in
2099 2023 2189 2078 illo
2225 2034 2300 2079 est
2335 2026 2562 2095 pondere
2600 2024 2923 2085 meritorum,
2957 2032 3009 2076 ut
3062 2038 3152 2075 nec
3205 2021 3451 2090 justitias

1863 2116 2025 2183 possit
2054 2115 2250 2168 lumine
2295 2115 2561 2177 delcc'ari,
2586 2131 2676 2168 nec
2698 2114 2760 2166 ab
2785 2113 2898 2182 rjus
2925 2112 3178 2165 sententia
3212 2109 3447 2164 liberari.

1867 2207 1997 2260 Item
2030 2207 2075 2238 ”
2108 2207 2158 2260 in
2194 2208 2360 2274 ﬁgura
2386 2205 2643 2275 principis
2668 2203 2793 2276 Tyri
2823 2219 2917 2272 per
2945 2201 3277 2255 Ezecld‘elem
3318 2198 3451 2252 Pro-

1864 2299 2078 2366 phetam
2109 2298 2307 2351 dicitur
2331 2297 2377 2350 ei
2408 2314 2420 2350 :
2459 2295 2534 2348 Tu
2558 2313 2610 2348 es
2631 2295 2957 2364 signaculum
2987 2291 3368 2354 similitudinis,
3399 2298 3450 2342 et

1865 2409 2056 2445 corona
2092 2392 2319 2455 decoris,
2361 2391 2418 2444 in
2456 2388 2654 2442 deliciis
2693 2386 2930 2457 paradisi
2969 2385 3065 2438 Dei
3103 2383 3275 2453 fuisti,
3308 2382 3451 2436 omni

1865 2482 2037 2549 lapide
2064 2483 2287 2550 pretioso
2315 2492 2532 2536 ornatus
2555 2497 2629 2544 es,
2658 2488 2712 2532 et
2738 2488 2936 2540 cetera,
2981 2492 3118 2546 quae
3157 2473 3451 2544 quasi‘jaui

1865 2572 2006 2624 facta
2031 2585 2156 2626 ante
2196 2571 2406 2625 ruinam
2438 2570 2634 2624 diaboli
2686 2562 2960 2622 dicuntur.
3011 2568 3077 2621 Et
3123 2565 3338 2635 quidem
3393 2563 3452 2616 in

1865 2663 2040 2714 divina
2070 2661 2468 2731 dispensatione
2507 2667 2664 2714 erant
2697 2657 2860 2718 facta,
2882 2672 3022 2725 quae
3049 2656 3100 2708 in
3130 2655 3242 2717 illo,
3271 2655 3315 2709 si
3341 2670 3447 2708 non

1865 2764 2067 2816 rueret,
2094 2763 2250 2809 erant
2282 2751 2547 2806 facienda.
2590 2752 2761 2806 Porro
2789 2752 2832 2806 si
2871 2749 3187 2824 de'diabolo‘
3221 2748 3446 2819 mystica

1865 2845 2162 2899 "iulatione
2231 2854 2527 2914 temporum
2579 2843 2704 2896 talia
2766 2842 3204 2912 pronuntiantur,
3247 2847 3302 2893 et
3347 2853 3448 2891 nec

1863 2937 2019 2990 aliter
2071 2935 2354 3006 Scriptura
2404 2945 2548 2989 recte
2603 2933 2963 3002 intelligitur:
3002 2933 3130 3002 quid
3169 2933 3368 2994 obstat,
3400 2930 3447 2983 si

1861 3030 2048 3083 codem
2079 3028 2239 3081 modo
2273 3029 2336 3081 de
2367 3028 2584 3081 homine
2628 3027 2973 3096 praedicetur
2994 3067 3007 3091 ,
3034 3027 3085 3079 in
3121 3025 3326 3080 deliciis
3356 3039 3446 3094 pa-

1864 3120 2024 3172 radisi
2057 3118 2218 3173 fuisse
2241 3127 2366 3172 ante
2393 3127 2698 3186 peccatum,
2749 3119 2911 3187 quod,
2945 3118 2987 3172 si
3021 3134 3127 3170 non
3168 3127 3440 3184 peccaret,

173 3205 306 3261 licet
350 3208 590 3273 ratione,
622 3220 680 3263 ut
729 3213 1186 3280 praedestinatam
1240 3217 1756 3287 praedeliuitamque
1786 3201 1828 3262 C
1862 3210 2103 3281 pt'0lecl0
2143 3211 2192 3264 ei
2240 3209 2412 3272 ﬁeret.
2458 3210 2772 3279 praesertim
2821 3204 2944 3264 0υηὶ
2974 3208 3114 3263 nulla
3150 3207 3445 3261 θιιειοῐτῖιίιε

171 3296 562 3353 beatitudinem
592 3300 824 3358 hominis
851 3304 902 3356 in
941 3305 1211 3373 paradiso,
1243 3306 1286 3360 si
1338 3321 1440 3360 non
1488 3318 1756 3378 peccaret,

171 3390 330 3459 quasi
372 3389 530 3459 jam'
558 3393 851 3463 perfectam
883 3395 1148 3460 innueret,
1201 3397 1325 3452 dum
1380 3400 1555 3454 adhuc
1604 3401 1656 3454 in
1703 3388 1762 3456 re

171 3481 314 3549 ipsa,
341 3481 441 3536 hoc
473 3492 576 3547 est,
609 3485 661 3538 iu
697 3485 976 3540 effectibus
1006 3487 1278 3557 perfectae
1307 3492 1758 3560 praedestinatio-

171 3574 261 3628 nis
284 3573 462 3630 futura
494 3585 548 3630 et
586 3576 828 3632 facienda
863 3589 998 3633 erat.
1053 3581 1165 3636 Hoc
1201 3591 1379 3635 autem
1413 3583 1532 3636 dico
1561 3583 1603 3645 ⁸,
1631 3585 1757 3652 quia

169 3679 336 3734 saepe
366 3665 479 3736 ipse
502 3666 567 3722 de
590 3668 838 3736 paradiso
864 3668 1164 3740 disputans,
1191 3671 1468 3741 praeteriti
1499 3681 1758 3740 temporis

168 3751 449 3823 perfecti’
480 3763 536 3809 et
575 3756 859 3826 plusquam
901 3759 1127 3826 perfecti
1169 3757 1329 3811 verba
1384 3759 1584 3827 posuit,
1616 3759 1756 3812 sicut

166 3844 432 3899 librorum
466 3846 607 3902 illius
638 3849 908 3902 studiosus
938 3849 1107 3904 lector
1137 3850 1361 3918 reperiet
1388 3865 1402 3914 ;
1429 3858 1485 3902 ut
1515 3858 1594 3902 est
1628 3849 1754 3904 illud

169 3939 227 3992 in
252 3939 536 3994 undecimo
575 3941 824 3995 Exemeri
855 3941 1038 3995 libro:
1079 3941 1145 3996 In
1190 3942 1380 3996 sudore
1435 3942 1595 4011 faciti
1633 3952 1754 3995 tuae

165 4031 290 4085 cdes
342 4048 529 4100 panem
588 4041 758 4096 tuum,
797 4032 960 4086 donec
997 4035 1316 4088 convertaris
1353 4035 1409 4087 in
1447 4044 1640 4087 terram
1689 4049 1754 4087 ea:

167 4137 272 4190 qua
312 4131 544 4190 sumptus
567 4137 643 4185 es,
671 4123 796 4191 quia
833 4132 971 4175 terra
995 4139 1069 4187 es,
1099 4132 1146 4176 et
1185 4124 1237 4175 in
1258 4132 1450 4176 terram
1470 4123 1588 4176 ibis.
1617 4122 1748 4186 llos,

168 4211 370 4280 inquit,
421 4229 532 4266 esse
587 4215 643 4267 in
691 4224 830 4268 terra
879 4214 1080 4268 labores
1119 4216 1335 4269 humani
1398 4215 1598 4285 generis
1635 4216 1751 4285 quis

162 4302 420 4372 ignorat?
469 4303 535 4358 Et
584 4305 708 4374 quia
760 4322 860 4360 non
916 4317 1106 4371 essent,
1146 4307 1192 4360 si
1253 4306 1497 4376 felicitas,
1526 4323 1658 4378 quae
1695 4307 1750 4360 in

164 4391 418 4460 paradiso
439 4393 631 4462 fuerat,
649 4403 925 4457 teneretur,
951 4411 1052 4447 non
1080 4407 1153 4449 est
1182 4397 1355 4464 utique
1378 4397 1745 4450 dubitandum.

163 4482 370 4538 Fuerat
402 4483 556 4548 dixit,
575 4499 678 4537 non
704 4483 882 4538 fiebat.
913 4484 1019 4538 Nec
1048 4485 1148 4538 hoc
1169 4485 1386 4549 mirum,
1405 4499 1524 4539 cum
1547 4487 1748 4556 saepis-

1864 3301 1944 3355 vcl
1975 3300 2155 3355 divina
2201 3300 2284 3354 vel
2319 3300 2362 3330 “
2393 3302 2629 3354 humana
2679 3299 2980 3358 tradiderit,
3013 3306 3270 3366 quantum
3311 3306 3444 3350 tem«

1860 3393 2009 3463 poris
2067 3395 2120 3449 in
2179 3394 2448 3466 paradiso,
2503 3394 2816 3463 priusquam
2881 3400 3148 3461 peccaret,
3211 3389 3444 3443 feliciter

1860 3487 2037 3540 vixit?
2066 3487 2129 3540 Et
2167 3503 2334 3556 quare
2364 3488 2466 3540 hoc
2499 3493 2790 3547 taceretur,
2827 3484 2869 3536 si
2900 3482 3069 3537 fuisse
3117 3481 3447 3550 intelligere-

1860 3577 1978 3630 tur?
2014 3577 2344 3647 Argumenta
2384 3586 2561 3630 autem
2609 3592 2714 3629 non
2753 3576 2976 3638 desunt,
3013 3573 3208 3642 quibus
3249 3587 3444 3641 appro-

1859 3666 1973 3721 bari
2026 3676 2206 3736 potest
2235 3677 2329 3720 aut
2354 3667 2676 3722 brevissimo
2699 3675 2792 3720 aut
2815 3666 2959 3722 nullo
2990 3667 3248 3737 temporis
3271 3665 3412 3720 inter

1857 3758 1996 3812 vallo
2035 3767 2160 3812 ante
2195 3769 2474 3827 peccatum
2504 3759 2721 3812 vixisse.
2762 3757 2839 3811 Ex
2872 3758 2954 3812 his
2979 3755 3158 3821 enim,
3207 3772 3344 3826 quae
3388 3757 3443 3811 ei

1848 3850 1998 3920 jussa
2029 3859 2173 3914 sunt,
2203 3859 2326 3904 ante
2353 3859 2631 3918 peccatum
2662 3850 2798 3903 nihil
2837 3849 3030 3919 legitur
3055 3850 3257 3919 egisse,
3285 3847 3438 3901 verbi

1855 3942 2028 4010 gratia
2059 3958 2071 3994 :
2106 3941 2330 3994 Crescite
2376 3951 2423 3994 et
2463 3940 2882 4010 multiplicamini
2915 3952 2961 3993 et
2985 3941 3188 4010 implete
3218 3949 3436 4002 terram,

1855 4031 2102 4084 videlicet
2129 4031 2383 4100 paradisi.
2415 4031 2529 4098 Qua
2569 4032 2777 4085 ratione
2805 4048 2909 4085 non
2937 4032 3192 4085 continuo
3222 4030 3432 4085 felicem

1853 4109 2059 4192 prolem
2087 4125 2348 4194 gigneret,
2390 4124 2434 4178 si
2487 4124 2539 4177 in
2591 4125 2842 4193 paradiso
2894 4123 3124 4191 quodam
3178 4116 3441 4191 temporis

1855 4212 2032 4281 spatio
2060 4225 2185 4267 ante
2211 4213 2465 4268 delictum
2498 4213 2787 4276 habitaret,
2815 4221 2870 4266 et
2897 4213 2941 4266 si
2990 4213 3056 4266 de
3101 4212 3245 4282 ligno
3288 4214 3435 4266 vitae

1852 4315 2122 4376 gustaret,
2146 4321 2214 4360 ne
2241 4305 2366 4373 quid
2395 4304 2739 4374 corruptibile
2765 4318 2958 4373 corpus
2987 4304 3028 4336 "
3061 4303 3178 4372 ejus
3225 4299 3440 4373 patere?

1853 4398 1974 4452 tur?
1995 4399 2171 4466 Quare
2196 4399 2361 4452 divini
2388 4414 2451 4452 ac
2476 4398 2521 4429 ⁸⁸
2551 4397 2843 4467 spiritualis
2870 4395 3239 4457 medicaminis
3263 4397 3435 4449 virtus

1852 4489 1903 4543 in
1927 4505 2150 4560 corpore
2173 4489 2288 4558 ejus
2318 4505 2421 4544 non
2449 4489 2494 4520 "
2522 4489 2836 4558 praevaluit,
2863 4505 2928 4541 ne
2967 4489 3129 4542 etiam
3162 4481 3444 4557 peccando

163 4575 305 4628 sime
323 4573 504 4629 divina
531 4575 824 4630 auctoritas
848 4575 1023 4629 futura
1064 4577 1218 4645 quasi
1239 4576 1349 4643 jam
1374 4586 1589 4646 peracta
1621 4593 1744 4646 pro-
1775 4555 1824 4614 Ῐ)
1852 4584 1904 4638 in
1940 4583 2338 4652 corruptionem
2386 4581 2634 4636 caderet?
2685 4579 2835 4649 Ligni
2879 4579 2928 4610 ὀ
2978 4579 3242 4647 siquidem
3289 4577 3434 4630 vitae

163 4664 396 4717 nuntiet.
425 4662 555 4730 Quis
589 4664 733 4718 enim
755 4665 1072 4728 crediderit,
1099 4665 1369 4720 diabolum
1411 4667 1465 4720 in
1510 4667 1744 4720 beatitu-

162 4753 294 4806 dine
323 4752 556 4822 paradisi
580 4752 874 4824 fuisse,qui‘
903 4771 1045 4818 mox,
1071 4765 1128 4808 ut
1156 4757 1421 4818 conditus,
1439 4757 1618 4826 lapsus
1640 4766 1739 4819 est,

161 4842 308 4895 sicut
335 4842 592 4898 Dominus
628 4846 705 4899 ait
749 4847 801 4900 in
849 4846 1173 4918 Evatlgelio:
1205 4847 1304 4900 Ille
1341 4849 1602 4900 homicida
1632 4857 1744 4901 erat

159 4931 227 4984 ab
269 4933 440 4998 initio,
476 4947 524 4989 et
562 4936 615 4990 in
657 4937 867 4992 veritate
893 4954 994 4991 non
1021 4938 1178 4990 stetit.
1215 4937 1383 5004 Quam
1411 4937 1740 4991 Dominicam

159 5024 490 5079 sententiam
521 5028 573 5080 in
606 5028 892 5082 undecimo
918 5028 1166 5082 Exerueri
1210 5030 1292 5082 sui
1352 5029 1465 5098 ipse
1493 5028 1745 5098 Augusti—

159 5129 287 5179 nus,
308 5113 374 5168 de
396 5130 504 5185 quo
526 5133 664 5173 tutnc
688 5119 729 5150 “
755 5129 1071 5183 tractamus,
1088 5122 1324 5190 exponit.
1357 5121 1509 5186 Quod
1537 5121 1575 5154 "
1599 5138 1739 5190 ergo,

158 5206 360 5276 inquit,
380 5220 594 5278 putatur
621 5228 884 5283 nunquam
922 5213 1160 5268 diabolus
1198 5215 1250 5268 in
1286 5216 1498 5268 veritate
1518 5215 1740 5280 stetisse,

1850 4690 1973 4728 esca
2002 4673 2044 4727 si
2078 4672 2290 4742 corpori
2318 4671 2486 4739 ipsius
2509 4685 2615 4724 uno
2662 4669 2746 4722 vel
2796 4668 3004 4722 duobus
3047 4667 3128 4720 vel
3173 4666 3435 4735 quotlibet

1850 4765 2038 4819 dictus
2063 4764 2128 4816 ad
2162 4763 2445 4816 sanitatem
2475 4769 2529 4813 et
2552 4757 3110 4828 incorruptibilitatem
3134 4755 3354 4826 profuit,
3379 4764 3434 4808 et

1853 4869 1955 4907 non
1987 4867 2220 4921 semper,
2246 4850 2486 4918 profecto
2516 4864 2618 4901 non
2660 4849 2893 4902 habebat
2939 4856 3144 4900 tantum
3195 4842 3448 4906 virtutis,

1851 4953 2108 5013 quantum
2144 4951 2199 4995 et
2238 4941 2431 5010 legitur
2482 4949 2535 4992 et
2577 4939 2813 4992 creditur
2871 4938 3138 4992 habuisse.
3171 4935 3278 4988 Aut
3323 4950 3429 5002 qua

1852 5033 2061 5087 ratione
2109 5032 2312 5100 lignum
2366 5029 2506 5083 vitae
2556 5028 2846 5090 diceretur,
2901 5027 3043 5096 quod
3092 5023 3430 5080 solummodo

1851 5124 2246 5192 corruptionem
2275 5119 2765 5188 potuitretardare,
2793 5133 2898 5171 non
2951 5126 3126 5170 autem
3173 5114 3344 5183 potuit
3394 5127 3427 5166 a

1849 5214 2195 5283 corruptione
2239 5210 2453 5280 penitus
2497 5208 2747 5272 liberare,
2793 5206 3211 5273 diuturuatnque
3258 5203 3430 5258 vitam.

1434 5375 1684 5430 VAlilAE
1747 5371 2144 5428 LECTIONES.

229 5484 248 5514 ¹
284 5482 374 5537 Sic
403 5481 526 5545 CF;
555 5483 596 5536 Δ
617 5494 816 5537 octavo.
915 5487 936 5516 ²
976 5484 1065 5540 Sic
1093 5486 1176 5541 CF
1206 5503 1220 5546 ;
1247 5487 1285 5540 A
1312 5497 1357 5541 et
1409 5489 1590 5540 etiam.

148 5553 176 5587 ⁷
209 5554 304 5607 Sic
330 5552 444 5612 CF:
475 5555 516 5607 A
545 5564 673 5606 tum.
748 5553 770 5584 "
798 5553 887 5609 Sic
913 5555 1027 5619 CF;
1051 5558 1096 5610 A
1133 5557 1278 5610 dicit.
1385 5557 1406 5588 ’
1439 5558 1528 5610 Sic
1563 5557 1677 5617 CF;
1708 5557 1747 5609 Α

154 5621 321 5689 Quid.
426 5623 468 5654 ¹¹
500 5621 590 5679 Sic
617 5621 701 5679 CF
731 5637 746 5688 ;
779 5624 821 5677 A
854 5625 1166 5680 conditionis
1196 5644 1341 5680 suae.

151 5695 202 5767 ‘f
231 5695 324 5748 Sic
348 5692 471 5758 CF;
499 5695 543 5748 Α
565 5703 745 5749 ααι-
774 5705 884 5750 aut.
963 5698 1001 5729 ¹⁷
1045 5698 1136 5753 Sic
1159 5695 1278 5762 CF;
1313 5700 1351 5750 Α
1383 5698 1497 5767 ejus
1537 5714 1743 5767 corpus.

147 5764 376 5834 lignum.

1669 5487 1690 5518 ³
1719 5487 1964 5554 temporis
1987 5499 2094 5536 om.

1781 5551 2062 5626 praeteriti
2079 5553 2317 5626 ρεηξαὶΔ
2359 5551 2622 5626 temporis.

1419 5627 1462 5659 “
1491 5626 1581 5681 Sic
1604 5627 1719 5690 CF;
1748 5627 1793 5681 Α
1817 5637 1883 5679 et.

2330 5480 2353 5513 ⁸
2374 5490 2544 5534 autem
2573 5494 2680 5533 om.
2719 5477 2782 5529 Α.
2861 5476 2882 5507 ⁸
2913 5475 2953 5527 Α
2979 5474 3112 5544 quis.
3154 5473 3208 5544 _‘
3239 5471 3420 5544 CFei.

2723 5548 2764 5577 ¹⁰
2801 5561 2937 5598 nunc
2987 5542 3094 5598 om.
3137 5542 3199 5595 A.
3304 5542 3420 5595 “'A

2736 5617 2777 5646 ⁸⁸
2809 5614 2900 5669 Sic
2934 5614 3006 5680 A;
3037 5612 3119 5664 (ΤΡ
3156 5611 3415 5664 Attamen.

1962 5626 2006 5656 ”
2033 5619 2123 5677 Sic
2145 5619 2259 5686 CF;
2292 5621 2336 5675 A
2362 5619 2636 5692 sapientia.
2736 5619 2777 5646 “'
2809 5619 2900 5669 Sic
2934 5619 3006 5680 A;
3037 5619 3119 5664 [ια’
3156 5619 3415 5690 Attamen.

1962 5695 2022 5746 lic
2072 5693 2193 5746 CF;
2243 5695 2286 5746 Λ
2320 5703 2386 5745 et.
2491 5692 2531 5722 ¹⁹
2582 5705 2682 5742 non
2719 5703 2825 5742 om.
2855 5685 2922 5739 Α.
3038 5683 3079 5713 ²⁰
3111 5680 3200 5737 Si'e
3228 5680 3341 5746 LF;
3376 5682 3419 5734 Α

1861 5699 1903 5728 ¹⁸
1934 5695 2022 5750 δῖε
2072 5693 2193 5758 CF;
2243 5695 2286 5747 Λ
2320 5703 2386 5745 et.
2423 5685 2433 5692 ⁷
2491 5692 2531 5722 ¹⁹
2582 5705 2682 5742 non
2719 5703 2825 5742 om.
2855 5685 2922 5739 Α.
