4028 6282
1941 379 2221 440 JOANNIS
2261 380 2460 439 SCOTl

3735 385 3836 443 εει

564 500 850 559 edentibus
894 501 1218 572 praestare?
1274 498 1331 556 Si
1379 499 1525 557 enim
1576 501 1721 558 illius
1769 501 1901 574 ligni
1953 512 2148 557 natura
2174 503 2226 562 A
2252 500 2510 574 lmagine,
2541 501 2683 573 quod
2713 502 2876 561 etiam
2904 504 3155 575 superius
3184 505 3478 575 posuimus,
3522 515 3578 563 et
3612 523 3761 563 nunc
3794 510 3836 571 ⁸,

563 594 712 663 omni
738 594 927 650 morbo
954 594 1389 660 eratcontraria,
1414 604 1472 650 ut
1516 596 1767 653 omnibus
1819 612 1881 652 ea
1920 582 2150 653 triremi-

562 687 667 742 hus
694 694 1000 757 praestaret
1024 686 1210 751 vitam,
1236 702 1335 742 cur
1375 688 1428 741 in
1470 688 1831 758 gustantibus,
1869 688 1954 743 vel
1984 689 2147 744 etiam

565 778 973 834 comedentibus
993 792 1100 832 non
1129 777 1371 833 vinceret
1396 781 1660 836 mortem?
1690 779 1974 835 Peccatum
2002 779 2153 835 dices

563 869 822 924 virtutem
868 869 1037 939 ipsius
1077 868 1303 933 vicerat,
1342 884 1411 925 ne
1469 870 1523 925 in
1574 881 1781 926 tantum
1834 871 2153 941 prodesset?

566 958 813 1016 Validius
855 976 987 1033 ergo
1028 970 1149 1016 erat
1196 963 1214 994 ⁸
1268 963 1474 1034 peccati
1523 963 1743 1029 malum,
1796 980 1957 1035 quam
2009 965 2154 1019 vitae

565 1057 791 1113 bonum.
825 1057 1010 1114 Potius
1040 1059 1220 1128 itaque
1243 1059 1545 1123 videamus,
1575 1061 1719 1130 quod
1753 1060 2012 1116 Dominus
2038 1060 2155 1130 ipse

566 1145 647 1202 ait
675 1162 864 1203 verum
894 1148 1037 1203 vitae
1065 1148 1287 1219 lignum.
1337 1149 1469 1215 Ille,
1517 1150 1706 1220 inquit,
1744 1149 1987 1206 diabolus
2029 1165 2155 1220 pro-

569 1236 735 1304 iecto,
765 1238 1028 1293 homicida
1067 1237 1265 1292 eratab
1304 1240 1474 1294 initio.
1508 1239 1767 1306 Putasne,
1792 1241 2022 1296 alterum
2055 1241 2156 1296 ho-

570 1328 773 1383 minem
798 1327 1060 1383 occidisse
1083 1337 1301 1398 praeter
1328 1330 1474 1385 illum
1510 1347 1675 1386 unum
1705 1340 1760 1387 et
1786 1333 2155 1400 solum,quem

570 1412 717 1472 Deus
741 1418 808 1471 ad
832 1418 1120 1489 imaginem
1149 1436 1300 1477 snam
1324 1423 1564 1477 ereavit?
1610 1423 1754 1479 Dtsc.
1781 1422 2152 1493 Nequaquam.

570 1506 714 1565 MAG.
736 1510 777 1565 A
806 1525 914 1581 quo
942 1527 1072 1583 ergo
1102 1512 1255 1569 initio
1291 1514 1556 1570 homicida
1591 1524 1707 1569 erat
1736 1513 2000 1579 diabolus,
2027 1528 2155 1568 num

573 1601 644 1656 ab
672 1601 824 1657 initio
849 1602 1175 1659 conditionis
1201 1620 1354 1671 suae,
1387 1622 1453 1660 an
1483 1607 1552 1661 ab
1588 1606 1741 1661 initio
1770 1605 2095 1662 conditionis
2135 1606 2161 1637 ’

570 1690 828 1757 hominis,
855 1708 922 1747 an
953 1701 1102 1751 certe
1129 1696 1200 1751 ab
1226 1696 1382 1751 initio
1405 1697 1731 1754 conditionis
1762 1699 2078 1767 utriusque,
2111 1696 2158 1753 si

574 1776 734 1834 simul
757 1782 958 1837 conditi
984 1793 1130 1849 sunt,
1153 1794 1209 1840 et
1228 1785 1366 1840 alter
1386 1786 1614 1842 alterum
1637 1787 1691 1841 in
1715 1788 2023 1843 conditione
2051 1803 2157 1842 non

569 1873 915 1940 praecessit?
956 1872 1063 1930 Sed
1100 1876 1142 1931 si
1173 1878 1410 1932 conditio
1441 1878 1641 1933 diaboli
1669 1878 2034 1934 conditionem
2063 1879 2161 1933 ho-

572 1962 737 2021 minis
757 1967 1197 2036 praeoccupavit,
1225 1968 1495 2038 quomodo
1522 1968 1592 2024 ab
1615 1968 1768 2023 initio
1789 1983 1887 2022 suo
1917 1966 2163 2024 diabolus

574 2054 847 2111 homicida
874 2057 1032 2112 erat?
1052 2056 1109 2112 Si
1133 2073 1260 2113 vero
1283 2046 1517 2114 hominis
1538 2058 1777 2114 conditio
1798 2058 2162 2113 conditionem

576 2145 776 2202 diaboli
801 2149 1095 2212 antevenit,
1137 2151 1408 2219 quomodo
1447 2150 1693 2205 diabolus
1739 2151 1809 2205 ab
1858 2150 2014 2205 initio
2066 2148 2166 2203 hu-

574 2252 771 2294 manae
805 2240 1132 2296 conditionis
1183 2242 1449 2297 homicida
1506 2242 1705 2297 dicitur
1763 2241 1824 2295 ’ἲ
1873 2240 1929 2296 Si
1986 2251 2165 2298 autem

578 2328 929 2399 relinquitur,
957 2340 1017 2387 ut
1045 2330 1120 2387 ab
1163 2331 1321 2388 initio
1364 2334 1647 2404 utriusque
1694 2334 1854 2390 simul
1906 2333 2082 2401 iacto,
2114 2342 2171 2390 et

577 2419 853 2477 homicida
877 2431 998 2477 erat
1029 2423 1293 2488 diabolus,
1325 2432 1380 2479 et
1405 2424 1567 2479 homo
1596 2435 1715 2481 erat
1735 2426 1984 2481 occisus:
2010 2426 2172 2496 quale

580 2513 816 2583 spatium
848 2516 1007 2571 datur
1034 2517 1237 2573 homini
1269 2519 1321 2574 in
1346 2519 1598 2588 paradiso
1618 2518 1836 2579 vixisse,
1855 2519 2169 2589 priusquam

582 2623 620 2660 a
649 2607 858 2663 diabolo
890 2610 1271 2665 occideretur?
1310 2611 1421 2666 lloc
1444 2611 1608 2666 etiam
1631 2626 1694 2667 ex
1724 2610 2043 2682 Evangelica
2072 2625 2169 2679 pa—

582 2701 771 2757 rabola
802 2703 1090 2759 manifeste
1116 2703 1396 2774 probatur.
1436 2703 1611 2759 Homo
1645 2705 1860 2777 quidam
1886 2702 2170 2758 descende-

586 2796 675 2849 bat
724 2794 789 2850 ab
832 2795 1126 2851 Ierusalem
1163 2797 1219 2852 in
1244 2795 1480 2862 Iericho,
1533 2807 1581 2852 et
1616 2796 1800 2852 incidit
1835 2796 1891 2849 in
1920 2794 2169 2851 latrones.

585 2884 702 2941 Non
746 2887 892 2943 enim
930 2889 1029 2952 ait,
1054 2888 1218 2943 homo
1257 2889 1474 2958 quidam
1512 2898 1631 2945 erat
1678 2888 1731 2943 in
1771 2887 2068 2945 Jerusalem
2118 2895 2174 2942 et

584 2978 778 3033 incidit
805 2980 857 3033 in
888 2979 1147 3036 latrones.
1173 2980 1308 3035 Nam
1339 2980 1384 3035 si
1415 2981 1467 3034 in
1496 2979 1819 3047 Jerusalem,
1842 2980 1946 3036 hoc
1976 2988 2081 3044 est,
2118 2980 2172 3035 in

584 3071 840 3139 paradiso
889 3072 1123 3127 humana
1175 3082 1365 3127 natura
1412 3081 1779 3143 permaneret,
1826 3070 2072 3140 profecto
2119 3070 2171 3125 in

2252 603 2495 666 repetere
2515 595 2792 651 debemus.
2820 595 2923 662 Qui
2943 597 3143 662 omnia,
3163 597 3354 668 inquit,
3379 598 3604 653 adduxit
3634 600 3690 653 in
3712 618 3845 664 esse,

2250 696 2517 760 totumque
2546 689 2600 743 in
2629 705 2728 744 sua
2754 687 3022 744 voluntate
3055 688 3315 744 hominem
3341 690 3411 743 ad
3437 690 3681 745 divinam
3708 693 3843 745 ima-

2249 782 2423 853 ginem
2446 782 2712 853 formavit,
2738 799 2843 837 non
2860 781 3118 849 paulatim
3137 783 3515 853 adfectionibus
3537 784 3843 854 futurorum

2251 891 2426 930 moras
2446 874 2588 943 fecit,
2620 876 2830 930 sciendo
2857 876 2912 930 in
2940 891 3093 930 suam
3128 874 3506 947 plenitudinem
3539 876 3846 944 animarum

2254 982 2527 1021 numerum
2547 966 2919 1036 perﬁciendum
2934 983 2955 1032 ;
2982 966 3077 1021 sed
3104 966 3412 1021 cumulatior:
3441 968 3501 1022 in
3534 967 3659 1037 ipsa
3678 966 3842 1036 pleni-

2254 1055 2437 1110 tudine
2466 1071 2669 1109 omnem
2698 1056 2985 1110 humanam
3015 1066 3261 1111 naturam
3288 1059 3631 1128 prognostica
3668 1073 3849 1125 opera-

2254 1145 2722 1213 tione’intellexit,
2752 1158 2799 1201 et
2823 1149 2879 1207 in
2906 1147 3295 1211 excelsitudine,
3320 1158 3367 1203 et
3381 1148 3436 1202 in
3451 1147 3738 1217 eoat-quati
3760 1163 3850 1199 au-

2254 1238 2380 1310 gelis
2395 1239 2562 1310 quiete
2579 1240 2964 1309 honori/icavit.
2989 1239 3089 1295 llic
3109 1239 3370 1308 intelligc,
3383 1238 3728 1307 praedictum
3744 1252 3850 1290 ma-

2256 1332 2484 1402 gistrum
2533 1331 2829 1401 praeterita
2864 1345 2965 1401 pro
2991 1328 3186 1385 futuris
3212 1329 3479 1400 posuisse.
3509 1327 3672 1395 Quod
3709 1326 3849 1381 enim

2257 1423 2353 1487 ait,
2384 1424 2727 1494 prognostica
2759 1423 3074 1494 operatione
3114 1422 3163 1459 ¹⁶
3186 1421 3356 1476 Deum
3387 1436 3611 1476 omnem
3662 1418 3852 1473 huma-

2257 1529 2383 1568 nam
2432 1524 2682 1570 naturam
2741 1514 2794 1568 in
2850 1512 3241 1568 exeelsitudine
3270 1522 3323 1566 et
3365 1510 3665 1579 inaequali
3693 1526 3851 1581 auge-

2257 1605 2328 1662 lis
2354 1605 2536 1677 quiete
2566 1592 3191 1675 condidisse,quomodo
3215 1603 3374 1658 aliter
3394 1600 3626 1671 intelligi
3656 1610 3854 1670 potest,

2260 1700 2365 1756 nisi
2397 1700 2521 1771 quia
2538 1698 2653 1768 jam
2686 1699 2850 1753 homo
2874 1697 2928 1753 in
2957 1697 3139 1752 causis
3164 1696 3416 1751 conditus
3433 1703 3583 1758 erat,
3623 1693 3858 1747 nondum

2264 1809 2395 1848 vero
2416 1793 2470 1847 in
2499 1791 2727 1848 effectus
2751 1806 2884 1848 suae
2904 1789 3255 1846 beatitudinis
3280 1787 3655 1859 procedebat?
3683 1786 3751 1840 Et
3770 1799 3855 1839 cur

2265 1903 2372 1944 non
2414 1894 2793 1957 processerat,
2840 1884 3015 1941 reddit
3063 1898 3282 1938 causam
3320 1882 3547 1936 dicens:
3598 1882 3855 1944 Quom

2265 1993 2383 2032 vero
2412 1977 2664 2046 praevidit
2695 1975 3126 2044 contemplatoria
3155 1974 3340 2029 uirtute
3368 1987 3471 2026 non
3494 1984 3637 2025 recte
3659 1980 3854 2024 euntem

2267 2068 2337 2121 ad
2354 2068 2544 2121 bonum
2564 2068 2605 2098 “
2624 2066 3132 2136 voluntatemmtque
3159 2066 3275 2119 ideo
3300 2080 3364 2119 ea‘
3377 2063 3625 2134 angelica
3653 2073 3758 2116 rita
3785 2076 3857 2113 u-

2268 2158 2555 2223 cedentem,
2574 2175 2639 2212 ne
2664 2159 2961 2212 animarum
2987 2159 3338 2212 humanarum
3358 2154 3653 2209 multitudo
3667 2168 3859 2207 mansa

2271 2259 2435 2313 retur,
2462 2249 2655 2303 rodens
2682 2265 2748 2304 ea:
2773 2247 2865 2302 illo
2893 2251 3074 2312 modo,
3100 2264 3355 2318 perque»:
3384 2245 3558 2318 angeli
3597 2246 3673 2299 ad
3691 2245 3859 2299 multa

2271 2341 2504 2395 tudinem
2533 2339 2678 2393 aucti
2709 2351 2849 2403 sunt,
2875 2348 3148 2408 propterea
3176 2337 3564 2393 conuenientem
3596 2354 3653 2391 ut
3683 2353 3860 2408 peccs-

2272 2441 2381 2485 tum
2403 2429 2690 2484 annullatis
2716 2430 2761 2460 “
2788 2430 3094 2483 incrementi
3119 2430 3552 2500 excogitationem
3580 2445 3639 2482 tn
3674 2438 3863 2482 natura

2272 2522 2640 2590 conformarit,
2666 2537 2761 2590 pro
2792 2520 3029 2592 angelica
3058 2520 3450 2590 magniﬁcentia
3477 2519 3792 2590 pecudolem
3817 2528 3860 2572 et

2271 2614 2686 2671 irrationabilem
2713 2631 2779 2670 ea:
2807 2629 2863 2670 se
2897 2615 3114 2669 invicem
3136 2613 3479 2668 successionis
3520 2613 3747 2666 modum
3773 2612 3866 2666 Ιιιο

2273 2708 2517 2762 manilati
2548 2708 2804 2762 inserens.
2836 2706 2895 2761 Si
2927 2707 3110 2776 itaque
3130 2707 3267 2762 haee
3288 2705 3454 2759 verba
3482 2703 3662 2759 sancti
3695 2704 3864 2758 Theo-

2274 2798 2379 2867 logi
2413 2798 2623 2854 veracia
2646 2805 2788 2857 sunt,
2818 2795 2961 2867 quod
2989 2796 3104 2851 non
3125 2793 3326 2851 temere
3351 2793 3681 2850 crediderim
3700 2811 3718 2845 :
3743 2793 3865 2860 quid

2274 2888 2418 2943 aliud
2447 2889 2606 2943 datur
2626 2887 2871 2958 intelligi,
2893 2903 3080 2958 quam,
3104 2894 3165 2941 ut
3196 2886 3431 2942 humana
3464 2894 3686 2948 natura,
3713 2884 3875 2939 ttullis

2279 2989 2581 3050 temporum
2610 2977 2850 3040 merulis,
2883 2977 3044 3033 nullis
3074 2991 3258 3032 rerum
3290 2974 3628 3031 sensibilium
3661 2971 3869 3028 deﬂecti-

2275 3070 2393 3130 hus.
2424 3070 2477 3125 in
2508 3070 2781 3140 paradiso,
2808 3070 2861 3124 in
2881 3084 2989 3140 quo
3016 3067 3336 3123 naturaliter
3355 3066 3607 3122 conditus
3625 3073 3735 3130 est,
3764 3073 3871 3119 ste-

585 3160 857 3229 latrones,
887 3162 1159 3237 diabolum
1196 3162 1445 3219 videlicet
1490 3161 1853 3232 satellitesque
1897 3161 2044 3231 ejus,
2066 3177 2178 3216 non
2203 3199 2250 3260 C
2284 3163 2434 3226 tisse,
2464 3162 2558 3217 scd
2592 3176 2717 3216 mox
2748 3162 2814 3216 de
2843 3162 2929 3215 via
2958 3160 3204 3215 veritatis
3232 3158 3500 3224 deviasse,
3544 3167 3602 3212 et
3639 3156 3872 3211 divisio-

588 3253 909 3310 incurreret.
934 3253 1095 3310 Prius
1124 3270 1253 3326 ergo
1281 3254 1644 3309 descendebat.
1665 3254 1730 3310 de
1753 3253 2027 3325 paradiso,
2044 3269 2178 3310 suae

590 3344 887 3401 voluntatis
913 3345 1267 3401 irrationabili
1298 3356 1445 3400 motu
1479 3345 1765 3416 impulsura,
1791 3355 1848 3401 et
1874 3346 1928 3401 in
1960 3344 2179 3401 Iericho

589 3435 1077 3507 praecipitabatnr,
1126 3437 1231 3493 hoc
1273 3446 1382 3502 est,
1432 3437 1486 3492 in
1534 3436 1802 3494 defectum
1857 3438 2181 3494 instabilita-

592 3536 814 3598 temque
837 3543 1020 3584 rerum
1052 3529 1460 3599 temporalium;
1494 3537 1551 3584 et
1581 3529 1827 3585 cadendo
1866 3530 2181 3587 vulneratus

593 3627 703 3685 est,
751 3619 1110 3690 omnibusque
1132 3620 1153 3652 ⁸
1174 3620 1515 3675 naturalibus
1540 3620 1717 3684 bonis,
1747 3621 1801 3674 in
1825 3620 2021 3691 quibus
2049 3637 2179 3677 con-

595 3711 742 3767 ditus
754 3722 875 3766 erat
889 3709 930 3776 ',
946 3711 1204 3782 spoliatus
1226 3712 1266 3767 ⁸.
1287 3711 1386 3766 Ubi
1413 3712 1573 3766 datur
1594 3710 1991 3782 intelligi,quod
2020 3713 2182 3767 homo

593 3803 748 3877 prius
774 3804 825 3859 in
848 3818 907 3859 se
932 3803 1049 3873 ipso
1075 3804 1258 3875 lapsus
1280 3813 1388 3871 est,
1411 3819 1575 3875 quam
1603 3804 1817 3860 diabolo
1847 3813 2175 3873 tentaretur;

591 3909 698 3949 nec
750 3895 856 3950 hoc
901 3894 1094 3961 solum,
1146 3910 1332 3952 verum
1382 3896 1569 3963 etiam,
1616 3895 1758 3967 quod
1815 3914 1921 3954 non
1981 3897 2035 3953 in
2086 3912 2182 3968 pa-

592 3985 798 4050 radiso,
830 3986 925 4042 sed
980 3986 1342 4043 descendente
1386 4002 1471 4053 eo,
1529 3990 1855 4060 prepriaque
1903 3989 2183 4044 voluntate

590 4091 631 4131 ἃ
687 4076 924 4147 paradisi
986 4075 1281 4146 felicitate,
1340 4093 1480 4148 quae
1541 4077 1839 4134 Jerusalem
1897 4077 2181 4143 vocabulo,

590 4166 700 4222 hoc
754 4175 839 4222 est
895 4168 1119 4224 visionis
1172 4168 1322 4238 pacis
1379 4168 1722 4239 intelligitur,
1756 4170 2083 4233 deserente,
2126 4178 2183 4224 et

594 4256 656 4312 in
702 4255 941 4321 Iericho,
1001 4258 1106 4313 hoc
1156 4268 1262 4322 est,
1303 4259 1355 4312 in
1396 4258 1540 4314 hunc
1601 4261 1859 4314 mundum
1898 4259 2112 4315 labente
2148 4274 2180 4313 a

594 4345 811 4402 diabolo
844 4348 1119 4403 sauciatus
1147 4347 1240 4413 sit,
1261 4358 1316 4402 et
1354 4350 1683 4406 beatitudine
1705 4351 1726 4382 ⁷
1758 4349 2033 4420 spoliatus.
2064 4350 2181 4406 Non

595 4436 741 4490 enim
775 4436 1032 4493 credibile
1058 4446 1162 4502 est,
1195 4439 1423 4493 eundem
1451 4438 1724 4494 hominem
1754 4450 1809 4495 et
1849 4440 1902 4505 in
1930 4450 2177 4496 eontem-

2280 3271 2405 3309 ncm
2440 3262 2666 3309 naturae
2694 3254 2746 3307 in
2775 3252 3039 3323 duplicem
3083 3266 3270 3307 sexum
3292 3290 3311 3315 ,
3348 3265 3446 3321 per
3470 3246 3871 3320 quemjumeno

2280 3355 2459 3403 torum
2487 3347 2836 3402 similitudine
2867 3346 3332 3416 multiplicaretur,
3367 3358 3654 3414 perversae
3680 3342 3874 3397 volun-

2279 3439 2407 3494 tatis
2428 3447 2573 3492 motu
2603 3436 2905 3492 meruisse?
2919 3435 2999 3491 Ac
3024 3449 3123 3504 per
3141 3436 3250 3491 hoc
3267 3435 3311 3488 si
3340 3433 3394 3487 in
3411 3448 3476 3487 ea
3506 3431 3875 3497 beatitudine,

2278 3529 2333 3583 in
2357 3543 2461 3597 qua
2492 3535 2673 3582 creata
2710 3534 2816 3590 est,
2845 3534 3220 3594 permaneret,
3253 3523 3536 3592 utriusque
3573 3537 3748 3577 sexus
3783 3536 3874 3576 co-

2278 3620 2403 3692 pula
2428 3619 2474 3650 ¹³
2501 3618 2570 3673 ad
2593 3616 3097 3687 multiplicationem
3134 3630 3286 3670 suam
3326 3629 3434 3669 non
3458 3613 3730 3683 indigeret
3760 3629 3778 3666 :
3810 3627 3878 3668 eo

2278 3711 2423 3767 enim
2470 3709 2657 3775 modo,
2699 3724 2809 3778 quo
2834 3708 3010 3779 angeli
3039 3705 3382 3776 multiplicati
3420 3713 3570 3767 sunt,
3594 3704 3720 3758 sine
3765 3704 3881 3758 ullo

2280 3818 2414 3859 sexu
2445 3800 2913 3871 multiplicaretur.
2949 3799 3086 3854 lluic
3131 3799 3310 3854 sensui
3339 3794 3663 3852 venerabilis
3704 3794 3876 3865 magi-

2280 3905 2394 3952 ster
2420 3895 2708 3958 Maximus,
2756 3891 2988 3963 praefati
3025 3890 3282 3962 ’Πιεριοεί
3318 3889 3612 3959 expositor,
3652 3901 3878 3941 sermo-

2279 4004 2405 4043 nem
2442 3988 2559 4057 ejus
2584 3987 2653 4042 de
2693 3985 2962 4054 baptismo
2995 3998 3291 4053 exponens,
3320 3980 3587 4036 consentit
3624 3978 3831 4033 dicens
3861 3994 3878 4032 :

2280 4079 2464 4142 Aiunt,
2495 4078 2583 4149 qui
2626 4077 2802 4132 divina
2833 4077 3049 4146 mystice
3076 4084 3428 4145 assequuntur
3450 4071 3651 4143 eloquia
3668 4110 3687 4134 ,
3716 4081 3766 4125 et
3793 4070 3881 4122 al-

2281 4171 2522 4235 tioribus,
2548 4180 2806 4240 quantum
2834 4183 3153 4238 consequens
3177 4177 3274 4231 est,
3301 4164 3593 4236 gloriﬁcent
3619 4163 3881 4231 speculo—

2282 4259 2528 4322 tionibus,
2551 4260 2833 4313 secundum
2861 4258 3140 4326 imaginem
3165 4255 3260 4310 Dei
3284 4270 3379 4325 per
3395 4253 3649 4323 principia
3670 4254 3883 4321 factum

2281 4350 2542 4404 hominem
2572 4349 2765 4418 fuisse,
2815 4348 3028 4402 omnino
3073 4345 3334 4400 nascendo
3361 4343 3645 4398 secundum
3675 4358 3881 4410 propo-

2281 4441 2441 4496 situm
2468 4438 2657 4508 spiritu
2687 4438 2750 4503 ”,
2773 4447 2821 4492 et
2842 4436 3143 4506 accipiendo
3165 4435 3451 4489 secundum
3477 4430 3882 4484 similitudinem

592 4529 832 4598 platione
863 4538 1119 4585 aeternae
1146 4530 1298 4600 pacis
1324 4531 1568 4597 stetisse,
1605 4540 1660 4586 et
1686 4531 1948 4587 suadente
1978 4531 2176 4588 femina
2208 4558 2256 4617 υ
2281 4549 2374 4602 per
2401 4530 2785 4585 observantiam
2813 4528 2974 4583 divini
3014 4527 3274 4589 mandati,
3318 4526 3458 4595 quod
3498 4522 3595 4577 sibi
3626 4521 3882 4590 futuram

594 4619 866 4688 serpentis
900 4634 1109 4675 veneno
1137 4630 1391 4692 corrupta
1420 4622 1716 4687 corruisse,
1745 4635 1838 4677 aut
1865 4623 2040 4692 ipsum
2063 4638 2178 4677 ser-

592 4718 834 4778 pentem,
866 4710 1136 4766 diabolum
1181 4711 1321 4776 dico,
1357 4711 1470 4781 jam
1501 4712 1566 4766 de
1600 4712 1872 4783 paradiso,
1914 4713 2179 4784 dignitate

591 4801 845 4859 videlicet
868 4804 1142 4876 angelicae
1170 4816 1419 4875 naturae,
1435 4806 1667 4875 lapsum,
1685 4808 1738 4862 in
1763 4807 1979 4863 homine
2001 4808 2179 4864 adhuc

505 4964 513 4974 _
593 4910 702 4951 non
740 4905 1029 4965 peccante,
1076 4913 1253 4966 neque
1300 4898 1617 4954 celsitudine
1664 4899 1880 4955 divinae
1929 4899 2179 4970 imaginis

591 4996 885 5062 corruente
925 4988 1307 5057 praevaluisse.
1354 4989 1410 5044 Id
1458 4991 1634 5059 ipsum
1675 5005 1911 5059 quoque,
1948 4991 2052 5046 hoc
2094 4998 2180 5045 est

516 5081 531 5145 ξ
593 5078 892 5143 hominem,
942 5078 1221 5148 aequalem
1256 5081 1457 5151 angelis
1498 5081 1775 5136 conditmn
1817 5080 2022 5147 fuisse,
2068 5095 2177 5136 non

594 5177 777 5224 autem
804 5169 858 5224 in
890 5169 979 5224 illa
1013 5169 1273 5239 dignitate
1310 5172 1552 5235 stetisse,
1591 5172 1684 5227 sed
1715 5187 1839 5226 mox
1878 5187 1983 5226 non
2031 5179 2180 5227 recte

597 5258 665 5312 ad
690 5258 891 5314 bonum
923 5258 1130 5330 ingredi
1160 5260 1442 5315 inchoasse
1461 5301 1475 5324 ,
1517 5268 1735 5315 sanctus
1761 5260 2055 5330 Gregorius
2078 5262 2176 5316 do-

597 5362 724 5403 cere
752 5348 963 5403 videtur
990 5349 1046 5403 in
1075 5350 1287 5405 decimo
1311 5360 1503 5405 octavo
1540 5351 1778 5421 capitulo
1816 5352 2083 5407 sermonis
2110 5354 2178 5407 de

2279 4633 2415 4687 erat,
2444 4633 2497 4676 ut
2528 4632 2657 4676 esset
2704 4621 2841 4675 idem
2885 4621 3039 4673 homo
3066 4618 3373 4688 ﬁgmentum
3414 4615 3617 4686 quidem
3655 4613 3756 4668 Dei
3800 4632 3884 4668 sc-

2281 4716 2511 4770 cundum
2561 4716 2606 4747 "
2652 4725 2921 4779 naturam,
2969 4712 3113 4782 ﬁlius
3150 4722 3326 4766 autem
3374 4709 3489 4773 Dei,
3514 4717 3562 4762 et
3590 4705 3760 4767 Deus,
3788 4722 3885 4773 per

2281 4810 2527 4879 spiritum
2551 4806 2835 4862 secundum
2862 4806 3110 4876 gratiam.
3142 4801 3269 4858 Non
3291 4802 3429 4859 enim
3466 4797 3716 4870 possibile
3740 4806 3880 4858 erat,

2283 4900 2441 4952 aliter
2458 4898 2630 4967 ﬁlium
2656 4895 2748 4949 Dei
2776 4894 2981 4948 ostendi
3007 4904 3054 4947 et
3079 4892 3244 4947 Deum
3272 4890 3557 4945 secundum
3582 4887 3886 4955 deiﬁcutio-

2287 5005 2402 5043 nent
2431 5003 2496 5041 ea:
2523 4986 2695 5056 gratia
2721 4984 2919 5053 factum
2949 4982 3242 5044 hominem,
3280 4980 3383 5032 nisi
3411 4978 3557 5049 prius
3584 4975 3883 5029 secundum

2283 5080 2603 5151 propositum
2632 5086 2926 5130 nascentem
2969 5075 3211 5144 spiritum
3242 5072 3286 5104 ¹⁶
3319 5087 3412 5140 per
3453 5069 3750 5124 adunatam
3784 5064 3881 5119 sibi

2288 5167 2602 5223 naturaliter
2629 5182 2722 5233 per
2747 5168 2972 5235 seipsom
3001 5173 3195 5218 motam
3236 5172 3285 5215 et
3318 5161 3534 5215 liberam
3565 5157 3877 5227 potentiores.

2289 5260 2460 5326 Quam
2507 5257 2749 5325 deiﬁcum
2802 5256 3133 5324 divinumque
3173 5261 3219 5305 et
3250 5246 3647 5303 immaterial"!
3693 5243 3881 5298 uatici-

2286 5364 2444 5407 tatem
2471 5353 2514 5384 ¹⁷
2547 5348 2952 5420 intelligibilium
2989 5357 3036 5401 et
3076 5343 3397 5403 occultorum
3423 5341 3686 5395 duntaxat
3728 5337 3880 5391 bono-

1847 5444 2105 5500 VARIAE
2144 5442 2541 5501 LECTIONES.

671 5540 689 5571 ⁸
721 5549 835 5594 erat
869 5554 980 5595 om.
1011 5542 1075 5595 Α.
1153 5548 1176 5577 ¹
1204 5558 1331 5595 suae
1353 5557 1420 5593 an
1450 5542 1514 5593 ab
1538 5540 1688 5593 initio
1721 5537 2043 5593 conditionis
2068 5555 2178 5593 om.
2208 5540 2276 5594 A.
2355 5539 2375 5570 ³
2402 5539 2443 5594 Α
2470 5538 2694 5591 dicetur.
2769 5537 2791 5567 ⁵
2818 5534 3147 5590 CFomnibus
3173 5530 3495 5603 (-que_om;)_.
3631 5527 3726 5582 Sic
3751 5522 3838 5579 CF
3856 5539 3877 5585 ἑ

592 5609 641 5664 Δ
670 5619 781 5663 erat
807 5613 1068 5666 conditus.
1145 5614 1167 5644 ⁸
1191 5612 1282 5668 Sic
1310 5610 1387 5674 A;
1420 5626 1516 5680 pro
1544 5609 1797 5678 spoliatus
1830 5609 1917 5664 CF
1945 5611 2161 5664 abusus.
2238 5611 2258 5641 "
2284 5608 2605 5680 beatitudine
2626 5623 2735 5680 om.
2755 5605 2819 5680 .5:

596 5680 885 5751 gpogticam
916 5684 1289 5751 operationem.
1368 5682 1409 5714 ¹⁰
1438 5681 1479 5734 Α
1508 5697 1600 5750 per
1646 5682 2032 5751 prognosticam
2056 5682 2454 5751 operationem.
2546 5680 2589 5751 ξ’
2619 5680 2711 5734 Sic
2749 5680 2871 5751 9F;
2914 5680 2955 5728 A
2985 5680 3192 5728 bonum.
3251 5680 3452 5751 ηιξ-ξω
3471 5680 3592 5751 ιέιιςνς
3620 5680 3666 5723 Α
3692 5680 3837 5751 tum

1845 5732 1890 5783 l‘
1919 5750 2012 5807 Sic
2033 5732 2121 5807 Cl“
2135 5732 2346 5817 {AHDci
2360 5732 2647 5805 sacrandum
2670 5732 2879 5819 quidem
2902 5754 3173 5800 naturam.
3251 5741 3294 5774 "
3323 5738 3408 5796 CF
3430 5732 3636 5809 spiritu.
3712 5736 3755 5770 ”
3777 5732 3875 5789 Sic

596 5735 1027 5823 ;:_CF_‘0”"ll'?-
1081 5735 1262 5812 ﬁgis
1283 5751 1400 5820 CF;
1433 5751 1478 5807 Α
1502 5735 1766 5823 ἒρὶνὶίηηίί

597 5815 682 5873 CF
700 5834 716 5885 ;
751 5819 793 5874 Λ
825 5822 1165 5877 att/«nitatem.

3262 5597 3612 5673 regem}
3634 5614 3728 5673 re!
3749 5610 3877 5673 μεθ’

3292 5670 3335 5702 ¹²
3360 5669 3452 5723 Sic
3471 5667 3592 5733 CF;
3620 5669 3666 5723 Α
3692 5667 3873 5733 lapsis.

2924 5604 2946 5636 ⁸
2977 5604 3017 5657 Α
3036 5621 3160 5658 non.

2549 5678 2589 5710 "
2619 5676 2711 5734 Sic
2750 5675 2871 5740 CF;
2914 5675 2955 5728 A
2985 5674 3192 5728 bonum.
