4028 6282
200 311 314 368 813

1036 320 1125 376 DE
1164 321 1503 382 DIVISIONE
1539 324 1893 387 NATIIBAE.
1925 359 1996 394 τ·-
2031 329 2231 403 LIBER
2270 335 2621 403 QUARTUS.

3363 339 3481 403 8M.

202 441 322 478 ram
354 423 593 480 deserens
628 429 828 497 primus
871 434 1046 498 homo,
1075 436 1600 507 praehonoriﬁcando
1645 440 1785 509 quod
1813 445 1863 505 Α
1889 442 2105 510 dentur,
2149 448 2328 503 dicere
2364 451 2791 520 procurarinttts,
2833 452 3058 508 aliorum
3092 469 3218 509 rem
3255 464 3470 513 senten-

199 515 486 569 secundum
513 532 720 571 sensum
755 529 804 575 et
842 526 860 557 ⁸
902 521 1204 580 delectabile
1226 536 1299 580 est
1342 537 1388 580 et
1422 527 1778 598 manifestum,

198 606 388 660 merito
424 622 491 660 ειη
535 610 839 678 corporibus
868 613 1224 668 inordinatam
1263 619 1282 648 ⁸
1310 628 1357 672 et
1388 618 1711 674 materialem
1735 631 1783 674 et

198 693 588 763 corruptibilem
616 697 807 754 habere
831 701 1111 757 damnatus
1135 714 1211 758 est
1250 707 1597 774 nativitatem,
1628 710 1783 780 digne

198 781 315 837 Deo
345 783 648 868 judicante,
671 787 853 858 pejora
892 791 1190 848 melioribus
1233 796 1524 851 voluntarie
1558 815 1781 868 praepo-

196 882 409 928 nentent
427 874 452 906 ³
478 876 536 928 in
558 863 855 946 poisibilem
880 890 926 933 et
946 884 1186 937 servilem
1212 895 1259 938 et
1282 863 1783 957 coangustatant'se-

194 964 430 1018 euadunt
454 965 850 1022 similitudinem
876 970 930 1024 in
960 980 1100 1025 terra
1128 973 1573 1030 irrationabi.'ium
1605 979 1786 1031 bruto-

194 1070 422 1127 rumque
447 1058 810 1128 jumentorum
846 1065 1233 1132 generationem
1264 1066 1426 1119 libera
1455 1077 1502 1121 et
1542 1069 1787 1140 impossi-

190 1147 293 1201 bili
312 1158 361 1202 et
396 1150 418 1180 δ
441 1162 726 1221 spontaneo
758 1164 804 1207 et
840 1165 985 1209 casta
1014 1155 1239 1211 alienari
1268 1159 1558 1224 nativitate,
1603 1173 1650 1216 et
1688 1178 1783 1231 pro

189 1239 312 1307 ipso
354 1256 471 1293 cum
503 1240 610 1294 Deo
648 1243 822 1301 όὶιίηο
861 1256 910 1299 et
949 1246 1203 1314 ine/[abili
1246 1247 1475 1314 honore,
1507 1266 1625 1304 eam
1658 1252 1782 1305 insi-

186 1329 454 1396 pientibus
485 1329 743 1399 jumentis
786 1333 1063 1403 ignobilem
1107 1336 1332 1405 recipere
1375 1339 1777 1407 copulationeut.

190 1419 318 1483 Quo
338 1419 596 1474 hominem
624 1420 864 1489 liberare,
881 1436 929 1478 et
950 1424 1019 1478 ad
1044 1425 1276 1480 divinam
1302 1429 1672 1484 beatitudinem
1704 1449 1784 1487 re-

188 1511 385 1564 ducere
435 1511 641 1579 colens,
687 1525 935 1570 naturam
978 1517 1247 1572 hominum
1295 1536 1500 1584 creatis,
1558 1518 1783 1578 Verbum

186 1602 350 1656 homo
376 1619 441 1656 ex
479 1605 775 1660 hominibus
820 1623 934 1661 vere
956 1606 1040 1686 fit,
1082 1617 1129 1663 et
1177 1609 1414 1664 nascitur
1444 1611 1786 1681 corporaliter

188 1692 545 1762 sine‘peceato
572 1712 663 1765 per
691 1697 973 1754 hominem.
996 1698 1066 1755 Ut
1083 1708 1265 1755 autem
1294 1716 1611 1773 cognoscas,
1639 1704 1783 1774 quod

1886 540 2036 603 tiam,
2066 540 2155 609 qui
2190 542 2345 609 aliter
2370 544 2410 574 ”
2446 544 2684 612 sapiunt,
2733 544 2998 611 refellere,
3047 562 3142 600 seu
3190 561 3465 614 spernere,

1882 648 1975 689 seu
2002 633 2070 687 l‘al
2086 651 2191 689 ~am
2211 652 2331 691 esse
2352 637 2701 706 pronuntiare
2722 637 2845 691 dum
2874 638 2913 669 ι’
2940 639 3005 692 a:l
3025 655 3122 693 nos
3148 639 3290 692 nullo
3312 641 3469 694 tuoth

1883 726 2115 794 perlinit
2132 743 2146 780 :
2162 726 2229 779 ad
2244 726 2410 795 ipsius
2430 727 2663 796 paradisi
2677 727 3166 783 considerationem
3187 739 3469 784 transeun-

1884 818 2008 871 dum
2044 833 2165 875 esse
2215 821 2388 875 \ideo.
2449 820 2592 875 Disc.
2631 820 3039 875 Transeundum
3075 821 3253 891 plane.
3303 821 3471 877 Rei-te

1882 909 2078 980 quippe
2093 911 2445 965 ratiocinandi
2471 911 2553 965 via
2579 912 2805 967 tenenda
2828 923 2929 971 est.
2948 922 3005 967 ut
3024 915 3261 983 uequein
3287 917 3474 969 dexte-

1884 1022 2021 1070 ram,
2062 1022 2235 1076 neque
2263 1006 2314 1061 in
2347 1007 2620 1061 sinistram
2663 1007 2877 1062 deviare
2905 1009 3209 1071 rideamur;
3236 1008 3336 1063 hoc
3366 1020 3471 1072 est,

1885 1115 2058 1169 neque
2094 1100 2199 1164 his,
2231 1116 2364 1169 quos
2392 1116 2635 1154 summae
2662 1116 2726 1155 ac
2753 1110 2971 1156 sanctae
2991 1101 3329 1155 auctoritatis
3351 1117 3474 1157 esse

1883 1186 2160 1243 Catholica
2190 1189 2367 1243 sanxit
2413 1188 2675 1254 Ecclesia,
2720 1190 3089 1256 detrahamus,
3140 1206 3312 1261 neque
3354 1207 3473 1252 eos,

1883 1295 2019 1349 quos
2064 1279 2382 1349 simpliciter
2428 1280 2755 1335 intellexisse
2797 1283 3168 1352 cognovimus,
3213 1282 3470 1352 quoniam

1884 1368 2025 1423 intra
2057 1368 2365 1424 Catholicae
2387 1369 2507 1425 ﬁdei
2527 1370 2890 1426 sinceritatem
2926 1372 3295 1435 continentur,
3321 1386 3473 1441 sper-

1884 1476 2094 1516 namus.
2127 1458 2490 1534 Utntsquisque
2518 1463 2677 1525 enim,
2702 1463 2847 1517 ttlait
2872 1463 3176 1534 Apostolus,
3205 1480 3302 1517 suo
3317 1480 3474 1518 sensu

1882 1550 2131 1605 abumlet.
2186 1550 2438 1606 Nostrum
2485 1553 2687 1622 quippe
2734 1569 2950 1606 sensum
2999 1553 3322 1624 approbare,
3377 1562 3474 1606 aut

1880 1655 2094 1706 eorum,
2118 1656 2255 1710 quos
2283 1649 2492 1696 ceteros
2513 1640 2840 1710 praecellere
2862 1641 3213 1707 arbitramur,
3240 1642 3471 1697 aliorum

1885 1747 2016 1787 vero
2057 1747 2275 1787 sensum
2306 1732 2625 1803 reprohare,
2673 1741 2765 1786 aut
2800 1733 3313 1803 periculosiSs-imum
3364 1748 3470 1801 est,

188 1796 403 1894 "0'13".
445 1786 620 1894 "ius.
652 1787 779 1892 "3553.
801 1789 1185 1894 ,θξθίῑξίθῗξθδο
1218 1807 1407 1894 θ’θὐ-ηὶ
1447 1808 1515 1894 ef
1553 1795 1781 1894 Wagn."
1814 1813 1861 1874 Β
1888 1832 1979 1879 aut
2008 1786 2473 1894 superhissimium,
2504 1833 2597 1877 aut
2624 1833 2771 1878 certe
2815 1824 3234 1879 eontetttiosum.
3284 1824 3473 1894 Ingre-

184 1877 453 1939 auetoris,
484 1876 699 1933 Maximi
730 1879 998 1944 videlicet,
1026 1881 1314 1946 discentes,
1344 1883 1616 1939 hominem
1648 1884 1785 1939 dici-

186 1983 317 2024 mus
341 1969 408 2025 de
446 1969 591 2041 ligno
621 1971 762 2027 vitae
786 1987 893 2026 non
919 1982 1185 2043 gustasse,
1214 1975 1308 2030 sed
1339 1975 1570 2045 primum
1600 1976 1783 2031 cibum

140 2106 145 2111 .
184 2060 532 2116 mortiferum
560 2061 626 2117 de
652 2062 794 2134 ligno
818 2065 987 2120 vetito
1017 2067 1267 2136 primitus
1295 2068 1611 2138 sumpsisse,
1631 2078 1686 2124 et
1715 2069 1782 2124 ad

187 2151 436 2207 divinum
470 2152 648 2208 lumen
677 2157 875 2211 mentis
903 2157 1117 2213 oculum
1146 2176 1250 2215 non
1280 2160 1593 2217 sublevassc
1614 2202 1629 2226 ,
1656 2161 1791 2215 audi

186 2244 369 2314 ipsum
410 2246 462 2300 in
491 2246 750 2303 vicesimo
787 2258 982 2305 octavo
1025 2251 1205 2320 capite
1231 2253 1633 2323 expositionum
1663 2270 1784 2308 ver-

183 2332 383 2389 borum
409 2335 655 2406 Gregorii
680 2338 948 2395 dicentem
974 2353 989 2393 :
1018 2338 1156 2395 Huic
1185 2342 1361 2413 itaque
1384 2343 1559 2398 divino
1594 2343 1784 2398 lumini

185 2423 374 2479 nolens
420 2425 619 2481 elevare
665 2426 874 2482 oculum
923 2431 1132 2483 animae
1166 2432 1366 2501 primus
1395 2444 1545 2504 pater
1588 2434 1779 2501 Adam,

184 2517 335 2572 caeci
363 2518 384 2550 '
436 2520 605 2573 instar
627 2523 812 2576 merito
839 2523 891 2575 iu
920 2523 1144 2579 tenebris
1178 2525 1506 2594 ignorantiae
1531 2528 1783 2581 ambabus

184 2608 437 2662 manibus
460 2610 719 2663 materiali
737 2610 1099 2667 immunditiae
1120 2613 1449 2668 voluntariae
1469 2616 1781 2682 adhaerens,

183 2697 293 2754 soli
334 2699 511 2753 sensui
539 2699 764 2769 seipsurn
794 2696 956 2755 totum
986 2720 1182 2772 pronus
1209 2705 1462 2770 tradidit,
1512 2723 1602 2776 per
1630 2725 1784 2777 quem

179 2790 554 2844 amarissimae
575 2791 766 2845 bestiae
785 2794 1137 2862 corruptirum
1162 2794 1300 2848 virus
1322 2797 1534 2866 accepit.
1555 2796 1573 2849 l
1582 2797 1666 2852 loc
1688 2814 1783 2851 au-

187 2886 309 2932 tem
338 2880 491 2943 dicit,
528 2881 787 2950 quoniam
835 2897 1154 2952 corporeum
1196 2900 1455 2950 sensum,
1496 2902 1595 2957 per
1622 2903 1782 2957 quem

186 2965 369 3023 Adam
409 2970 668 3040 deceptus
712 2981 839 3035 est,
891 2973 945 3027 iu
1018 2974 1209 3044 figura-
1240 2976 1481 3032 mulieris
1530 2978 1643 3033 vult
1705 2980 1785 3034 in-

187 3058 386 3131 telligi.
428 3060 566 3115 Nam
613 3064 753 3132 apud
799 3063 1037 3120 Graecos
1077 3066 1314 3130 αἴσθησις
1342 3111 1356 3133 ,
1415 3071 1467 3124 id
1526 3082 1612 3127 est
1665 3088 1785 3127 seu-

1884 1918 2097 1971 diamur
2124 1917 2303 1987 itaque
2328 1926 2507 1980 caute,
2534 1915 2833 1979 humiliter,
2866 1917 3126 1979 modeste,
3158 1916 3475 1972 sanctorum

1882 2008 2103 2064 Patrum
2136 2010 2188 2065 in
2220 2009 2310 2064 tali
2348 2009 2561 2081 negotio
2590 2009 2816 2081 vestigia
2846 2019 3155 2080 sequentes.

1957 2144 2204 2200 16.ΜΑ‹;.
2243 2143 2477 2199 Sanctus
2512 2142 2841 2214 Augustinus
2885 2142 2937 2195 in
2978 2150 3170 2197 octavo
3218 2140 3473 2197 Exemeri

1884 2235 2007 2291 sui:
2039 2232 2163 2289 Non
2209 2235 2413 2307 ignoro,
2452 2235 2641 2304 inquit,
2674 2235 2739 2289 de
2784 2234 3033 2304 paradiso
3076 2233 3268 2288 multos
3302 2233 3477 2289 multa

1883 2325 2100 2379 dixisse.
2127 2323 2251 2379 Tres
2265 2335 2438 2378 tamen
2456 2324 2522 2378 de
2543 2323 2642 2377 hac
2662 2339 2719 2377 re
2741 2324 2893 2394 quasi
2913 2323 3177 2393 generales
3207 2333 3325 2379 sunt
3347 2340 3471 2378 sen-

1884 2418 2098 2473 tentiae.
2136 2415 2257 2472 Una
2285 2432 2489 2479 eorum,
2518 2415 2608 2485 qui
2638 2415 3000 2469 tantummodo
3016 2414 3358 2485 corporaliter
3376 2432 3476 2484 pa-

1887 2508 2123 2561 radisum
2146 2505 2369 2576 intelligi
2390 2504 2594 2560 volunt.
2628 2504 2746 2559 Alia
2774 2521 2975 2570 eorum,
3000 2505 3090 2576 qui
3129 2505 3476 2576 spiritualiter

1882 2608 2108 2652 tantum.
2149 2596 2324 2651 Tertia
2350 2612 2554 2659 eorum,
2591 2596 2681 2665 qui
2725 2605 2946 2665 utroque
2971 2595 3126 2649 modo
3165 2595 3474 2664 paradisum

1884 2687 2165 2759 accipiunt,
2195 2685 2329 2740 alias
2352 2683 2715 2754 corporaliter,
2745 2685 2880 2739 alias
2907 2695 3080 2739 autent
3106 2685 3471 2756 spiritualiter.

1883 2777 2118 2833 Breviter
2140 2794 2264 2848 ergo
2304 2786 2362 2831 nt
2409 2776 2602 2840 dicam,
2643 2776 2852 2830 tertiam
2894 2777 3026 2831 mihi
3072 2777 3241 2846 fateor
3267 2775 3475 2847 placere

1883 2869 2214 2925 sententiam.
2263 2867 2406 2922 Idem
2441 2866 2493 2920 in
2544 2873 2739 2935 quarto
2763 2865 2976 2921 decimo
3004 2866 3071 2921 dc
3109 2864 3342 2922 Ciritate
3375 2865 3472 2920 Dei

1885 2959 2170 3014 undecimo
2192 2956 2465 3028 capitulo:
2504 2953 2714 3009 Vivebat
2755 2955 2950 3025 itaque,
2976 2947 3169 3023 ittqttit,
3197 2956 3351 3008 homo
3391 2970 3475 3008 se-

1885 3051 2115 3106 cundum
2138 3048 2308 3104 Deum
2342 3049 2397 3103 in
2423 3046 2695 3118 paradiso,
2730 3056 2776 3100 et
2814 3047 3074 3117 corporali
3102 3056 3149 3100 et
3182 3045 3470 3116 spirituali.

188 3163 292 3205 sus
315 3190 330 3215 ,
399 3148 643 3206 feminini
724 3154 941 3222 getteris
1000 3165 1109 3210 est.
1171 3157 1581 3215 Amarissimam
1654 3179 1782 3219 vero
1809 3172 1854 3232 α
1888 3139 2071 3211 Neque
2098 3138 2234 3195 enim
2253 3147 2367 3194 "at
2392 3137 2671 3232 parum”
2697 3136 2989 3232 corporali!
3008 3146 3219 3232 pro?!"
3237 3152 3472 3232 90mm

189 3237 423 3294 bestiam
464 3239 734 3298 diabolum
763 3253 952 3309 vocat,
1008 3247 1100 3316 qui
1144 3263 1242 3318 per
1268 3248 1293 3282 ⁸
1333 3266 1550 3306 sensum
1589 3268 1781 3323 corpo-

191 3342 352 3385 reum
400 3330 639 3388 humano
671 3335 856 3391 animo
876 3337 1026 3393 virus
1069 3341 1345 3410 nequitiae
1395 3358 1526 3399 suae
1564 3343 1780 3399 infudit.

189 3418 403 3477 Deinde
433 3424 509 3477 ait
544 3424 706 3494 paulo
739 3436 898 3497 post:
932 3427 1000 3482 Et
1038 3445 1104 3484 ea:
1145 3431 1294 3487 vetito
1318 3433 1458 3502 ligno
1500 3435 1589 3498 qni
1623 3435 1783 3490 etiam

189 3520 414 3565 mortem
443 3514 608 3569 inesse
634 3517 782 3585 prius
821 3517 1099 3583 didicerat,
1144 3537 1300 3575 sensu
1343 3525 1575 3591 fructum
1612 3526 1786 3594 porri-

187 3610 347 3672 gente
366 3600 471 3655 cibi
490 3605 751 3674 primitias
770 3607 991 3677 faciens,
1006 3613 1388 3667 convenientem
1407 3613 1605 3682 fructui
1627 3618 1782 3670 vitam

190 3696 437 3760 mutarit,
464 3697 733 3753 mortalem
759 3699 992 3757 videlicet
1012 3719 1075 3756 ac
1094 3704 1326 3774 ﬂatile.»
1342 3721 1434 3774 per
1452 3722 1639 3776 corpus
1661 3726 1783 3763 eor-

192 3786 464 3857 ruptibile.
513 3788 717 3845 Deinde
773 3792 1042 3864 subiungit
1087 3813 1101 3849 :
1140 3794 1198 3850 Si
1244 3796 1419 3867 itaque
1460 3796 1571 3851 Deo
1614 3800 1785 3869 magis

189 3893 354 3948 quam
381 3895 643 3944 conserro,
688 3884 863 3937 sensui
897 3885 1151 3950 videlicet,
1198 3889 1435 3951 credens,
1466 3888 1606 3959 ligno
1648 3892 1785 3946 vitae

193 3979 507 4034 resceretur,
528 3986 629 4023 non
651 3971 892 4041 fortassis
912 3974 1090 4028 datam
1114 3976 1388 4046 deponeret
1413 3978 1785 4034 immortalita-

192 4070 324 4124 tem,
352 4074 554 4129 semper
571 4046 924 4117 conservatam
943 4066 1340 4135 participatione
1359 4069 1512 4134 vitae,
1534 4070 1783 4140 quoniam

194 4153 368 4207 omnis
393 4154 494 4205 vita
520 4167 586 4207 ea:
609 4155 819 4226 propria
840 4170 886 4210 et
907 4160 1508 4229 consequenticonsuerit
1530 4176 1646 4215 esca
1660 4178 1783 4217 con-

192 4242 414 4298 servari.
446 4244 583 4300 Esca
617 4263 736 4301 vero
763 4246 942 4303 beatae
970 4248 1113 4315 il'ius
1141 4252 1276 4307 vitae
1295 4261 1368 4306 est
1391 4253 1566 4321 panis,
1603 4254 1694 4324 qui
1718 4255 1782 4308 de

194 4335 344 4389 caelo
380 4336 666 4405 descendit,
710 4350 758 4393 et
794 4341 951 4395 vitam
979 4341 1072 4396 dat
1101 4343 1319 4408 mundo,
1356 4344 1488 4398 sicut
1524 4346 1693 4415 ipsum
1718 4345 1785 4401 de

193 4426 369 4498 seipso
411 4427 470 4482 in
514 4428 810 4501 Evangeliis
852 4448 954 4487 non
986 4434 1213 4489 mendax
1254 4437 1609 4506 pronuntiavit
1661 4434 1781 4492 Ver-

1885 3233 2041 3297 bona,
2074 3240 2123 3285 et
2149 3240 2358 3302 propter
2386 3231 2572 3285 mentis
2599 3246 2703 3284 non
2729 3239 2840 3284 erat
2863 3228 3169 3299 spiritualis.
3218 3229 3325 3281 Aut
3353 3242 3471 3283 vero

1882 3333 1995 3379 erat
2015 3322 2329 3393 spiritualis,
2357 3308 2460 3392 quo
2488 3337 2581 3390 per
2616 3320 2908 3382 interiores,
2939 3329 2985 3373 et
3014 3336 3117 3373 non
3145 3328 3256 3375 erat
3283 3334 3471 3384 corpo-

1885 3412 2037 3475 ralis,
2067 3429 2170 3484 qno
2198 3429 2292 3483 per
2317 3411 2600 3466 exteriores
2630 3427 2812 3465 sensus
2831 3409 2987 3463 homo
3016 3409 3316 3478 frueretur?
3337 3407 3473 3460 Erat

1882 3504 2037 3576 plane
2064 3515 2340 3574 utrumque
2367 3511 2575 3571 propter
2600 3510 2893 3570 utrumque.
2940 3496 3133 3553 Postea
3161 3514 3280 3552 vero
3313 3512 3473 3568 quam

1882 3599 2135 3671 superbus
2161 3597 2249 3652 ille
2284 3596 2503 3668 angelus
2541 3612 2603 3649 ac
2631 3611 2723 3664 per
2745 3595 2844 3648 hoc
2873 3592 3100 3654 invidus,
3126 3606 3219 3661 per
3251 3588 3473 3645 eandem

1882 3691 2177 3763 superbiam
2205 3709 2237 3744 a
2272 3690 2378 3743 Deo
2406 3689 2476 3741 ad
2514 3688 2844 3755 semetipsum
2884 3699 3179 3747 conversus,
3212 3681 3277 3737 de
3309 3680 3472 3747 spiri-

1883 3783 2015 3837 tunli
2036 3781 2287 3852 paradiso
2315 3775 2844 3843 eecidit,malesnada
2882 3774 3108 3852 versutia
3134 3774 3187 3825 in
3222 3770 3471 3833 hominis,

1883 3888 2091 3927 sensum
2119 3886 2322 3941 serpere
2363 3867 2641 3937 affectans,
2678 3867 2763 3919 cui
2788 3866 2967 3933 utique
3010 3862 3196 3926 stanti,
3223 3860 3474 3930 quoniam

1883 3964 1992 4033 ipse
2018 3961 2294 4022 ceciderat,
2334 3956 2621 4019 invidebat,
2668 3954 2879 4009 coluber
2905 3956 2960 4007 in
2998 3951 3247 4022 paradiso
3282 3961 3470 4016 corpo—

1885 4052 2028 4116 rali,
2083 4051 2170 4106 ubi
2215 4065 2331 4103 cum
2387 4046 2587 4101 duobus
2638 4046 2744 4099 illis
2796 4043 3091 4097 ltomtnibus
3143 4036 3377 4094 masculo
3423 4045 3472 4089 et

1883 4147 2079 4217 femina
2117 4140 2368 4197 animalia
2426 4140 2588 4193 etiam
2637 4136 2903 4191 terrestria
2954 4143 3123 4188 cetera
3168 4129 3379 4185 subdita

1883 4216 2104 4291 innoxia
2150 4232 2514 4295 versabantur,
2564 4225 2765 4283 animal
2809 4221 3313 4279 scilicet'lubricum
3352 4216 3471 4271 et“

1885 4327 2133 4385 tortuosis
2161 4322 2489 4389 anfractibus
2512 4319 2717 4384 mobile,
2747 4317 2893 4388 operi
2913 4331 3009 4370 suo
3041 4328 3347 4384 congruum,
3380 4325 3474 4376 per

1883 4437 2036 4492 quem
2059 4419 2374 4489 loqueretur,
2397 4414 2568 4486 elegit.
2592 4412 2996 4475 Animadverte,
3026 4405 3296 4478 quomodo
3338 4404 3473 4459 duos

195 4517 346 4571 bum.
393 4517 512 4587 Quo
537 4520 680 4574 vesci
704 4521 892 4576 nolens
932 4523 1136 4593 primus
1164 4528 1344 4591 homo,
1382 4524 1577 4581 merito
1604 4526 1784 4582 divina

1890 4509 2173 4581 paradisus
2198 4505 2395 4562 asserit
2428 4519 2572 4569 esse,
2599 4517 2765 4558 unum
2787 4502 3002 4572 quidem
3034 4494 3389 4567 spiritualem.
3418 4494 3473 4547 in

196 4609 475 4682 proiectus
493 4622 576 4669 est
605 4614 737 4679 vita,
768 4614 930 4670 aliam
958 4631 1087 4670 vero
1115 4633 1182 4671 ex
1210 4626 1383 4672 morte
1410 4619 1674 4688 genitriee
1696 4634 1788 4674 ac-

194 4703 364 4772 cepit,
418 4717 515 4772 per
560 4718 720 4772 quam
769 4705 1189 4761 irrationabilem
1241 4708 1457 4763 sibimet
1498 4708 1519 4741 "
1555 4707 1787 4764 formam

198 4795 509 4863 imponens,
549 4795 730 4850 divine
762 4811 892 4851 vero
936 4797 961 4831 ⁸
989 4799 1519 4868 superspleudentein
1559 4800 1787 4856 abscon-

194 4883 337 4939 dens
357 4883 832 4954 pulchritudinem,
850 4886 1113 4942 vescendo
1136 4903 1349 4943 omnem
1365 4897 1610 4942 naturam
1626 4889 1787 4944 morti

197 4974 445 5028 tradidit.
469 4975 572 5029 Sed
595 4976 718 5046 quia
742 4977 1002 5032 adversus
1029 4991 1143 5043 eos,
1169 4979 1261 5046 qui
1287 4976 1495 5044 dicunt,
1517 4977 1787 5033 hominem

198 5065 436 5122 feliciter
472 5066 496 5098 ⁹
571 5068 623 5122 in
679 5068 931 5139 paradiso
984 5078 1109 5123 ante
1159 5080 1442 5138 peceatum
1501 5070 1785 5140 temporali

198 5158 380 5227 spatio
401 5159 601 5215 vixisse
622 5160 684 5225 ε’,
714 5159 842 5214 illud
869 5168 1046 5215 autem
1066 5141 1299 5229 spatium
1317 5169 1577 5231 quantum
1603 5160 1784 5229 fuerit,

201 5248 480 5304 aliirmare
510 5267 614 5306 non
639 5252 860 5316 audent,
885 5266 991 5305 non
1016 5260 1097 5306 est
1121 5252 1288 5307 nostri
1313 5252 1569 5322 propositi
1591 5268 1784 5324 agere;

200 5355 267 5395 ea
306 5342 574 5411 siquidem
617 5343 976 5410 solummodo,
1022 5358 1159 5413 quae
1199 5342 1354 5399 nobis
1377 5343 1688 5400 verisimilia
1718 5344 1790 5399 vi-

1888 4616 1996 4671 quo
2021 4599 2181 4653 homo
2206 4594 2251 4626 η
2285 4592 2579 4650 secundum
2613 4591 2879 4654 animam,
2919 4587 3151 4645 alterum
3198 4597 3325 4639 vero
3352 4596 3474 4636 cor-

1891 4689 2153 4762 poralem,
2184 4688 2237 4742 in
2264 4702 2371 4756 quo
2400 4685 2540 4739 idem
2565 4683 2727 4736 homo
2751 4679 3048 4735 secundum
3075 4689 3276 4745 corpus
3298 4672 3472 4729 felici-

1890 4794 1975 4839 ter
1998 4782 2232 4837 vivebat.
2273 4777 2330 4831 In
2359 4778 2496 4831 libro
2529 4783 2730 4840 autem,
2760 4786 2919 4841 quem
2948 4771 3016 4826 de
3043 4769 3180 4824 Vera
3215 4766 3475 4837 religione

1891 4874 2131 4945 scripsit,
2160 4886 2324 4928 unum
2374 4865 2744 4923 tantummodo
2780 4864 3112 4934 paradisum,
3134 4860 3474 4927 eundemque

1890 4963 2223 5035 spiritualem
2276 4960 2492 5014 videtur
2543 4969 2838 5012 asserere:
2890 4953 2985 5008 Est
3022 4963 3229 5014 autem,
3276 4948 3470 5017 inquit,

1888 5054 2069 5109 uitium
2091 5052 2318 5123 primum
2340 5048 2548 5102 animae
2571 5044 2869 5108 rationalis,
2899 5042 3134 5098 voluntas
3146 5057 3207 5094 ea
3221 5036 3469 5107 faciendi,

1888 5163 2023 5219 quae
2052 5154 2186 5200 vetat
2224 5157 2428 5197 suntme
2453 5149 2501 5194 et
2528 5138 2711 5193 intima
2739 5136 2949 5193 veritas.
2977 5134 3064 5189 Ita
3103 5133 3255 5187 homo
3280 5129 3344 5183 de
3376 5144 3472 5197 pa-

1891 5238 2071 5292 radiso
2091 5236 2144 5290 in
2165 5235 2261 5288 hoc
2286 5230 2521 5287 seculum
2541 5228 2795 5299 expulsus,
2811 5238 2884 5282 est
2911 5227 2977 5290 "‘,
3012 5225 3066 5281 id
3089 5233 3185 5287 est,
3214 5221 3279 5276 ab
3305 5229 3471 5273 aeter-

1893 5328 1972 5382 nis
1994 5326 2064 5380 ad
2088 5321 2421 5395 temporalia,
2446 5337 2482 5375 α
2506 5319 2728 5390 copiosis
2755 5317 2824 5373 ad
2846 5331 3025 5389 egena,
3057 5331 3089 5368 a
3127 5310 3376 5385 ﬁrmitate
3399 5307 3471 5362 ad

1480 5474 1737 5532 VARIAE
1769 5476 2062 5534 LECTION
2070 5474 2173 5532 ES.

279 5612 309 5684 ξ
349 5620 543 5684 etAotn.
586 5610 692 5669 CF.
825 5613 845 5643 ’
878 5610 970 5668 Sic
994 5611 1131 5684 "CF;
1174 5611 1223 5684 Α
1274 5613 1662 5684 iadispositam.

206 5684 231 5714 ⁸
254 5680 479 5745 SicCF;
508 5684 547 5736 Α
573 5699 663 5749 per
687 5700 860 5749 quem.
933 5686 953 5718 ⁷
984 5683 1076 5740 Sic
1097 5682 1181 5739 CF
1201 5699 1216 5748 ;
1247 5685 1290 5739 Α
1313 5680 1431 5738 sibi.

204 5752 397 5823 spatio.
480 5753 517 5783 ¹¹
552 5753 643 5809 Sic
666 5752 725 5821 F;
781 5754 870 5817 AC
899 5753 1144 5825 qualiter.
1225 5756 1267 5788 ¹¹
1296 5756 1421 5810 dum
1458 5770 1568 5813 om.
1602 5754 1666 5809 Α.

1803 5596 1825 5642 ⁸
1853 5610 1901 5667 Α
1944 5620 2333 5681 vroponentem.

1507 5685 1529 5716 ⁸
1560 5699 1677 5739 vero
1713 5697 1823 5737 om.
1846 5681 1910 5735 Α.

1748 5753 1790 5785 ⁸³
1816 5762 1862 5807 et
1895 5767 2004 5810 Old.

2435 5606 2456 5639 ⁸
2489 5615 2539 5661 et
2566 5620 2675 5660 om.
2699 5604 2762 5659 Α.
2870 5602 2891 5634 ⁸
2927 5600 3018 5656 Sic
3046 5600 3163 5666 CF;
3187 5598 3233 5654 Α
3262 5598 3467 5654 cecidit.

2563 5675 2606 5709 ³⁸
2630 5674 2722 5729 Sic
2747 5672 2935 5734 (IFrA
2975 5672 3163 5726 vixisse
3199 5668 3470 5739 temporali

1986 5681 2007 5712 ’
2039 5676 2259 5750 feliciter
2286 5695 2396 5735 om.
2421 5676 2486 5731 A.
2563 5676 2606 5709 ³⁸
2630 5676 2722 5729 Sic
2747 5676 2935 5734 (Ἐξ-Α
2975 5676 3163 5726 vixisse
3199 5676 3464 5739 temporali

1991 5791 2004 5805 .
2035 5749 2143 5808 CF.
2246 5749 2287 5782 ιδ
2328 5749 2484 5803 homo
2513 5762 2623 5804 om.
2651 5744 2713 5799 Α.
2834 5744 2879 5779 ⁸⁸
2910 5741 3002 5800 Sic
3028 5740 3137 5808 CF;
3177 5751 3251 5796 est
3282 5758 3371 5797 om
3397 5740 3464 5793 Α.

2246 5749 2287 5782 ’τ’
2328 5749 2484 5829 homo
2513 5762 2623 5804 om.
2651 5744 2713 5799 Α.
