4028 6282
559 371 670 428 8l5

1943 358 2225 419 JOANNIS
2264 358 2459 418 SCO‘I‘I

3729 371 3835 425 816

558 468 772 554 inﬁrma
799 484 817 515 ⁸
850 497 867 535 ;
910 499 1013 537 non
1049 498 1175 554 ergo
1221 498 1253 537 a
1296 480 1430 536 bono
1459 478 1800 536 substantiali
1828 480 1898 534 ad
1941 479 2139 534 malum
2168 477 2223 539 Α
2248 482 2421 535 minus
2465 480 2624 537 Iesus
2682 482 2938 546 Christus.
2964 484 3082 555 fons
3122 483 3253 539 citae
3306 493 3589 552 aeternae,
3628 488 3839 545 sititet

557 576 922 640 substantiale,
954 580 1079 646 quia
1113 573 1260 629 nulla
1291 574 1585 629 substantia
1620 572 1816 628 malum
1859 585 1956 638 es',
2000 574 2089 628 sed
2112 590 2144 627 a

559 670 695 722 bono
726 677 936 721 aeterno
968 666 1037 719 ad
1075 666 1266 720 bonum
1305 668 1611 736 temporale,
1642 682 1674 718 a
1713 667 1846 719 bono
1882 662 2147 735 spirituali

560 759 633 813 ad
676 759 867 813 bonum
914 758 1154 824 carnale,
1195 776 1228 813 a
1284 759 1419 813 bono
1468 757 1782 828 intelligibili
1835 758 1905 811 ad
1954 757 2146 811 bonum

561 850 825 915 sensibile,
839 868 870 904 a
887 850 1021 906 bono
1036 867 1241 905 summo
1257 850 1325 904 ad
1344 852 1535 904 bonum
1560 851 1801 918 inﬁmum
1820 856 1861 904 ³.
1889 850 2146 913 Videsne,

562 940 706 1007 quod
741 938 851 1003 ait,
892 955 923 993 a
962 940 1104 993 bono
1140 939 1458 1009 intelligibili
1501 939 1568 992 ad
1607 940 1805 994 bonum
1858 939 2149 994 sensibile?

562 1028 755 1085 Nonne
792 1040 977 1101 aperte
1003 1029 1140 1084 dixit
1171 1030 1564 1099 intelligibilem
1609 1030 1915 1099 paradisum
1955 1031 1976 1062 ³
2002 1047 2147 1096 esse,

562 1138 672 1179 non
698 1132 878 1178 autem
904 1123 1211 1179 sensibilem
1226 1123 1256 1177 ?
1274 1123 1406 1178 Nam
1429 1123 1471 1178 si
1495 1124 1803 1179 scnsibilem
1826 1140 1944 1180 esse
1966 1124 2151 1189 vellet,

565 1214 792 1270 dixisset
818 1214 1004 1284 utique
1037 1231 1068 1268 a
1096 1215 1235 1269 bono
1264 1215 1501 1269 sensibili
1526 1257 1538 1276 .
1573 1214 1675 1270 boc
1703 1225 1805 1279 est.
1838 1233 1864 1269 a
1899 1217 2149 1286 paradiso

564 1304 832 1374 corporali
861 1305 925 1358 ad
955 1303 1179 1360 inferius
1203 1305 1400 1359 bonum
1433 1306 1704 1360 sensibile.
1734 1305 1843 1362 Nisi
1871 1307 2008 1362 forte
2029 1309 2152 1378 quis

565 1394 735 1460 dicat,
763 1393 829 1449 de
855 1394 971 1449 solo
993 1393 1257 1465 Spirituali
1283 1395 1565 1464 paradiso.
1596 1411 1662 1450 cx
1688 1411 1793 1465 quo
1823 1397 1999 1450 anima
2025 1412 2150 1467 pce-

566 1486 740 1540 catrix
777 1486 997 1556 expulsa
1024 1495 1141 1551 est,
1190 1486 1330 1541 hunc
1371 1489 1692 1542 sententiam
1730 1490 2051 1559 protulisse,
2086 1490 2153 1545 de

565 1578 880 1650 expulsione
909 1594 1040 1635 vero
1064 1580 1312 1651 corporis
1350 1578 1467 1648 ejus
1510 1582 1577 1635 dc
1599 1580 1619 1611 ⁸
1646 1582 1910 1652 corporali
1939 1582 2156 1651 paradi-

565 1686 629 1724 so
655 1669 705 1724 in
740 1670 852 1739 ipsa
902 1670 1171 1725 sententia
1215 1671 1449 1727 siluisse.
1481 1670 1596 1725 Non
1632 1673 1774 1727 eiiim
1799 1672 2152 1741 ait,primum

562 1760 818 1827 hominis,
859 1762 953 1817 sed
988 1762 1225 1833 primum
1253 1764 1466 1817 animae
1499 1763 1777 1817 rationalis
1799 1764 1986 1818 vitium
2028 1774 2111 1819 est
2139 1782 2154 1818 :

2250 570 2448 639 Pater;
2477 576 2603 645 quia
2626 576 2875 646 scriptum
2896 586 2992 639 est,
3014 576 3263 647 quoniam
3285 577 3425 647 apud
3444 588 3495 632 te
3521 578 3646 648 fons
3668 581 3837 646 vitae;

2249 664 2490 734 denique,
2515 668 2739 739 [Iuntina
2767 669 2831 723 de
2850 678 3025 723 uentre
3048 668 3164 738 ejus
3185 670 3349 739 ﬂuent
3371 686 3544 740 aquae
3567 671 3740 726 vivae.
3775 671 3845 726 Et

2247 756 2367 825 fons
2410 757 2602 829 legitur
2649 769 2697 813 et
2726 760 2919 830 ﬂuvius
2967 760 3194 830 legitur,
3244 761 3334 831 qui
3358 761 3543 831 irrigat
3598 763 3847 832 paradisi

2248 844 2449 916 lignum
2487 848 2817 916 fructuosum
2842 890 2857 913 ,
2886 850 3027 920 quod
3059 851 3103 882 “
3147 851 3287 919 [erat
3335 850 3565 919 fructum
3592 856 3654 907 in
3682 855 3845 909 cita-

2249 945 2536 988 aeternam.
2576 934 2625 988 11
2633 937 2678 988 ie
2701 953 2823 1005 ergo
2845 937 2987 1006 fons,
3010 939 3143 992 sicut
3165 938 3354 1009 legisti,
3384 941 3439 994 in
3464 942 3726 1010 paradiso
3746 952 3841 997 est.

2250 1022 2398 1079 Fons
2437 1025 2573 1078 enim
2596 1027 2849 1095 procedit,
2873 1027 3063 1098 inquit,
3085 1045 3149 1083 ex
3173 1028 3347 1095 Eden,
3372 1030 3425 1083 id
3445 1039 3545 1094 est,
3578 1032 3644 1084 in
3665 1035 3845 1085 anim

2250 1126 2341 1170 tua
2389 1117 2507 1187 fons
2549 1128 2643 1171 est.
2673 1115 2823 1171 Unde
2859 1128 2908 1172 et
2953 1118 3208 1174 Salomon
3244 1122 3361 1176 ait:
3396 1120 3526 1177 Bibe
3553 1140 3757 1193 aquam
3783 1123 3849 1177 de

2250 1209 2353 1262 tuis
2389 1209 2525 1263 vasis
2573 1218 2620 1263 et
2649 1209 2714 1262 de
2740 1208 3077 1280 "puteorum
3106 1220 3313 1282 tuorum
3343 1211 3600 1281 fontibus.
3636 1211 3745 1267 Hic
3771 1224 3851 1267 est

2251 1297 2369 1366 fons
2402 1296 2466 1358 ".
2517 1298 2609 1366 qui
2648 1298 2879 1368 procedit
2921 1315 2986 1354 ea:
3023 1298 3115 1354 illa
3141 1302 3425 1355 exercitata
3469 1313 3520 1356 et
3557 1301 3721 1370 plena
3761 1319 3851 1358 eo-

2252 1385 2471 1456 luptatis
2493 1390 2671 1442 anima
2694 1406 2713 1455 ;
2743 1389 2830 1444 hic
2856 1391 2998 1459 fons,
3031 1394 3122 1461 qui
3150 1394 3335 1462 irrigat
3368 1395 3717 1463 paradisum.
3749 1397 3850 1450 eir-

2252 1487 2336 1532 tus
2377 1490 2451 1533 est
2483 1480 2690 1533 animae
2736 1481 3142 1536 eminentissimo
3179 1483 3325 1552 fonte
3351 1483 3631 1553 pullulans
3664 1484 3731 1537 “.
3781 1483 3844 1539 Ει

2254 1573 2509 1627 dividitur
2532 1615 2547 1637 ,
2577 1575 2742 1645 inquit
2761 1616 2777 1638 ,
2800 1574 2885 1628 hic
2923 1574 3042 1644 fons
3069 1576 3120 1629 in
3144 1586 3394 1646 quattuor
3418 1577 3599 1630 initia.
3643 1576 3851 1631 Nam

2254 1674 2329 1718 est
2353 1666 2442 1718 uni
2472 1664 2691 1728 Phison,
2711 1675 2766 1720 et
2785 1676 2985 1729 cetera.
3012 1666 3449 1737 quae;praefatus
3474 1678 3705 1723 sanctus
3722 1669 3848 1723 Alu-

2256 1755 2470 1810 brosius
2484 1755 2551 1810 de
2569 1765 2826 1824 quattuor
2840 1758 3070 1827 paradisi
3088 1756 3399 1814 fluminibus
3418 1758 3852 1814 luculentissime

565 1862 737 1908 totum
764 1861 943 1909 tamen
976 1829 1248 1910 nominem
1276 1854 1513 1910 melioris
1531 1854 1699 1924 partis
1724 1854 1982 1910 vocabulo
1997 1854 2158 1925 signi-
2190 1829 2232 1889 Β
2260 1848 2519 1917 disputat,
2567 1848 2774 1915 singula
2805 1848 3025 1905 ﬂumina
3057 1850 3281 1922 singulis
3313 1851 3529 1906 animae
3548 1852 3849 1907 virtutibus

562 1942 757 1999 ficasse
780 1946 1124 2001 crediderim.
1148 1944 1263 2000 Non
1291 1945 1433 2000 enim
1462 1945 1722 2001 credibile
1748 1953 1847 2006 cst,
1883 1945 2156 2000 hominem

562 2054 630 2091 ex
655 2037 920 2108 spirituali
950 2023 1223 2108 paradiso,
1246 2053 1349 2091 non
1378 2048 1557 2092 autem
1589 2052 1655 2091 ex
1682 2037 1970 2108 corporali,
1995 2052 2160 2108 prae-

562 2126 915 2184 varicatitinis
947 2129 1140 2185 merito
1169 2129 1449 2198 expulsum
1479 2128 1670 2193 fuisse,
1702 2129 1747 2184 si
1785 2130 1892 2183 duo
1916 2129 2153 2199 paradisi

563 2220 649 2275 vel
696 2220 849 2275 fuere
897 2220 983 2275 vel
1025 2219 1203 2275 adhuc
1233 2230 1380 2274 sunt.
1422 2218 1535 2274 Nisi
1580 2220 1719 2274 forte
1744 2220 1866 2289 quis
1890 2221 2057 2284 dicat,
2089 2221 2157 2274 de

569 2310 837 2380 spirituali
872 2309 1124 2379 paradiso
1149 2309 1519 2379 expulsionem
1559 2310 1794 2365 hominis
1820 2311 2157 2365 solummodo

564 2403 623 2456 in
670 2402 775 2457 hoc
807 2401 930 2457 loco
972 2402 1311 2471 exposuisse,
1358 2399 1597 2468 ejusdem
1634 2417 1763 2456 vero
1808 2418 1876 2458 ex
1913 2402 2154 2458 sensibili

566 2493 779 2561 lapsum
798 2491 1033 2548 siluisse.
1052 2490 1283 2548 Sanctus
1301 2506 1512 2563 quoque
1532 2491 1849 2548 Ambrosius
1863 2494 1912 2547 in
1927 2494 2004 2563 pri
2014 2509 2156 2548 mor-

568 2582 660 2637 dio
674 2582 817 2646 libri,
840 2598 1001 2653 quem
1029 2583 1186 2653 scrip
1204 2583 1245 2638 it
1261 2584 1326 2638 de
1342 2583 1615 2653 paradiso,
1636 2586 1769 2638 duos
1793 2584 2045 2639 similiter
2064 2600 2157 2653 pa—

564 2674 779 2729 radisos
794 2688 914 2729 esse
929 2672 1144 2729 videtur
1158 2672 1447 2741 afﬁrmare,
1466 2690 1531 2729 eo
1550 2674 1650 2729 loci
1670 2675 1923 2738 maxime,
1941 2675 2029 2729 ubi
2043 2675 2155 2729 ait:

569 2764 639 2820 In
670 2765 769 2820 hoc
787 2782 910 2837 ergo
940 2768 1190 2837 paradiso
1214 2766 1471 2821 hominem
1487 2766 1630 2820 Deus
1655 2768 1827 2837 posuit
1848 2783 1999 2838 quem
2021 2766 2160 2837 plas-

566 2851 727 2911 mauit
751 2857 793 2911 ⁵.
822 2856 1062 2929 Intellige
1087 2857 1264 2922 etiam,
1291 2859 1417 2929 quia
1438 2857 1459 2888 ‘
1490 2875 1592 2911 non
1618 2876 1733 2912 eum
1763 2858 2042 2923 hominem,
2067 2859 2159 2929 qui

567 2947 858 3001 secundum
887 2931 1165 3018 imaginem
1196 2947 1293 3002 Dei
1329 2958 1427 3013 est,
1466 2950 1638 3019 posuit
1676 2950 1729 3001 in
1757 2950 2028 3019 paradiso.
2066 2950 2157 3003 sed

568 3053 712 3104 eum,
744 3036 837 3107 qui
862 3038 1146 3091 secundum
1176 3048 1506 3109 corpus‘est;
1535 3024 1878 3109 incorporalis
1919 3041 2058 3095 enim
2102 3043 2159 3095 in

568 3128 686 3182 loco
712 3144 815 3182 non
837 3137 934 3183 est.
974 3126 1079 3183 Sed
1106 3128 1265 3199 paulo
1294 3139 1414 3199 post
1442 3130 1509 3184 ad
1538 3130 1968 3199 explanationem
2000 3147 2155 3202 para-

571 3217 675 3271 disi
721 3218 1062 3288 perveniens.
1108 3234 1213 3272 non
1257 3219 1428 3273 solum
1468 3220 1775 3288 paradisum
1803 3220 2159 3290 spiritualiter

570 3308 819 3378 intelligi,
863 3324 1052 3363 verum
1095 3310 1260 3364 etiam
1309 3311 1439 3365 nihil
1492 3311 1635 3365 aliud
1683 3326 1802 3366 esse
1845 3313 2159 3381 paradisum

573 3398 680 3454 nisi
712 3398 886 3467 ipsum
905 3400 1203 3466 hominem.
1227 3402 1670 3458 manifestissime
1685 3405 2154 3471 astruit,omnino,

570 3497 635 3542 ut
664 3488 913 3554 aestimo,
945 3487 1217 3558 Originem
1244 3505 1495 3560 sequens.
1539 3493 1786 3561 quamvis
1821 3508 1942 3547 eum
1972 3504 2157 3564 aperte

572 3593 683 3633 non
714 3578 1029 3633 nominavit.
1059 3579 1150 3632 Ait
1177 3580 1321 3634 enim
1346 3599 1361 3634 :
1393 3580 1524 3635 Ante
1554 3598 1649 3636 nos
1676 3581 1799 3651 fuit,
1827 3585 1918 3654 qui
1944 3600 2038 3654 per
2063 3602 2155 3639 vo—

573 3668 824 3739 luptatem
856 3670 878 3702 "
924 3680 973 3725 et
1022 3687 1233 3726 sensum
1297 3673 1791 3743 praevaricationem
1840 3676 1905 3730 ab
1949 3678 2156 3731 homine

573 3761 937 3814 memoraverit
992 3778 1105 3817 esse
1149 3765 1477 3819 commissam
1509 3805 1524 3829 ,
1575 3765 1631 3819 in
1693 3767 1860 3836 specie
1904 3769 2154 3837 serpentis

573 3849 805 3920 ﬁgurant
847 3854 1107 3923 accipiens
1153 3854 1541 3920 delectationis,
1579 3856 1633 3910 in
1693 3857 1865 3928 ﬁgura
1918 3859 2155 3914 mulieris

571 3959 804 4010 sensum,
830 3945 884 3999 in
911 3947 1075 4001 animi
1108 3950 1394 4019 mentisque
1424 3959 1543 4020 typo
1591 3952 1757 4004 virum
1804 3954 2154 4019 constituens;

571 4053 746 4107 quem,
770 4055 979 4092 sensum
1017 4040 1273 4104 videlicet,
1303 4040 1538 4101 αἴσθησιν
1580 4052 1762 4097 vocant
1800 4043 2020 4111 Graeci;
2058 4046 2155 4100 de-

573 4136 721 4196 cepto
759 4138 933 4181 autem
968 4146 1121 4183 sensu
1142 4132 1623 4200 praeraricatricem
1659 4143 1878 4188 mentem
1908 4137 2150 4199 asseruit,

572 4234 733 4286 quam
772 4216 960 4272 Graeci
984 4208 1099 4273 νὸῦν
1125 4230 1329 4273 vocant.
1362 4218 1517 4274 Recte
1542 4222 1704 4290 igitur
1729 4224 1782 4277 in
1814 4221 2015 4278 Graeco
2037 4232 2156 4286 νοῦς

572 4308 631 4362 in
655 4307 675 4338 ³
724 4307 895 4376 ﬁgura
946 4309 1046 4361 viri
1083 4310 1373 4377 accipin".
1423 4309 1661 4374 αἴσθησις
1706 4329 1821 4367 λ’θνσ
1854 4315 1910 4368 in
1942 4315 2156 4385 ’ﬁgum

573 4397 834 4452 mulieris.
868 4398 1020 4452 Unde
1040 4400 1255 4469 quidam
1281 4402 1448 4453 Adam
1473 4410 1589 4456 νοῦν
1608 4413 1872 4456 terrenum
1906 4406 2157 4475 interpre-

574 4488 672 4541 tati
692 4496 832 4539 sunt.
865 4488 929 4540 Et
953 4498 1074 4555 post
1096 4488 1369 4558 aliquanta
1395 4506 1408 4542 :
1445 4490 1535 4543 Est
1557 4507 1679 4561 ergo
1700 4491 1989 4547 Paradisus
2015 4506 2154 4548 terra

574 4578 834 4645 quaedam
882 4579 1069 4649 fertilis
1094 4621 1109 4645 ,
1159 4581 1256 4634 hoc
1294 4592 1389 4646 est,
1434 4584 1611 4635 anima
1650 4585 1895 4653 fecunda,
1923 4586 1977 4639 in
2007 4586 2153 4640 Eden

574 4666 836 4737 plantata,
860 4672 958 4723 hoc
990 4680 1083 4732 est.
1117 4672 1171 4725 in
1201 4672 1456 4741 voluptate
1478 4674 1729 4742 quadam.
1768 4673 1842 4727 rel
1871 4677 2153 4730 exercitata

577 4769 748 4826 terra,
792 4762 849 4815 in
876 4779 980 4831 qua
1028 4764 1237 4817 animae
1275 4765 1335 4832 ﬁt
1382 4765 1676 4821 delectatio.
1712 4766 1806 4819 Est
1842 4770 1999 4822 etiam
2036 4777 2155 4831 νοῦς

576 4859 826 4919 tanquam
851 4850 1040 4916 Adam,
1070 4861 1117 4905 et
1138 4862 1212 4905 est
1232 4851 1481 4915 αἴσθησις,
1504 4854 1557 4906 id
1581 4864 1654 4907 est
1677 4871 1878 4919 sensus,
1904 4867 2154 4925 tanquam

576 4941 711 4995 Eva.
732 4941 805 4995 Ac
820 4959 890 4996 ne
908 4944 1143 5007 haberes.
1165 4945 1304 5015 quod
1326 4945 1395 4997 ad
1425 4945 1692 5014 inﬁrmum
1714 4957 2031 5018 retorqueres
2061 4965 2153 5002 na-

577 5043 747 5097 turae,
776 5034 854 5087 rel
893 5034 963 5085 ad
998 5034 1275 5088 obnoxiam
1302 5037 1355 5088 in
1393 5036 1678 5089 tolerandis
1701 5039 1946 5105 periculis
1972 5040 2155 5093 condi-

574 5125 788 5186 tionem,
813 5124 1106 5188 considera,
1133 5142 1267 5195 quae
1291 5127 1441 5179 habet
1474 5128 1517 5159 ¹⁰
1564 5128 1741 5180 anima
1770 5129 1873 5182 ista
1896 5129 2151 5185 subsidia.

576 5214 712 5269 Erat
743 5214 883 5284 fons,
922 5217 1013 5287 qui
1048 5218 1291 5286 irrigaret
1320 5219 1646 5288 paradisum.
1689 5217 1820 5284 Quis
1845 5220 2010 5288 fons?
2047 5221 2153 5276 Do-

2184 4536 2233 4595 Ι)

2258 1954 2603 2007 comparans,
2638 1939 2839 1995 Phison
2868 1940 3084 2011 quidem
3110 1981 3125 2005 ,
3156 1942 3249 2011 qui
3280 1942 3580 1997 secundum
3612 1942 3849 1999 Graccus

2257 2032 2469 2103 Ganges
2499 2033 2714 2095 dicitur.
2748 2034 3083 2103 prudentiae,
3114 2033 3261 2090 Geon
3289 2044 3492 2101 autem,
3519 2036 3617 2106 qui
3649 2046 3734 2092 est
3757 2035 3844 2090 Ni-

2256 2121 2339 2177 lus
2361 2164 2376 2188 ,
2407 2124 2813 2193 temperantiae.
2843 2122 3063 2195 Tygrin,
3092 2125 3184 2195 qui
3215 2124 3497 2180 velocitate
3523 2125 3611 2180 sui
3660 2141 3851 2181 cursus

2256 2213 2476 2278 dicitur,
2500 2214 2819 2275 fortitudini.
2836 2214 3149 2285 Euphraten
3163 2231 3293 2271 vero
3312 2216 3851 2285 justitiae.Vidcsne,

2256 2307 2708 2377 quemadmodum
2773 2306 3126 2377 spiritualiter
3167 2307 3419 2378 intelligit
3490 2307 3848 2379 paradisum?

2257 2399 2599 2456 Disc.Video.
2625 2399 2730 2455 Sed
2749 2399 2998 2455 fortassis
3019 2400 3142 2471 quis
3163 2400 3379 2463 dixerit,
3406 2400 3585 2470 magis
3599 2402 3851 2473 allegori-

2257 2508 2381 2547 zare
2404 2530 2420 2555 .
2450 2506 2610 2561 quam
2637 2491 2949 2560 paradisum
2995 2491 3334 2561 corporalem
3366 2507 3571 2563 negare
3610 2492 3853 2548 videtur.

2256 2582 2391 2638 Nam
2418 2584 2463 2638 si
2492 2577 2831 2652 corporalem
2853 2591 2911 2638 et
2936 2581 3157 2638 localem
3185 2582 3497 2654 paradisum
3524 2598 3637 2637 non
3659 2583 3851 2638 existi.

2258 2684 2435 2730 uiaret
2465 2690 2606 2741 esse,
2634 2691 2741 2731 non
2769 2675 3016 2731 fortassis
3040 2676 3092 2730 in
3125 2691 3379 2745 processu
3400 2673 3637 2746 praelati
3663 2676 3851 2747 operis

2257 2776 2378 2837 post
2398 2766 2696 2837 spiritualis
2718 2766 2978 2836 paradisi,
3003 2766 3231 2836 qui-sive
3253 2765 3368 2835 ipsa
3393 2764 3574 2818 anima
3599 2773 3705 2829 est.
3732 2764 3853 2820 sive

2258 2858 2458 2928 aliquid
2487 2857 2789 2927 spirituale,
2836 2858 2890 2912 in
2934 2873 3043 2928 quo
3082 2856 3263 2910 anima
3307 2855 3351 2888 “
3388 2855 3689 2910 constituta
3744 2863 3848 2915 est.

2256 2950 2648 3020 expositionem
2678 2950 2925 3017 adderet,
2946 2964 3221 3019 exponens
3244 2946 3391 3002 illum
3416 2947 3620 3011 locum.
3654 2947 3712 3000 in
3742 2960 3853 3016 quo

2259 3044 2517 3112 scriptum
2547 3050 2670 3097 est:
2705 3040 2773 3094 Et
2822 3040 3158 3111 apprehendit
3196 3038 3343 3093 Deus
3378 3038 3639 3092 hominem
3691 3052 3855 3107 quem

2260 3133 2405 3201 fecit,
2435 3141 2481 3185 et
2506 3131 2674 3202 posuit
2717 3147 2834 3185 eum
2856 3132 2911 3185 in
2954 3129 3201 3201 paradiso
3236 3128 3443 3199 operari
3477 3137 3523 3182 et
3558 3126 3855 3181 custodire.

2275 3220 2444 3285 Vides,
2472 3222 2661 3292 inquit,
2683 3222 2952 3292 quoniam,
2973 3219 3063 3291 qui
3084 3228 3220 3282 erat,
3239 3215 3683 3288 apprehenditur?
3712 3213 3853 3268 Erat

2258 3324 2431 3367 autem
2479 3314 2538 3366 in
2597 3323 2738 3366 terra
2792 3310 3159 3382 plasmationis
3204 3308 3247 3340 ¹⁶
3301 3324 3449 3363 suae.
3489 3306 3855 3377 Apprelaendit

2256 3422 2379 3475 ergo
2406 3420 2525 3459 eum
2572 3404 2737 3458 uirtus
2786 3402 2917 3470 Dei,
2948 3403 3155 3473 spirans
3196 3401 3240 3433 "
3265 3415 3537 3471 processus
3576 3407 3624 3451 et
3673 3398 3856 3451 incre-

2256 3505 2430 3551 menta
2462 3496 2692 3549 uirtutis.
2716 3493 2947 3565 Denique
2972 3494 3029 3548 in
3047 3492 3296 3564 paradiso
3314 3506 3435 3544 eum
3464 3487 3765 3554 collocavit,
3794 3496 3854 3539 ιι

2256 3587 2633 3656 apprehensum
2668 3585 2821 3655 quasi
2867 3586 3043 3657 aﬂlattt
3095 3584 3303 3637 divinae
3347 3579 3604 3635 servitutis
3626 3578 3700 3630 “'.
3729 3576 3855 3643 Quo

2255 3679 2356 3733 loci
2379 3677 2511 3732 illud
2533 3678 2765 3743 adverte,
2787 3679 2913 3748 quia
2942 3684 3091 3731 extra
3117 3675 3423 3745 paradisum
3450 3675 3524 3728 uir
3543 3672 3723 3741 factus
3748 3683 3851 3734 est,

2253 3780 2301 3825 et
2336 3769 2377 3801 ι’
2406 3768 2597 3824 mulier
2632 3769 2771 3823 intra
2802 3769 3134 3839 paradisum,
3184 3777 3239 3821 ut
3267 3766 3540 3828 advertas.
3570 3762 3716 3834 quod
3742 3778 3855 3815 non

2255 3861 2377 3926 loci,
2406 3878 2507 3916 non
2543 3862 2743 3930 generis
2789 3859 3091 3922 nobilitate,
3138 3858 3228 3911 sed
3264 3858 3451 3911 uirtute
3487 3853 3855 3921 unusquisque

2254 3956 2478 4024 gratiam
2491 3952 2589 4006 sibi
2605 3959 2893 4016 comparat.
2913 3946 3142 4019 Denique
3165 3957 3313 4001 extra
3327 3943 3623 4016 paradisum
3636 3939 3853 4009 factus.

2254 4047 2351 4100 hoc
2372 4057 2466 4110 est,
2498 4047 2551 4099 in
2582 4044 2829 4114 inferiore
2857 4041 2975 4097 loco
3007 4042 3087 4096 vir
3129 4040 3313 4093 melior
3339 4038 3613 4099 invenitur,
3633 4043 3694 4088 et
3727 4033 3856 4097 illa,

2254 4153 2387 4207 quae
2407 4137 2460 4189 in
2477 4134 2691 4188 meliore
2706 4133 2839 4196 loco,
2857 4134 2954 4187 hoc
2976 4142 3074 4196 est,
3097 4131 3149 4184 in
3160 4130 3409 4201 paradiso
3420 4128 3559 4195 facta
3580 4134 3655 4179 est
3678 4125 3858 4190 ",in-

2256 4226 2418 4295 ferior
2438 4224 2691 4292 reperitur
2712 4225 2778 4277 ἰ.
2807 4222 3002 4277 Mulier
3021 4222 3158 4277 enim
3184 4222 3330 4290 prior
3351 4220 3558 4288 decepta
3578 4225 3655 4270 est
3686 4216 3765 4283 ⁸³,
3805 4226 3856 4271 et

2256 4319 2419 4371 uirum
2457 4318 2568 4386 ipsa
2589 4317 2806 4385 decepit.
2838 4314 3089 4384 Nunquid
3116 4313 3202 4368 bis
3226 4313 3408 4369 verbis
3433 4309 3725 4367 manifeste
3754 4311 3855 4367 da-

2259 4417 2346 4462 tur
2377 4408 2626 4478 intelligi,
2656 4407 2881 4461 localem
2910 4406 3255 4476 paradisum,
3284 4420 3349 4459 ac
3380 4419 3476 4474 per
3509 4403 3606 4457 hoc
3635 4417 3855 4472 corpo-

2262 4498 2425 4552 ralem
2452 4507 2614 4567 atque
2633 4497 2943 4558 sensibilem
2967 4497 3201 4551 voluisse
3226 4493 3511 4550 astruere?
3540 4490 3686 4546 Μιε.
3711 4490 3857 4548 Cum

2261 4587 2363 4650 bis,
2397 4587 2487 4656 qui
2516 4586 2560 4616 ³³
2608 4586 2734 4640 talia
2765 4586 2978 4649 volunt,
3005 4601 3112 4638 non
3156 4593 3239 4638 est
3268 4593 3509 4636 nostrum
3536 4578 3853 4636 colluctari.

2260 4679 2446 4748 Neque
2472 4678 2616 4733 enim
2648 4678 2780 4733 duos
2809 4676 3090 4746 paradisos
3111 4688 3251 4738 esse,
3281 4690 3443 4728 unum:
3470 4671 3691 4741 quidem
3730 4686 3856 4726 oor-

2259 4768 2522 4839 poralem,
2567 4767 2798 4821 alterum
2844 4780 2973 4820 vero
3016 4762 3352 4834 spiritualem
3403 4773 3696 4830 negamus,
3751 4773 3853 4814 nec

2260 4856 2609 4910 allirmamus.
2640 4854 2963 4909 Sanctorum
3009 4861 3190 4907 autem
3238 4850 3460 4905 Patrum
3501 4847 3852 4903 solummodo

2262 4948 2561 5001 sententias
2595 4945 2810 4998 interim
2839 4944 2982 4998 inter
3008 4959 3109 4998 nos
3133 4942 3498 4998 conferimus:
3532 4938 3623 5010 qui
3658 4948 3848 4993 autem

2260 5038 2432 5107 magis
2479 5035 2740 5102 sequendi
2788 5043 2936 5098 sunt,
2987 5049 3093 5088 non
3143 5041 3227 5087 est
3269 5042 3511 5087 nostrum
3549 5028 3843 5097 judicare;

2262 5127 2631 5196 uiuisquisque
2656 5141 2755 5181 suo
2794 5141 2954 5180 sensu
3002 5126 3270 5184 abundet.
3305 5132 3360 5178 et
3390 5137 3528 5192 quos
3558 5131 3845 5191 sequatur,

2261 5221 2442 5291 eligat,
2472 5218 2862 5289 litigatiouibus
2890 5217 3111 5273 relictis.
3147 5216 3379 5273 δεδειυο
3405 5230 3569 5269 sensu
3590 5227 3843 5268 summae

1859 5311 2113 5367 γΑιιιΑΕ
2152 5308 2558 5371 LECTIUNES.

650 5399 668 5472 ξ
700 5398 930 5472 SicQF;
962 5401 1008 5455 A
1037 5402 1324 5471 inﬁrmant.
1400 5404 1420 5434 ²
1453 5403 1559 5468 CF;
1588 5403 1873 5472 inﬁrmum.

574 5470 597 5541 9
628 5468 719 5525 Sic
745 5470 863 5537 CF;
890 5473 933 5526 A
964 5468 1227 5541 formavit.
1336 5474 1358 5505 ⁸
1389 5473 1478 5528 Sic
1508 5475 1619 5539 CF;
1643 5468 1691 5526 Ἀ
1719 5474 1878 5541 quod.

574 5540 622 5594 Α
653 5542 862 5614 habeat.
964 5540 1009 5614 “7
1034 5542 1117 5598 CF
1162 5560 1285 5614 quo.
1362 5547 1404 5577 ¹²
1430 5547 1493 5598 de
1518 5560 1626 5600 om.
1658 5540 1764 5599 CF.
1844 5544 1887 5575 ¹³
1920 5545 2021 5600 Hic
2046 5557 2121 5601 est

579 5619 662 5687 a__s_t_
689 5611 899 5687 virtutes
928 5613 1139 5687 animae
1167 5610 1648 5687 ei.Af.Apullulantes.
1726 5615 1772 5648 ³⁸
1797 5616 1888 5672 Sic
1917 5616 2000 5671 CF
2017 5633 2031 5678 ;
2060 5619 2098 5670 A
2130 5610 2186 5670 in
2206 5634 2312 5687 qua
2332 5614 2621 5687 const_ilut_a
2645 5621 2749 5666 est.
2811 5610 2989 5687 j‘Sic
3009 5610 3049 5665 C

1980 5404 2001 5436 ³
2041 5404 2130 5460 Sic
2164 5407 2268 5473 CF;
2298 5406 2343 5460 A
2382 5402 2687 5474 paradisum
2716 5398 3093 5474 intelligibilem
3118 5416 3273 5474 esse.

1975 5474 1998 5508 "
2023 5474 2127 5539 CF;
2163 5478 2495 5532 voluntatem.

2170 5547 2288 5617 fons
2313 5559 2423 5601 om.
2452 5542 2558 5617 CF.

3376 5397 3511 5453 ‘Sic
3542 5394 3667 5461 CF;
3705 5396 3750 5450 Α
3788 5412 3838 5446 e.

2601 5474 2623 5505 ⁸
2653 5473 2707 5524 in
2742 5487 2849 5525 om.
2885 5464 2949 5523 Ᾱ.
3060 5469 3083 5501 ⁹
3111 5472 3164 5523 in
3184 5486 3293 5526 om.
3322 5468 3388 5523 Α.
3516 5467 3564 5499 ¹⁸
3610 5464 3702 5520 Sic
3725 5464 3834 5530 CF;

2636 5541 2680 5573 “
2705 5540 2797 5596 Sic
2825 5540 2933 5602 CF;
2966 5540 3007 5594 A
3033 5541 3125 5665 (ιειί
3164 5541 3350 5610 irrigat
3375 5538 3704 5607 paradisum.
3735 5536 3838 5613 hoc

2645 5621 2749 5666 est.
2826 5610 2871 5643 ¹⁶
2898 5611 2989 5666 Sic
3009 5610 3049 5665 C
3112 5627 3127 5676 ;
3158 5611 3203 5666 A
3229 5609 3579 5680 formationis.
3674 5602 3837 5680 ’νβ-[ε

576 5678 695 5756 EF;
740 5685 786 5734 Α
828 5683 1119 5756 inspirans.
1192 5683 1234 5716 ³⁸
1281 5670 1371 5739 Sic
1397 5685 1520 5746 CF;
1560 5686 1605 5756 Α
1636 5693 1692 5739 ιιι
1720 5670 2303 5756 scias—apprehenst'nn
2336 5684 2488 5756 quasi
2522 5683 2753 5756 aﬂiatum
2786 5681 2967 5736 divina
2999 5670 3124 5756 esse
3142 5670 3349 5736 uirlute.
3427 5679 3470 5714 ⁸⁸
3497 5687 3548 5735 et
3586 5690 3691 5733 om.
3719 5670 3833 5729 Cl"-

579 5747 626 5781 "
654 5749 798 5822 facta
824 5747 1030 5808 est'om.
1064 5755 1169 5811 CF.

1268 5760 1314 5788 ²¹
1350 5760 1441 5812 Sic
1485 5755 1603 5825 CF;
1654 5758 1701 5812 A
1742 5752 1997 5829 reperitur
2038 5758 2279 5827 inferior.
2355 5752 2404 5787 υ
2435 5763 2510 5809 est
2549 5767 2659 5809 om.
2707 5755 2814 5807 CF.
2889 5756 2938 5785 "
2983 5752 3028 5807 Α
3057 5759 3202 5824 quta.
