4028 6282
263 398 375 458 817

1075 393 1543 478 υεῆυιγιειοκε
1582 365 1938 480 uirentis.
1988 370 2069 432 —-‘
2095 367 2299 447 LiBER
2337 386 2686 458 QUARTUS.

3370 372 3376 378 ’
3422 381 3535 439 818

268 513 609 571 auctoritatis
634 513 891 585 magister
917 553 931 579 ,
959 521 1120 582 atque
1152 511 1451 568 acutissimi
1478 507 1847 566 subtilissimi-
1955 504 2208 587 imagiqe,
2234 518 2376 574 quae
2414 500 2552 557 intra
2583 483 2889 582 paradisum
2920 498 3134 554 condita
3176 504 3279 560 est,
3324 494 3416 550 sed
3464 509 3533 550 ex

268 622 374 676 que
403 607 420 637 ⁸
472 604 695 676 ingenii,
727 605 779 659 in
822 604 1250 674 expositionibus
1281 603 1499 657 divinae
1531 601 1848 670 Scripturae

269 697 396 771 talia
423 696 729 768 protulerit.
760 712 868 751 non
898 696 1054 751 facile
1072 696 1229 751 nobis
1256 695 1452 761 elucet,
1475 694 1577 749 nisi
1609 692 1768 755 forte,
1792 699 1851 746 ut

268 788 587 858 saepissime
620 788 673 842 in
700 788 869 858 ipsius
895 788 1323 860 expositionibus
1356 788 1678 851 invenimus,
1705 800 1852 840 sum-

270 896 390 936 mos
423 879 753 937 Graecorum
801 881 1101 953 Theologos
1137 890 1355 937 secutus
1384 880 1484 946 sit,
1525 889 1578 935 et
1616 878 1857 934 maxime

268 958 610 1042 Gregorium.
643 971 743 1039 Qui
776 972 911 1027 duas
936 972 1171 1027 hominis
1191 972 1529 1027 conditiones
1559 985 1679 1026 esse
1705 984 1851 1023 asse-

268 1070 418 1123 runt,
454 1076 614 1115 unam
654 1061 870 1131 quidem
901 1062 967 1116 ad
1017 1061 1301 1132 imaginem
1354 1061 1468 1126 Dei,
1516 1060 1569 1114 in
1602 1075 1705 1130 qua
1753 1072 1854 1113 nec

268 1151 546 1207 masculus
575 1168 674 1208 nec
703 1151 902 1208 femina
940 1152 1277 1224 intelligitur,
1305 1152 1397 1208 sed
1428 1151 1539 1206 sola
1569 1150 1850 1205 universa—

268 1243 336 1299 lis
359 1253 413 1299 et
439 1244 665 1314 simplex
690 1244 1021 1310 humanitas,
1052 1243 1431 1312 simillimaqne
1458 1242 1733 1315 angelicae
1757 1256 1854 1294 na-

269 1347 459 1403 turae,
487 1351 649 1407 quam
678 1336 825 1391 omni
854 1350 985 1391 sexu
1011 1336 1232 1392 omnino
1264 1350 1448 1390 carere
1474 1344 1530 1389 et
1558 1333 1853 1389 auctoritas

268 1427 651 1484 incunctanter
678 1436 734 1483 et.
757 1443 887 1484 vera
903 1429 1063 1483 docet
1088 1427 1261 1482 ratio:
1281 1426 1504 1482 alteram
1532 1440 1661 1479 vero
1691 1433 1854 1495 atque

268 1521 563 1576 secundam
606 1527 827 1592 propter
870 1522 892 1552 ¹
937 1520 1264 1591 praescitum
1314 1518 1648 1574 rationabilis
1699 1526 1855 1571 natu-

268 1627 363 1667 rae
388 1611 642 1667 delictum
689 1612 1116 1682 superadditam,
1149 1612 1203 1666 in
1244 1624 1350 1681 qua
1380 1625 1542 1665 sexus
1572 1608 1855 1664 constitui-

268 1709 380 1757 tur.
405 1702 597 1758 Merito
629 1718 782 1775 ergo,
825 1704 967 1773 quod
1010 1711 1233 1773 propter
1259 1710 1541 1773 peccatum
1585 1700 1853 1768 adjectum

267 1802 391 1859 est,
441 1806 595 1851 extra
657 1796 968 1865 paradisum
1013 1809 1077 1849 ac
1105 1794 1269 1849 veluti
1309 1794 1363 1848 in
1428 1792 1671 1848 inferiori
1732 1791 1853 1845 loco

1950 586 2146 653 merito
2200 596 2411 651 futurae
2475 609 2604 649 suae
2663 588 3136 663 praevaricationis
3186 586 3231 619 “
3294 586 3537 641 facturae

1950 701 2081 741 suae
2109 684 2155 718 “
2171 666 2405 755 sumpsit
2436 683 2798 739 occasionem.
2835 679 2968 734 Nam
2992 688 3047 733 et
3077 677 3166 732 illa
3192 677 3243 730 in
3266 674 3539 730 exteriore

1951 775 2191 845 homine,
2221 773 2313 845 qui
2348 782 2500 827 extra
2528 771 2836 842 paradisum
2862 768 3056 822 merito
3092 761 3295 837 peccati
3319 766 3384 818 de
3408 762 3539 816 limo

1953 875 2131 921 terrae
2181 865 2428 920 conditus
2479 872 2563 918 est
2611 862 2679 926 ιδ,
2706 859 2996 916 causaliter
3046 864 3227 912 creata
3260 862 3365 914 est,
3398 865 3543 922 quae

1952 960 2292 1030 postmodum
2308 957 2518 1022 ordine,
2546 972 2648 1011 non
2668 964 2928 1025 tempore,
2945 952 2998 1006 in
3021 950 3270 1020 paradiso
3283 946 3350 1001 de
3370 945 3541 998 latere

1951 1052 2050 1106 viri
2084 1058 2357 1120 assumpta
2383 1056 2485 1104 est.
2521 1046 2634 1101 Sed
2664 1046 2778 1101 sive
2822 1045 2944 1107 hoc,
2991 1042 3104 1097 sive
3148 1037 3345 1107 aliquid
3394 1033 3541 1088 aliud

1950 1144 2257 1216 praedictus
2281 1142 2450 1197 voluit
2472 1140 2753 1212 magister,
2786 1154 2892 1192 non
2928 1143 3011 1190 est
3047 1132 3202 1188 nobis
3244 1128 3548 1185 conuolau-

1953 1239 2081 1294 dum
2106 1236 2366 1291 adversus
2403 1249 2517 1298 eos,
2557 1232 2647 1301 qui
2672 1231 2825 1295 duos,
2866 1236 2923 1283 ut
2951 1224 3361 1298 praediximus,
3420 1231 3547 1273 esse

1954 1328 2185 1385 credunt
2230 1325 2511 1397 paradisos
2545 1323 2612 1393 ³⁸,
2668 1337 2830 1376 unum
2891 1319 3106 1390 quidem
3166 1310 3541 1385 spiritualem,

1953 1420 2182 1474 alterum
2204 1431 2335 1471 vero
2361 1413 2731 1489 corporalem,
2752 1409 2979 1482 propter
3010 1406 3275 1477 dupliCem
3308 1399 3547 1457 hominis

1954 1521 2202 1567 naturam
2244 1551 2260 1577 ,
2322 1509 2643 1580 praesertim
2713 1521 2837 1561 eum
2902 1503 3181 1558 videamus
3228 1494 3547 1567 saepissime

1953 1605 2008 1661 in
2063 1604 2280 1661 divinae
2327 1601 2646 1674 Scripturae
2716 1594 3117 1654 narrationibus
3183 1590 3348 1672 multa
3390 1587 3546 1656 juxta

1952 1714 2134 1755 rerum
2173 1696 2439 1753 factarum
2477 1696 2756 1751 veritatem
2807 1700 2862 1762 et
2904 1685 3254 1761 historialiter
3305 1683 3447 1739 facta
3490 1687 3549 1735 et

1954 1788 2308 1860 spiritualiter
2354 1786 2648 1842 intellecta.
2710 1782 2981 1838 Abraham
3026 1778 3170 1835 enim
3220 1776 3354 1830 duos
3409 1772 3548 1826 filios

269 1883 471 1939 factum
488 1859 750 1941 fuisse-de
780 1893 922 1941 terra
949 1883 1364 1955 plasmationis'
1391 1879 1851 1938 narratur.Virilis
1884 1859 1927 1918 Β
1958 1859 2164 1946 habuit,
2198 1896 2363 1936 unum
2396 1879 2610 1949 quidem
2661 1893 2725 1933 ex
2771 1874 2986 1947 ancilla,
3033 1886 3198 1926 unum
3240 1869 3307 1923 de
3353 1866 3546 1920 libera.

266 1975 453 2047 itaque
493 1992 659 2033 sexus
705 1986 935 2034 naturae
965 1977 1032 2033 ad
1065 1976 1357 2049 imaginem
1398 1975 1494 2035 Dei
1540 1974 1717 2029 factae
1764 1988 1855 2027 sn-

266 2067 585 2137 peradditus
612 2077 769 2123 extra
800 2068 823 2101 ’⁸
867 2068 1177 2140 paradisum
1223 2067 1400 2122 factus
1442 2075 1546 2122 est.
1579 2065 1686 2121 Sed
1728 2065 1854 2136 quia

266 2168 326 2213 et
368 2158 486 2229 ipse
541 2175 705 2216 sexus
776 2160 947 2232 priori
1015 2169 1267 2225 naturae,
1328 2159 1543 2215 divinae
1603 2158 1857 2213 videlicet

265 2249 868 2323 imagini,adjungitur,
917 2251 1080 2323 veluti
1125 2251 1341 2306 aliunde
1385 2249 1855 2320 apprehensus,in

263 2341 522 2413 paradiso
551 2358 676 2398 cum
708 2342 883 2411 prima
909 2322 1117 2398 scilicet
1145 2339 1453 2396 conditione
1488 2339 1857 2404 constituitur,

264 2433 328 2489 in
345 2435 661 2504 quoiterum
685 2434 915 2490 velutiin
943 2435 1206 2505 superiori
1229 2434 1348 2489 loco
1375 2432 1645 2489 secundus
1672 2447 1856 2499 sexus,

262 2525 534 2582 vocabulo
560 2525 802 2583 mulieris
822 2526 1140 2598 appellatus,
1170 2535 1226 2583 et
1248 2541 1314 2583 ex
1354 2526 1521 2582 latere
1548 2525 1664 2594 ejus
1685 2534 1757 2580 att
1770 2541 1859 2579 ra-_

267 2626 394 2673 ctus
413 2656 431 2683 ,
461 2618 514 2673 in
543 2618 872 2689 adiutorium
901 2618 1270 2688 procreandac
1298 2617 1466 2688 prolis
1495 2618 1548 2671 in
1581 2625 1861 2671 contume-

265 2707 346 2764 lia
365 2709 730 2766 similitudinis
748 2709 1111 2780 insipieutium
1132 2708 1445 2764 animalium
1469 2707 1517 2763 ei
1536 2705 1858 2778 adjungitur.

266 2798 341 2856 Et
367 2799 492 2870 quia
518 2800 756 2857 conditio
781 2800 953 2856 virilis
983 2814 1166 2866 sexus,
1194 2799 1441 2870 quamvis
1465 2815 1568 2852 non
1595 2808 1857 2867 tempore,

267 2892 368 2947 sed
413 2892 527 2948 sola
565 2892 844 2963 dignitate,
892 2891 1165 2963 praecedit
1208 2890 1570 2948 conditionem
1601 2886 1857 2954 feminei;

268 2985 469 3042 mulier
494 2985 636 3042 enim
664 3001 731 3041 ex
755 2986 874 3040 viro
897 2986 949 3039 in
979 2984 1152 3054 prima
1179 2983 1506 3047 conditione,
1542 2982 1595 3036 in
1625 2982 1861 3037 secunda

244 3088 453 3133 .autem
481 3077 505 3110 ⁸
535 3078 621 3132 vir
646 3092 711 3131 ex
769 3076 995 3132 muliere
1039 3074 1217 3131 factus
1263 3082 1342 3130 est
1375 3082 1697 3146 :propterea
1735 3087 1862 3128 con-

271 3167 532 3237 ditionem
553 3167 656 3222 viri
681 3166 814 3222 dicit
857 3166 880 3198 ⁸
916 3174 1069 3219 extra
1096 3166 1431 3236 paradisum,
1466 3162 1708 3218 mulieris
1734 3176 1861 3215 vero

271 3256 442 3322 intra,
472 3263 532 3310 ut
571 3270 666 3327 per
690 3256 793 3310 hoc
816 3254 1103 3326 intelligas,
1128 3255 1304 3309 virum
1334 3255 1501 3309 etiam
1524 3240 1675 3308 extra
1705 3267 1860 3323 para-

272 3346 474 3412 disum,
490 3347 593 3402 hoc
603 3354 708 3412 εει,
727 3356 879 3403 extra
904 3346 1270 3418 primordialis
1285 3345 1613 3402 conditionis
1629 3345 1864 3415 dignita-

272 3444 384 3490 tem
399 3436 673 3492 conditum
692 3436 968 3491 meliorem
998 3450 1118 3492 esse
1137 3436 1386 3501 muliere,
1411 3450 1549 3506 quae
1576 3434 1737 3490 veluti
1776 3433 1862 3488 in-

271 3535 359 3580 tra
374 3525 396 3556 ⁷
413 3525 746 3595 paradisum,
770 3525 874 3581 hoc
895 3534 980 3581 est
1001 3526 1331 3597 superadditi
1357 3541 1519 3581 sexus
1530 3524 1862 3595 simplicitati

272 3613 768 3685 divinae-imaginis
791 3615 1175 3670 adunationem
1208 3616 1424 3671 condita
1461 3624 1563 3670 est.
1600 3614 1785 3670 Potest
1809 3622 1864 3669 ει

271 3704 353 3760 sic
377 3695 501 3761 dici.
541 3706 808 3773 Quoniam
837 3708 888 3761 in
921 3722 1244 3778 unoquoque
1272 3709 1487 3762 homine
1509 3709 1615 3763 duo
1643 3706 1864 3777 quidam

271 3796 522 3851 homines
551 3796 949 3868 intelliguntur,
973 3798 1184 3852 dicente
1216 3797 1474 3867 Apostolo
1499 3815 1512 3851 :
1536 3793 1862 3851 Exteriorem

270 3887 535 3941 hominem
559 3890 846 3959 corrumpi,
886 3889 1185 3945 interiorem
1221 3907 1339 3946 vero
1378 3890 1639 3953 renovari,
1673 3889 1865 3944 merito

269 3977 524 4043 interior,
550 3978 642 4049 qui
670 3980 736 4034 ad
759 3979 1044 4050 imaginem
1079 3980 1171 4036 Dei
1200 3980 1373 4037 factus
1393 3989 1497 4047 εει,
1527 3982 1578 4035 in
1608 3980 1865 4051 paradiso

270 4068 558 4135 formatur,
613 4073 852 4128 exterior
893 4089 1024 4129 vero
1063 4082 1117 4130 et
1157 4074 1520 4145 corruptibilis
1546 4082 1701 4129 extra
1740 4074 1762 4107 ⁸
1812 4081 1867 4128 ει

270 4159 417 4217 infra
446 4162 755 4231 paradisum
803 4164 871 4220 de
900 4165 1027 4221 limo
1058 4174 1238 4222 terrae
1262 4166 1515 4239 fingitur;
1563 4167 1651 4236 qui
1700 4166 1864 4222 etiam

271 4255 644 4325 apprehensus
666 4256 720 4311 in
743 4257 993 4328 paradiso
1021 4258 1259 4329 ponitur,
1284 4261 1567 4329 quoniam,
1591 4259 1634 4315 si
1665 4260 1718 4314 in
1750 4261 1865 4330 ipso

270 4346 503 4402 salutent
541 4363 692 4404 suam
717 4351 739 4383 ⁸
791 4358 1135 4418 operaretur,
1184 4351 1533 4421 divinumque
1572 4351 1869 4407 custodiret

269 4447 643 4510 praeceptum,
672 4448 888 4509 poterat
926 4441 1088 4496 etiam
1121 4441 1187 4495 ad
1219 4441 1533 4513 dignitatem
1570 4442 1866 4512 superioris

272 4529 604 4586 conditionis
657 4529 726 4586 ad
773 4531 1062 4602 imaginem
1114 4531 1208 4586 Dei
1258 4532 1560 4603 pervenire.
1598 4531 1865 4600 Quoniam
1892 4568 1946 4626 Β

271 4638 407 4678 vero
445 4625 618 4680 noluit
656 4624 840 4681 divino
862 4623 1083 4680 obedire
1109 4624 1151 4655 ¹⁰
1178 4635 1485 4696 praecepto,
1533 4640 1638 4681 non
1675 4625 1863 4689 solum

271 4719 588 4775 Creatorem
614 4734 771 4775 suum
792 4760 807 4784 ,
836 4734 1024 4775 verum
1059 4719 1223 4775 etiam
1269 4720 1587 4790 dignitatem
1619 4719 1866 4790 imaginis

272 4809 396 4879 ejus
422 4808 464 4840 “
491 4810 745 4866 deseruit.
784 4811 863 4865 Ac
885 4824 981 4880 per
1001 4809 1105 4864 hoc
1132 4810 1183 4863 in
1214 4809 1488 4880 geminum
1513 4823 1701 4864 sexum
1733 4808 1865 4862 scis-

272 4914 371 4955 sus
405 4908 508 4966 εει,
560 4901 615 4955 in
659 4902 958 4956 masculum
998 4899 1250 4956 videlicet
1292 4908 1347 4956 et
1387 4899 1642 4954 feminam
1677 4916 1690 4953 :
1725 4914 1864 4969 quae

274 4990 526 5046 diseissio
553 5006 659 5048 non
690 5009 757 5047 ex
785 4993 1106 5056 natura,sed
1126 5006 1194 5046 ex
1221 4992 1355 5047 vitio
1374 5006 1595 5046 causam
1631 4991 1861 5061 accepit.

268 5078 508 5158 Vldeoqne
533 5082 780 5153 quamvis
809 5082 863 5136 in
885 5081 1134 5152 paradiso
1155 5080 1355 5136 femina
1371 5082 1435 5136 de
1451 5081 1566 5136 viro
1594 5078 1735 5136 facta
1760 5089 1862 5144 est,

276 5184 388 5224 non
409 5179 528 5226 erat
554 5170 679 5228 inde
700 5173 820 5228 viro
851 5172 1062 5239 melior,
1096 5171 1352 5242 quoniam
1383 5172 1426 5208 ι’
1456 5185 1563 5227 non
1589 5184 1655 5226 ex
1682 5169 1864 5225 divina

1956 1974 2023 2029 Et
2072 1974 2207 2028 haec
2249 1972 2466 2043 quidem
2519 1962 2827 2025 secundum
2870 1965 3153 2021 historiam
3205 1960 3346 2015 facta
3401 1963 3548 2012 sunt.

1955 2062 2114 2118 Juxta
2144 2071 2321 2116 tamen
2349 2059 2657 2131 allegoriam
2687 2058 2820 2113 duas
2848 2055 2993 2125 leges
3027 2052 3356 2124 signiﬁcant.
3383 2061 3553 2102 unam

1957 2155 2173 2226 quidem
2228 2151 2440 2207 Veteris
2494 2140 2866 2211 Testamenti,
2929 2144 3064 2201 Novi
3116 2158 3246 2198 vero
3297 2140 3548 2194 alteram.

1960 2246 2139 2311 l’etra,
2181 2245 2246 2299 de
2274 2258 2378 2313 qua
2420 2256 2592 2311 aquae
2634 2239 2927 2303 ﬂuxerunt,
2978 2236 3031 2291 in
3067 2248 3249 2289 eremo
3296 2228 3552 2301 populum

1960 2338 2306 2407 sequebatur,
2338 2349 2460 2389 cum
2491 2333 2634 2387 dicat
2660 2327 2947 2399 Apostolus
2977 2344 2990 2380 :
3020 2322 3173 2378 Petra
3221 2330 3395 2374 autem
3438 2324 3552 2371 erat

1962 2428 2218 2484 Christus.
2277 2426 2344 2481 Et
2371 2426 2499 2496 quid
2525 2425 2699 2479 dicam
2727 2424 2794 2477 de
2829 2421 2958 2492 ipsis
2986 2410 3174 2490 primis
3214 2414 3421 2470 duobus
3448 2412 3557 2467 ho-‘

1962 2521 2215 2586 minibus,
2256 2518 2495 2589 masculo
2536 2516 2784 2571 videlicet
2824 2522 2879 2569 ει
2919 2511 3140 2575 femina,
3180 2508 3233 2563 in
3278 2502 3553 2577 paradiso,

1963 2614 2030 2668 de
2064 2628 2171 2684 quo
2201 2627 2379 2667 sermo
2398 2617 2499 2674 est,
2524 2607 2831 2664 constitutis
2854 2606 2897 2637 "
2920 2606 2945 2659 ?
2968 2603 3178 2666 Nonne,
3205 2609 3265 2653 ut
3296 2598 3437 2653 idem
3478 2604 3557 2650 ιε-

1964 2712 2139 2759 statur
2165 2700 2473 2772 Apostolus,
2508 2697 2733 2771 figuram
2770 2695 2972 2753 Christi
2999 2702 3055 2748 et
3081 2690 3352 2747 Ecclesiae
3379 2696 3557 2755 gesta-

1964 2794 2136 2852 bant?
2200 2793 2340 2861 Quid
2392 2807 2521 2862 ergo
2567 2776 2788 2853 mirum,
2840 2788 2883 2843 si
2931 2783 3228 2855 corporalis
3270 2777 3557 2849 paradisus

1966 2894 2259 2950 crearetur,
2300 2899 2397 2956 per
2435 2898 2594 2954 quem
2640 2879 2932 2952 spiritualis
2974 2875 3255 2948 paradisus
3286 2869 3558 2943 signiﬁca-

1970 2979 2159 3036 retur?
2195 2976 2452 3033 Novimus
2475 2982 2676 3037 autem,
2704 2986 2969 3027 summum
2998 2974 3217 3023 sanctae
3242 2962 3557 3033 Scripturae

1967 3071 2350 3142 expositorem,
2377 3067 2649 3138 Originem
2692 3064 2831 3126 dico,
2876 3061 3351 3121 edisserere,.non
3402 3050 3555 3115 alibi,

1969 3139 2141 3232 neque
2165 3159 2392 3214 alterum
2432 3156 2740 3227 paradisum
2783 3167 2923 3216 esse,
2975 3156 3189 3219 praeter
3229 3146 3424 3214 ipsum,
3463 3139 3556 3210 qui

1967 3254 2019 3327 in
2052 3252 2207 3307 tertio
2230 3249 2402 3315 caelo,
2432 3258 2492 3303 ut
2512 3249 2626 3318 ipse
2657 3246 2789 3309 vult,
2827 3243 3150 3299 constitutus
3180 3245 3282 3301 εει,
3316 3243 3370 3290 ει
3413 3234 3456 3267 ³³
3502 3232 3557 3287 in

1964 3324 2123 3417 quem
2153 3341 2427 3414 apostolus
2462 3338 2662 3395 Paulus
2705 3345 2891 3407 raptus
2931 3340 3032 3387 est.
3079 3330 3145 3385 Et
3194 3329 3238 3384 si
3289 3326 3343 3381 in
3401 3324 3559 3379 tertio

1966 3414 2116 3494 caelo
2141 3443 2243 3501 εει,
2278 3430 2523 3506 profecto
2547 3427 2842 3500 spiritualis
2865 3432 2970 3479 est.
3012 3420 3253 3476 Tertium
3293 3414 3559 3485 siquidem

1966 3528 2195 3593 caelum,
2224 3504 2444 3597 iniquod
2485 3529 2671 3590 raptus
2716 3525 2798 3572 est
2842 3512 3062 3586 Paulus,
3111 3504 3391 3578 spirituale
3438 3514 3560 3597 esse

1966 3619 2163 3676 summi
2182 3589 2470 3684 utriusque
2499 3589 2713 3682 linguae
2748 3614 2999 3661 auctores
3030 3616 3134 3655 non
3165 3597 3433 3657 dubitant,
3460 3589 3555 3647 sed

1967 3708 2295 3765 unanimiter
2347 3702 2651 3761 aliirtnant.
2712 3696 2839 3753 illud
2883 3688 3238 3749 intellectuale
3282 3691 3558 3741 vocantes.

1967 3800 2286 3867 Quanquam
2325 3792 2654 3863 Epiphanius
2686 3784 3036 3845 Constantiae
3069 3779 3232 3853 Cypri
3277 3777 3562 3867 episcopus

1968 3865 2021 3943 in
2052 3865 2159 3943 hoc
2191 3885 2478 3955 Origenem
2506 3878 2889 3950 reprehendat,
2923 3883 2977 3930 et
3001 3865 3558 3948 omnino'paradisnm

1966 3984 2022 4038 in
2056 3990 2198 4037 terra
2227 3992 2346 4032 esse
2377 3977 2420 4010 ¹⁹
2452 3980 2659 4029 astruat
2689 3989 2702 4024 :
2733 3968 2993 4042 quendam
3030 3962 3237 4036 quidem
3267 3955 3560 4012 sensibilem

1967 4072 2137 4127 locum
2162 4072 2218 4124 in
2242 4064 2577 4123 orientalibus
2604 4061 2785 4116 mundi
2803 4057 3036 4130 partibus
3067 4069 3186 4109 eum
3234 4045 3561 4105 sensibilibus

1968 4163 2124 4234 lignis
2153 4158 2577 4232 ﬂuminibusque,
2627 4153 2932 4222 ceterisque,
2961 4162 3095 4219 quae
3120 4138 3460 4211 corporaliter
3491 4135 3558 4234 ab

1967 4224 2069 4321 liis,
2101 4224 2189 4324 qui
2236 4224 2497 4320 corporeis
2544 4243 2780 4299 sensibus
2827 4239 3133 4299 adimerent,
3157 4228 3461 4299 simpliciter
3495 4224 3560 4324 de

1967 4313 2217 4417 paradiso
2262 4313 2564 4393 creduntur.
2616 4332 2765 4388 ldem
2798 4340 3029 4396 namque
3056 4318 3387 4392 Epiphanius
3420 4313 3562 4369 tuni-

1971 4412 2063 4490 cas
2096 4429 2358 4503 pellicias,
2389 4440 2524 4497 quas
2552 4424 2695 4478 Deus
2721 4419 2910 4492 primis
2939 4412 3244 4471 hominibus
3265 4414 3384 4479 post
3406 4419 3562 4476 prae-

1972 4494 2358 4579 varicationem
2408 4494 2748 4577 consuerat,
2805 4505 3153 4565 historialiter
3208 4501 3273 4556 de
3333 4494 3564 4569 pellibus

1971 4615 2151 4668 ovium
2174 4612 2245 4678 ²⁰,
2274 4625 2425 4680 quae,
2459 4614 2519 4661 ut
2542 4606 2618 4660 ait
2646 4602 2752 4667 ille,
2783 4601 2837 4654 in
2865 4597 3113 4669 paradiso
3135 4592 3362 4661 fuerunt,
3394 4586 3562 4655 factas

1972 4723 2082 4761 esse
2105 4721 2208 4759 non
2230 4674 2460 4764 dubitat,
2505 4706 2561 4752 et
2599 4694 2885 4764 Origenem
2936 4680 3300 4756 reprehendit,
3338 4677 3428 4747 qui
3463 4674 3563 4730 sub

1975 4797 2185 4852 illarum
2212 4793 2426 4864 pellium
2456 4790 2624 4861 ﬁgura
2658 4782 2902 4838 mortalia
2931 4792 3180 4847 corpora,
3209 4786 3348 4843 quae
3376 4768 3564 4841 primis

1970 4862 2279 4945 hominibus
2322 4881 2515 4938 merito
2543 4875 2745 4949 peccati
2771 4869 3111 4943 superaddita
3142 4878 3289 4930 sum,
3315 4862 3563 4949 pulcher-

1971 4981 2110 5036 rime
2163 4985 2326 5046 atque
2379 4947 2664 5028 verissime
2727 4957 3255 5037 signiﬁcata-fuisse
3318 4947 3558 5018 exponit.

1971 5073 2162 5140 Quem,
2199 5068 2487 5139 Origenem
2510 5062 2650 5127 dico,
2680 5060 2732 5114 in
2765 5056 2972 5113 tlieoria
2996 5051 3295 5108 tunicarum
3327 5040 3562 5113 pellicia-

1974 5138 2093 5220 rum
2121 5138 2315 5217 omnes
2333 5157 2444 5213 fere
2477 5162 2726 5210 auctores
2767 5148 3096 5206 Graecorum
3140 5138 3562 5200 Latinorumque

1564 5323 1824 5381 VARIAE
1862 5314 2238 5379 LECTIONES

354 5517 368 5546 '
400 5512 506 5569 Sic
550 5511 667 5578 CF;
726 5511 773 5567 Α
825 5520 872 5566 ει
928 5508 1279 5566 subtilissimi.

274 5585 298 5619 '
338 5585 447 5640 Pro
474 5584 531 5639 in
558 5583 786 5639 secunda
812 5591 987 5636 autem
1015 5579 1098 5636 CF
1125 5595 1230 5634 non
1257 5584 1460 5633 autem.

275 5659 364 5712 tit.
436 5654 459 5685 ’
498 5654 545 5709 A
567 5670 682 5710 suo.
762 5653 804 5687 ⁸⁸
842 5651 935 5708 Sic
961 5651 1077 5719 CF;
1104 5649 1151 5705 A
1178 5648 1386 5704 obedire
1411 5645 1609 5702 diuino.

274 5741 412 5782 suae
435 5726 667 5794 futurae.
742 5724 788 5757 “
820 5739 949 5779 suae
978 5716 1088 5794 om.
1120 5721 1187 5777 A.
1214 5719 1325 5794 ’-ιζ
1338 5716 1661 5794 _est_o_m._A.

1380 5507 1401 5539 ²
1429 5513 1654 5578 propter;
1665 5458 1820 5578 _om_,_
1838 5498 1913 5578 Α.Δ
1940 5530 1943 5531 ν

1562 5573 1585 5607 ⁸
1622 5572 1713 5629 Sic
1737 5571 1853 5635 CF;
1887 5570 1931 5625 A
1955 5569 2156 5623 dicunt.

1712 5643 1756 5680 ιι
1805 5640 1919 5768 θέας
1950 5655 2059 5694 om.
2094 5639 2159 5691 A.
2239 5639 2281 5668 ¹²
2321 5639 2366 5688 Α
2409 5639 2554 5714 quia.
2633 5639 2678 5662 "
2714 5639 2807 5682 διε
2847 5639 2963 5708 ur;
3014 5639 3055 5677 ει
3102 5645 3104 5689 ς

1738 5712 1784 5745 ¹⁶
1841 5712 1916 5766 ’ἰε
1943 5708 2056 5775 CF;
2088 5708 2131 5762 A
2158 5707 2289 5761 duos
2314 5704 2610 5775 paradisos,
2652 5707 2707 5775 ut
2728 5697 3104 5768 praediximus.

2042 5496 2065 5529 ³
2096 5495 2186 5551 Sic
2229 5492 2346 5558 CF;
2407 5494 2451 5547 Α
2507 5485 2867 5567 formationis.
2956 5482 2978 5513 ⁸
3029 5479 3122 5536 Sic
3172 5477 3251 5541 A;
3282 5473 3365 5530 CF
3392 5471 3556 5552 infra.

2046 5577 2136 5606 mu
2253 5566 2274 5599 τ
2320 5566 2353 5606 Α
2385 5565 2537 5606 inter-
2647 5560 2670 5592 ⁸
2737 5556 2828 5606 Sic
2859 5552 2978 5606 CF:
3015 5566 3113 5606 oro
3172 5558 3322 5603 extra
3349 5545 3395 5598 Α
3428 5553 3556 5597 exti-

2239 5566 2281 5668 i:
2313 5553 2355 5619 Ᾰ
2385 5553 2538 5644 inter.
2647 5560 2670 5592 ⁸
2737 5556 2828 5639 Sic
2859 5553 2978 5620 CF;
3015 5566 3113 5621 pro
3172 5553 3395 5627 extra}
3428 5553 3564 5624 exti-

2321 5635 2366 5688 A
2409 5649 2554 5705 quia.
2633 5628 2678 5662 ³³
2714 5627 2807 5682 Sic
3014 5624 3055 5677 Δ
3102 5624 3562 5705 praeuagcatt‘agts

3214 5688 3258 5722 ³⁷
3298 5686 3389 5745 Sic
3436 5681 3558 5750 CF;

773 5770 1187 5852 :-'2I}ni{."it.'"
1210 5789 1254 5827 "
1287 5770 1531 5859 SicCF;
1559 5786 1603 5844 Α
1630 5801 1740 5845 esse
1768 5785 1823 5841 in
1850 5791 2012 5842 terra.
2043 5770 2053 5775 ⁷
2088 5779 2133 5813 ¹⁰
2172 5778 2265 5837 Sic
2302 5770 2386 5834 CF
2408 5791 2422 5846 ;
2457 5774 2501 5830 A
2529 5770 2780 5829 omnium.
