4028 6282
1083 368 1173 425 DE
1210 364 1547 425 DIVISIONE
1585 361 1936 421 NA'I‘URAE.
1976 391 2046 402 -—
2084 360 2287 417 LIBER
2322 362 2673 431 QUARTUS.

3421 363 3526 420 δῇ

258 506 373 544 rum
393 484 716 558 philargyria
747 483 785 536 ⁸.
806 481 936 548 Quis
955 480 1178 552 forsitan
1197 458 1523 552 infoetidam
1548 482 1568 513 ²
1591 481 1835 553 paludem
1866 484 1912 544 Α
1941 478 2137 544 disum,
2167 487 2223 533 et
2250 478 2431 548 qualia
2476 477 2644 550 ligna,
2687 486 2741 535 et
2771 450 2957 549 quales
2999 478 3208 534 fructus
3253 478 3529 550 praelatus

257 575 686 646 intemperantiae
709 573 1031 643 perderetur,
1072 572 1172 625 nisi
1211 571 1602 626 delectationem
1647 570 1838 623 bonum

259 679 414 739 atque
434 666 456 698 ³
485 665 735 720 eximium
781 662 1044 735 quoddam
1072 663 1367 716 aestimaret
1411 678 1526 715 eam
1551 661 1596 728 ⁸,
1627 661 1715 731 qui
1744 659 1839 714 tali

257 754 500 810 illecebra
529 755 599 809 ad
625 753 916 824 passionem
941 752 1226 806 attrahitur
1250 752 1314 806 '?
1336 750 1592 806 Similiter
1615 752 1802 805 habent
1819 750 1841 782 ⁸

258 859 308 903 et
336 858 506 901 cetera
550 855 763 917 peccata
802 844 1026 909 occulta,
1051 844 1408 914 differentiam
1432 844 1676 899 habentia
1719 859 1842 915 pro-

256 941 430 1010 priam
455 937 850 992 delectationem
890 952 909 992 :
946 953 1012 991 ea:
1034 935 1267 1007 quadam
1296 935 1599 990 seductione
1643 936 1837 989 eximia

246 1028 500 1085 'ridentur
552 1029 725 1080 minus
768 1026 1219 1081 considerantibus
1275 1026 1297 1058 ⁷
1325 1043 1419 1097 pro
1462 1027 1596 1081 bono
1648 1026 1845 1082 sollici-

258 1118 445 1171 tanda.
480 1115 741 1183 Quoniam
766 1116 929 1187 igitur
955 1116 1106 1171 multi
1130 1116 1285 1182 illud,
1315 1118 1370 1171 in
1397 1133 1500 1189 quo
1538 1133 1721 1172 sensus
1755 1118 1845 1172 de-

258 1210 538 1271 lectantur,
571 1210 760 1263 bonum
782 1208 1048 1279 judicant,
1077 1218 1123 1263 et
1153 1211 1287 1279 quia
1306 1210 1329 1240 “
1361 1220 1434 1263 est
1462 1210 1843 1279 cogaominatio

259 1303 549 1366 existentis,
575 1303 673 1356 hoc
686 1312 784 1366 est,
800 1303 904 1357 veri
919 1303 1039 1357 boni
1051 1312 1098 1357 et
1121 1303 1284 1373 ipsius
1300 1302 1421 1356 boni
1435 1303 1478 1366 °,
1493 1301 1631 1373 quod
1647 1300 1848 1355 videtur

260 1406 387 1451 esse,
405 1389 530 1443 dum
549 1406 650 1444 non
662 1390 727 1443 sit
749 1390 938 1444 bonum
958 1404 977 1442 :
994 1391 1152 1460 hujus
1168 1390 1239 1444 rei
1254 1390 1426 1460 gratia
1443 1392 1553 1461 ipsa
1567 1392 1636 1443 ad
1649 1389 1846 1444 malum

259 1477 417 1532 veluti
449 1478 518 1532 ad
562 1477 753 1532 bonum
802 1479 944 1549 facta
987 1481 1435 1550 concupiscentia,
1474 1481 1596 1534 boni
1642 1490 1689 1534 et
1718 1478 1850 1533 mali

260 1571 481 1626 scientia
522 1588 556 1625 a
595 1568 869 1641 Scriptura
905 1572 1174 1627 nominata
1211 1584 1287 1628 est
1313 1614 1328 1639 ,
1363 1573 1486 1627 dum
1517 1574 1846 1643 affectionem
1894 1568 1903 1573 ’

257 1663 527 1733 quandam
556 1673 604 1717 et
626 1663 1002 1718 concretionem
1029 1666 1149 1719 boni
1171 1676 1219 1720 et
1242 1666 1368 1720 mali
1388 1668 1430 1698 '°
1455 1667 1846 1737 interpretatur,

262 1755 361 1807 hoc
383 1764 481 1819 est,
510 1753 773 1824 signiﬁcat
795 1754 1036 1827 scientia.
1063 1754 1246 1828 Neque
1277 1757 1512 1812 absolute
1534 1757 1754 1824 malum,
1786 1774 1847 1812 eo

1940 570 2141 624 astruit
2186 568 2510 638 Theologus.
2583 570 2728 624 Dtsc.
2786 568 3209 631 Animadverto,
3279 567 3532 638 clareque

1940 660 2245 733 perspicio:
2288 659 2625 732 spiritualem
2657 658 2900 731 profecto
2941 668 2995 715 et
3041 659 3324 715 illocalcm.
3358 660 3532 717 Velim

1942 764 2121 809 tamen
2150 763 2339 824 aperte
2367 769 2431 809 ac
2454 753 2695 808 breviter
2737 767 2823 817 ea,
2854 767 2989 822 quae
3021 752 3087 806 ab
3116 753 3229 823 ipso
3252 752 3539 806 obscurius

1941 846 2209 915 explicata
2236 853 2381 909 sunt,
2407 860 2434 897 a
2470 853 2520 899 te
2549 844 2769 914 aperiri.
2796 842 2934 899 MAG.
2966 842 3220 913 Quisquis
3246 842 3534 911 diligenter

1942 934 2169 1005 praefati
2213 933 2473 1004 Theologi
2525 933 2687 989 verba
2735 931 3093 1003 perspexerit,
3132 931 3205 985 nil
3257 929 3424 996 aliud,
3478 937 3539 983 ut

1942 1028 2153 1098 Opinor,
2195 1028 2249 1082 in
2274 1028 2353 1082 eis
2375 1027 2610 1097 reperiet
2656 1024 2892 1091 suaderi,
2922 1041 3082 1095 quam
3128 1024 3415 1078 humanam
3441 1037 3541 1076 na—

1945 1126 2122 1172 turam
2155 1117 2222 1171 ad
2272 1117 2562 1188 imaginem
2593 1115 2687 1171 Dei
2729 1116 2926 1170 laetam
2971 1111 3206 1183 paradisi
3254 1111 3540 1176 vocabulo,

1947 1207 2210 1279 figuratae
2257 1208 2544 1263 locutionis
2584 1206 2768 1271 modo,
2798 1221 2827 1259 a
2852 1205 3032 1259 divina
3065 1203 3346 1273 Scriptura
3369 1201 3542 1273 signi-

1946 1300 2121 1355 ficari.
2165 1299 2296 1355 Vera
2341 1299 2484 1354 enim
2533 1298 2796 1369 plantalio
2840 1296 2934 1350 Dei
2962 1305 3045 1350 est
3084 1295 3132 1326 "
3176 1303 3371 1348 natura
3400 1292 3544 1362 ipsa,

1947 1405 2109 1460 quam
2143 1390 2208 1445 ad
2240 1390 2529 1459 imaginem
2559 1397 2612 1444 et
2658 1386 3069 1442 similitudinem
3101 1399 3276 1447 suam,
3309 1385 3412 1439 hoc
3435 1391 3540 1445 est,

1948 1480 2019 1537 ad
2052 1481 2343 1552 imaginem
2365 1480 2585 1535 omnino
2616 1479 2719 1535 sibi
2749 1478 3002 1560 similem,
3028 1486 3245 1548 praeter
3274 1476 3543 1531 rationem

1950 1572 2205 1644 subjecti,
2235 1582 2292 1628 ut
2316 1574 2652 1645 praedictum
2679 1582 2781 1636 est,
2807 1572 3009 1626 creavit
3038 1570 3092 1625 in
3119 1569 3290 1633 Eden,
3311 1569 3412 1623 hoc
3437 1577 3542 1634 est,

1950 1667 2006 1722 in
2032 1666 2237 1723 deliciis
2269 1675 2522 1723 aeternae
2550 1665 2848 1730 felicitatis,
2881 1672 2936 1719 et
2973 1663 3306 1719 beatitudine
3332 1662 3545 1716 divinae

1950 1755 2338 1821 similitudinis,
2374 1756 2548 1826 major
2572 1765 2629 1810 et
2661 1754 2852 1809 melior
2885 1752 3032 1808 omni
3074 1751 3316 1807 sensibili
3344 1752 3545 1806 iuundo

260 1848 402 1917 quod
427 1845 658 1899 ambitur
687 1845 841 1912 bono,
870 1863 1031 1918 neque
1059 1864 1186 1918 pure
1220 1849 1434 1912 bonum,
1466 1865 1525 1903 eo
1555 1848 1693 1919 quod
1721 1854 1847 1903 sub-
1876 1854 1925 1914 Β
1952 1860 2061 1903 non
2089 1846 2251 1912 mole,
2279 1847 2375 1902 sed
2409 1846 2670 1917 dignitate
2703 1853 2952 1899 naturae.
2985 1843 3149 1912 Cujus
3180 1854 3326 1897 terra
3358 1841 3548 1897 fertilis

263 1938 560 1992 occultatur
582 1938 778 1994 malum
803 1953 821 1992 :
847 1945 938 1995 sed
963 1944 1299 1996 commixtum
1328 1960 1392 1998 ea:
1423 1945 1653 2014 utrisque
1678 1944 1845 1998 inter-

1949 1947 2064 1992 erat
2084 1953 2280 2008 corpus
2299 1937 2584 1993 essentiale
2601 1937 2671 2003 ’°,
2687 1936 2988 1991 immortale
3008 1951 3104 2007 per
3116 1934 3544 2006 possibilitatem.

262 2029 391 2082 dicti
413 2028 542 2099 ligni
554 2029 785 2098 fructum
815 2045 925 2084 esse
950 2029 1228 2100 Scriptura
1251 2032 1437 2103 inquit,
1461 2032 1612 2103 cujus
1637 2041 1847 2103 gustum
1946 2026 2206 2084 Naturale
2229 2029 2426 2099 quippe
2454 2042 2651 2097 corpus
2696 2026 2831 2081 mori
2856 2026 3075 2090 dicitur,
3123 2026 3247 2096 quia
3284 2023 3545 2094 superad-

264 2123 398 2176 dixit
438 2122 493 2174 in
534 2130 751 2176 mortem
800 2131 1067 2191 tangentes
1103 2122 1333 2189 ducere,
1376 2121 1704 2177 solummodo
1745 2138 1850 2176 non

265 2220 441 2282 aperte
469 2211 760 2265 doctrinam
804 2210 1076 2278 clamans,
1122 2215 1248 2284 quia
1285 2214 1509 2277 bonum,
1558 2214 1698 2285 quod
1737 2230 1852 2269 uere

262 2312 314 2357 et
363 2301 609 2371 simplum
681 2310 730 2356 et
805 2303 1068 2372 uniforme
1135 2312 1325 2359 natura
1390 2316 1465 2360 est
1492 2309 1560 2370 υ,
1613 2305 1854 2377 omnique

264 2392 572 2464 duplicitate
598 2401 648 2447 et
675 2392 744 2447 ad
765 2397 1089 2449 contrarium
1114 2397 1443 2467 copulatione
1465 2397 1715 2451 alienum.
1742 2396 1855 2450 Ma-

265 2483 377 2536 lunt
423 2498 541 2537 vero
582 2483 787 2537 varium
828 2494 877 2538 et
934 2486 1319 2556 conﬁguratum
1365 2498 1461 2554 est,
1494 2476 1673 2541 alicui
1723 2487 1855 2541 bono

264 2573 625 2638 connnixtum,
644 2582 692 2627 et
714 2571 957 2640 alterum,
971 2592 1061 2640 per
1077 2576 1498 2645 experimentum.
1515 2577 1557 2609 “
1576 2575 1696 2631 Non
1720 2577 1857 2639 enim

265 2665 344 2717 ita
370 2662 648 2729 invenitur,
686 2662 817 2718 sicut
858 2665 1199 2731 aestimatur;
1228 2681 1338 2721 esse
1367 2678 1653 2737 assumptio
1677 2667 1857 2721 mortis

267 2765 319 2810 et
360 2755 709 2824 corruptionis
751 2757 1065 2826 principium
1116 2772 1379 2828 causaque
1426 2759 1664 2829 efficitur.
1720 2755 1857 2811 Pro-

268 2854 447 2917 pterea
475 2862 683 2918 serpens
727 2856 1111 2918 praemonstrat
1156 2849 1441 2920 malignum
1487 2852 1722 2920 peccanti
1745 2848 1863 2920 fru-

269 2948 438 3004 ctum,
465 2939 540 2993 sic
560 2953 626 2992 ea:
647 2938 922 3009 propatulo
947 2937 1144 2993 malum
1166 2957 1266 2994 non
1284 2942 1473 2995 [rabere
1498 2942 1770 2995 ostendens
1794 2941 1859 2995 ".

274 3028 403 3083 Non
450 3030 589 3083 enim
627 3029 852 3100 forsitan
897 3030 1232 3086 seduceretur
1275 3034 1429 3087 homo
1476 3043 1651 3104 aperto
1698 3033 1859 3099 malo,

271 3119 365 3173 sed
392 3135 484 3188 per
525 3119 788 3191 quandam
818 3120 1198 3191 speciositatem
1240 3134 1475 3192 apertunt
1512 3122 1792 3178 declaravit
1820 3122 1866 3155 “

1953 2117 2066 2174 dito
2088 2117 2353 2173 commori
2392 2115 2624 2183 videtur,
2652 2118 2777 2170 dum
2821 2116 2890 2170 sit
2922 2130 3136 2186 semper
3159 2113 3461 2169 innnortale
3493 2114 3547 2169 in

1951 2223 2046 2274 se;
2088 2207 2286 2278 quippe
2327 2208 2579 2272 refertur,
2611 2206 2754 2277 quod
2795 2203 2894 2261 sibi
2926 2204 3354 2275 superadjectmn
3409 2205 3548 2275 pati-

1953 2307 2061 2365 tur,
2088 2300 2190 2353 hoc
2233 2306 2336 2364 est,
2366 2312 2525 2367 posse
2573 2297 2731 2362 mori,
2760 2311 2918 2366 posse
2943 2311 3048 2350 non
3082 2297 3217 2350 mori
3247 2295 3314 2349 ".
3340 2296 3551 2365 Corpus

1955 2404 2190 2460 namque
2218 2390 2377 2460 primi
2410 2389 2662 2454 hominis,
2708 2397 2768 2442 ut
2811 2387 2887 2442 ait
2922 2387 3254 2460 Augustinus
3277 2387 3347 2453 ’⁸,
3379 2387 3554 2458 potuit

1956 2498 2066 2537 non
2094 2483 2267 2548 mori,
2292 2498 2392 2537 nec
2414 2491 2739 2545 moreretur,
2771 2481 2815 2535 si
2845 2496 3049 2536 veneno
3076 2478 3554 2552 praevaricationis

1960 2588 2068 2627 non
2083 2580 2542 2642 corrumperetur,
2566 2571 2659 2626 sed
2690 2569 2910 2626 ﬂoribus
2932 2570 3225 2641 Spiritualis
3253 2569 3552 2639 pulchritu-

1962 2662 2104 2718 diuis
2129 2663 2446 2727 viresceret,
2480 2676 2655 2731 neque
2682 2675 2920 2731 unquam
2956 2659 3341 2731 temporalibus
3370 2661 3549 2714 incre-

1965 2758 2165 2812 mentis
2216 2764 2545 2811 senesceret.
2600 2751 2765 2823 Cujus
2837 2769 2977 2824 aqua
3030 2752 3324 2808 formarum
3382 2765 3553 2820 capax

1964 2862 2155 2904 sensus
2201 2845 2627 2916 incorruptibilis
2663 2845 2927 2915 corporis,
2981 2843 3318 2900 sensibilium
3369 2857 3554 2896 rerum

1965 2941 2084 2996 sine
2130 2939 2235 2993 ulla
2279 2937 2533 2993 falsitatis
2573 2936 2888 3006 deceptione
2914 2934 3212 3005 phantasiis
3247 2931 3551 2988 formatus:

1968 3035 2122 3103 cujus
2147 3034 2244 3090 aér
2274 3033 2487 3088 divinae
2521 3032 2825 3103 sapientiae
2867 3029 3033 3085 radiis
3064 3027 3397 3083 illuminatus
3421 3025 3556 3083 ratio

1969 3136 2106 3192 erat,
2131 3142 2235 3198 qua
2267 3141 2449 3181 rerum
2469 3126 2710 3180 omnium
2744 3134 2969 3179 naturas
2990 3127 3375 3193 cognosceret:
3405 3117 3559 3187 cujus

273 3210 496 3276 malum,
522 3210 888 3281 quondamque
912 3210 1308 3265 delectationent
1330 3212 1613 3266 secundum
1653 3231 1862 3268 sensum
1891 3210 1934 3271 C
1966 3220 2175 3283 aether,
2222 3218 2455 3283 animus,
2500 3218 2645 3272 circa
2674 3215 2909 3270 divinam
2962 3222 3209 3267 naturam
3253 3221 3477 3265 aeterno
3504 3218 3563 3265 et

273 3301 549 3367 seducens,
568 3301 741 3371 gustui
771 3301 995 3355 suadens
1016 3300 1224 3355 mulieri
1246 3301 1595 3373 manifestavit
1620 3303 1685 3357 ¹⁵.
1715 3303 1864 3359 Sicut

275 3394 352 3447 ait
383 3390 657 3463 Scriptura
680 3404 699 3442 :
728 3388 797 3445 Et
823 3391 952 3445 uidit
982 3391 1199 3461 femina,
1231 3392 1353 3462 quia
1380 3393 1423 3423 ¹⁶
1446 3394 1636 3448 bonum
1663 3393 1864 3465 lignum

272 3486 334 3538 in
356 3499 545 3549 escam,
572 3492 619 3537 et
646 3484 769 3554 quia
796 3481 1053 3552 placabile
1073 3483 1115 3515 ¹⁷
1162 3485 1351 3548 videre,
1375 3494 1424 3539 et
1452 3487 1742 3555 speciosum
1778 3503 1867 3541 co-

278 3589 543 3645 gnoscere,
585 3583 633 3627 et
680 3571 937 3643 accipiens
988 3573 1219 3642 fructum
1268 3573 1381 3643 ejus
1431 3575 1673 3629 comedit.
1729 3573 1867 3629 Esca

276 3666 378 3722 illa
402 3668 447 3700 ³³
490 3676 657 3720 mater
696 3667 877 3720 mortis
912 3666 1206 3720 hominibus
1239 3666 1381 3736 facta
1420 3676 1516 3721 est.
1559 3667 1686 3738 Ipsa
1709 3668 1871 3738 igitur

282 3756 545 3810 mixturae
586 3765 660 3808 est
703 3753 976 3825 fructifera
1006 3754 1073 3819 ι’,
1093 3768 1267 3823 aperte
1293 3750 1617 3810 intellectum
1669 3758 1871 3811 ratione

283 3848 676 3916 interpretante,
713 3862 805 3917 per
845 3861 997 3916 quem
1027 3846 1148 3900 boni
1184 3856 1231 3900 et
1256 3847 1381 3901 ntali
1408 3847 1631 3918 cognitio
1670 3847 1870 3918 lignum

280 3921 419 3992 illud
464 3937 789 3991 nominatum
838 3945 934 4001 est,
955 3937 1080 4007 quia
1093 3937 1255 4005 juxta
1293 3939 1679 4008 mortiferorum
1721 3938 1874 3993 mali-

286 4028 440 4088 tiam,
461 4042 593 4096 quae
614 4027 668 4080 in
698 4024 848 4081 melle
874 4026 1032 4095 ﬁunt,
1082 4028 1139 4082 in
1164 4039 1416 4100 quantum
1436 4029 1645 4100 quidem
1688 4029 1874 4084 dulco-

287 4124 371 4169 rat
394 4115 449 4170 in
479 4130 687 4169 sensum
713 4114 787 4182 ’°,
814 4116 1002 4170 bonum
1024 4132 1134 4170 esse
1161 4116 1380 4182 videtur,
1414 4120 1467 4171 in
1487 4116 1737 4189 quantum
1759 4136 1875 4173 vero

288 4213 580 4275 tangentem
602 4206 909 4275 corrumpit,
958 4207 1127 4259 omnis
1161 4205 1287 4259 mali
1325 4208 1872 4277 pessimumefﬁcitur.

289 4294 425 4351 Cum
469 4295 646 4368 itaque
687 4307 956 4367 aperatum
994 4307 1068 4352 est
1100 4298 1153 4351 in
1201 4298 1242 4328 ²¹
1271 4298 1498 4353 hominis
1533 4301 1636 4352 vita
1678 4299 1875 4352 malum

289 4386 643 4457 mortiferum,
672 4395 795 4441 tunc
825 4389 999 4453 homo,
1028 4404 1219 4458 magna
1252 4404 1329 4443 res
1362 4400 1409 4443 et
1441 4405 1650 4455 nomen,
1672 4389 1880 4444 divinae

291 4485 514 4531 naturae
539 4477 729 4547 imago,
761 4478 1003 4542 vanitati,
1031 4477 1162 4530 sicut
1188 4478 1260 4531 ait
1292 4474 1581 4548 Propheta,
1610 4478 1877 4533 assimila-

1968 3310 2242 3366 iuerrabili
2273 3319 2421 3365 motu
2452 3308 2770 3364 immutabili
2800 3317 2856 3362 et
2884 3304 3127 3360 mutabili
3153 3312 3294 3360 statu
3327 3302 3563 3358 circum-

1967 3402 2305 3466 volveretur,
2335 3407 2389 3456 et
2432 3408 2634 3465 cetera,
2670 3413 2810 3469 quae
2839 3398 2904 3451 de
2940 3395 3120 3451 divina
3164 3392 3398 3463 imagine
3434 3398 3564 3446 sunt

1968 3491 2350 3561 praedicanda,
2382 3490 2492 3546 imo
2522 3490 2709 3554 etiam,
2761 3486 3015 3559 quoniam
3048 3484 3274 3552 intelligi
3304 3499 3409 3538 non
3437 3496 3568 3553 pos-

1968 3589 2112 3644 sunt,
2142 3580 2356 3636 silentio
2409 3589 2537 3635 sunt
2564 3577 2992 3634 bonorilicauda.
3031 3574 3088 3629 In
3119 3575 3218 3629 hoc
3250 3574 3430 3644 itaque
3470 3587 3568 3642 pa-

1973 3672 2151 3727 radiso
2180 3671 2380 3726 fontem
2423 3671 2566 3726 vitae
2618 3684 2840 3725 manare
2887 3665 3166 3738 Scriptura
3216 3673 3466 3728 testatur,
3496 3679 3566 3720 ex

1973 3778 2081 3833 quo
2136 3770 2395 3831 quattuor
2436 3762 2696 3818 virtutum
2741 3757 2963 3813 flumina
3000 3757 3053 3810 in
3097 3756 3266 3827 figura
3309 3763 3571 3824 quattuor

1971 3853 2348 3925 principalium
2402 3850 2585 3906 mundi
2656 3850 2930 3905 sensibilis
2978 3848 3021 3881 ²⁹
3070 3846 3352 3902 fluviorum
3401 3847 3566 3903 dividi

1973 3952 2304 3999 narrantur:
2335 3940 2672 4011 prudentiam
2701 3940 2843 4003 dico,
2889 3937 3322 4009 temperantiam,
3352 3937 3571 3990 fortitu-

1974 4035 2179 4099 dinem,
2196 4032 2482 4101 justitiam.
2540 4029 2689 4096 Quae
2718 4028 3016 4099 spiritualia
3049 4028 3247 4082 fluenta
3291 4043 3358 4083 ex
3388 4027 3569 4081 divina

1975 4123 2260 4194 sapientia,
2289 4137 2427 4191 quae
2452 4128 2537 4176 est
2576 4120 2741 4175 totius
2768 4119 2909 4173 vitae
2957 4118 3078 4174 lous
3120 4127 3283 4187 atque
3329 4116 3565 4184 virtutis,

1975 4212 2337 4289 erumpentia,
2370 4211 2597 4283 irrigant
2626 4210 2966 4281 superficiem
2996 4211 3264 4264 humanae
3303 4216 3563 4265 naturae:

1978 4307 2128 4377 prius
2149 4305 2365 4375 quidem
2415 4304 2469 4359 in
2504 4304 2728 4359 secretis
2757 4300 3108 4356 humanitatis
3142 4299 3370 4364 sinibus,
3401 4298 3570 4354 veluti

1980 4401 2033 4455 in
2083 4396 2462 4455 occultissimis
2495 4394 2843 4469 intelligibilis
2889 4403 3066 4449 terrae
3099 4393 3264 4464 poris,
3301 4393 3355 4446 in
3382 4391 3570 4447 invisi-

1981 4489 2118 4544 biles
2150 4490 2378 4543 virtutes
2412 4486 2709 4559 surgentia,
2736 4484 2932 4539 deinde
2979 4485 3031 4537 in
3061 4491 3278 4554 apertos
3305 4483 3568 4537 bonarum

290 4576 380 4624 tus
402 4578 498 4622 est.
532 4564 674 4638 Ergo
712 4568 967 4638 siquidem
1020 4571 1191 4639 imago
1235 4570 1303 4623 ad
1331 4570 1409 4635 id,
1456 4571 1595 4641 quod
1622 4570 1804 4624 melius
1825 4571 1876 4624 in

1983 4580 2255 4635 actionum
2293 4577 2518 4634 effectus
2558 4576 2841 4642 sententia,
2888 4575 3307 4630 innumerabiles
3362 4575 3575 4644 species

292 4658 443 4716 nobis
468 4658 796 4730 intelligitur,
822 4660 1054 4714 sociatur
1088 4677 1106 4715 :
1154 4677 1489 4736 quaecunque
1514 4665 1655 4719 circa
1677 4664 1723 4697 “
1746 4667 1881 4719 hanc

291 4751 454 4805 vitam
492 4749 662 4804 tristia
692 4749 981 4821 ntiseraque
1003 4761 1146 4817 sunt,
1176 4752 1534 4808 similitudinis
1563 4755 1629 4821 ³³,
1655 4772 1789 4827 quae
1812 4755 1881 4809 ad

293 4839 467 4899 Deum
497 4851 594 4909 est,
636 4856 741 4898 non
788 4841 836 4874 ’³⁵
869 4854 1011 4898 sunt.
1041 4842 1442 4912 Animadverte,
1484 4845 1695 4916 qualem
1725 4864 1882 4918 para-

1982 4669 2242 4722 virtutum
2269 4677 2323 4722 et
2358 4668 2631 4722 actionum
2654 4667 2907 4736 produnt.
2956 4664 3030 4718 Ex
3066 4664 3195 4734 ipsis
3224 4664 3367 4719 enim
3393 4662 3572 4718 omnis

1982 4760 2155 4814 virtus
2181 4767 2236 4813 et
2276 4759 2419 4813 actio
2460 4757 2825 4828 progreditur,
2854 4765 2909 4810 et
2955 4755 3007 4808 in
3043 4754 3185 4823 ipsas
3240 4753 3566 4815 revertitur:

1984 4848 2134 4918 ipsae
2183 4864 2310 4903 vero
2351 4862 2419 4903 ex
2462 4847 2645 4903 divina
2687 4845 2952 4915 sapientia
3003 4844 3373 4916 egrediuntur,
3407 4852 3462 4898 et
3513 4843 3567 4898 in

1583 4975 1834 5034 VARIAE
1870 4977 2161 5035 LECTION
2169 4977 2270 5035 ES.

373 5112 504 5185 ’,ρξ’
519 5110 795 5185 phylargia
810 5113 903 5185 ΓΑ
915 5112 1248 5185 .philargyria
1307 5114 1502 5169 existit.

1579 5117 1601 5146 ²
1622 5115 1665 5169 Α
1688 5114 1916 5185 foedam.

2019 5117 2041 5149 ⁸
2062 5118 2106 5172 Α
2132 5117 2327 5187 itaque.
2425 5117 2580 5170 ‘eam
2612 5132 2721 5172 om.
2752 5119 2822 5172 A.
2930 5118 2953 5151 '
2978 5118 3024 5172 Α
3054 5125 3326 5170 attractus.
3425 5113 3446 5142 "
3480 5114 3573 5187 Sic

296 5182 355 5257 ΔΔ
382 5182 489 5257 CF.
523 5182 529 5183 ⁷
564 5182 673 5238 ⁷Ἀ
714 5182 971 5257 Similiter
1020 5182 1206 5238 habent
1259 5195 1309 5257 et
1352 5196 1520 5257 cetera
1546 5182 1780 5256 peccata,
1829 5204 1989 5257 quum
2054 5182 2310 5242 occultam
2380 5190 2659 5257 perniciem
2708 5187 2894 5242 habent
2920 5227 2936 5255 ,
3006 5187 3177 5257 prima
3230 5197 3401 5257 tamen
3466 5186 3573 5239 rice

296 5253 546 5325 uidentur
595 5255 906 5325 appetenda,
935 5264 981 5308 et

300 5325 467 5377 rentis
517 5320 671 5379 boni;
741 5324 786 5357 ⁸ο
837 5324 956 5378 boni
986 5320 1047 5378 et
1080 5324 1207 5378 ntali
1237 5341 1347 5380 om.
1378 5325 1443 5379 A.

331 5531 422 5605 ξΔ
454 5531 630 5605 gustui
655 5544 709 5587 ut
736 5535 809 5588 ita
840 5536 1044 5590 mulieri
1071 5536 1208 5602 quod
1235 5531 1392 5591 vellet
1410 5531 1761 5605 persuaderet.

303 5598 541 5674 manv"
569 5605 613 5659 A
644 5607 809 5659 mixta
838 5616 912 5660 est
936 5598 1306 5674 fructiferatio.
1384 5598 1429 5637 ’δ
1455 5607 1503 5661 A
1532 5608 1587 5662 in
1610 5622 1786 5662 sensu.

304 5672 547 5731 litudine.
626 5674 673 5706 "‘
692 5674 798 5731 Pro
823 5672 989 5730 noun
1017 5672 1186 5746 longe.
1260 5676 1313 5709 ³⁸
1338 5688 1415 5732 est
1439 5693 1550 5733 om.
1570 5675 1637 5735 A.

304 5746 443 5798 mori
465 5760 576 5801 om.
604 5745 669 5800 Λ.
746 5746 791 5778 ’⁸
814 5757 867 5800 ut
894 5748 965 5801 ait
994 5745 1314 5817 Augustinus
1343 5764 1451 5804 orn.
1484 5749 1548 5804 Δ.

1037 5270 1128 5323 per
1177 5255 1528 5325 seductionem
1590 5255 1855 5325 quandam
1917 5255 2444 5313 inconsiderantibus.
2539 5260 2561 5290 ⁸

2617 5259 2743 5327 quia
2793 5274 2904 5313 om.
2967 5255 3032 5311 Α.
3140 5255 3162 5286 ⁹
3210 5256 3253 5308 Δ
3307 5264 3361 5308 et
3408 5271 3572 5322 appa-

1524 5328 1566 5358 “
1591 5329 1635 5380 A
1662 5327 1923 5399 clamans,
1970 5332 2108 5399 quod
2137 5344 2333 5392 verum,
2393 5329 2537 5397 quod
2567 5328 2787 5398 simplex
2819 5338 2874 5399 et
2924 5327 3192 5381 uniforme
3233 5335 3307 5378 est
3355 5338 3569 5399 natura.

298 5393 353 5433 ³³
378 5395 424 5448 Α
465 5400 520 5448 et
541 5393 934 5469 configuratum
963 5404 1066 5459 est,
1100 5397 1248 5469 aliud
1267 5396 1600 5469 judicatum,
1629 5408 1678 5450 et
1707 5398 1854 5450 aliud
1882 5393 2428 5469 per'experimentum,
2459 5393 2741 5469 cognitum.

302 5478 471 5564 gnum
507 5463 709 5534 peccati
736 5463 966 5520 fructum
1012 5482 1116 5545 non
1168 5463 1319 5519 illum
1370 5467 1579 5536 quidem
1628 5477 1822 5538 aperte,
1876 5463 2075 5538 qualis'
2102 5486 2134 5523 a
2173 5479 2362 5522 natura
2388 5463 2540 5535 erat;
2572 5485 2676 5523 non
2734 5467 2876 5521 enim
2907 5463 3013 5522 cet.

331 5531 355 5566 ³
379 5533 422 5587 Δ
454 5535 630 5592 gustui
655 5544 709 5587 ut
736 5535 809 5588 ita
840 5536 1043 5590 mulier:
1071 5536 1208 5592 quod
1235 5536 1379 5591 vellet
1411 5538 1761 5592 persuaderet.
1840 5537 1884 5569 ¹⁶
1913 5539 1953 5592 Α
1984 5539 2142 5592 quod.
2220 5538 2261 5570 ¹⁷
2291 5538 2332 5591 Α
2365 5550 2410 5592 et
2432 5539 2569 5592 auod
2604 5536 2766 5592 oculis
2794 5549 3013 5592 aratum.

2021 5557 2142 5592 υοίι.

1864 5556 1884 5568 ν
1913 5556 1953 5592 A
1984 5556 2142 5609 quoa.
2220 5563 2223 5568 η

1862 5609 1907 5640 ¹¹
1935 5610 1989 5662 in
2018 5624 2126 5663 om.
2158 5607 2223 5662 A.

1715 5677 1762 5709 “
1790 5680 2063 5733 essentiale
2096 5694 2205 5749 om.
2257 5678 2319 5735 A.
2396 5680 2442 5711 ⁸⁷
2467 5677 2728 5734 Naturale
2752 5677 2937 5749 quippe
2977 5693 3163 5747 corpus
3195 5707 3262 5720 --
3287 5689 3440 5746 posse
3472 5688 3574 5727 non

1624 5747 1675 5785 ²⁹
1703 5750 1961 5806 sensibilis
1981 5764 2088 5806 om.
2123 5748 2188 5804 Α.

2820 5398 2861 5429 ³³
2888 5398 2932 5451 Α
2978 5402 3375 5468 praemonstrat
3422 5394 3575 5447 mali-

2828 5484 2876 5518 m
2907 5476 3013 5518 cet.
3116 5464 3163 5496 ”
3189 5465 3234 5518 A
3279 5464 3569 5518 exornavit.

3279 5472 3569 5518 exornavit.

3100 5536 3144 5567 ⁸⁸
3170 5536 3211 5589 Α
3246 5534 3379 5589 Esca
3401 5543 3575 5586 autent

2220 5538 2261 5570 ’⁷
2365 5539 2569 5614 etquod
2604 5536 2766 5592 oculis
2793 5549 3022 5614 gratum.
3100 5536 3144 5567 ¹⁸
3170 5536 3379 5614 Alis‘ca
3401 5543 3542 5614 autcf

2299 5610 2344 5641 ’³
2382 5609 2424 5663 Α
2444 5605 2809 5676 quaecunque
2835 5625 2952 5662 vero
2977 5608 3144 5663 circa.
3219 5605 3266 5635 ’³
3293 5605 3338 5658 Λ
3364 5620 3397 5657 a
3423 5605 3572 5655 simi-
