4028 6282
490 313 603 375 815
1146 320 1153 323 ⁷
1859 312 2075 370 JOANN

2181 313 2376 371 δίζοΉ
3633 308 3764 367 εξι.

486 441 606 479 eam
655 425 1017 480 revolvuntur.
1047 425 1102 479 In
1131 427 1321 483 eodem
1352 425 1605 495 paradiso,
1627 426 1733 481 duo
1766 425 1905 496 ligna
1940 439 2059 481 esse
2084 428 2136 487 Α
2165 427 2345 496 itaque
2375 427 2521 482 omni
2549 427 2712 499 ligno,
2744 416 2906 485 idest
2932 428 3171 484 omnium
3200 442 3461 503 bonorum
3501 430 3751 499 plenitu-

485 510 759 587 praelatus
800 517 1120 588 Theologus,
1168 534 1393 587 magnus
1440 518 1693 572 videlicet
1745 518 2058 589 Gregorius,
2140 512 2307 580 dine,
2346 518 2506 587 primi
2553 519 2801 573 homines
2832 519 2968 586 jussi
3007 528 3134 574 sunt
3160 521 3338 574 cibum
3392 535 3640 583 sumere;
3688 529 3747 574 et

485 608 741 676 exponit:
789 596 1007 678 quorum
1032 609 1150 687 uni,
1183 617 1242 661 nt
1292 609 1368 661 ait
1407 608 1540 676 ipse,
1590 623 1785 687 nomen:
1818 617 1892 661 est
1938 616 2073 672 «au,
2163 609 2339 663 adhuc
2368 611 2512 687 omni
2546 612 2729 676 generi
2762 612 3000 667 humano
3027 611 3151 666 inde
3180 612 3361 665 vivere
3391 611 3742 680 praecipitur.

487 697 589 753 hoc
614 688 716 764 est,
744 702 928 761 omne;
948 684 1099 754 alteri
1121 718 1236 755 vero
1262 701 1501 774 γνωστόν,
1534 701 1672 770 quod
1697 684 1785 754 est
1800 698 1985 755 scibile
2017 700 2075 753 ¹.’
2163 684 2449 773 Quoniam
2474 716 2601 756 vero
2628 703 2785 770 primi
2815 711 3066 771 parentes
3101 702 3279 756 cibum
3308 703 3429 756 inde
3461 704 3483 735 τ
3525 718 3744 757 sumere

485 788 652 859 Cujus
696 791 928 845 nominis
954 792 1323 859 interpretatio
1358 792 1401 845 si
1433 792 1500 847 ad
1535 789 1790 860 liquidum
1821 790 2061 859 profera-
2162 790 2479 855 noluerunt,
2523 804 2921 862 praeponentes
2966 794 3013 847 ei
3063 793 3317 862 prohibiti
3353 793 3478 863 ligni
3507 793 3744 848 mortife-

486 888 593 942 tnr,
623 896 732 935 non
756 882 887 934 satis
929 868 1261 936 intellectum
1286 882 1411 953 ligni
1449 880 1717 951 exprimit.
1750 879 2071 949 Propterea,
2164 897 2283 935 rum
2331 881 2591 944 fructum.
2630 900 2733 939 non
2764 884 2936 939 solum
2985 886 3080 949 illi,
3131 900 3317 939 verum
3373 886 3535 939 etiam
3572 895 3741 937 totum

485 979 545 1023 ut
588 969 797 1026 facilius
843 971 1189 1042 intelligatur,
1234 973 1361 1042 quid
1396 989 1460 1026 co
1508 973 1650 1042 ligno
1702 960 2075 1040 signiticatur,’
2162 984 2330 1038 genus
2357 973 2424 1024 ah
2454 972 2533 1025 eis
2567 983 2957 1043 propagatum,
2992 972 3307 1039 justissima.
3331 974 3516 1027 divino
3539 973 3743 1040 judicio

484 1061 687 1129 placuit
728 1062 881 1116 nobis
923 1065 1147 1137 γνωστὸν
1185 1073 1397 1118 vertere
1440 1064 1492 1119 in
1542 1066 1780 1117 mixtum.
1813 1062 1949 1130 Quid
1980 1066 2064 1115 est
2162 1068 2215 1112 et
2253 1074 2317 1113 cx
2361 1060 2621 1128 dignitate
2653 1073 2887 1116 naturae
2909 1061 3114 1129 evpulsi
3138 1071 3261 1116 sunt
3294 1078 3359 1116 ac
3387 1072 3563 1115 morte
3594 1061 3745 1114 dam-

484 1163 615 1219 ergo
658 1157 776 1215 πᾷν,
806 1150 872 1204 de
920 1152 1071 1220 cujus
1109 1152 1282 1206 fructu
1328 1144 1512 1223 jusSus
1549 1161 1634 1206 est
1682 1152 1840 1206 homo
1882 1152 2071 1210 cibum
2162 1150 2296 1203 Itali.
2331 1150 2559 1206 Videsne
2592 1152 2774 1217 igitur,
2799 1153 2924 1220 quid
2947 1155 3122 1206 omnis
3161 1152 3289 1221 ligni
3321 1149 3583 1205 vocabulo
3608 1148 3742 1218 lign-

485 1240 734 1292 snmere?
780 1247 881 1295 Πᾶν
934 1242 1173 1309 proferto
1243 1251 1324 1296 est
1387 1242 1515 1295 illud
1568 1241 1793 1311 lignum,
1842 1241 1907 1295 de
1953 1256 2061 1310 quo
2164 1250 2279 1292 rate
2329 1240 2542 1295 divinus
2583 1240 2874 1310 PrOpheta,
2927 1242 3033 1295 imo
3093 1240 3327 1310 Spiritus
3378 1249 3603 1293 sanctus
3649 1252 3769 1307 per.

487 1329 765 1399 Scriptura
787 1332 953 1387 dicit:
987 1332 1344 1404 Produxitque
1375 1334 1625 1387 Dominus
1656 1332 1795 1398 Deus
1818 1334 1880 1385 de
1904 1322 2077 1409 Immo,
2162 1326 2485 1397 Prophetam
2532 1331 2838 1399 signiﬁcare
2863 1331 3061 1385 voluit?
3099 1331 3244 1387 Dtsc.
3278 1331 3442 1384 Plane
3480 1330 3663 1391 video,
3690 1336 3750 1381 et

485 1436 636 1474 omne
657 1420 851 1491 lignum
895 1421 1169 1491 pulchrum
1197 1424 1303 1477 visu
1343 1433 1391 1477 et
1438 1424 1507 1476 ad
1536 1424 1838 1477 vescendum
1883 1439 2061 1485 suave,
2163 1416 2236 1469 ttil
2265 1417 2431 1479 aliud,
2457 1427 2519 1473 ut
2544 1420 2804 1483 arbitror,
2853 1431 3065 1502 praeter
3096 1422 3261 1475 Deum
3276 1472 3285 1487 ,ὗ
3307 1423 3541 1474 Verbum
3569 1419 3749 1473 homi-

485 1511 681 1580 lignum
709 1512 866 1564 etiam
897 1514 1027 1566 vitae
1066 1514 1120 1566 in
1166 1514 1335 1571 medio
1370 1514 1626 1583 paradisi.
1656 1500 2071 1577 Animadverte,
2163 1522 2284 1559 nem
2315 1502 2515 1562 factum
2570 1525 2729 1564 omne
2758 1511 2955 1567 bonum
3004 1500 3172 1571 totius
3219 1509 3616 1580 Ρθτίιιίὶεἱμιιοο
3663 1518 3764 1571 (‘51.

485 1604 755 1672 quomodo
784 1620 946 1659 unum
991 1604 1329 1675 idipsumque
1373 1604 1576 1676 lignum
1628 1605 1832 1659 duobus
1889 1605 2070 1659 modis.
2164 1600 2328 1653 totius
2382 1612 2599 1656 nostrae
2636 1614 2887 1669 naturae,
2914 1614 3095 1659 etnon
3128 1604 3271 1658 aliud
3319 1610 3537 1673 praeter
3568 1602 3747 1670 ipsum

482 1696 796 1766 prophetica
843 1697 1047 1750 theoria
1097 1707 1153 1751 et
1194 1708 1380 1751 narrat
1409 1706 1465 1751 et
1522 1697 1779 1751 nominat.
1817 1695 2055 1749 Primum
2118 1696 2129 1708 ’
2164 1689 2477 1757 Stlbsislcre,
2512 1695 2577 1747 de
2603 1708 2710 1762 quo
2748 1695 3059 1757 comedere.
3085 1695 3187 1748 1100
3214 1702 3318 1756 est»
3340 1694 3430 1763 Pio
3467 1692 3763 1747 ίιιιεηεεῑίι

482 1785 700 1855 quidem
751 1802 909 1844 omne
966 1786 1161 1857 lignum
1211 1788 1346 1842 dixit
1398 1787 1674 1857 pulchrum
1720 1787 1837 1840 visu
1893 1797 1946 1839 et
1990 1788 2056 1840 ad
2089 1775 2132 1833 Β
2160 1796 2280 1836 eum
2310 1784 2331 1816 ⁸
2380 1786 2658 1856 percipere
2694 1802 2785 1842 seu
2826 1786 2929 1842 (ide
2980 1788 3202 1842 credere
3251 1787 3359 1841 vita
3396 1795 3621 1841 aeterna
3664 1793 3763 1841 est

481 1877 805 1931 vescendum
836 1892 1018 1940 suave,
1064 1871 1117 1932 et
1163 1878 1354 1931 iterum
1392 1878 1591 1949 lignum
1629 1870 1791 1933 etiam
1840 1878 1980 1932 vitae
2012 1878 2065 1936 in
2168 1889 2221 1931 et
2251 1880 2671 1949 ineorruptibilis
2719 1882 2943 1943 sanitas,
2990 1881 3237 1951 ignorare
3277 1895 3405 1933 vero
3427 1878 3508 1931 vel
3546 1892 3752 1943 negare

483 1966 662 2021 medio
720 1968 973 2036 paradisi.
1008 1970 1029 2000 ²
1074 1969 1141 2023 Et
1186 1970 1342 2039 paulo
1388 1981 1540 2041 post:
1604 1970 1686 2025 Ea:
1735 1973 1875 2026 onmi
1925 1972 2064 2041 ligno
2170 1985 2314 2024 mors
2342 1963 2580 2027 'aetcrna
2612 1979 2781 2034 estet
2817 1970 3023 2027 inﬁnita
3063 1970 3360 2039 corruptio.
3404 1968 3544 2023 ΜΑα.
3588 1968 3752 2022 Clare

479 2056 719 2126 paradisi
766 2057 995 2122 comede,
1044 2075 1208 2113 unum
1249 2060 1448 2129 lignum
1494 2075 1652 2115 omne
1677 2060 1877 2129 lignum
1922 2062 2066 2115 voci-
2167 2060 2446 2130 perspicis.
2496 2060 2684 2115 Restat
2714 2062 2893 2130 itaque
2916 2064 2979 2114 tle
3007 2070 3220 2134 γνωστῷ
3259 2061 3474 2124 dicere.
3508 2061 3613 2114 hoc
3640 2071 3753 2119 est.

482 2156 622 2199 tans.
683 2144 850 2201 Nemo
907 2163 1035 2220 ergo
1091 2151 1427 2218 sequentium
1493 2151 1750 2219 praedicti
1808 2140 2069 2219 'l'heologi
2166 2150 2232 2204 de
2256 2151 2676 2219 lignoscientiae
2696 2152 2827 2211 boni
2852 2160 2907 2207 et
2927 2151 3761 2223 maliJamdiximus,-,wn61

483 2236 782 2291 doctrinam
810 2237 1100 2301 existimet,
1127 2238 1180 2291 in
1238 2238 1487 2308 paradiso
1521 2253 1640 2293 esse
1663 2239 1891 2308 plurima
1921 2238 2065 2309 ligna
2168 2256 2271 2293 non
2311 2241 2376 2294 de
2404 2241 2567 2313 verbo
2591 2242 2656 2296 ad
2689 2242 2930 2305 verbum,
2971 2243 3063 2297 sed
3111 2242 3177 2296 de
3224 2257 3382 2320 sensu
3413 2241 3480 2298 ad
3525 2255 3752 2295 sensum

453 2328 819 2383 'divcrsarum
889 2329 1180 2384 formarum
1247 2331 1689 2400 diversorumqne
1753 2331 2069 2397 fructuum,
2168 2326 2399 2385 faciliori
2457 2331 2731 2385 intellectu
2780 2332 3002 2385 mixtum
3052 2331 3396 2400 interpretari
3441 2344 3626 2398 posse.
3683 2328 3753 2382 Et

483 2419 647 2472 veluti
688 2418 955 2488 quandam
986 2421 1187 2491 sylvam
1236 2421 1417 2477 multis
1455 2422 1737 2478 arboribus
1766 2423 2061 2492 copiosam,
2165 2429 2248 2473 est
2276 2421 2489 2490 quidem
2532 2422 2753 2493 γνωστὸν,
2773 2420 2927 2490 juxta
2958 2418 3254 2488 praelatum
3281 2420 3625 2489 magistrum,
3653 2434 3754 2471 cu-

483 2508 581 2562 sed
631 2507 738 2564 duo
785 2510 1139 2576 solummodo,
1186 2528 1349 2566 unum
1382 2513 1598 2583 quidem
1654 2520 1778 2579 πᾶν,
1832 2504 2067 2567 alterum
2158 2507 2248 2579 jus
2286 2509 2607 2564 sententiam
2632 2511 2698 2565 de
2736 2510 2985 2580 paradiso
3007 2517 3062 2562 et
3092 2509 3387 2578 sequimur,
3410 2522 3467 2589 et
3493 2509 3755 2577 aperien-

483 2614 615 2654 vcro
658 2604 901 2672 γνωστὼ.
959 2603 1025 2657 Et
1051 2614 1135 2659 est
1158 2612 1259 2660 πᾶν
1296 2607 1459 2671 ξύλον,
1493 2606 1594 2663 hoc
1633 2615 1738 2667 cst.
1795 2624 1944 2660 omne
1993 2607 2062 2659 li-

2166 2604 2265 2657 dae
2319 2602 2670 2658 obscuritatis
2717 2604 2891 2676 gratia
2939 2602 3385 2671 recapitulamns,
3434 2602 3643 2656 malitia
3694 2602 3749 2655 in

481 2707 641 2760 gnum
688 2694 921 2762 paradisi
988 2695 1009 2726 ³
1054 2694 1284 2751 Verbum
1333 2706 1386 2752 et
1414 2698 1689 2768 Sapientia
1718 2698 1914 2762 Patris,
1956 2701 2058 2755 Do-
2166 2693 2446 2761 phantasia
2474 2692 2598 2747 boni
2626 2693 2887 2756 colorata,
2916 2693 3162 2762 corporis
3210 2691 3231 2723 ’
3282 2692 3529 2748 sensibus
3556 2691 3765 2752 insita;

482 2783 661 2837 minus
685 2793 866 2838 noster
904 2776 1058 2840 Jes‘us
1096 2780 1364 2854 Christus,
1413 2789 1502 2858 qui
1541 2799 1626 2844 est
1672 2805 1832 2843 omne
1860 2776 2063 2859 lignum
2166 2785 2319 2855 ligno.
2355 2784 2539 2854 priori,
2590 2785 2731 2853 quod
2757 2792 2839 2838 est
2863 2790 2989 2848 πᾶν.
3020 2783 3240 2839 Omnino
3288 2780 3643 2839 COIIlI‘arium-
3677 2780 3753 2836 Ul-

482 2873 909 2941 lructilerum,in
934 2880 1389 2937 mediohumanae
1412 2890 1632 2937 naturae
1657 2870 1888 2951 paradisi
1914 2882 2065 2951 plan,-
2166 2878 2309 2930 enim
2340 2877 2391 2930 in
2439 2876 2529 2929 illo
2558 2889 2717 2929 Onltle
2746 2876 2943 2929 bonum
2976 2875 3303 2943 imagillallﬂ'
3337 2883 3391 2926 el
3443 2887 3608 2926 omne
3650 2873 3755 2925 b0-

482 2976 676 3032 tatum,
709 2967 904 3039 duplici
936 2968 1183 3024 videlicet
1209 2972 1395 3026 modo:
1428 2973 1604 3041 primo
1625 2974 1840 3043 quidem
1869 2989 2063 3043 secung
2167 2983 2294 3021 num
2318 2976 2423 3028 est,
2455 2967 2527 3019 ita
2557 2967 2609 3019 in
2640 2966 2741 3019 isto
2769 2966 3092 3020 universitas
3114 2965 3279 3020 totius
3308 2963 3454 3018 mali.
3486 2963 3621 3018 illud
3650 2964 3757 3033 igi-

481 3056 606 3111 dtnn
622 3073 775 3113 suam
800 3054 1163 3124 divinitatem,
1188 3078 1291 3132 qua
1309 3073 1549 3118 nostram
1565 3075 1806 3119 naturam
1822 3073 1877 3120 et
1890 3073 2065 3135 creat,

2169 3062 2254 3110 tur
2279 3063 2361 3109 est
2389 3069 2548 3108 «nilne
2599 3055 2796 3109 bonum
2842 3068 2970 3108 vere
3018 3054 3343 3119 subsistens,
3397 3054 3498 3108 hoc
3559 3064 3750 3110 autem

480 3157 536 3203 et
585 3150 845 3214 continet,
892 3162 947 3206 et
992 3152 1181 3218 nutrit,
1205 3117 1268 3207 et
1296 3152 1547 3218 viviﬁcat,
1591 3164 1647 3208 et
1696 3154 1979 3215 illuminat.
2009 3117 2065 3210 ei
2091 3117 2135 3179 (ἶ
2167 3162 2327 3202 omne
2380 3147 2600 3212 malum.
2629 3162 2727 3217 per
2777 3147 3114 3217 phantasiam
3162 3148 3286 3203 boni
3344 3162 3536 3202 omnes
3575 3148 3757 3201 malos

482 3238 719 3305 deilicat,
757 3251 812 3295 et
861 3244 1069 3308 movet,
1104 3253 1305 3299 etesse
1334 3244 1497 3310 facit;
1545 3246 1597 3298 in
1629 3246 1740 3314 ipso
1773 3246 1910 3300 enim
1939 3238 2067 3299 vivi;
2167 3230 2447 3294 Seducens.
2487 3238 2596 3293 Cur
2651 3245 2831 3293 autem
2902 3247 3190 3308 utrumque
3235 3237 3462 3308 lignum,
3510 3238 3615 3292 hoc
3660 3247 3759 3293 est

480 3330 659 3383 ωηερε
676 3347 939 3386 movemur
959 3343 1199 3388 etsumus
1219 3335 1491 3389 :secundo
1518 3351 1669 3399 vero,
1692 3352 1799 3405 quo
1822 3343 2060 3409 nostram
2165 3347 2324 3386 onme
2354 3331 2577 3402 lignum,
2609 3333 2751 3401 quod
2785 3332 2947 3386 etiam
2980 3331 3183 3401 lignum
3225 3332 3368 3387 vitae
3400 3340 3641 3395 vocatur,
3694 3341 3765 3389 et.

482 3427 755 3484 naturam,
809 3429 867 3475 ut
904 3423 1138 3477 salvaret
1184 3439 1328 3487 eam,
1365 3434 1420 3479 et
1453 3426 1509 3480 in
1547 3435 1744 3480 statum
1770 3418 2062 3496 pristinum
2166 3421 2393 3477 alterum
2422 3422 2622 3493 lignum
2666 3423 2931 3478 scientiae.
2954 3422 3080 3476 boni
3110 3430 3167 3476 et
3192 3421 3315 3477 mali
3348 3423 3399 3477 in
3430 3420 3606 3477 medio
3636 3437 3754 3490 pa-

486 3520 786 3574 revocaret,
825 3512 879 3565 in
926 3513 1183 3568 unitatem
1216 3515 1237 3546 ⁸
1258 3516 1589 3573 substantiae
1615 3518 1717 3572 sibi
1748 3518 1769 3549 ⁵
1797 3517 2060 3587 adjunxit,
2166 3516 2326 3570 radisi
2357 3530 2475 3570 esse
2492 3524 2809 3578 narrantur,
2844 3530 2948 3570 non
2970 3516 3141 3571 otiosa
3174 3524 3256 3570 est
3282 3515 3521 3584 quaestio
3548 3532 3563 3568 :
3602 3529 3759 3581 quae

484 3610 546 3656 ut
579 3603 633 3657 in
661 3603 867 3660 duabus
888 3606 1094 3662 naturis
1126 3609 1461 3671 subsisteret,
1497 3611 1677 3665 divina
1705 3611 1956 3666 videlicet
1980 3622 2059 3666 at-

2168 3615 2366 3669 tamen,
2418 3614 2476 3658 ut
2519 3605 2729 3675 opinor,
2775 3604 2865 3658 tali
2897 3605 3053 3659 modo
3083 3604 3217 3660 solvi
3260 3612 3454 3675 potest.
3473 3602 3529 3658 Si
3558 3604 3599 3634 "
3626 3606 3759 3672 pri-

483 3707 590 3762 que
611 3694 866 3749 humana.
905 3696 972 3751 Et
1016 3698 1118 3754 hoc
1142 3707 1224 3754 est
1270 3701 1412 3770 quod
1444 3700 1722 3771 Scriptura
1762 3703 1838 3756 ait
1870 3721 1882 3756 :
1921 3702 2056 3756 Pro-
2165 3713 2309 3751 mtun
2347 3697 2566 3765 quidem
2620 3706 2728 3750 tota
2776 3696 3010 3750 humana
3046 3705 3263 3761 natura,
3290 3696 3515 3750 visibilis
3555 3695 3762 3749 videli-

482 3782 735 3850 duxitque
770 3784 1017 3840 Dominus
1043 3787 1064 3818 ⁸
1095 3788 1237 3842 Deus
1279 3790 1343 3842 de
1384 3790 1560 3853 humo,
1593 3791 1694 3847 hoc
1722 3803 1825 3856 est,
1861 3808 1924 3847 ex
1956 3810 2064 3845 ma-
2165 3799 2249 3844 cet
2278 3799 2334 3843 et
2379 3788 2685 3851 invisibilis,
2721 3787 2958 3842 exterior
2986 3796 3040 3842 ct
3081 3788 3324 3851 interior,
3357 3787 3424 3841 ad
3452 3786 3757 3856 imaginem

483 3873 659 3927 teriali
687 3884 868 3931 nostra
898 3886 1109 3942 natura,
1134 3896 1285 3934 omne
1314 3876 1531 3951 lignum,
1563 3883 1663 3938 hoc
1692 3893 1794 3949 est,
1824 3885 2058 3939 Verbum
2164 3881 2254 3935 Dei
2286 3880 2445 3942 facta,
2473 3888 2528 3933 et
2552 3889 2773 3947 propter
2805 3888 3082 3949 peccatum
3107 3878 3447 3949 superaddita
3480 3876 3757 3930 intiman-

483 3966 844 4035 incarnatum,
899 3970 951 4024 in
985 3985 1090 4039 quo
1122 3980 1176 4024 ct
1215 3987 1310 4041 per
1342 3974 1484 4042 quod
1535 3973 1675 4028 facta
1706 3985 1830 4030 sunt
1855 3968 2059 4041 omnia,
2162 3971 2227 4023 dat
2266 3970 2425 4023 fuerit
2449 3970 2515 4028 “.
2547 3968 2792 4037 quisquis
2818 3968 2997 4039 itaque
3050 3975 3253 4021 textum
3303 3967 3568 4020 sermonis
3590 3965 3771 4023 beati

482 4064 539 4110 et
560 4058 700 4125 quod
722 4069 806 4113 est
831 4061 1035 4115 omnia.
1066 4061 1240 4131 Ipsam
1272 4065 1412 4118 enim
1442 4066 1781 4121 solummodo
1804 4075 1887 4120 est
1925 4068 2056 4121 sub-
2162 4060 2405 4131 Gregorii
2439 4060 2505 4115 de
2532 4060 2766 4130 hnagine
2794 4060 3031 4114 intentus
3060 4058 3439 4129 inspexerit".
3469 4055 3771 4112 senariam

483 4149 734 4204 Slattliale
789 4151 1007 4208 bonum.
1041 4154 1233 4223 Cetera
1276 4157 1440 4219 enim,
1476 4174 1614 4226 quae
1659 4159 1913 4213 dicuntur
1942 4174 2060 4214 esse
2163 4154 2327 4207 tutius
2358 4152 2624 4205 humanae
2655 4159 2877 4204 naturae
2894 4158 2947 4203 et
2977 4148 3303 4219 generaliter
3328 4147 3382 4202 in
3407 4145 3659 4201 omnibus
3697 4155 3769 4201 et

481 4240 646 4308 bona,
697 4259 802 4297 non
832 4260 927 4314 per
972 4261 1050 4309 se,
1094 4248 1188 4301 sed
1227 4249 1634 4318 participatione
1694 4250 1862 4319 ipsius
1916 4252 2057 4305 bona
2160 4244 2465 4312 specialiter
2521 4243 2572 4296 in
2628 4241 2850 4311 singulis
2889 4241 3229 4311 partitionem
3280 4237 3324 4270 “
3365 4237 3606 4308 reperiet.
3666 4239 3769 4297 At:

482 4343 633 4399 sunt,
663 4334 753 4404 qui
781 4351 876 4403 per
899 4351 957 4390 se
994 4351 1121 4392 vere
1168 4339 1407 4393 existens
1449 4340 1647 4394 bonum
1675 4351 1775 4405 est,
1807 4350 1861 4395 et
1900 4357 2060 4396 omne
2160 4319 2473 4406 primunt‘in
2499 4334 2631 4388 duas
2654 4332 2817 4386 veluti
2841 4331 3166 4400 principales
3189 4338 3367 4399 partes
3391 4336 3758 4396 segregatur:

485 4424 704 4489 bonum.
746 4422 803 4481 et
836 4427 1067 4491 bonitas,
1122 4438 1178 4485 et
1217 4431 1378 4486 totius
1424 4431 1548 4486 boni
1577 4443 1632 4486 et
1658 4433 1914 4487 bonitatis
1941 4433 2060 4489 fons
2089 4468 2142 4528 Β
2166 4438 2219 4481 et
2246 4442 2348 4480 una
2388 4427 2603 4496 quidem
2636 4425 2849 4495 corpori
2887 4424 3219 4487 attribuitur,
3249 4421 3419 4477 altera
3457 4435 3583 4475 vero
3616 4421 3766 4475 aui-

483 4529 541 4574 et
573 4520 743 4592 origo,
796 4535 959 4575 causa
1014 4531 1069 4576 et
1115 4523 1435 4593 principium
1455 4564 1469 4586 ,
1522 4524 1645 4579 linis
1679 4535 1735 4580 et
1771 4525 2057 4596 perfectio,
2089 4512 2139 4528 ”
2169 4536 2305 4575 mae.
2336 4521 2402 4574 Et
2427 4535 2490 4573 ea
2520 4519 2761 4590 quidem,
2782 4532 2920 4587 quae
2946 4517 3189 4586 corpori,
3214 4515 3465 4570 exteriori
3488 4512 3769 4569 videlicet

487 4619 664 4664 n'otus
700 4620 859 4680 atque
892 4611 1067 4681 quies.
1113 4613 1344 4667 medium
1376 4624 1429 4667 et
1453 4617 1794 4680 extremitas,
1827 4618 2061 4675 amlzitus
2165 4612 2370 4668 homini
2401 4611 2580 4673 datur,
2613 4612 2666 4665 in
2699 4618 2810 4664 tres
2836 4618 3017 4679 partes
3047 4607 3352 4663 rationabili
3385 4604 3621 4662 contuitu
3660 4620 3763 4661 se.

483 4710 541 4755 et
589 4700 759 4767 locus,
808 4702 959 4772 cujus
988 4702 1194 4759 fructus
1232 4705 1341 4759 vita
1373 4716 1588 4761 aeterna
1617 4716 1721 4769 est,
1758 4707 1909 4778 cujus
1935 4725 2060 4765 esus
2166 4712 2409 4775 paratur.
2449 4703 2690 4770 Quarum
2720 4701 2894 4772 prima
2944 4716 3140 4770 corpus
3187 4700 3357 4768 ipsum
3386 4707 3473 4753 est
3508 4695 3765 4751 formata

483 4793 740 4861 gaudium
800 4803 856 4849 et
908 4794 1110 4851 laetitia
1158 4806 1213 4851 et
1250 4797 1547 4855 inell‘abilcs
1603 4800 1864 4865 deliciae.
1905 4803 2058 4873 cujus

2169 4795 2393 4850 materia
2441 4793 2791 4847 constitutum
2820 4831 2836 4856 ,
2885 4791 2949 4845 de
2970 4806 3079 4861 quo
3103 4790 3438 4845 solummodo
3461 4787 3760 4858 praedica—

484 4891 733 4952 aspectus
772 4885 995 4955 pulcher
1048 4896 1147 4941 est.
1189 4886 1306 4956 Ipse
1346 4889 1608 4958 siquidem
1660 4891 1942 4959 pulchrum
2004 4902 2060 4949 et
2167 4899 2254 4945 tur
2298 4904 2441 4950 esse,
2472 4902 2580 4956 quo
2608 4885 2662 4940 in
2690 4885 2922 4939 humana
2950 4891 3140 4937 natura
3184 4881 3260 4936 nil
3288 4881 3513 4936 inferius
3543 4881 3757 4935 intelli-

484 4973 828 5042 pulchritudo
863 4978 1026 5032 totius
1074 4978 1302 5047 pulchri,
1347 4988 1402 5033 et
1445 4979 1861 5049 pulchritudinis
1897 4998 2059 5039 causa
2163 4983 2327 5052 gitur.
2358 4977 2607 5034 Secunda
2658 4991 2785 5045 pars
2809 4985 2891 5029 est
2913 4989 3127 5029 sursum
3159 4990 3367 5038 versus,
3398 4988 3535 5042 quae
3558 4973 3758 5028 multis

484 5073 539 5117 et
566 5063 862 5133 plenitudo,
903 5066 1056 5138 cnjus
1091 5079 1278 5138 gustus
1307 5079 1360 5125 et
1385 5074 1644 5129 comestio
1676 5077 2065 5134 nescitsatnri-
2165 5072 2477 5128 nominibus
2500 5067 2755 5140 appellari
2798 5075 2850 5121 et
2889 5065 3026 5120 solet
3051 5072 3104 5119 et
3128 5073 3327 5135 potest.
3356 5063 3564 5118 Dicitur
3591 5065 3754 5117 enim

484 5156 682 5219 tatem;
724 5170 790 5211 eo
838 5156 1123 5226 siquidem,
1156 5158 1209 5212 in
1249 5170 1529 5228 quantum,
1570 5164 1692 5232 quis
1722 5168 1972 5232 vescitur,
2008 5170 2061 5225 in
2164 5166 2425 5222 nutritiva
2455 5172 2510 5217 et
2554 5160 2791 5222 auctiva,
2828 5157 2952 5227 quia
3003 5156 3175 5211 nutrit
3197 5169 3397 5224 corpus
3430 5163 3484 5208 et
3504 5163 3671 5222 auget
3694 5160 3759 5207 et;

490 5251 697 5300 tantum
751 5247 805 5301 in
858 5248 1184 5304 desiderium
1213 5253 1462 5308 vescendi
1490 5256 1803 5310 suscitatur.
1856 5259 1931 5313 De
1959 5261 2062 5315 hoc
2165 5260 2405 5316 continet
2433 5256 2486 5311 in
2523 5268 2653 5319 uno,
2688 5266 2758 5306 ne
2791 5248 2838 5281 “
2866 5247 3066 5304 deﬂuat
3107 5257 3161 5303 et
3212 5246 3470 5302 solvatur.
3503 5244 3756 5300 Vocatur

1781 5370 2034 5427 VARIAE
2069 5366 2470 5428 LECTIONES.

567 5468 749 5569 3⁷⁸⁸οέ
764 5473 1223 5569 ,εξεέξξὲίτεθαιο
1268 5475 1368 5569 Ακ
1403 5476 1888 5569 gemmare:
1906 5483 2146 5569 ρατειάίεε
2173 5498 2272 5569 om.
2292 5482 2356 5538 Α·
2434 5480 2456 5513 ³
2482 5478 2721 5569 armis"
2743 5476 2941 5569 0M.-
2965 5475 3110 5569 μζ.έὲ
3137 5473 3548 5569 r"§:"_:i‘_‘i'..’f"'-

486 5553 666 5631 ξιιμ.
707 5537 1284 5631 ζέἒονηξξιυέ,ριιξςηΑο.
1344 5547 1368 5631 1
1403 5545 1508 5631 δίο,
1533 5547 1652 5631 CF;
1694 5548 1752 5631 Α
1797 5537 1920 5631 es?
1960 5537 2151 5631 ςίιηιιίι-
2172 5537 2275 5597 ⁵⁸
2296 5537 2437 5631 eum
2476 5537 2618 5631 ira.
2646 5547 2808 5631 Αλ.)
2842 5546 2942 5631 ,δίο
2970 5543 3095 5631 CF;
3127 5542 3485 5631 Mavortii:
3512 5537 3749 5631 4'33?

484 5603 821 5737 gignit;
844 5613 1065 5739 “unus:
1105 5614 1221 5683 CF;
1256 5617 1294 5671 Α
1336 5603 1555 5689 tum"?
1610 5603 1652 5654 ¹ί
1694 5618 1785 5677 Sic
1808 5603 1934 5689 CF;
1964 5603 2434 5695 Kac-rapuerit.
2480 5603 2525 5654 ί³
2564 5619 2654 5676 Sic
2683 5616 2799 5683 CF;
2829 5617 2873 5672 Α
2898 5603 3364 5688 participationem.
3446 5613 3488 5645 “
3512 5606 3709 5668 SicCF
3728 5623 3748 5673 ;
