4028 6282
258 310 365 373 823

1075 317 1163 373 DE
1198 316 1534 376 DlViSlONE
1572 312 1923 372 NATURAE.
1961 344 2033 355 ——
2070 312 2266 368 LIBER
2309 312 2658 381 QUARTUS.

3404 316 3513 374 826

259 429 423 483 etiam
451 424 637 483 vitalis
656 435 871 490 motus;
900 442 998 483 nec
1042 427 1333 493 immerito,
1363 428 1503 499 quod
1530 442 1635 482 non
1660 426 1833 482 solum
1864 427 1915 486 Α
1940 424 2105 493 ligna,
2136 430 2238 480 πᾶν
2277 423 2525 480 videlicet
2569 435 2625 481 et
2664 426 2909 498 γνωστόν,
2954 426 3325 497 intelliguntur
3354 448 3365 482 :
3407 437 3513 487 πᾶν

256 522 427 575 vitam
462 519 677 589 corpori
727 529 987 589 praestat,
1038 535 1224 574 verum
1273 522 1442 574 etiam
1481 528 1662 573 movet
1705 517 1834 572 illud

258 611 377 665 sive
429 609 674 666 localiter
700 624 796 680 per
822 612 993 680 spatia
1017 611 1277 674 locorum,
1308 612 1419 666 sive
1458 626 1553 680 per
1583 625 1837 665 numeros

254 699 504 754 locorum
549 709 605 754 et
635 709 934 770 temporum
973 718 987 752 :
1018 698 1256 754 locorum
1301 715 1444 754 nunc
1469 700 1609 764 dico,
1641 699 1836 769 quibus

256 790 539 861 plenitudo
590 790 954 845 membrorum
987 790 1260 859 impletur,
1323 800 1623 859 temporum
1671 805 1832 853 vero,

258 878 459 947 quibus
507 879 837 933 incrementa
867 888 1104 934 aetatum
1131 879 1196 931 ad
1227 877 1611 948 perfectionem
1638 880 1836 932 dttcun-

256 979 370 1024 tur.
397 968 580 1023 Tertia
613 984 738 1039 pars
775 978 877 1034 est,
928 984 1067 1038 quae
1098 970 1151 1023 in
1176 971 1612 1040 quinquepertito
1640 984 1834 1040 corpo-

260 1074 358 1114 reo
396 1075 557 1115 sensu
607 1061 962 1131 dignoscitur,
992 1076 1133 1129 quae
1182 1061 1430 1116 videlicet
1457 1077 1584 1131 pars
1612 1062 1838 1131 phanta-

259 1151 372 1204 sias
394 1150 634 1204 omnium
665 1164 845 1205 rerum
886 1152 902 1182 ¹
935 1151 1290 1215 sensibilium,
1324 1166 1462 1221 quae
1485 1153 1629 1206 circa
1664 1152 1835 1206 homi-

260 1253 385 1293 nem
413 1239 739 1294 exteriorem
772 1239 1409 1311 intelliguntur,.recipit,
1439 1242 1837 1312 memoriaeque

259 1329 447 1383 tradit.
492 1329 668 1390 ln,his
710 1331 883 1385 tribus
929 1332 1175 1401 partibus
1207 1341 1351 1387 totus
1392 1334 1634 1388 exterior
1678 1334 1837 1388 homo

263 1418 629 1473 constituitur.
670 1420 902 1475 Interior
925 1435 1055 1475 vero
1082 1421 1264 1482 homo.
1296 1423 1391 1491 qui
1433 1422 1483 1475 in
1516 1422 1696 1477 anima
1724 1424 1837 1478 sola

260 1508 530 1572 subsistit,
570 1517 627 1562 et
666 1510 735 1564 ad
773 1509 1063 1579 imaginem
1102 1510 1195 1564 Dei
1247 1511 1424 1565 factus
1468 1520 1574 1573 est,
1612 1510 1838 1565 alteram

256 1600 588 1669 tripertitam
611 1601 800 1671 recipit
824 1603 1227 1657 discretionem.
1254 1602 1428 1656 liabet
1452 1603 1596 1658 enim
1619 1585 1838 1671 sensum

262 1689 601 1757 interiorem,
645 1707 741 1763 per
765 1708 924 1762 quem
947 1695 1122 1748 anima
1156 1695 1468 1763 phantasias
1499 1696 1838 1750 sensibilium

1937 517 2151 586 quidem
2180 516 2233 570 in
2262 516 2504 571 interiori
2527 532 2709 580 sensu,
2737 522 2963 591 γνωστὸν
2999 537 3127 576 vero
3152 523 3202 576 in
3230 524 3508 580 exteriori.

1936 608 1992 662 In
2039 608 2278 663 interiori
2316 608 2463 664 enim
2513 610 2729 664 homine
2767 612 2974 665 habitat
3005 614 3204 668 veritas
3249 623 3305 668 et
3348 629 3513 672 omne

1938 702 2158 766 bonum,
2184 702 2324 770 quod
2353 711 2437 756 cst
2464 700 2697 756 Verbum
2729 702 2845 767 Dei,
2873 704 3040 760 Filius
3054 705 3149 759 Dei
3178 709 3511 779 unigenitos,

1938 788 2196 844 Dominus
2240 799 2424 845 noster
2450 788 2605 845 Jesns
2636 790 2903 857 Christus,
2934 802 3084 847 extra
3115 810 3276 864 quem
3306 797 3511 854 nullum

1940 877 2139 933 bonum
2170 889 2272 944 est,
2303 881 2556 949 quoniam
2604 882 2716 961 ipse
2757 891 2842 936 est
2884 898 3043 937 omne
3070 899 3254 941 verum
3292 896 3348 941 et
3384 890 3512 941 sub-

1937 968 2190 1025 Stantiale
2236 970 2437 1025 bonum
2467 980 2521 1026 et
2548 972 2783 1026 bonitas.
2815 972 2914 1027 Cui
2941 988 2972 1027 e
3002 977 3275 1046 contrario
3320 993 3385 1031 ex
3434 978 3514 1033 di-

1936 1074 2089 1113 versa
2138 1069 2290 1130 parte
2336 1061 2535 1127 malum
2583 1071 2639 1117 et
2682 1063 2886 1118 malitia
2922 1067 3229 1134 opponitur.
3279 1067 3345 1121 Et
3379 1069 3510 1136 quia

1936 1163 2095 1203 omne
2141 1150 2336 1204 malum
2385 1165 2485 1205 nec
2534 1151 2585 1204 in
2636 1162 2827 1206 natura
2862 1169 3041 1208 rerum
3084 1157 3516 1213 substantialiter

1938 1241 2232 1305 invenitur,
2261 1257 2509 1311 nequeex
2536 1251 2684 1296 certa
2713 1258 2872 1297 causa
2900 1254 2957 1298 et
2987 1246 3217 1300 naturali
3250 1247 3512 1317 procedit;

1938 1346 2034 1400 per
2061 1346 2120 1385 se
2147 1331 2291 1385 enim
2335 1332 2730 1387 consideratnm
2776 1335 2996 1389 omnino
3027 1336 3159 1391 nihil
3184 1346 3267 1392 est
3301 1346 3515 1407 praeter

1940 1423 2362 1478 irrationabilcm
2392 1434 2445 1479 et
2473 1440 2784 1494 perversum
2823 1426 3303 1498 imperfectumque
3343 1430 3514 1485 ratio-

1939 1515 2134 1570 nabilis
2186 1524 2414 1571 naturae
2461 1526 2663 1571 motum
2700 1535 2713 1571 :
2744 1517 2941 1572 nullam
2989 1518 3148 1573 aliam
3180 1519 3235 1573 in
3266 1520 3517 1577 universa

1939 1613 2183 1659 creatura
2214 1606 2395 1660 sedem
2446 1606 2667 1674 reperit,
2717 1607 2818 1661 nisi
2868 1607 2958 1662 ubi
3006 1606 3215 1663 falsitas
3254 1609 3514 1679 possidet.

1939 1694 2163 1765 Propria
2193 1706 2373 1751 autent
2412 1696 2663 1749 falsitatis
2692 1697 2962 1765 possessio
2986 1706 3071 1752 est
3097 1713 3289 1753 sensus
3316 1714 3517 1769 corpo-

258 1798 468 1845 rcrnm,
517 1798 652 1854 quas
709 1798 805 1854 per
850 1799 1167 1856 corporeum
1213 1801 1432 1841 sensum
1454 1788 1672 1858 excipit,
1727 1789 1837 1843 dis-
1870 1778 1915 1849 Β
1944 1800 2084 1838 rens.
2112 1785 2261 1839 Nulla
2289 1786 2431 1840 enim
2464 1786 2565 1840 alia
2600 1802 2729 1857 pars
2758 1789 3021 1844 humanae
3052 1800 3277 1846 naturae
3305 1790 3513 1847 falsita-

262 1875 441 1928 cernit
487 1883 649 1944 atque
703 1875 980 1944 dijudicat.
1029 1877 1233 1931 Deinde
1282 1878 1545 1933 rationem
1574 1880 1835 1949 possidet,

256 1980 363 2035 .per
390 1979 549 2034 quam
593 1966 832 2019 omnium
887 1980 1091 2031 rerum,
1119 1982 1257 2036 quas
1299 1967 1384 2022 vel
1432 1968 1729 2038 intelligere
1754 1972 1838 2025 vel

258 2057 469 2111 sentire
490 2065 692 2127 potest,
726 2057 963 2127 rationes
1007 2059 1313 2130 investigat.
1355 2060 1636 2120 Summum
1668 2063 1840 2116 homi-

256 2153 350 2207 nis
378 2161 461 2207 est
514 2154 749 2217 animus,
806 2153 948 2208 ultra
983 2169 1142 2224 quem
1187 2155 1241 2209 in
1280 2155 1512 2209 humana
1543 2165 1735 2210 natura
1767 2156 1841 2209 nil

256 2244 514 2312 superius
541 2243 829 2308 invenitur,
876 2245 1029 2315 cujus
1064 2246 1340 2315 proprium
1387 2245 1623 2301 otIicium
1653 2255 1754 2311 est,
1787 2255 1843 2301 et

253 2332 571 2402 praedictas
599 2342 783 2404 partes
831 2333 1114 2391 inferiores
1148 2353 1207 2391 se
1252 2351 1462 2408 regere,
1501 2347 1557 2394 et
1584 2354 1669 2402 ea,
1701 2354 1842 2409 quae

256 2439 425 2493 supra
457 2439 516 2479 se
563 2434 710 2489 sunt,
758 2427 926 2481 Deum
980 2443 1135 2482 suum
1166 2429 1435 2494 videlicet,
1474 2440 1529 2484 et
1571 2445 1659 2493 ea,
1703 2446 1843 2501 quae

265 2514 322 2568 iu
347 2515 464 2584 ipso
487 2523 542 2569 et
562 2517 814 2584 proxime
839 2518 984 2572 circa
1032 2518 1206 2588 ipsum
1232 2520 1555 2585 subsistunt,
1578 2532 1841 2591 quantum

264 2604 469 2657 sinitur
532 2606 841 2665 ascendere,
913 2608 1292 2677 contemplari.
1381 2609 1613 2665 Videsne
1681 2612 1846 2682 igitur

263 2692 539 2747 senariam
572 2693 841 2749 humanae
872 2694 1099 2751 naturae
1122 2698 1539 2754 discretionem?
1558 2700 1653 2755 Est
1675 2702 1843 2767 enim,

250 2794 323 2838 et
348 2783 499 2848 vivit,
543 2793 600 2838 et
649 2785 812 2839 sentit
840 2800 937 2854 per
965 2801 1197 2855 corpus,
1232 2788 1398 2841 sentit
1440 2799 1594 2843 extra
1620 2804 1841 2859 corpus,

269 2876 645 2941 ratiocinator,
671 2878 937 2947 intelligit.
963 2878 1071 2934 Sed
1096 2879 1182 2934 illa
1209 2880 1338 2946 tria,
1364 2895 1502 2951 quae
1522 2882 1576 2935 in
1603 2880 1843 2945 inferiori

248 2977 422 3037 parte
466 2969 699 3025 hominis
744 2972 765 3001 ⁸
811 2970 1244 3041 cognoscuntur,
1306 2972 1671 3042 corruptibilia
1721 2972 1848 3028 Sunt

266 3058 630 3128 solntionique
710 3060 981 3125 obnoxia;
1038 3062 1303 3116 ternarins
1368 3077 1497 3116 vero
1549 3062 1848 3132 superioris

1944 1875 2014 1927 tis
2054 1889 2293 1928 errorem
2338 1875 2527 1944 recipit
2556 1885 2772 1945 praeter
2800 1892 3013 1933 sensum
3061 1880 3411 1947 exteriorem,
3443 1882 3518 1938 si-

1941 1966 2155 2036 quidem
2198 1982 2294 2037 per
2315 1967 2487 2037 ipsum
2524 1977 2581 2023 et
2608 1969 2834 2023 interior
2867 1986 3079 2035 sensus,
3105 1984 3162 2026 et
3197 1973 3354 2038 ratio,
3398 1973 3513 2043 ipse

1938 2056 2104 2111 etiam
2142 2056 2445 2112 intellectus
2484 2059 2800 2128 saepissime
2837 2059 3060 2115 fallitur.
3094 2062 3148 2115 lu
3182 2061 3300 2118 loco
3328 2063 3514 2133 itaque

1941 2146 2529 2203 falsitatisetvanarum
2548 2150 2972 2219 phantasiarum,
3006 2153 3109 2208 hoc
3139 2163 3241 2218 est,
3277 2154 3329 2208 in
3348 2169 3515 2209 sensu

1941 2255 2224 2309 corporeo,
2282 2241 2372 2309 qui
2421 2256 2451 2295 a
2499 2241 2719 2298 Graecis
2752 2242 2988 2307 αἴσθησις·
3033 2254 3274 2319 vocatur,
3318 2254 3375 2300 et
3406 2246 3520 2315 sub

1944 2331 2112 2401 ﬁgura
2150 2330 2390 2385 mulieris
2427 2332 2750 2398 insinuatur,
2779 2337 3023 2408 γνωστόν,
3055 2337 3155 2390 hoc
3180 2346 3285 2401 est,
3318 2336 3518 2407 lignum

1944 2422 2209 2477 scientiae
2245 2418 2448 2481 bouiet
2478 2426 2605 2480 mali
2630 2429 3004 2491 constituitur,
3038 2428 3238 2483 malitia
3268 2430 3518 2485 videlicet

1940 2510 2293 2582 inpbantasia
2317 2514 2442 2568 boni
2458 2513 2714 2580 colorata,
2732 2517 2814 2571 vel
2848 2518 3047 2572 malum
3070 2519 3462 2595 conﬁguratum
3498 2519 3521 2552 ⁸

1942 2601 2107 2665 bono,
2152 2602 2257 2667 vel,
2298 2611 2356 2655 ut
2390 2604 2705 2673 simpliciter
2729 2607 2928 2672 dicam,
2959 2606 3153 2661 falsum
3183 2609 3405 2673 bonum,
3438 2609 3521 2664 vel

1942 2693 2147 2748 malum
2177 2694 2278 2749 sub
2319 2695 2486 2765 ﬁgura
2521 2697 2643 2751 boui
2688 2696 2879 2763 latens,
2925 2697 3079 2767 cujus
3108 2698 3316 2754 fructus
3350 2702 3523 2755 mixta

1942 2786 2170 2842 scientia
2198 2795 2303 2850 est,
2334 2788 2437 2841 hoc
2470 2796 2575 2851 est,
2612 2788 2857 2842 confusa.
2889 2788 3251 2844 Confunditur
3276 2791 3419 2845 enim
3451 2806 3519 2845 ex

1945 2876 2091 2929 malo
2116 2875 2336 2938 latente,
2364 2884 2411 2929 et
2440 2891 2507 2930 ex
2539 2874 2711 2933 forma
2739 2877 2864 2931 boni
2896 2878 3183 2947 patefacta,
3208 2894 3270 2934 ac
3286 2894 3392 2950 per
3422 2880 3524 2935 hoc

1947 2964 2369 3033 seducit-primo
2411 2980 2650 3030 sensum,
2691 2965 2746 3019 in
2786 2981 2897 3035 quo
2923 2976 3028 3033 est,
3060 2968 3219 3023 veluti
3242 2972 3521 3037 quandam

1938 3053 2227 3121 mulierem
2257 3053 2565 3109 discernere
2596 3071 2702 3110 non
2756 3057 3021 3112 valentem
3061 3058 3201 3115 inter
3238 3059 3521 3125 matttiam,

246 3148 463 3219 ~partis,
490 3124 576 3217 qui
610 3148 663 3202 in
726 3158 749 3191 ι
785 3149 896 3203 sola
920 3124 1100 3203 anima
1125 3151 1345 3205 omnino
1370 3124 1919 3207 absolute-consti-kC
1950 3161 2087 3215 quae
2124 3146 2274 3208 Ιιιιοι,
2300 3155 2358 3201 et
2405 3146 2633 3201 fortnam
2661 3148 2808 3213 boni,
2838 3165 2943 3219 qua
2973 3149 3084 3219 ipsa
3113 3150 3316 3205 malitia
3350 3151 3524 3205 ambi-

268 3246 419 3292 tutus
447 3247 549 3304 est,
600 3238 1022 3308 incorruptibilis
1066 3250 1121 3294 et
1165 3240 1466 3297 insolubilis
1496 3250 1550 3297 et
1594 3252 1849 3310 aeternus

250 3330 487 3394 1uerito,
517 3330 642 3384 dum
690 3331 743 3385 in
784 3345 850 3385 eo
880 3330 1058 3401 imago
1099 3330 1310 3386 divinae
1341 3342 1566 3387 naturae
1588 3334 1846 3404 expressa

256 3428 377 3473 est.
405 3419 634 3489 Ideoque
662 3435 694 3475 a
722 3419 961 3486 Graecis,
996 3428 1051 3475 ut
1097 3421 1149 3475 in
1175 3423 1447 3491 prioribus
1472 3423 1627 3479 libris
1660 3424 1850 3480 docui-

260 3524 416 3572 mus,
442 3512 617 3573 οὐσία,
646 3510 884 3583 δύναμις,
915 3521 970 3566 et
1007 3512 1228 3589 ἐνέργεια
1274 3513 1548 3584 praefatus
1579 3516 1845 3579 ternarias

271 3600 545 3653 humanae
584 3599 799 3655 animae
826 3601 1111 3667 vocitatur,
1142 3604 1232 3670 qui
1262 3612 1400 3657 teste
1428 3614 1622 3673 sancto
1654 3604 1850 3676 Diony-

271 3690 355 3744 sio
384 3704 485 3744 nec
530 3690 686 3755 solvi,
726 3706 832 3746 nec
877 3693 1169 3762 corrumpi,
1216 3708 1316 3747 nec
1346 3693 1452 3748 ullo
1481 3695 1641 3749 modo
1665 3697 1848 3765 perire

242 3787 469 3848 --potest.
501 3778 792 3835 Considera
828 3795 956 3850 ergo
992 3785 1362 3838 extremitates
1390 3785 1656 3838 humanae
1687 3796 1847 3840 natu-

266 3885 371 3925 rae
399 3870 561 3926 veluti
602 3872 898 3942 cujnspiam
927 3874 1159 3943 paradisi
1191 3876 1452 3929 terminos
1490 3891 1703 3931 sursum
1727 3892 1850 3931 ver-

271 3975 368 4015 sus
393 3968 551 4030 atque
575 3959 849 4029 deorsum,
878 3973 1030 4017 extra
1058 3979 1193 4033 quos
1220 3964 1362 4019 nulla
1392 3974 1574 4021 creata
1596 3966 1852 4038 intelligi-

263 4063 369 4109 «tur
394 4064 605 4109 natura.
636 4056 910 4125 Siquidem
942 4056 1081 4111 ultra
1122 4058 1361 4115 animum
1392 4059 1540 4113 solus
1579 4058 1720 4115 Deus
1745 4069 1847 4126 est,

275 4144 414 4199 infra
443 4148 745 4212 materiam,
774 4163 972 4219 corpus
1014 4150 1134 4204 dico
1178 4151 1373 4215 solum,
1411 4153 1540 4207 nihil
1584 4163 1706 4217 est;
1742 4171 1848 4210 non

268 4234 409 4289 illud
438 4235 585 4300 nihil,
612 4240 753 4307 quod
780 4254 880 4309 per
901 4239 1272 4295 excellentiam
1294 4251 1535 4305 naturae,
1568 4244 1662 4298 sed
1695 4244 1842 4307 illud,

240 4329 419 4397 quod
448 4346 561 4399 sper
608 4332 959 4401 privationem
1011 4334 1176 4389 totius
1220 4344 1444 4391 naturae
1472 4346 1531 4390 et
1565 4338 1764 4392 dicitur
1792 4346 1851 4393 et

240 4418 561 4488 cogitatur.
592 4420 834 4478 Invenies
864 4424 1065 4493 itaque,
1104 4426 1156 4479 ni
1188 4424 1376 4488 fallor,
1418 4428 1655 4483 animum
1698 4446 1847 4484 stun-

272 4525 424 4563 mum
450 4519 674 4566 naturae
701 4514 965 4569 humanae
999 4515 1171 4570 locum
1187 4516 1469 4583 'obtincre,
1500 4534 1696 4589 corpus
1720 4536 1849 4575 vero

277 4600 554 4654 nrateriale
601 4601 862 4657 inﬁmum.
913 4604 1126 4660 Intuere
1174 4608 1342 4662 etiam
1387 4611 1561 4665 media
1609 4613 1849 4678 ejusdem

272 4695 522 4750 naturae,
560 4699 616 4743 et
659 4690 895 4746 invenies
926 4692 1062 4746 infra
1102 4695 1342 4750 animum
1388 4699 1655 4768 superius
1683 4702 1852 4754 ratio-

240 4828 247 4833 .
275 4792 427 4843 nem,
452 4793 611 4847 supra
647 4794 841 4851 corpus
867 4781 1091 4838 inferius
1129 4785 1341 4840 vitalem
1383 4797 1607 4852 motum,
1636 4791 1852 4844 nutriti-~

277 4881 403 4922 vam
431 4868 552 4923 dico
576 4869 774 4937 vitam;
822 4880 879 4926 et
920 4872 1113 4927 iterum
1146 4874 1199 4927 in
1229 4874 1343 4944 ipsa
1377 4876 1666 4932 medietate
1696 4888 1850 4933 natu-

278 4971 397 5024 rae,
422 4959 584 5013 veluti
618 4961 669 5015 in
704 4962 879 5016 medio
904 4963 1161 5032 paradisi,
1201 4966 1337 5021 duos
1362 4981 1577 5033 sensus,
1607 4969 1845 5024 exterio-

238 5102 245 5107 .
279 5066 395 5105 rem
441 5051 703 5117 videlicet,
728 5053 877 5108 vitali
908 5056 1072 5110 motui
1103 5057 1423 5127 corporique
1447 5058 1849 5125 adhaerentem,

248 5149 347 5209 _ct_
378 5141 712 5205 interiorem,
757 5143 949 5199 rationi
1004 5145 1289 5215 animoque
1320 5147 1756 5215 inseparabiliter
1797 5157 1853 5203 et

244 5284 251 5289 .
280 5232 811 5307 consubstantialiter
841 5233 862 5261 ⁸
883 5235 1246 5305 conjunctnm.
1269 5236 1326 5291 In
1350 5239 1434 5293 his
1460 5238 1621 5308 igitur
1645 5241 1852 5299 duobus

238 5370 246 5388 ,
279 5320 552 5386 sensibus,
585 5321 747 5376 veluti
773 5323 826 5376 in
853 5324 1171 5392 quibusdam
1201 5325 1412 5382 duobus
1439 5327 1572 5382 locis
1624 5330 1784 5384 medii
1831 5330 1854 5362 ³

279 5410 555 5469 humanae
603 5423 826 5471 naturae
885 5418 1146 5487 paradisi,
1198 5418 1303 5474 duo
1358 5420 1446 5474 illa
1500 5420 1857 5492 iutelligibilia

1949 3244 2054 3289 tur.
2103 3234 2303 3289 Malitia
2351 3236 2619 3304 siquidem
2669 3252 2766 3306 per
2801 3251 2860 3292 se
2891 3237 3207 3293 deformitas
3254 3241 3520 3307 quaedam

1944 3337 2032 3381 est
2067 3336 2124 3381 et
2148 3327 2525 3383 abominabilis
2555 3328 2852 3399 turpitudo,
2879 3345 3040 3399 quam
3071 3330 3115 3384 si
3164 3345 3260 3399 per
3288 3331 3520 3399 seipsam

1945 3434 2137 3475 errans
2162 3435 2352 3475 sensus
2376 3430 2743 3487 cognosceret,
2774 3437 2880 3476 non
2907 3421 3079 3476 solum
3125 3439 3229 3477 non
3271 3437 3525 3491 sequere-

1940 3519 2056 3576 tur,
2105 3526 2280 3581 neque
2307 3526 2370 3565 ea
2399 3512 2788 3575 delectaretur,.
2809 3526 2995 3567 verum
3023 3511 3183 3566 etiam
3232 3510 3440 3581 fugeret
3468 3522 3525 3566 et

1942 3601 2287 3654 abhorreret.
2336 3600 2498 3653 Errat
2538 3611 2716 3655 autem
2761 3600 3020 3671 insipiens
3064 3617 3274 3667 sensus,
3323 3618 3388 3658 ac
3430 3618 3528 3672 per

1949 3691 2051 3745 hoc
2078 3691 2361 3761 decipitur,
2391 3691 2617 3746 credens
2662 3692 2862 3747 malum
2910 3694 3109 3748 bonum
3139 3704 3195 3749 et
3237 3695 3525 3764 pulchrum

1949 3796 2089 3847 esse,
2120 3792 2175 3836 et
2195 3784 2263 3836 ad
2293 3798 2447 3838 nsunt
2474 3799 2657 3837 suave.
2692 3782 2852 3839 Verbi
2897 3786 3090 3856 gratia,
3118 3795 3176 3840 ut
3205 3787 3387 3855 aliquo
3411 3796 3528 3840 uta-

1948 3888 2071 3927 mur
2099 3872 2368 3942 exemplo,
2413 3874 2539 3926 dum
2584 3874 2865 3942 phantasia
2909 3876 3047 3947 auri,
3095 3875 3177 3937 vel
3224 3876 3524 3944 cuiuspiam

1949 3961 2222 4017 sensibilis
2246 3962 2507 4033 materiae
2534 3972 2795 4037 corporeo
2824 3965 3004 4021 scusui
3038 3965 3382 4032 imprimitur,
3411 3966 3524 4034 ipsa

1949 4053 2231 4123 phantasia
2285 4052 2507 4123 pulchra
2551 4062 2713 4123 atque
2762 4052 2994 4109 formosa
3044 4055 3273 4119 videtur,
3304 4058 3428 4124 quia
3460 4058 3526 4110 de

1949 4156 2195 4200 creatura
2222 4146 2362 4200 bona
2382 4145 2718 4200 extrinsecus
2740 4156 3013 4215 assumpta
3039 4156 3158 4210 est;
3188 4150 3280 4201 sed
3312 4148 3522 4213 mulier,

1952 4238 2056 4292 hoc
2083 4247 2185 4303 est,
2216 4236 2450 4292 carnalis
2484 4251 2675 4291 sensus
2704 4238 2971 4305 decipitur
2987 4248 3041 4291 et
3070 4237 3392 4300 delectatur,
3417 4254 3522 4293 nou

1950 4332 2189 4386 sentiens
2217 4330 2470 4384 latentem
2501 4330 2602 4383 sub
2637 4330 2749 4397 ipsa
2790 4327 2927 4383 falsa
2956 4338 3011 4384 et
3053 4330 3385 4398 phantastica
3416 4330 3527 4398 pul-

1950 4422 2255 4478 chritudine
2275 4420 2558 4484 malitiam,
2594 4420 2695 4474 hoc
2732 4428 2834 4482 cst,
2875 4420 3258 4491 pbilargyrtam
3284 4421 3332 4484 ",
3379 4435 3519 4489 quae

1952 4525 2026 4567 est
2052 4513 2205 4566 radix
2232 4513 2462 4565 omnium
2491 4510 2770 4567 malorum.
2801 4510 2903 4577 Qui
2930 4512 3111 4565 viderit
3151 4513 3422 4566 mulierem
3455 4513 3525 4566 ml

1951 4602 2415 4670 concupiscendum
2436 4617 2571 4663 eam,
2597 4601 2854 4655 Dominus
2881 4601 3071 4670 inquit,
3086 4601 3202 4670 jam
3229 4604 3526 4655 moechatus

1952 4696 2041 4765 erit.
2064 4696 2118 4747 in
2157 4693 2312 4746 corde
2337 4709 2448 4746 suo.
2487 4692 2564 4744 Ac
2597 4691 2640 4744 si
2669 4700 2855 4760 aperte
2888 4692 3092 4745 diceret
3125 4709 3138 4743 :
3171 4690 3274 4758 Qui
3303 4690 3527 4761 phanta-

1953 4784 2089 4838 siam
2115 4781 2182 4837 de
2221 4780 2391 4836 forma
2434 4778 2668 4834 feminea
2709 4794 2807 4833 suo
2847 4779 3052 4853 carnali
3102 4780 3275 4850 inﬁgit
3320 4780 3524 4844 sensui,

1947 4875 2060 4944 jam
2095 4874 2407 4928 moechatus
2431 4880 2511 4926 est
2540 4871 2593 4925 in
2626 4871 2949 4941 cogitatione
2974 4886 3091 4934 sua.
3131 4881 3384 4941 appetens
3411 4881 3525 4925 tur-

1953 4965 2247 5037 pitudinem
2296 4962 2552 5025 libidinis,
2614 4976 2754 5030 quae
2797 4976 2855 5016 se
2900 4960 3130 5015 latenter
3169 4962 3393 5017 attrahit
3424 4964 3526 5017 sub

1955 5057 2087 5111 falsa
2117 5056 2205 5109 illa
2240 5053 2515 5108 muliebris
2557 5052 2762 5107 formae
2791 5052 3187 5120 imaginatione.
3216 5051 3310 5105 Est
3336 5052 3523 5121 igitur,

1954 5156 2015 5202 ut
2041 5144 2427 5218 praediximus,
2473 5143 2673 5211 lignum
2700 5142 2956 5197 scientiae
2984 5143 3107 5197 boni
3134 5153 3189 5197 et
3214 5143 3340 5196 mali
3376 5143 3530 5197 mali-

1957 5239 2028 5292 tia
2054 5235 2356 5307 perniciosa
2383 5231 2792 5301 mortiferaquc,
2819 5232 2870 5286 in
2893 5233 3059 5302 ﬁgura
3076 5231 3196 5286 boni
3214 5231 3526 5302 imaginata,

1955 5341 2013 5388 et
2045 5332 2148 5385 hoc
2189 5329 2390 5399 lignum
2418 5327 2440 5358 ⁸
2467 5326 2629 5401 veluti
2679 5326 2820 5379 intra
2865 5324 3133 5394 quandam
3163 5324 3437 5386 feminam,
3474 5324 3527 5379 in

1961 5421 2165 5479 carnali
2197 5420 2403 5476 scilicet
2425 5418 2446 5450 ’
2472 5434 2657 5481 sensu,
2686 5432 2844 5487 quem
2895 5418 3120 5487 decipit,
3145 5418 3524 5481 consumtum;

1553 5537 1805 5594 VARIAE
1843 5535 2243 5595 LECTIONES.

473 5622 925 5698 rerunrorngium.
1023 5624 1047 5698 ξ
1072 5623 1163 5679 Sic
1189 5624 1305 5691 CF;
1337 5625 1375 5679 Α
1406 5627 1628 5698 unguinis
1647 5638 1813 5698 parte.

1899 5630 1920 5662 ³
1951 5631 2004 5683 in
2028 5644 2136 5683 om.
2163 5626 2227 5680 Α.

2328 5624 2350 5655 ⁸
2376 5622 2467 5680 Sic
2490 5622 2553 5687 A;
2587 5621 2671 5677 CF
2701 5620 3133 5675 tonstnntiah’ler.
3222 5620 3343 5676 'Sic
3364 5619 3467 5680 CF;
3489 5623 3531 5676 A

202 5696 205 5697 ν
281 5690 490 5745 ,πράξετ’
564 5691 586 5722 ι
611 5691 700 5748 Sic
718 5692 834 5759 CF;
861 5693 989 5749 Αεει
1010 5690 1314 5766 ﬁguratum,
1364 5698 1384 5728 "
1407 5695 1491 5753 CF
1528 5690 1861 5771 pltilnrgiam.
1914 5701 1934 5730 '
1958 5700 2049 5756 Sic
2077 5698 2183 5765 Cl“;
2203 5698 2241 5749 Λ
2270 5704 2346 5750 est
2378 5696 2599 5765 lignum.
2653 5695 2674 5725 ’
2698 5691 2786 5746 Sic
2816 5690 2922 5758 Ci“;
2951 5693 2991 5747 A
3012 5692 3282 5779 scilicetin
3308 5691 3528 5746 carnali.
