4028 6282
508 326 610 384 827

1901 296 2175 358 lOANNIS
2211 297 2408 356 SCOTl

507 444 595 499 cui
645 437 822 495 sensui
867 433 912 490 si
960 432 1173 486 animus
1219 421 1581 483 consenserit,
1619 418 1785 474 totius
1824 417 2092 471 lmmanae
2120 419 2171 477 Α
2198 413 2546 469 inferuntur:
2582 412 2635 467 in
2678 418 2940 482 quantum
2989 423 3118 465 vero
3161 407 3335 478 ipsum
3371 405 3574 462 malum
3609 405 3786 462 forma

507 542 734 590 naturae
768 530 782 559 ¹
813 523 1093 594 integritas
1121 515 1506 584 corrumpitur.
1541 507 1917 565 Excelsissima
1941 521 2093 558 nam-

508 637 615 693 que
671 628 897 673 naturae
933 593 1103 683 Sparte
1156 604 1589 678 praevaricante,
1640 597 1817 667 qualis
1868 593 2094 649 inferior

508 685 655 768 salva
686 703 1021 764 remanebit?
1049 700 1217 770 Cujus
1247 696 1373 766 ligni
1403 694 1609 747 fructus
1627 691 1793 744 mixta
1819 689 1839 718 ¹¹
1870 685 2094 743 srientia

508 813 593 859 est
633 817 698 857 ex
736 800 876 855 bono
902 805 957 850 et
986 794 1154 855 malo,
1190 792 1290 844 hoc
1315 795 1418 850 est,
1449 784 1772 838 indiscretus
1799 778 1923 832 ntali
1954 778 2095 831 bono

512 891 789 962 nuaginati
824 886 1115 958 appetitus,
1146 889 1200 934 et
1244 892 1417 941 amor,
1461 882 1516 928 et
1544 867 2010 938 concupiscentia,
2041 874 2097 920 et

511 958 818 1045 delectatio,
850 994 946 1049 per
976 990 1136 1045 quam
1166 972 1187 1002 ³
1217 968 1378 1025 veluti
1411 981 1508 1036 per
1532 962 1799 1032 quendam
1816 958 2098 1012 colubrum

510 1084 771 1144 antiquus
814 1048 985 1124 hostis
1018 1062 1233 1120 humani
1280 1057 1520 1129 generis.
1544 1054 1718 1124 prium
1758 1048 2098 1121 praevarica-

515 1137 715 1218 tionem
742 1158 933 1220 suasit,
950 1153 1142 1210 deinde
1168 1159 1395 1204 mortem
1412 1145 1578 1200 totius
1604 1152 1830 1196 naturae
1855 1137 2055 1206 adjecit
2078 1151 2095 1188 :

513 1255 728 1310 animae
758 1250 972 1320 quidem
1019 1241 1319 1299 deserentis
1350 1240 1544 1299 Deum,
1588 1232 1835 1302 corporis
1865 1245 1996 1284 vero
2030 1228 2098 1281 ab

514 1346 696 1399 anima
739 1319 956 1396 deserti.
999 1333 1237 1389 Scientia
1270 1331 1449 1397 itaque
1490 1326 1544 1379 in
1576 1324 1680 1378 hoc
1710 1322 1826 1376 loco
1871 1335 1976 1374 non
2007 1319 2102 1372 do-

515 1439 748 1495 ctrinam
776 1430 1042 1503 quandam
1068 1422 1393 1494 cognitionis
1413 1432 1468 1474 et
1509 1414 1908 1486 dijudicationis
1949 1419 2103 1464 uatu-

515 1543 741 1590 rarum,
793 1499 902 1577 sed
983 1517 1230 1572 illicitum
1310 1520 1511 1566 motum
1586 1516 1749 1574 atque
1817 1499 2099 1557 confusum

517 1620 814 1693 appetitum
870 1614 937 1668 ad
983 1604 1475 1678 concupiscendum
1528 1600 1770 1662 malum,
1822 1596 1927 1651 hoc
1974 1600 2099 1655 est,

517 1684 799 1786 peccatum
844 1702 1213 1762 similitudinis
1250 1697 1376 1753 boni
1416 1694 1549 1749 falsa
1594 1690 1773 1762 specie
1808 1684 2100 1742 seducendi

2196 505 2321 559 boni
2355 504 2640 570 ambitum,
2689 517 2755 556 ac
2795 516 2892 571 per
2937 500 3174 570 seipsum
3206 497 3436 553 informe
3460 507 3518 552 et
3542 498 3793 567 incognio

2198 605 2309 651 tum
2358 595 2556 649 malum
2587 602 2690 656 est,
2733 606 2832 646 nec
2878 607 2905 645 a
2932 591 3042 645 Deo
3083 606 3203 645 esse
3244 594 3288 655 ',
3339 604 3439 645 nec
3488 590 3556 642 ab
3604 588 3790 658 aliqua

2197 702 2358 741 causa
2387 694 2536 742 certa
2565 701 2630 740 ac
2658 684 2915 739 definita?
2951 681 3147 736 Malum
3171 682 3436 750 siquidem
3463 682 3679 735 varium
3705 688 3793 736 est

2198 788 2252 834 et
2279 777 2574 842 iucausale,
2608 775 2861 845 quoniam
2895 775 2948 827 in
2978 788 3159 828 rerum
3190 781 3383 825 natura
3407 771 3635 825 omnino
3658 772 3789 825 sub-

2199 866 2524 921 stantialiter
2567 880 2672 918 non
2719 864 3009 917 invenitur.
3060 860 3195 914 lllud
3243 860 3409 928 igitur
3451 859 3683 930 lignum,
3733 860 3789 913 in

2199 968 2460 1030 quantum
2486 956 2682 1010 malum
2712 964 2816 1019 est,
2851 953 2979 1007 nulli
3007 965 3204 1007 causae
3230 950 3485 1013 refertur,
3518 949 3649 1018 quia
3674 965 3793 1001 om-

2201 1051 2328 1105 nino
2368 1048 2501 1103 nitil
2551 1055 2635 1101 est
2665 1064 2680 1101 :
2707 1046 2759 1099 in
2790 1052 3051 1115 quantum
3082 1058 3210 1096 vero
3242 1041 3511 1095 formatur
3533 1041 3700 1104 bono,
3735 1048 3796 1092 ut

2201 1141 2446 1196 incautos
2470 1138 2725 1208 decipiat,
2755 1136 3011 1205 quoniam
3042 1134 3266 1187 materia
3301 1132 3409 1196 illa,
3437 1128 3597 1196 cujus
3622 1130 3794 1199 phan-

2202 1233 2337 1287 tasia
2381 1232 2666 1293 formatur,
2718 1243 2785 1282 ex
2826 1226 3068 1280 omnium
3116 1223 3381 1278 bonorum
3415 1221 3702 1276 conditore
3737 1227 3793 1273 et

2202 1323 2345 1379 facta
2387 1331 2492 1387 est,
2539 1329 2594 1375 et
2639 1321 2779 1374 hcua
2810 1326 2912 1381 est,
2950 1333 3056 1371 non
3084 1316 3307 1371 omnino
3338 1312 3562 1378 malum.
3593 1311 3791 1365 Forma

2203 1415 2409 1483 itaque,
2435 1427 2531 1482 per
2559 1426 2721 1481 quam
2751 1409 2949 1463 malum
2972 1408 3181 1463 seducit
3202 1421 3317 1469 eos,
3339 1420 3477 1473 quos
3503 1403 3791 1466 interimit,

2202 1505 2341 1559 bona
2382 1514 2487 1565 est,
2535 1502 2791 1571 quoniam
2841 1497 3141 1567 cujuspiam
3174 1497 3297 1551 boni
3335 1495 3628 1564 phantasia
3669 1504 3791 1547 est:

2204 1578 2377 1664 ipsum
2401 1608 2531 1647 vero
2554 1590 2751 1645 malum
2776 1589 2996 1643 omnino
3020 1586 3217 1640 ntalqu
3242 1595 3344 1650 eSt,
3365 1592 3466 1637 eta
3483 1582 3636 1636 nullo
3656 1582 3795 1635 bone

2205 1685 2428 1749 factum,
2457 1682 2711 1753 quoniam
2753 1679 2898 1733 omni
2950 1679 3090 1732 houo
3131 1685 3213 1731 est
3252 1675 3613 1729 contrarium.
3661 1671 3797 1727 Pro-

516 1764 690 1875 gratia
727 1798 1025 1855 coloratum
1063 1791 1354 1862 signiﬁcat.
1384 1785 1495 1840 Sed
1539 1780 1788 1836 fortassis
1837 1788 2100 1847 quaerere
2130 1765 2176 1825 Β
2209 1777 2332 1831 inde
2359 1776 2403 1831 si
2434 1782 2684 1829 naturam
2707 1769 3139 1843 phantasiarum,
3164 1767 3358 1837 quibus
3378 1764 3663 1821 celeratur
3682 1781 3798 1817 tita-

514 1865 621 1959 vis,
655 1900 834 1944 utrum
872 1888 1014 1942 Deus
1059 1883 1164 1938 tale
1210 1880 1448 1950 lignum,
1496 1872 1651 1944 cujus
1707 1869 1916 1923 fructus
1966 1865 2102 1918 mix-

522 1954 617 2040 tus
674 1990 835 2051 atque
888 1975 1147 2033 confusus
1200 1968 1469 2041 appetitus
1512 1972 1597 2018 est
1651 1961 1778 2017 boni
1821 1966 1876 2012 et
1933 1954 2100 2017 ntali,

515 2074 671 2145 cujus
726 2045 919 2127 natura
972 2074 1056 2123 est
1110 2062 1309 2119 malum
1383 2054 1668 2128 phantasia
1718 2049 1843 2106 boui
1898 2045 2104 2101 colorao

516 2139 657 2232 tuin,
688 2165 843 2234 cujus
871 2176 995 2216 esca
1018 2171 1180 2213 causa
1205 2152 1394 2208 mortis
1419 2148 1620 2211 extitit,
1652 2146 1705 2199 iu
1723 2140 1977 2213 paradiso
2003 2139 2105 2192 hu-

517 2269 713 2313 tnanae
746 2261 971 2308 naturae
994 2244 1287 2316 plantavit?
1315 2243 1458 2297 Dtsc.
1498 2235 1751 2292 Profecto
1784 2247 2008 2302 quaero,
2051 2236 2108 2284 et.

519 2360 623 2402 nec
643 2344 817 2399 otiose
851 2336 1218 2410 quaerendum
1249 2331 1429 2385 video.
1468 2328 1524 2383 Si
1562 2327 1705 2381 enim
1733 2324 1874 2378 Deus
1903 2320 2108 2376 creavit

521 2436 677 2501 illud,
723 2408 968 2488 fortassis
1015 2424 1388 2483 aestimabitur
1412 2408 1660 2476 condito?
1687 2414 1833 2479 mali,
1861 2420 1918 2467 et
1946 2425 2107 2466 causa

521 2524 717 2582 mortis
754 2537 896 2587 esse,
936 2518 1077 2590 quod
1122 2514 1497 2585 impiissimum
1535 2507 1716 2565 estde
1744 2513 1964 2560 auctore
1992 2516 2108 2555 om.-

520 2615 672 2670 nium
722 2589 986 2667 bonorum
1031 2608 1231 2669 dicere,
1294 2610 1499 2672 quanto
1550 2596 1721 2668 magis
1765 2594 1987 2649 credere
2026 2589 2108 2645 vel

520 2703 855 2759 existimare.
899 2699 955 2754 Si
980 2696 1159 2752 autem
1191 2710 1222 2749 a
1249 2695 1359 2749 Deo
1388 2707 1492 2746 non
1517 2697 1602 2745 est
1625 2689 1942 2758 plantatum,
1966 2681 2109 2738 unde

521 2792 652 2848 illud
684 2799 911 2845 naturae
940 2787 1207 2842 lnnuauae
1232 2793 1315 2837 est
1349 2778 1606 2834 insitum?
1638 2776 1773 2831 Μια.
1800 2774 1984 2829 Primo
2008 2772 2111 2826 ita-

521 2897 629 2953 que
654 2880 984 2937 consuleuda
1008 2886 1092 2931 est
1118 2890 1274 2930 sacra
1302 2871 1604 2942 Scriptura,
1632 2882 1772 2937 quae
1802 2866 2113 2920 incunctan-

520 2983 610 3030 ter
637 2973 766 3029 illud
796 2972 1022 3043 lignum,
1065 2966 1210 3037 quod
1252 2972 1337 3020 est
1378 2967 1502 3025 πᾶν,
1534 2960 1602 3013 ad
1639 2958 1876 3011 divinam
1902 2954 2112 3024 planta-

524 3068 725 3122 tionem
765 3063 1037 3133 pertinere
1067 3066 1322 3121 testatur,
1354 3054 1539 3108 dicens
1566 3068 1579 3104 :
1618 3048 1976 3117 Pi‘oduxitque
2008 3044 2113 3098 Do-

2206 1868 2338 1931 lum,
2370 1865 2512 1934 quod
2559 1880 2658 1933 per
2706 1863 2944 1932 scipsntn
2990 1871 3252 1929 apparere
3282 1872 3386 1911 non
3416 1864 3621 1926 potest,
3661 1869 3798 1923 quo-

2206 1959 2352 2014 niam
2393 1955 2625 2011 iuforme
2674 1963 2728 2009 et
2770 1952 3012 2009 deforme
3039 1960 3096 2006 et
3123 1960 3276 2019 turpe
3306 1959 3391 2004 est
3413 1958 3468 2004 et
3496 1946 3794 2009 incausale,

2205 2049 2328 2119 quis
2341 2059 2496 2103 acute
2513 2046 2807 2117 inspexerit
2829 2045 2894 2108 "',
2914 2044 3082 2114 ipsam
3105 2040 3346 2120 profecto
3361 2038 3588 2093 omnino
3599 2038 3797 2093 bonam

2206 2142 2460 2213 reperiet.
2485 2139 2637 2207 Quod
2670 2137 2760 2194 tali
2793 2144 3111 2208 argumento
3137 2131 3583 2189 manifestissime
3603 2146 3797 2200 possu-

2207 2249 2328 2289 mus
2365 2232 2684 2302 approbare.
2738 2228 3009 2283 Pouamus
3051 2226 3091 2268 ι¹
3149 2225 3284 2281 duos
3330 2222 3606 2286 homines,
3630 2235 3798 2275 unum

2206 2323 2423 2393 quidem
2460 2321 2782 2390 sapientem,
2805 2326 2861 2372 et
2889 2316 3034 2371 nullo
3070 2315 3228 2372 modo
3254 2313 3518 2368 avaritiae
3562 2308 3799 2366 stimulis

2210 2412 2484 2469 titillatum
2529 2426 2623 2466 seu
2663 2416 3081 2477 compunctum;
3114 2405 3341 2461 alterum
3379 2419 3510 2459 vero
3544 2402 3799 2468 stultum,

2209 2520 2456 2568 avarum,
2502 2502 2722 2559 omnino
2762 2514 3056 2570 perversae
3094 2497 3407 2567 cupiditatis
3434 2494 3647 2550 aculeis
3670 2508 3804 2549 eon-

2212 2597 2377 2653 fixnm
2405 2610 2470 2649 ac
2494 2594 2811 2649 laceratum.
2844 2589 2939 2645 llis
2965 2588 3174 2645 duobus
3199 2604 3306 2643 uno
3333 2588 3453 2642 loco
3478 2585 3798 2641 constitutis

2213 2685 2472 2740 alferatur
2497 2698 2592 2737 vas
2623 2680 2836 2750 aliquod
2865 2679 3055 2735 obrizo
3087 2693 3221 2733 auro
3255 2676 3482 2741 factum,
3513 2674 3801 2745 pretiosis-

2210 2778 2368 2834 simis
2413 2774 2643 2847 gemmis
2685 2772 3021 2836 decoratum,
3049 2770 3221 2825 forma
3245 2768 3615 2840 pulcherrima
3650 2781 3805 2821 eom-

2212 2870 2471 2941 positum,
2511 2864 2676 2936 regali
2727 2878 2831 2918 usu
2875 2862 3119 2933 dignum.
3152 2860 3327 2914 Ambo
3352 2858 3480 2913 illud
3503 2856 3806 2928 aspiciunt,

2214 2959 2433 3030 sapiens
2460 2956 2713 3011 videlicet
2741 2963 2798 3007 et
2820 2967 3038 3017 avarus,
3065 2951 3226 3005 ambo
3260 2948 3428 3019 ipsius
3453 2947 3599 3001 vasis
3622 2946 3808 3015 phan—

2217 3049 2412 3105 tasiam
2455 3062 2556 3101 suo
2595 3058 2856 3113 corporeo
2886 3056 3047 3097 sensu
3080 3038 3365 3107 recipiunt,
3397 3037 3692 3093 memoriae
3720 3036 3811 3090 in-

527 3109 725 3122 ..ν..ν...
766 3109 1034 3133 r-.-----__
1069 3109 1226 3114 --ην
1309 3109 1321 3121 ,
1888 3109 1900 3117 _

524 3155 699 3212 minus
732 3153 871 3207 Deus
905 3151 970 3204 de
1009 3151 1166 3202 Immo
1226 3144 1248 3176 δ
1283 3158 1437 3197 omne
1463 3141 1662 3210 lignum
1700 3135 1975 3207 pulchrum
2002 3134 2110 3188 visu

2222 3140 2415 3211 ﬁgunt,
2444 3109 2774 3208 cogitatione
2805 3140 3057 3189 tractant.
3092 3131 3159 3185 Et
3176 3130 3403 3200 sapiens
3426 3128 3645 3199 quidem
3668 3127 3811 3183 sim.

525 3255 576 3300 et
610 3246 680 3299 ad
721 3241 1024 3298 vescendum
1060 3252 1264 3300 suave;
1299 3249 1365 3288 ac
1390 3231 1552 3287 veluti
1587 3229 1756 3299 ipsius
1780 3225 1930 3296 ligni,
1972 3223 2116 3293 quod

526 3346 614 3394 est
656 3350 826 3400 omne,
870 3332 1185 3403 qualitatem
1208 3326 1540 3397 explanatis:
1573 3322 1769 3392 lignum
1798 3319 1954 3373 etiam
1983 3317 2115 3370 vitae

526 3429 587 3485 in
619 3428 791 3481 medio
814 3424 1071 3496 paradisi.
1114 3422 1194 3476 Ac
1218 3421 1262 3475 si
1291 3427 1475 3489 aperte
1501 3417 1724 3477 diceret,
1758 3411 1885 3466 illud
1912 3410 2114 3479 lignum

529 3532 640 3574 non
669 3516 841 3571 solum
866 3528 1027 3569 omne
1055 3513 1251 3567 bonum
1277 3519 1361 3563 est
1409 3508 1430 3539 ⁸
1459 3516 1512 3562 et
1546 3518 1706 3559 omne
1730 3501 2036 3572 pulchrum,
2062 3507 2115 3553 et

531 3607 713 3662 omnis
733 3620 858 3660 esea
888 3603 1069 3659 suavis
1090 3616 1154 3656 ac
1174 3598 1492 3670 spiritualis,
1518 3610 1702 3649 verum
1724 3592 1888 3647 etiam
1914 3590 2115 3658 lignum

538 3696 689 3751 vitae
714 3694 756 3760 ',
791 3709 898 3763 quo
943 3692 1076 3746 vivit
1114 3686 1395 3760 paradisus
1442 3685 1549 3746 ille,
1592 3684 1823 3737 hmnana
1869 3678 2119 3732 videlicet

533 3797 752 3852 natura,
776 3786 828 3840 in
860 3782 1014 3852 cujus
1042 3781 1218 3837 medio
1247 3778 1595 3834 constitutum
1623 3781 1724 3828 est.
1748 3772 1898 3839 Quod
1935 3780 2115 3824 autem

534 3879 782 3950 sequitur
824 3894 838 3930 :
887 3874 1189 3946 lignumque
1234 3870 1484 3926 scientiae
1534 3865 1655 3920 boni
1708 3875 1753 3917 et
1802 3862 1960 3925 muli,
2011 3875 2116 3914 non

533 3973 669 4029 satis
708 3971 906 4034 elucet,
961 3977 1139 4023 utrum
1179 3982 1208 4019 a
1240 3962 1609 4035 superioribus
1634 3957 1929 4028 suppletur,
1960 3963 2017 4008 ιιι
2045 3954 2117 4007 ita

535 4062 770 4133 legatur,
814 4058 1176 4131 produxitque
1222 4055 1426 4124 lignum
1470 4049 1729 4106 scientiae
1752 4046 1955 4102 boniet
1989 4041 2117 4096 mali

537 4153 593 4209 in
617 4152 794 4207 medio
831 4148 1091 4219 paradisi,
1136 4142 1589 4217 quemadmodum
1621 4140 1821 4210 lignum
1848 4138 2010 4198 vitae.
2050 4151 2117 4189 an

537 4243 703 4301 etiam
728 4241 801 4295 ita
824 4240 1186 4295 introductum
1209 4245 1293 4292 est
1313 4233 1555 4289 absolute
1581 4248 1595 4285 :
1624 4230 1925 4301 lignumque
1955 4228 2122 4281 scien-

539 4334 644 4389 tiae
678 4332 799 4386 boni
826 4341 875 4385 et
901 4329 1052 4393 mali,
1094 4337 1154 4382 ut
1202 4343 1306 4382 non
1337 4342 1366 4380 a
1400 4328 1506 4381 Deo
1537 4323 1899 4393 intelligamus
1927 4323 2123 4390 produ-

539 4433 689 4479 ctum
739 4422 784 4486 ',
823 4421 916 4475 sed
947 4418 1293 4473 solummodo
1343 4415 1606 4484 superiori
1657 4414 1799 4484 ligno
1849 4409 2119 4466 contraria

540 4512 805 4582 qualitate
834 4509 1157 4579 oppositum,
1183 4516 1242 4561 ut
1267 4505 1716 4576 qumuadmodum
1754 4503 1881 4557 illud
1912 4517 2075 4556 onme
2097 4500 2119 4532 "

541 4596 742 4658 bonum
771 4607 827 4653 et
852 4599 961 4653 vita
986 4612 1258 4666 causaque
1289 4595 1606 4659 viventium,
1631 4594 1705 4647 ita
1732 4601 1786 4648 et
1812 4591 1938 4646 illud
1961 4606 2122 4646 omne

544 4691 745 4747 malum
766 4700 821 4745 et
843 4704 990 4745 mors
1029 4703 1299 4758 causaque
1346 4685 1710 4742 morientium.
1750 4681 1832 4738 An
1863 4681 2001 4737 forte
2030 4683 2121 4737 de-

546 4782 736 4839 bemus
773 4780 1090 4852 intelligere,
1130 4780 1384 4851 quoniam
1440 4778 1698 4834 scientiae
1745 4775 1868 4831 boni
1909 4785 1966 4831 et
1998 4774 2121 4829 mali

546 4882 635 4931 est
660 4873 882 4946 lignum,
913 4873 966 4928 in
994 4880 1257 4942 quantum
1288 4870 1458 4926 forma
1486 4869 1611 4924 boni
1641 4868 1899 4931 ambitur,
1924 4882 1989 4922 ex
2015 4866 2123 4922 Deo

546 4980 688 5033 esse,
717 4964 968 5035 quoniam
997 4964 1112 5033 ipse
1139 4972 1222 5017 est
1254 4962 1416 5016 totius
1445 4960 1652 5015 formae
1687 4969 1744 5014 et
1771 4957 2126 5028 pulchritudi-

547 5057 633 5112 nis
657 5070 845 5121 causa,
889 5056 1002 5109 sive
1033 5054 1149 5124 ipsa
1187 5051 1360 5107 forma
1400 5059 1457 5106 et
1497 5049 1835 5121 pulchritudo
1864 5049 1917 5104 in
1948 5048 2127 5119 aliqua

2152 4460 2199 4520 Ι)

2214 3230 2428 3301 pliciter
2466 3228 2535 3282 ad
2576 3224 2790 3281 laudem
2831 3222 3108 3279 Creatoris
3138 3230 3456 3275 naturarum
3501 3217 3813 3288 pulchritu-

2215 3320 2397 3377 dinem
2448 3317 2593 3372 illius
2631 3316 2799 3380 vasis,
2845 3314 3001 3385 cujus
3040 3312 3383 3383 phantasiam
3416 3310 3557 3364 intra
3595 3315 3812 3362 semet—

2216 3412 2392 3483 ipsum
2416 3409 2747 3474 considerat,
2776 3407 3001 3463 omnino
3027 3403 3214 3460 refert.
3238 3400 3394 3456 Nulla
3416 3400 3466 3456 ei
3490 3398 3816 3469 cupiditatis

2216 3504 2467 3560 illecebra
2511 3501 2778 3572 subrepit,
2824 3499 3032 3554 nullum
3077 3494 3441 3567 philargyriae
3466 3494 3507 3525 “
3530 3506 3813 3546 venenum

2216 3596 2568 3652 intentionem
2605 3608 2775 3665 purae
2804 3592 2972 3662 ipsius
2997 3589 3196 3644 mentis
3224 3587 3415 3651 inlicit,
3451 3583 3596 3639 nulla
3630 3582 3814 3637 libido

2216 3687 2572 3743 contaminat.
2616 3684 2829 3738 Avarus
2880 3696 3008 3736 vero
3053 3679 3273 3751 penitus
3310 3692 3342 3732 e
3377 3675 3670 3732 contrario.
3719 3673 3817 3728 Ille

2219 3790 2451 3845 namque
2488 3789 2633 3838 mox,
2680 3781 2741 3827 ut
2786 3770 3126 3841 phantasiam
3156 3767 3303 3822 vasis
3327 3764 3615 3828 imbiberit,
3646 3764 3818 3834 cupi-

2219 3866 2411 3921 ditatis
2438 3862 2655 3918 ﬂamma
2693 3862 2951 3927 ardescit,
2991 3859 3350 3923 consumitur,
3382 3857 3815 3922 contaminatur,

2222 3956 2471 4020 moritur,
2510 3952 2967 4023 pulchritudinem
3005 3958 3232 4004 naturae
3264 3948 3537 4018 ipsiusque
3562 3945 3813 4016 phanta-

2221 4050 2425 4103 siarutu
2478 4062 2584 4101 non
2623 4045 2691 4101 ad
2729 4044 2942 4098 laudem
2976 4042 3165 4114 ipsius,
3195 4041 3286 4112 qui
3308 4040 3479 4095 dixit:
3510 4036 3696 4093 Hesus
3739 4048 3818 4094 est

2222 4154 2438 4203 aurum,
2476 4152 2650 4191 meum
2682 4143 2762 4191 est
2808 4143 3108 4204 argentum,
3140 4131 3406 4197 referens,
3441 4129 3532 4186 sed
3557 4128 3815 4198 seipsum

2224 4232 2278 4287 in
2304 4228 2717 4286 foetidissimam
2740 4225 3052 4296 cupiditatis
3094 4223 3341 4295 paludem
3384 4223 3725 4291 immergens
3764 4230 3820 4276 et

2225 4323 2583 4395 ingurgitans.
2610 4318 2844 4375 Videsne
2863 4318 3025 4373 unius
3050 4317 3195 4372 vasis
3221 4314 3552 4386 phantasiam
3582 4313 3635 4367 in
3664 4323 3820 4369 utro-

2224 4430 2332 4486 que
2360 4416 2555 4471 bonam
2579 4423 2634 4468 et
2655 4410 2976 4483 pulchram?
3011 4409 3120 4466 Sed
3149 4410 3202 4463 in
3231 4408 3463 4478 sapienti
3488 4421 3648 4463 sensu
3682 4408 3820 4464 siut-

2227 4508 2348 4578 plcx
2373 4515 2458 4562 est
2493 4514 2549 4560 et
2578 4502 2863 4567 naturalis;
2902 4501 3160 4572 nullaque
3191 4499 3242 4553 ei
3277 4499 3322 4531 "
3350 4497 3550 4553 malitia
3585 4499 3815 4563 subest;

2229 4601 2282 4655 in
2316 4614 2481 4654 avaro
2500 4606 2683 4652 autem
2710 4594 2904 4666 duplex
2925 4603 2981 4649 et
3008 4593 3179 4649 mixta
3211 4590 3341 4647 ex:t
3369 4588 3641 4647 contrario
3667 4591 3819 4645 male

2228 4692 2561 4761 cupiditatis,
2604 4706 2744 4760 quae
2780 4690 2830 4746 ei
2866 4690 3148 4754 miscetur,
3180 4697 3236 4745 et
3274 4692 3344 4744 ab
3369 4703 3434 4744 ea
3460 4687 3740 4744 formatur
3763 4699 3817 4745 et

2229 4782 2522 4848 celeratur,
2563 4790 2625 4835 ut
2653 4781 2901 4836 videatur
2931 4794 3052 4835 esse
3082 4779 3304 4844 bonum,
3332 4779 3458 4835 dum
3484 4778 3555 4833 sit
3576 4793 3817 4835 veneno-

2230 4872 2504 4928 sissimum
2535 4871 2757 4926 malum.
2787 4869 2904 4925 Non
2935 4885 3066 4941 ergo
3097 4864 3149 4925 in
3182 4878 3373 4925 natura
3399 4870 3630 4924 humana
3657 4870 3816 4939 plan-

2232 4974 2404 5020 tatum
2448 4973 2531 5018 est
2579 4964 2801 5028 malum,
2840 4965 2937 5018 sed
2978 4962 3032 5016 in
3061 4976 3314 5033 perverso
3357 4973 3414 5017 et
3449 4960 3815 5016 irrationabili

2230 5066 2379 5112 motu
2418 5054 2754 5111 rationabilis
2790 5054 3099 5124 liberaeque
3131 5051 3421 5109 voluntatis
3445 5062 3530 5108 est
3554 5054 3817 5108 constitu-

547 5148 846 5202 substantia
890 5144 1219 5213 intelligatur
1249 5141 1331 5198 vel
1363 5143 1651 5207 sentiatur,
1681 5141 1795 5196 sive
1823 5140 1875 5195 in
1899 5141 2134 5211 phanta-
2233 5158 2367 5202 ιιηη,
2399 5148 2501 5215 Qui
2527 5156 2705 5201 ιηοιυε
2730 5161 2837 5201 non
2861 5146 3002 5200 ίηιι-ει
3030 5153 3307 5211 naturam,
3340 5144 3433 5200 sed
3465 5152 3636 5207 enm,
3670 5154 3724 5198 ει
3746 5157 3812 5198 ει

550 5239 647 5293 siis
689 5237 961 5293 sensibilis
1005 5236 1287 5301 materiae,
1328 5249 1557 5304 quarum
1596 5235 1813 5303 propria
1854 5234 2012 5289 sedes
2047 5243 2131 5289 est

550 5341 743 5387 sensus
788 5344 1105 5400 corporeus,
1153 5330 1279 5399 quia
1324 5343 1418 5398 per
1446 5328 1618 5399 ipsum
1675 5327 1917 5382 interiori
1950 5326 2130 5382 sensui

2234 5239 2447 5295 bestiali
2496 5236 2911 5307 intemperantia
2944 5244 3194 5305 sumptus
3223 5234 3573 5305 perspicitur,
3609 5235 3810 5290 misce—

2235 5338 2326 5384 tur
2345 5340 2524 5383 tameu
2554 5327 2600 5366 ι’
2638 5328 2780 5382 bono
2807 5342 2873 5383 ac
2898 5326 3123 5398 tingitur
3147 5326 3353 5395 antiqui
3384 5325 3556 5381 hostis
3586 5323 3813 5380 consilio

1846 5419 1935 5475 VA
1945 5420 2102 5477 RIAE
2140 5416 2538 5478 LECTIONES.

625 5514 759 5599 {Sic
777 5514 862 5570 CF
885 5514 969 5599 ;‘A
991 5524 1210 5599 naturae
1233 5514 1515 5599 [suntquae
1590 5513 1611 5542 ’
1637 5520 1800 5599 mixta
1819 5527 1929 5599 om.
1957 5510 2103 5599 CF;
2138 5513 2159 5546 ³
2184 5510 2413 5599 βίιχςζὶῖᾚ
2441 5510 2482 5564 Α
2500 5524 2597 5580 per
2620 5525 2792 5599 quires.
2846 5508 2955 5599 ζέε
2979 5507 3137 5599 Itu‘mo
3156 5506 3360 5599 om..'A'.

925 5592 966 5667 ι.
997 5584 1181 5667 “LSic
1230 5583 1345 5647 CF;
1371 5583 1417 5636 A
1438 5583 1953 5667 tttnmtpr‘orlpctuin
1983 5602 2014 5637 a
2044 5583 2156 5666 Deo
2178 5582 2551 5667 intelligamus.

800 5656 841 5691 ι⁰
882 5654 973 5709 Sic
993 5654 1108 5720 CF;
1137 5654 1175 5707 Λ
1205 5655 1537 5723 perspexerit.
1613 5651 1655 5684 “
1684 5652 1727 5705 A
1755 5651 2023 5712 Ponamus
2073 5655 2232 5709 enim.

555 5585 577 5617 ⁸
600 5587 732 5641 vitae
769 5601 879 5641 om.
902 5587 966 5638 Λ.

556 5659 600 5711 Α
626 5667 722 5710 est.

555 5728 850 5782 contrario.
932 5726 975 5757 ¹⁸
1004 5725 1095 5781 Sic
1122 5724 1237 5789 CF;
1267 5724 1310 5776 A
1342 5724 1598 5779 miscetur
1624 5738 1760 5777 cum.

3435 5507 3543 5561 'est
3569 5520 3677 5559 om.
3699 5502 3805 5559 CF.

2687 5581 2710 5612 ⁸
2736 5578 2828 5635 Sic
2849 5577 2934 5635 CF
2958 5595 2973 5644 ;
3022 5578 3070 5632 Α
3096 5591 3245 5632 omne
3267 5576 3421 5632 illud.
3506 5576 3529 5607 ’
3554 5575 3643 5630 Sic
3684 5572 3805 5635 CF;

2331 5645 2372 5683 ’ἶ
2405 5649 2490 5708 CF
2537 5650 2847 5724 philargiae.
2960 5647 3123 5723 "Sic
3162 5645 3278 5718 CF;
3309 5648 3353 5701 Λ
3378 5663 3475 5705 ret.
3550 5645 3594 5678 “
3633 5645 3677 5699 Δ
3733 5650 3808 5701 es!
