4028 6282
275 338 382 399 8ἶ9

1095 339 1184 399 DE
1223 338 1559 398 DIVISIONE
1598 336 1945 394 NATURAE.
1986 366 2055 377 --
2091 335 2290 392 LIBER
2329 337 2682 405 QUARTUS.

3430 338 3546 397 ω

272 469 323 511 ct
352 454 571 519 astutia,
619 454 684 509 ad
711 456 724 486 ¹
752 454 1097 525 decipiendos
1136 456 1433 510 carnalium
1490 467 1745 507 sensuum
1787 448 1850 503 li-
1880 451 1930 509 Α
1960 448 2054 513 tio,
2083 464 2188 519 qua
2207 464 2292 510 ea,
2323 463 2461 517 quae
2483 448 2756 502 carnalem
2784 462 2999 503 sensum
3031 448 3317 513 delectant,
3352 449 3539 507 illicito

273 548 549 602 bidinnsos
589 545 835 611 allectus,
882 562 945 600 ac
983 561 1078 615 per
1123 547 1223 600 hoc
1267 553 1442 600 morte
1485 542 1847 613 perimendos.

273 639 457 708 Neque
489 640 590 693 hoc
618 639 848 693 dicimus
887 654 1104 693 sensum
1142 638 1352 691 illorum
1389 635 1715 698 refellentes,
1757 632 1849 704 qui

270 727 576 798 praefatum
627 728 829 799 lignum
880 727 1138 782 scientiae
1187 728 1312 781 boni
1359 735 1413 782 et
1461 725 1586 779 mali
1629 725 1850 778 omnino

272 816 594 871 naturaliter
620 828 869 871 asserunt
905 831 1025 871 esse
1065 817 1288 879 bonum,
1331 827 1384 869 et
1413 813 1765 870 historialitcr
1794 812 1848 866 in

267 908 527 978 paradiso
569 906 723 963 locali
761 906 988 971 factum,
1026 904 1179 974 cujus
1222 905 1428 960 fructus
1459 906 1706 968 scientia,
1748 905 1851 958 hoc

272 1008 373 1060 cst,
401 998 830 1069 experimentum
861 997 989 1051 boni
1017 998 1172 1051 crat'
1204 1006 1259 1051 et
1289 996 1433 1050 mali.
1467 996 1599 1050 Nam
1626 995 1668 1050 si
1705 1005 1849 1050 tactu

198 1116 203 1119 -
268 1100 326 1142 et
353 1099 509 1160 gustu
538 1088 705 1158 ipsius
742 1087 902 1157 primi
939 1086 1185 1141 homines
1221 1101 1279 1140 se
1318 1086 1675 1149 abstinerent,
1713 1086 1854 1139 sicut

271 1181 353 1232 eis
399 1188 743 1249 praeceptum
788 1187 891 1240 est,
938 1177 1367 1246 experimentum
1419 1177 1560 1231 vitae
1600 1185 1852 1230 aeternae

265 1280 670 1338 perpetuaeque
708 1266 1056 1321 beatitudinis
1109 1266 1255 1320 nulla
1313 1265 1626 1334 interposita
1680 1274 1853 1319 morte

272 1360 552 1415 haberent.
584 1358 681 1414 Sin
714 1372 843 1413 vero
882 1358 1163 1413 diabolieis
1186 1357 1402 1412 astutiis
1427 1357 1850 1421 consentientes,

270 1467 368 1504 sua
399 1450 701 1506 miserrima
728 1450 1144 1519 intemperantia
1173 1451 1238 1504 de
1266 1450 1445 1504 fructu
1476 1449 1645 1519 ipsius
1669 1463 1849 1502 escam

270 1538 605 1595 mortiferam
631 1539 818 1594 illicite
858 1547 1159 1603 sumerent,
1190 1547 1444 1593 aeternae
1466 1537 1655 1592 mortis
1681 1546 1736 1591 et
1762 1536 1851 1589 in-

271 1630 548 1686 felicitatis
600 1629 1030 1701 experimentum
1103 1630 1368 1684 subirent.
1443 1628 1548 1683 Sed
1608 1627 1854 1696 quisquis

271 1720 428 1784 haec,
467 1734 604 1788 quae
647 1718 787 1772 inter
819 1732 916 1772 nos
947 1718 1299 1773 tractavimus
1322 1717 1365 1782 ³,
1398 1731 1503 1771 non
1531 1717 1851 1785 dedignatus

1957 549 2022 589 ac
2064 536 2439 589 damnabiliter
2486 537 2960 606 concupiscuntur.
3019 537 3083 591 Et
3123 553 3190 593 ne
3233 540 3536 606 existimes,

1953 627 2057 692 his,
2085 643 2222 697 quae
2248 627 2505 690 diximus,
2539 628 2641 682 hoc
2677 637 2779 691 cst,
2805 629 2910 682 duo
2938 629 3273 684 solummodo
3300 631 3354 684 in
3381 645 3540 701 para-

1953 718 2223 790 disoligna
2242 734 2361 774 esse
2383 724 2486 776 πᾶν
2508 728 2560 773 et
2580 724 2829 795 qvam-iv,
2852 735 3171 791 repugnare,
3187 724 3328 792 quod
3346 723 3544 778 mulier

1953 809 2166 863 diabolo
2204 811 2545 879 respondisse
2588 820 2881 865 narratur:
2923 812 2998 864 De
3037 812 3212 880 fructu
3251 811 3536 882 lignorum,

1951 915 2085 969 quae
2114 909 2234 953 sunt
2275 902 2330 954 in
2354 902 2603 971 paradiso
2642 902 2911 956 vescimur.
2942 900 3056 955 Non
3085 904 3228 957 enim
3263 904 3438 958 dixit:
3470 903 3541 960 de

1955 986 2131 1042 fructu
2161 990 2337 1043 omnis
2367 990 2493 1061 ligni
2517 992 2805 1055 vescimur,
2836 991 2937 1046 hoc
2964 1000 3066 1055 est,
3098 993 3242 1047 vesci
3264 994 3536 1060 iubemur,

1955 1083 2159 1137 sculzde
2174 1083 2348 1138 fructu
2374 1083 2661 1153 lignorum,
2687 1083 2981 1153 pluraliter,
2999 1100 3063 1139 ac
3075 1084 3118 1139 si
3141 1085 3370 1154 plurima
3395 1086 3542 1157 ligna

1956 1175 2292 1229 diversarum
2328 1176 2619 1229 formarum
2664 1185 2866 1240 essent,
2906 1176 3107 1245 quibus
3156 1177 3297 1231 vesci
3337 1188 3422 1231 est
3461 1179 3544 1235 eis

1956 1280 2293 1320 concessum.
2343 1265 2525 1321 Potest
2572 1282 2804 1334 namque
2847 1266 3066 1336 intelligi
3107 1282 3268 1322 omne
3314 1267 3540 1336 lignum,

1957 1356 2185 1427 plurima
2216 1358 2356 1429 ligna
2388 1359 2667 1413 mulierem
2690 1359 2927 1423 dixisse;
2960 1374 3121 1413 omne
3143 1360 3407 1428 siquidem
3434 1374 3540 1412 non

1960 1447 2027 1502 de
2056 1448 2236 1518 aliquo
2262 1449 2540 1521 singulari,
2569 1451 2663 1504 sed
2695 1449 2927 1519 quodam
2962 1449 3013 1502 in
3052 1449 3229 1519 seipse
3260 1449 3545 1519 multiplici

1958 1536 2176 1594 dicitur.
2209 1539 2398 1596 Omnis
2437 1540 2579 1595 enim
2630 1541 2791 1594 homo
2828 1539 3103 1609 multiplex
3142 1541 3414 1594 humanae
3443 1555 3542 1594 na-

1960 1644 2116 1689 turae
2162 1647 2439 1697 numerus,
2470 1642 2524 1687 et
2559 1632 2753 1687 iterum
2800 1632 2912 1702 ipse
2957 1630 3232 1701 multiplex
3263 1646 3543 1696 numerus,

1960 1724 2212 1793 quoniam
2242 1724 2401 1778 unius
2427 1733 2650 1778 naturae
2676 1724 2947 1795 particeps
2969 1731 3072 1786 est,
3102 1738 3240 1776 unus
3264 1723 3425 1777 homo
3450 1737 3541 1777 so.

269 1811 436 1866 fuerit
462 1812 639 1882 legere
679 1825 745 1865 ac
795 1809 1079 1880 diligenter
1119 1809 1342 1874 intueri,
1388 1808 1549 1878 eligat
1584 1825 1648 1861 ex
1692 1823 1844 1879 prac-
1888 1818 1931 1878 Β
1960 1814 2039 1868 let
2060 1813 2336 1884 appellari.
2368 1812 2504 1879 Quid
2535 1828 2663 1884 ergo
2696 1813 2911 1880 mirum,
2940 1812 2985 1868 si
3020 1828 3178 1868 omne
3200 1811 3401 1883 lignum
3425 1812 3545 1882 plu-

269 1900 433 1955 dietis
474 1909 783 1955 sanctorum
825 1898 1044 1953 Patrum
1094 1897 1404 1962 sententiis,
1457 1898 1599 1967 quod
1638 1896 1738 1949 sibi
1771 1911 1857 1948 se-

268 1989 539 2059 quendum
563 1989 795 2054 videtur,
827 1987 1136 2058 videatque,
1170 2004 1237 2042 ne
1261 1988 1475 2042 incaute
1499 2002 1596 2041 nos
1627 1985 1852 2050 laceret,

269 2083 565 2138 aestimans
607 2100 694 2145 ea,
740 2096 879 2151 quae
917 2095 947 2134 a
989 2079 1144 2135 nobis
1187 2078 1331 2134 dicta
1385 2087 1511 2133 sunt
1569 2077 1612 2143 ⁸,
1657 2078 1856 2132 nullius

267 2174 611 2230 auctoritatis
637 2174 837 2228 auxilio
873 2188 993 2229 esse
1028 2171 1253 2235 munita,
1282 2186 1346 2225 ac
1385 2169 1551 2225 veluti
1580 2183 1860 2239 praesum-

267 2268 417 2337 ptive
454 2275 640 2321 contra
692 2275 1002 2320 sanctorum
1049 2263 1269 2318 Patrum
1305 2262 1619 2317 traditiones
1647 2261 1857 2315 inachi-

266 2366 418 2411 nata.
454 2356 631 2412 Habes
655 2357 857 2426 itaque,
888 2366 947 2411 ut
969 2356 1182 2424 opinor,
1208 2355 1425 2410 brevem
1462 2367 1812 2425 apertamque
1834 2354 1857 2386 ⁸

270 2449 506 2519 paradisi
531 2448 1036 2518 exposiliuuculani,
1064 2457 1325 2518 quantum
1370 2447 1514 2502 vires
1544 2446 1857 2501 intentionis

268 2546 492 2593 nostrae
534 2548 843 2610 suppetunt.

341 2630 430 2683 Π.
474 2629 616 2685 Dise.
660 2629 841 2684 llabeo
884 2644 1047 2693 sane;
1080 2630 1173 2684 sed
1211 2628 1370 2684 velim
1409 2628 1854 2703 ἀνακεφαλαίωσιν.

264 2719 377 2773 hoc
397 2727 479 2772 est
507 2718 1027 2789 rccapitulationetn,
1051 2737 1079 2773 a
1110 2729 1159 2774 te
1183 2718 1319 2782 ﬁeri,
1344 2734 1481 2789 quae
1508 2718 1667 2771 veluti
1699 2717 1856 2771 modo

268 2807 505 2884 quodam
536 2808 895 2863 conclusionis
926 2824 1007 2869 ea.
1040 2824 1177 2879 quae
1202 2810 1433 2878 sparsim
1465 2809 1607 2863 dicta
1639 2818 1762 2863 sunt
1792 2808 1858 2862 de

267 2897 538 2966 paradiso,
583 2898 635 2951 in
680 2914 839 2951 unam
870 2900 1137 2970 quandam
1171 2899 1594 2969 complexionem
1646 2899 1862 2969 colligat

268 2998 434 3059 atque
462 2988 700 3043 deﬁrniat.
738 2989 877 3044 Msa.
924 2989 1312 3044 Plantationem
1338 2990 1462 3056 Dei,
1497 2991 1597 3046 hoc
1628 3000 1725 3053 εει,
1762 3006 1860 3061 pa-

270 3078 509 3132 radisum
562 3076 613 3131 in
649 3077 862 3144 Edon“,
904 3078 956 3132 in
1006 3077 1211 3134 deliciis
1261 3089 1513 3134 aeternae
1559 3095 1621 3135 ac
1671 3081 1859 3135 beatae

1959 1904 2093 1957 rima
2126 1904 2269 1973 ligna
2299 1902 2549 1957 dicatur?
2580 1903 2674 1958 Dei
2720 1918 2953 1972 namque
2979 1902 3214 1958 Verbum
3234 1943 3249 1967 ,
3290 1903 3431 1971 quod
3458 1908 3543 1957 est

1956 2008 2115 2048 omne
2137 1993 2363 2065 lignum,
2391 1995 2493 2048 hoc
2513 2002 2616 2059 est,
2639 2009 2799 2049 omne
2825 1994 3047 2059 bonum,
3075 2004 3129 2048 et
3163 2009 3327 2047 unum
3352 2002 3457 2058 est,
3487 2001 3544 2047 et

1958 2082 2013 2138 in
2044 2084 2223 2154 seipso
2248 2083 2549 2154 multiplex,
2574 2093 2629 2139 et
2655 2100 2720 2139 ex
2742 2100 2849 2154 quo
2876 2100 3035 2140 omne
3064 2085 3287 2148 bonum,
3316 2085 3415 2138 hoc
3436 2094 3540 2149 est,

1959 2175 2135 2229 omnis
2164 2175 2335 2229 virtus
2360 2185 2415 2229 et
2442 2175 2709 2245 sapientia
2743 2184 2797 2228 et
2824 2175 3058 2230 essentia
3090 2176 3141 2229 in
3179 2176 3409 2229 humana
3442 2191 3541 2229 na-

1960 2273 2077 2318 tura
2128 2264 2440 2320 fructificat.
2503 2264 2703 2321 Omnes
2758 2266 2921 2336 igitur
2972 2265 3317 2320 rationabiles
3364 2275 3543 2321 motus

1960 2354 2237 2410 rationalis
2266 2364 2512 2421 naturae,
2551 2356 2747 2425 quibus
2778 2356 2937 2409 homo
2966 2354 3043 2407 uti
3065 2368 3352 2408 concessus
3380 2363 3464 2409 est
3489 2364 3546 2409 et

1951 2445 2155 2514 jussus,
2197 2428 2451 2515 quoniat'n
2476 2461 2540 2500 ex
2586 2446 2856 2501 communi
2884 2446 3123 2500 omnium
3166 2446 3329 2510 bono,
3364 2445 3543 2499 divina

1958 2537 2207 2593 videlicet
2236 2538 2521 2607 sapientia,
2555 2539 2607 2592 in
2655 2539 2888 2593 humana
2926 2548 3142 2601 natura,
3169 2552 3307 2606 quae
3339 2544 3423 2592 est
3450 2536 3547 2592 Dei

1960 2627 2220 2697 plantatio
2270 2637 2327 2682 et
2369 2629 2685 2700 paradisus,
2737 2627 3026 2697 pullulant,
3067 2627 3231 2681 veluti
3281 2626 3545 2696 quaedam

1960 2716 2102 2784 ligna
2132 2716 2362 2786 plurima
2403 2726 2567 2786 atque
2596 2715 2873 2773 fructifera
2920 2715 3185 2786 appellata
3213 2723 3360 2780 sunt,
3403 2728 3547 2784 quae

1962 2809 2215 2864 videlicet
2263 2808 2403 2878 ligna
2438 2810 2491 2862 in
2545 2809 2681 2881 ipso,
2725 2808 2777 2861 in
2822 2822 2930 2877 quo
2973 2806 3155 2861 omnia
3198 2805 3340 2859 bona
3376 2819 3545 2858 unum

1962 2910 2087 2957 sunt
2118 2901 2186 2966 “,
2223 2901 2542 2955 subsistunt.
2596 2897 2768 2954 Unum
2808 2898 2987 2967 itaque
3016 2896 3241 2967 lignum,
3285 2894 3426 2963 quod
3465 2902 3551 2949 est

1962 3002 2085 3059 πᾶν,
2109 2994 2339 3065 plurima
2383 2994 2560 3062 ligna,
2597 2990 2851 3061 quoniam
2903 2990 2955 3043 in
3008 2989 3124 3058 ipso
3168 2986 3350 3041 omnia
3405 2985 3544 3039 bona

1966 3095 2111 3153 sunt,
2143 3085 2365 3156 pulchre
2386 3102 2413 3137 a
2436 3082 2660 3138 muliere
2685 3081 2861 3136 adhuc
2888 3095 2993 3135 non
3019 3080 3262 3149 decepta,
3287 3092 3349 3133 ac
3373 3078 3546 3132 virtu-

270 3166 568 3232 fclicitatis,
590 3168 873 3221 humanam
898 3177 1143 3222 naturam
1165 3183 1283 3225 esse
1312 3171 1543 3225 diximus
1568 3172 1633 3224 ad
1667 3171 1858 3242 imagi-
1888 3175 1934 3239 Ο
1970 3187 2079 3233 tum
2112 3176 2210 3231 sibi
2242 3175 2527 3229 insitarum
2552 3170 2870 3226 naturaliter
2893 3169 3127 3232 conscia,
3160 3176 3242 3232 est
3274 3174 3543 3221 vocatum.

270 3273 396 3312 nem
432 3257 526 3312 Dei
574 3258 769 3312 factam
818 3276 832 3313 :
876 3258 1029 3328 cujus
1074 3260 1195 3315 fons
1244 3271 1328 3316 est
1352 3260 1622 3325 Christus,
1653 3261 1719 3315 de
1749 3277 1858 3334 quo

269 3347 542 3419 Propheta
580 3349 648 3403 ad
687 3348 901 3405 Patrem
940 3350 1234 3421 proclamat
1284 3370 1297 3406 :
1340 3351 1601 3419 Quoniam
1639 3354 1779 3425 apud
1810 3365 1859 3408 te

267 3450 348 3495 est
406 3440 523 3511 fons
569 3441 743 3507 vitae;
803 3443 893 3512 qui
940 3443 1101 3497 etiam
1156 3458 1344 3500 omnes
1397 3446 1644 3501 sitientes
1700 3445 1860 3517 justi-

271 3531 403 3586 tiam
434 3532 500 3586 ad
542 3547 599 3587 se
628 3531 914 3587 bibendum
962 3532 1174 3601 invitat,
1220 3535 1447 3590 dicens:
1479 3532 1538 3590 Si
1567 3537 1682 3607 quis
1725 3536 1856 3602 sitit,

274 3621 444 3676 ueniat
488 3622 557 3675 ad
598 3639 702 3688 me,
754 3632 799 3677 ct
844 3624 1019 3690 bibat;
1065 3623 1215 3692 cujus
1259 3624 1479 3680 flumina
1528 3642 1594 3680 ex
1647 3627 1861 3698 sapien-

276 3713 388 3767 tiae
432 3711 577 3769 fonte
631 3714 940 3779 manantia,
984 3723 1240 3783 quattuor
1288 3715 1610 3785 principales
1644 3718 1857 3771 animae

274 3803 508 3859 virtutes
553 3812 722 3868 sunt,
772 3820 842 3860 ex
888 3805 1081 3875 quibus
1131 3807 1308 3861 omnis
1362 3808 1536 3861 virtus
1603 3817 1657 3863 et
1719 3808 1857 3863 bona

275 3896 524 3966 operatio
594 3906 805 3963 scatet;
879 3899 1032 3968 cujus
1107 3913 1267 3953 omne
1327 3899 1552 3969 lignum,
1618 3900 1684 3955 de
1752 3916 1859 3969 quo

278 3986 542 4055 scriptum
588 3995 673 4041 est
712 4006 725 4041 :
761 3987 865 4053 Qui
908 3989 1108 4053 vicerit,
1158 3988 1295 4043 dabo
1340 3992 1387 4043 ei
1428 3990 1579 4043 edere
1609 3990 1673 4043 de
1718 3988 1859 4059 ligno

278 4081 435 4142 vitae,
463 4074 600 4148 quod
625 4089 696 4132 est
734 4080 786 4133 in
812 4079 1082 4149 paradiso,
1113 4081 1252 4150 quod
1285 4080 1578 4149 plumatum
1610 4090 1681 4134 est
1711 4096 1859 4135 secus

278 4166 531 4221 decursus
566 4184 843 4239 aquarum,
878 4170 978 4222 hoc
1012 4182 1117 4233 eSt,
1149 4170 1291 4224 circa
1335 4173 1478 4239 quod
1514 4172 1692 4225 omnia
1732 4186 1859 4242 pro-

278 4256 560 4325 phetarum
606 4256 841 4321 oracula,
869 4257 1048 4311 omnia
1093 4259 1372 4329 utriusque
1426 4260 1557 4329 legis
1595 4261 1858 4331 symbola,

278 4345 752 4417 symbolorumque
797 4349 1199 4419 intelligentiae,
1227 4367 1520 4420 omnesque
1551 4362 1775 4420 apertae
1797 4366 1860 4405 ac

279 4434 551 4506 simplices
577 4439 850 4495 doctrinae
871 4440 1145 4495 conlinunt
1166 4443 1211 4507 ⁷,
1238 4442 1329 4496 Dei
1356 4429 1602 4496 videlicet
1624 4442 1858 4497 Verbum

1962 3268 2070 3324 Sed
2099 3282 2164 3322 ne
2204 3267 2483 3320 videamur
2520 3263 2851 3319 Graecorum
2891 3270 3171 3315 aucturum
3211 3259 3549 3314 solummodo

1962 3356 2260 3412 sententias
2280 3355 2347 3409 de
2372 3353 2623 3424 paradiso
2653 3352 2829 3421 sequi,
2858 3350 3173 3405 Latinorum
3200 3363 3331 3402 vero
3357 3357 3548 3403 aucto-

1960 3453 2178 3507 ritatem
2206 3451 2257 3504 in
2284 3448 2482 3504 talibus
2506 3455 2597 3500 aut
2618 3443 3065 3516 praetermisisse,
3090 3450 3182 3496 aut
3207 3442 3259 3495 in
3281 3441 3362 3495 eis
3386 3440 3550 3494 talem

1962 3557 2181 3597 sensum
2228 3540 2295 3595 de
2335 3539 2588 3609 paradiso
2624 3535 2867 3591 invenire
2916 3549 3021 3589 non
3069 3533 3329 3604 potuisse,
3362 3544 3427 3585 ac
3456 3545 3553 3600 per

1960 3633 2065 3688 hoc
2100 3641 2302 3686 temere
2333 3628 2651 3693 afﬁrmasse,
2698 3626 2841 3696 quod
2872 3624 2922 3678 in
2955 3622 3228 3693 magistris
3265 3620 3550 3690 utriusque

1961 3724 2176 3795 linguae
2206 3739 2310 3779 non
2334 3722 2599 3777 valuimus
2630 3720 2731 3773 inv.
2754 3718 2890 3782 nire,
2920 3715 3091 3771 sancti
3122 3713 3395 3769 Ambrosii
3421 3728 3550 3768 sen-

1964 3816 2161 3870 tentias
2185 3815 2250 3868 de
2273 3813 2527 3883 paradiso
2548 3812 2673 3865 huic
2699 3819 2917 3864 nostrae
2939 3806 3289 3876 diSlllllaliOIIi
3311 3806 3553 3862 inserere

1961 3919 2255 3976 congruum
2283 3903 2411 3956 mihi
2436 3901 2729 3955 videturac
2756 3898 3146 3959 necessarium,
3165 3896 3208 3949 si
3235 3894 3329 3948 tibi
3353 3894 3550 3964 placet.

1963 3995 2107 4049 Disc.
2139 3993 2321 4048 Placet
2348 4005 2513 4054 sane;
2562 3989 2739 4059 magni
2765 3988 3029 4056 siquidem
3065 3994 3121 4039 ct
3165 3983 3551 4053 sapientissimi

1963 4085 2065 4140 viri
2096 4081 2381 4138 sententiis
2421 4081 2697 4143 resistere,
2729 4078 2850 4148 quis
2876 4077 2978 4131 nisi
3003 4090 3194 4129 amens
3220 4074 3438 4131 audebit
3458 4074 3485 4128 ?

2039 4175 2117 4230 l8.
2160 4173 2300 4228 Mtte.
2330 4173 2422 4226 Ait
2466 4172 2644 4240 itaque
2675 4170 2727 4223 in
2760 4168 2896 4222 libro
2924 4167 2992 4222 de
3035 4166 3294 4220 Panidiso
3333 4183 3346 4220 :
3389 4164 3549 4227 Sunt.

1961 4267 2051 4338 qui
2076 4276 2282 4338 putant,
2324 4280 2649 4336 nequaquam
2685 4263 2991 4315 mandatunt
3030 4261 3192 4324 istud,
3225 4260 3288 4314 de
3326 4262 3552 4313 mandu-

1962 4360 2130 4414 cando
2160 4357 2391 4412 videlicet
2417 4356 2480 4410 de
2513 4356 2558 4389 ¹¹
2586 4355 2727 4426 ligno
2756 4354 2922 4418 vitae,
2964 4364 3010 4407 et
3043 4369 3145 4408 non
3183 4351 3551 4405 manducando

1963 4456 2027 4509 de
2056 4454 2195 4526 ligno
2221 4450 2501 4523 prohibito,
2534 4449 2803 4503 convenire
2826 4446 2958 4500 caeli
2986 4456 3034 4500 et
3068 4456 3238 4500 terrae
3263 4455 3416 4514 atque
3441 4460 3553 4496 oni-

282 4528 552 4583 huinanae
590 4539 811 4585 naturae
850 4532 1103 4598 insitum,
1142 4542 1196 4588 et
1224 4548 1291 4587 ex
1328 4533 1350 4564 ⁸
1383 4533 1616 4586 humana
1663 4541 1854 4586 natura
1888 4535 1936 4593 Ι)
1964 4549 2108 4600 "sum
2138 4544 2392 4604 (ῖνεαιογε,
2421 4552 2468 4595 ει
2497 4541 2542 4575 ﬂ
2574 4554 2897 4611 nequaquam
2934 4537 3147 4607 dignum
3178 4536 3361 4589 incolis
3390 4551 3549 4605 para-

280 4616 707 4686 incarnatum’;
755 4618 905 4687 cujus
949 4622 1181 4689 paradisi
1228 4624 1429 4676 mixtae
1473 4622 1732 4676 scientiae
1777 4630 1861 4676 est

279 4708 487 4779 lignum
541 4709 826 4765 indiscreta
860 4700 1204 4768 rel‘coafnsa
1250 4714 1547 4769 carnalium
1601 4731 1857 4770 sensuum

280 4802 541 4872 appetitio
572 4802 623 4855 in
656 4803 896 4857 diversas
943 4803 1212 4869 libidines,
1260 4806 1361 4859 sub
1388 4804 1560 4859 forma
1608 4805 1732 4859 boni
1780 4805 1861 4858 la-

280 4900 484 4959 tentes,
500 4902 554 4947 et
579 4892 822 4949 incautas
842 4896 1051 4948 animas
1074 4896 1399 4965 decipicutes
1420 4912 1481 4951 ac
1501 4897 1861 4966 perimentes;

279 4992 441 5064 cujus
469 4994 549 5047 vir
576 4993 787 5048 animus
822 5004 926 5059 est,
959 4994 1244 5048 universae
1270 4995 1537 5049 humanae
1562 5003 1791 5047 naturae
1817 4993 1860 5024 ¹⁰

278 5086 628 5159 praesidens;
656 5085 809 5155 cujus
831 5086 1024 5141 mulier
1053 5102 1261 5150 sensus,
1294 5087 1379 5141 cui
1414 5088 1626 5142 incaute
1648 5086 1863 5141 animus

278 5178 630 5237 consentiens
674 5178 954 5248 perditur;
985 5176 1138 5246 cujus
1167 5191 1391 5247 serpens
1420 5177 1604 5234 illicita
1628 5176 1864 5234 delecta-

1966 4638 2095 4698 disi,
2127 4645 2173 4689 et
2204 4634 2342 4704 quod
2363 4632 2457 4685 ilfa
2480 4633 2581 4685 rita
2610 4629 2793 4683 similis
2823 4630 2887 4681 sit
2918 4629 2960 4660 “
2987 4626 3309 4697 angelorum.
3348 4624 3411 4678 lit
3436 4626 3551 4679 idto

1969 4745 2069 4782 non
2102 4738 2362 4780 terrenum
2389 4732 2436 4777 et
2466 4704 2852 4791 corruptibilcm
2883 4719 3019 4772 hunc
3049 4719 3221 4772 cibum
3246 4720 3358 4773 esui
3388 4719 3445 4787 fu
3470 4734 3553 4772 sse

1967 4832 2241 4890 possumus
2276 4815 2585 4877 aestimare,
2636 4813 2759 4881 quia
2790 4827 2894 4864 non
2932 4809 3108 4863 bibunt
3142 4827 3302 4879 neque
3329 4810 3552 4862 mandu-

1968 4919 2111 4973 cunt,
2138 4918 2184 4962 et
2215 4916 2364 4961 erunt
2392 4906 2524 4958 sicut
2550 4902 2720 4973 angeli
2751 4902 2840 4955 Dei
2870 4901 2915 4933 ⁸⁸
2947 4903 3001 4956 in
3028 4901 3189 4955 caelo.
3223 4900 3353 4954 Cum
3391 4900 3551 4970 igitur

1968 5002 2023 5054 iu
2046 4999 2159 5053 cibo
2192 5013 2353 5067 neque
2381 4995 2672 5065 praemium
2712 4994 2808 5056 sit,
2839 4992 2962 5063 quia
3000 5008 3117 5046 esca
3156 5008 3247 5044 nos
3283 5007 3385 5044 non
3409 5007 3550 5043 com-

1965 5090 2173 5145 mendat
2196 5087 2326 5152 Deo,
2353 5100 2514 5157 neque
2538 5100 2783 5153 inriguam
2809 5082 3096 5153 periculum
3118 5080 3343 5151 sit,quia
3365 5097 3548 5151 neque.

1966 5182 2104 5255 quod
2130 5183 2292 5235 intrat
2330 5180 2383 5232 in
2410 5194 2486 5242 os,
2518 5176 2815 5247 coinquinat
2844 5174 3123 5238 hominem,
3160 5173 3250 5227 sed
3284 5173 3422 5239 quod
3446 5175 3551 5227 erit

1587 5391 1841 5450 VARIAE
1882 5385 2280 5450 LECTIONES.

364 5514 380 5544 ¹
417 5509 510 5567 Sic
533 5510 617 5567 CF
634 5531 649 5580 ;
677 5514 721 5569 Α
748 5522 795 5568 et
818 5514 903 5567 ad.
977 5513 999 5544 ’
1028 5521 1139 5567 erat
1166 5525 1276 5566 om.
1303 5510 1369 5565 Δ.
1444 5509 1466 5541 ³
1503 5505 1682 5578 Conj..
1711 5508 1751 5561 Λ
1781 5505 2233 5564 contrectavimus,
2263 5498 2348 5554 CF
2380 5506 2688 5579 tractamus.

364 5602 409 5632 m
449 5583 646 5632 nullius
670 5594 775 5632 ml.
852 5586 874 5616 ⁸
908 5584 998 5632 Sic.
1024 5582 1142 5632 CF:
1185 5587 1224 5632 A
1254 5592 1548 5632 aptamque.
1658 5578 1679 5609 ⁸
1717 5579 1757 5630 Α
1791 5578 1844 5632 iu
1875 5578 2045 5632 Eden.
2079 5575 2179 5627 hoc
2199 5582 2273 5625 est
2305 5571 2358 5624 in
2389 5568 2614 5624 deliciis.

1813 5596 1844 5632 ιι
1875 5596 2045 5639 laden,
2079 5596 2179 5627 uoc
2199 5596 2272 5625 eu
2307 5596 2358 5624 ιιι
2389 5596 2614 5639 ueritus.

1660 5648 1702 5680 "
1734 5649 1773 5701 Α
1796 5658 2018 5702 naturae
2043 5646 2325 5698 humanae.

1859 5719 1905 5751 ⁸⁸
1938 5716 2037 5773 Dei
2071 5730 2179 5770 om.
2210 5715 2272 5766 Λ.

282 5600 409 5640 rum
449 5583 646 5639 nullius
670 5594 776 5639 eet.
852 5586 874 5616 '
908 5584 998 5638 Sic
1024 5582 1143 5645 CF;
1185 5587 1224 5636 Λ
1254 5592 1548 5650 aptamque.

284 5665 350 5711 et
389 5670 503 5714 vere
532 5656 782 5709 humana.
858 5655 879 5686 '
919 5653 1013 5709 Sic
1045 5652 1163 5718 CF;
1214 5652 1256 5704 Λ
1288 5652 1581 5706 incuruata.

509 5726 550 5759 ¹²
580 5728 643 5781 de
669 5742 776 5781 om.
802 5726 865 5779 Α.
944 5724 986 5757 ³³
1013 5735 1060 5778 et
1093 5738 1200 5779 om.
1222 5725 1285 5779 A.
1365 5720 1405 5752 η
1442 5722 1506 5775 sit
1538 5735 1643 5776 om.
1671 5718 1775 5776 CF.

289 5730 430 5788 (iter.
509 5726 550 5759 ¹²
580 5728 643 5781 de
669 5742 776 5781 om.
802 5726 865 5779 Α.
944 5724 986 5757 ’³
1013 5735 1060 5778 et
1093 5738 1200 5779 om.
1222 5725 1285 5779 A.

2784 5492 2805 5524 δ
2841 5492 2932 5545 Sic
2957 5490 3077 5553 CF;
3107 5491 3148 5545 Α
3183 5489 3321 5544 dicta
3347 5496 3547 5542 sancto-

2716 5565 2734 5595 ⁷
2761 5563 2850 5618 Sic
2884 5563 2998 5623 CF;
3048 5564 3088 5615 Λ
3118 5561 3377 5632 cﬁluuut._
3448 5557 3469 5587 '
3510 5557 3554 5610 A

2405 5641 2442 5670 ¹¹
2481 5638 2571 5693 Sic
2600 5635 2716 5701 (1F;
2752 5650 2849 5705 pro
2882 5651 3040 5687 unum
3068 5628 3184 5687 sunt
3216 5632 3256 5684 Δ
3289 5628 3556 5683 unircrsu—
