4028 6282
517 316 617 370 831

1883 307 2162 364 JOANNIS
2200 307 2393 364 SCOTI

3665 300 3770 362 851

466 486 468 488 τ
517 427 580 478 de
609 439 718 486 ore,
764 420 965 476 videtur
1010 421 1120 474 sine
1165 419 1323 474 dubio
1370 429 1513 474 tanto
1562 431 1774 475 auctore
1819 423 2089 492 indignum
2117 431 2166 488 Α
2193 423 2283 475 sed
2341 423 2522 485 etiam,
2549 437 2664 474 cum
2694 421 2976 475 excoluerit
3011 420 3076 485 ⁸³,
3103 420 3382 475 custodire.
3430 420 3638 474 Bestiae
3673 437 3770 473 auo

513 521 859 583 praeceptum,
885 510 984 563 nisi
1007 511 1141 562 hunc
1169 510 1339 562 cibum
1370 510 1437 562 ad
1467 509 1614 562 illum
1643 510 1924 580 perfectum
1972 513 1985 540 ‘
2014 528 2092 564 re-

514 606 675 674 feras,
718 618 868 672 queat
915 603 934 630 ³
961 618 1056 672 pro
1102 618 1288 670 magno
1329 603 1560 670 praemio
1616 601 1755 656 Deus
1804 604 1866 656 de
1899 603 2092 656 sanctis

512 694 784 766 pollicetur
829 693 937 746 suis
989 709 1004 744 :
1060 689 1192 744 Ecce
1247 691 1335 760 qui
1381 693 1606 744 serviunt
1651 693 1814 756 mihi,
1865 694 2091 746 mandu-

513 784 740 846 cabunt,
799 798 884 834 vos
938 791 1110 832 autem
1157 781 1414 832 esurietis.
1449 779 1551 832 llic
1594 791 1667 833 est
1695 780 1715 810 ³
1747 783 1883 834 enim
1925 781 2091 845 cibus,

512 875 568 928 in
615 890 716 944 quo
775 874 877 926 vita
923 872 1172 940 delinitur
1219 883 1453 935 aeterna,
1505 889 1605 941 quo
1653 873 1885 943 quisquis
1935 873 2103 940 fuerit.

511 965 898 1033 defraudatus,
984 975 1146 1016 morte
1218 965 1510 1028 morietur;
1592 965 2008 1034 quandoquidem
2071 964 2092 993 ‘

510 1057 661 1125 panis
721 1057 860 1109 vivus
915 1064 1071 1124 atque
1125 1054 1358 1107 caelestis
1404 1056 1510 1123 ipse
1559 1054 1810 1107 Dominus
1861 1065 1956 1118 est,
2005 1055 2094 1124 qui

511 1149 669 1201 vitam
717 1147 807 1200 dat
861 1148 984 1200 huic
1034 1147 1246 1198 mundo.
1305 1144 1451 1198 Unde
1507 1157 1555 1198 et
1614 1147 1721 1216 ipse
1774 1147 1843 1198 ait
1903 1159 1922 1196 .'
1974 1145 2094 1199 Nisi

513 1237 954 1290 manducaveritis
993 1252 1200 1288 carnem
1237 1251 1426 1298 meam,
1457 1246 1502 1288 et
1535 1236 1762 1289 biberitis
1789 1237 2094 1304 sanguinem

513 1344 723 1391 nteant,
777 1344 879 1380 non
925 1327 1177 1380 habebitis
1232 1327 1386 1380 vitam
1435 1337 1717 1380 aeternam.
1787 1326 1916 1378 Erat
1975 1341 2094 1394 ergo

510 1417 662 1484 panis
696 1406 908 1484 aliquis,
931 1416 994 1468 de
1031 1432 1132 1485 quo
1170 1427 1499 1485 praeceperat
1527 1416 1667 1470 Deus
1705 1416 1962 1468 edendum
1998 1433 2095 1484 pa-

513 1509 679 1562 radisi
723 1508 926 1562 incolis.
975 1510 1105 1574 Quis
1151 1509 1278 1563 ille?
1305 1511 1488 1580 Accipe
1531 1528 1681 1580 quem
1722 1511 1862 1562 dicat
1917 1525 1936 1564 :
1989 1507 2096 1562 Pa-

513 1614 669 1663 nem,
735 1600 947 1665 inquit,
1009 1597 1311 1668 angelorum
1377 1600 1708 1652 manducavit
1769 1600 1941 1652 homo.
2003 1599 2096 1652 list

511 1689 669 1740 etiam
734 1688 755 1718 ⁵
792 1681 954 1741 bonus
1009 1688 1181 1756 panis,
1226 1689 1271 1740 si
1303 1687 1469 1756 facias
1510 1688 1822 1742 voluntatem
1854 1689 1971 1742 Dei.
2009 1687 2096 1744 Vis

2197 523 2297 565 tem
2325 516 2460 582 agri,
2489 521 2537 564 et
2565 511 2794 565 volatilia
2833 511 2984 573 caeli,
3009 527 3143 577 quae
3170 511 3438 562 ducuntur
3468 511 3538 561 ad
3574 510 3768 568 Adam,

2197 604 2361 656 nostri
2401 601 2784 658 irrationabiles
2816 615 2984 653 morus
3009 610 3150 662 sunt,
3185 617 3244 652 eo
3269 600 3411 665 quod
3443 600 3637 652 bestiae
3661 610 3707 650 et
3727 599 3771 628 ⁸⁸

2193 709 2404 762 pecora,
2423 692 2677 760 quaedam
2703 692 2935 744 diuersae
2963 693 3061 744 sint
3089 705 3363 758 corporeae
3382 691 3676 759 passiones,
3698 688 3772 740 rel

2196 786 2614 847 turbulentiores,
2638 783 2714 836 rel
2737 785 2892 835 etiam
2917 781 3292 852 languidiores.
3320 779 3569 833 Volatilia
3591 789 3770 831 autem

2195 875 2326 928 caeli
2348 875 2473 945 quid
2519 875 2665 928 aliud
2694 876 3050 936 aestimamus,
3075 875 3174 926 nisi
3197 876 3377 926 inanes
3407 872 3770 940 cogitationes,

2195 983 2327 1037 quae
2354 965 2642 1019 rolatiliurn
2672 981 2813 1017 more
2841 975 3070 1016 nostram
3103 961 3475 1014 circumvolant
3514 961 3770 1022 animam,

2195 1065 2241 1108 et
2292 1056 2392 1107 huc
2449 1064 2604 1124 atque
2645 1053 2772 1105 illuc
2817 1053 2960 1105 vario
2998 1062 3141 1103 motu
3193 1067 3348 1118 saepe
3399 1051 3771 1102 transducunt.

2202 1145 2480 1213 Propterea
2512 1144 2685 1197 nullus
2715 1144 3005 1197 inventus"
3031 1143 3187 1194 menti
3211 1151 3418 1194 nostrae
3447 1140 3639 1194 similis
3679 1139 3777 1192 ad-

2187 1233 2357 1304 juto’r,
2397 1236 2496 1287 nisi
2541 1250 2743 1296 sensus,
2789 1234 2884 1286 hoc
2913 1243 2984 1286 est
3027 1233 3282 1294 αἴσθησις,
3306 1247 3454 1300 quem
3484 1229 3526 1259 ³⁸
3545 1227 3774 1282 similent

2195 1326 2294 1378 sibi
2321 1323 2488 1378 solum
2522 1332 2641 1384 νοῦς
2672 1333 2850 1377 noster
2889 1323 3056 1392 potuit
3098 1322 3345 1375 invenire.
3373 1319 3480 1374 Sed
3527 1319 3667 1388 forte
3696 1335 3776 1371 re-

2197 1414 2508 1484 darguas,"
2531 1415 2654 1485 quia
2706 1415 2833 1466 haec
2871 1429 3072 1483 quoque
3105 1411 3246 1464 Deus
3289 1412 3343 1463 in
3385 1409 3480 1462 tali
3519 1410 3774 1477 paradiso

2199 1505 2410 1569 locavit,
2433 1506 2528 1559 hoc
2549 1515 2647 1568 est,
2662 1506 2928 1574 passiones
2949 1504 3200 1574 corporis,
3228 1513 3275 1556 et
3298 1504 3576 1557 vanitatem
3608 1519 3778 1570 quan-

2196 1596 2317 1649 dam
2349 1597 2712 1665 ﬂuctuantium
2751 1595 2825 1648 vel
2843 1594 3132 1648 "inanium
3154 1595 3550 1664 cogitationum,
3572 1594 3712 1661 quod
3731 1592 3776 1622 "

2197 1688 2304 1758 ipse
2346 1690 2506 1740 nostri
2546 1687 2702 1755 fuerit
2735 1699 2920 1741 auctor
2939 1690 3152 1741 erroris.
3189 1686 3478 1740 Considera
3525 1687 3657 1756 quid
3697 1687 3777 1737 di-

514 1776 671 1840 scire,
709 1792 864 1845 quam
895 1775 916 1804 ⁶
958 1776 1119 1829 bonus
1169 1776 1363 1846 panis?
1419 1775 1538 1845 Ipse
1587 1775 1762 1829 Filius
1815 1777 2096 1830 manducat
2127 1779 2170 1836 Β
2198 1790 2301 1833 cat.
2341 1777 2572 1844 Habete,
2625 1779 2826 1849 inquit,
2892 1789 3192 1848 potestatem
3241 1778 3459 1846 piscium
3511 1779 3677 1830 maris
3729 1787 3779 1829 et

512 1864 648 1918 hunc
672 1882 880 1934 panem,
915 1865 978 1918 de
1025 1882 1127 1935 quo
1158 1867 1231 1919 ait
1261 1879 1279 1916 :
1326 1864 1476 1919 Meus
1506 1866 1647 1918 cibus
1683 1875 1784 1930 est,
1814 1876 1866 1918 ut
1899 1865 2092 1934 faciam

512 1955 828 2010 voluntatem
875 1956 1054 2011 Patris
1107 1958 1227 2023 mei,
1263 1958 1350 2028 qui
1393 1959 1446 2010 in
1494 1957 1650 2011 caelis
1694 1967 1788 2010 est.
1852 1957 2093 2021 Intende,

513 2047 730 2117 qualem
761 2049 940 2103 cibum
991 2064 1234 2102 summus
1279 2049 1538 2118 magister
1566 2051 1774 2111 edocet,
1805 2063 1962 2116 quem
1999 2063 2092 2126 pa-j

520 2139 682 2193 radisi
714 2140 902 2195 incolis
924 2141 1188 2194 edendum
1215 2140 1473 2194 Dominus
1511 2140 1808 2209 praecepit,
1843 2155 1946 2193 non
1977 2154 2094 2192 cor-

521 2229 760 2300 poralem
813 2241 868 2284 et
916 2230 1355 2300 corruptibilem,
1424 2231 1516 2284 sed
1579 2229 1951 2300 Spiritualem,
2002 2228 2098 2305 Dei

514 2320 750 2374 Verbum
780 2320 1026 2374 videlicet
1043 2319 1267 2390 ejusque
1288 2320 1637 2374 voluntatem.
1672 2319 1819 2372 Disc.
1841 2319 2102 2372 Animad-

513 2423 689 2476 verte,
725 2415 985 2486 valdeque
1030 2416 1286 2478 admiror,
1321 2424 1580 2483 quantum
1622 2413 1918 2468 intellectui
1954 2411 2090 2468 Gre-

519 2505 656 2574 gorii
686 2505 939 2576 Tlieologi
963 2507 1232 2574 congruit,
1262 2505 1353 2574 qui
1393 2514 1448 2558 et
1488 2505 1622 2573 ipse,
1655 2513 1713 2556 ut
1741 2503 1986 2572 superius
2016 2510 2101 2556 est

515 2594 716 2648 dictum
759 2595 804 2656 ⁷,
855 2595 1026 2660 cibum
1073 2594 1404 2663 fructumque
1450 2605 1726 2664 potumque
1773 2592 2097 2662 spiritualem

515 2695 669 2754 atque
691 2684 1090 2738 intellectualem
1114 2685 1349 2754 paradisi
1373 2700 1481 2737 esse
1503 2685 1862 2737 incunctanter
1883 2684 2094 2738 asserit.

515 2765 702 2837 Porro,
733 2775 776 2827 si
803 2774 953 2828 cibus
975 2773 1211 2842 paradisi
1236 2774 1529 2842 spiritualis
1547 2783 1602 2827 et
1624 2773 1972 2844 intelligibilis
1988 2781 2090 2838 est,

517 2867 825 2921 necessario
857 2867 1119 2936 sequitur,
1152 2875 1210 2919 ut
1251 2874 1305 2918 et
1329 2865 1456 2918 illud
1492 2879 1648 2918 omne
1681 2863 1903 2934 lignum,
1945 2864 2098 2933 cujus

521 2955 731 3011 fructus
759 2957 911 3010 cibus
938 2957 1026 3010 ille
1047 2966 1152 3021 est,
1177 2955 1534 3011 iutellectuale
1559 2965 1612 3010 et
1640 2956 1918 3024 spirituale
1942 2956 2098 3009 intel-

519 3050 740 3121 ligatur.
780 3047 894 3104 Non
924 3050 1067 3104 enim
1098 3052 1163 3104 de
1187 3064 1446 3118 corporeo
1472 3049 1817 3116 sensibilique
1843 3047 1985 3118 ligno
2017 3048 2096 3102 in-

520 3118 814 3210 corporeus
847 3139 1300 3209 iutelligibilisque
1331 3139 1534 3193 fructus
1563 3140 1708 3193 nasci
1741 3138 1994 3193 credibile
2016 3147 2099 3192 est
2125 3118 2170 3178 Ε

523 3241 580 3287 et
608 3232 798 3285 rationi
828 3246 1007 3284 rerum
1031 3233 1376 3283 conveniens.
1418 3229 1606 3293 Porro,
1652 3229 1696 3282 si
1721 3237 1776 3282 et
1806 3228 2014 3283 fructus
2045 3237 2098 3281 et

521 3321 663 3390 ligna
693 3320 992 3388 spiritualia
1021 3329 1167 3383 sunt,
1219 3334 1397 3373 nonne
1427 3335 1762 3388 consequens
1807 3329 1912 3382 est,
1953 3328 2013 3371 ut
2043 3328 2099 3373 et

522 3409 673 3463 locus
702 3410 808 3473 ille,
834 3409 885 3462 iu
908 3423 1014 3478 quo
1041 3408 1356 3471 subsistunt,
1385 3424 1488 3462 non
1511 3410 1834 3479 corporalis,
1858 3410 1950 3463 sed
1977 3425 2098 3478 pro-

525 3497 666 3553 fecto
695 3497 988 3566 spiritualis
1024 3505 1079 3551 et
1125 3498 1376 3551 credatur
1417 3507 1474 3552 et
1525 3498 2092 3570 cognoscatuthc.

529 3587 879 3656 Consequens
911 3586 1147 3654 quidem,
1177 3595 1231 3640 et
1275 3588 1500 3642 rationis
1524 3587 1760 3656 plenum,
1797 3597 1851 3642 et
1883 3588 2096 3642 veritati

531 3678 885 3731 simillimum.
937 3676 1040 3731 Sed
1091 3686 1144 3730 ut
1186 3678 1287 3732 lioc
1325 3678 1549 3748 praelati
1591 3681 1790 3747 patris,
1829 3679 2096 3733 Ambrosii

530 3769 674 3831 dico,
705 3769 1020 3822 inconcusso
1045 3769 1350 3823 testimonio
1384 3770 1682 3834 roboretur,
1715 3772 1842 3839 quid
1877 3773 1987 3840 ipse
2029 3772 2096 3824 de

527 3858 646 3913 loco
673 3858 924 3928 paradisi,
951 3859 1121 3926 deque
1146 3858 1257 3913 fere
1286 3860 1553 3920 omnibus,
1587 3877 1725 3929 quae
1752 3863 1801 3914 in
1837 3863 1950 3930 ipso
1976 3875 2098 3915 esse

525 3951 709 4004 divina
733 3961 915 4004 narrat
941 3951 1186 4015 historia,
1215 3952 1266 4004 in
1303 3950 1543 4020 praefato
1571 3967 1668 4005 suo
1697 3952 1717 3982 ⁸
1755 3958 1920 4020 opere
1963 3952 2099 4006 scri—

527 4045 714 4114 pserit,
748 4044 1000 4098 intentius
1042 4047 1360 4099 intueamur.
1404 4041 1712 4114 Plerosque,
1751 4045 1938 4112 inquit,
1987 4059 2099 4096 mo-

527 4146 627 4198 vet,
679 4137 767 4206 qui
803 4136 1098 4204 diligentius
1147 4137 1433 4198 intuentur,
1483 4137 1764 4204 quomodo,
1801 4137 1843 4186 si
1876 4136 2044 4204 primo
2074 4135 2095 4168 ⁹

529 4241 773 4296 magnum
797 4242 981 4278 munus
1008 4225 1100 4278 Dei
1129 4226 1226 4294 fuit
1257 4227 1394 4278 circa
1415 4226 1669 4288 homines,
1694 4235 1746 4277 ut
1770 4227 1824 4277 in
1850 4225 2096 4294 paradiso

530 4315 926 4376 collocarentur,
946 4315 1022 4368 vel
1041 4325 1214 4384 postea
1236 4330 1540 4383 magnorum
1563 4315 1908 4368 remuneratio
1928 4317 1967 4345 ¹⁰
1988 4332 2098 4370 esse

529 4405 766 4458 videatur
793 4407 1114 4468 meritorum,
1145 4417 1195 4456 ut
1240 4407 1292 4457 in
1319 4405 1357 4436 ”
1388 4407 1692 4472 paradisum
1727 4408 1905 4476 justus
1936 4424 2098 4461 unus-

528 4495 746 4562 quisque
777 4495 1031 4562 rapiatur.
1076 4495 1330 4546 Dicuntur
1365 4497 1520 4547 etiam
1567 4497 1782 4560 bestiae,
1828 4508 1875 4551 et
1908 4516 2094 4568 pecora

532 4584 668 4651 agri,
699 4591 746 4635 et
769 4582 996 4634 volatilia
1021 4584 1148 4634 caeli
1177 4583 1227 4634 in
1261 4584 1508 4651 paradiso
1533 4585 1712 4648 fuisse.
1746 4584 1894 4640 Unde
1939 4587 2098 4656 pleri-

531 4689 629 4742 que
670 4673 973 4741 paradisum
1010 4675 1238 4726 animam
1273 4674 1496 4726 hominis
1522 4675 1562 4704 ¹²
1585 4691 1693 4727 esse
1725 4677 2011 4742 voluerunt,
2043 4680 2096 4732 in

531 4779 635 4833 qua
681 4763 928 4816 virtutum
960 4763 1211 4832 quaedam
1245 4767 1475 4832 germina
1505 4764 1894 4833 pullularerint,
1933 4769 2098 4820 homi-

535 4870 647 4906 nem
680 4866 853 4906 autem
882 4863 929 4906 et
960 4854 1002 4883 ¹³
1031 4854 1098 4905 ad
1127 4855 1443 4924 operandam
1479 4867 1522 4907 et
1563 4858 1956 4909 custodiendum
2000 4875 2096 4926 pa-

532 4944 766 4996 rtidisum
793 4960 900 4996 esse
923 4945 1166 5013 positum,
1198 4945 1292 4996 hoc
1314 4955 1408 5009 est,
1439 4958 1652 4999 mentem
1677 4947 1921 5010 hominis,
1950 4950 2098 5016 cuius

529 5035 692 5088 virtus
723 5035 949 5087 animum
978 5035 1182 5088 videtur
1204 5037 1453 5102 excolere,
1485 5053 1576 5090 nec
1594 5036 1638 5068 ³⁸
1656 5039 1823 5091 solum
1846 5040 2100 5106 excolere,

2192 1871 2482 1924 volatiliuin
2503 1871 2655 1936 caeli,
2701 1882 2748 1924 et
2779 1871 3011 1924 omnium
3044 1872 3327 1941 repentium
3352 1871 3569 1940 ",quae
3595 1879 3778 1938 repunt

2193 1980 2347 2033 super
2373 1974 2586 2018 terram.
2643 1962 2817 2026 Vides,
2854 1963 2994 2033 quod
3026 1962 3113 2016 ille
3147 1963 3240 2015 tibi
3265 1962 3502 2015 tribuerit
3539 1971 3775 2029 potesta-

2195 2065 2315 2117 tem,
2345 2064 2400 2108 ut
2427 2055 2492 2108 de
2515 2055 2751 2110 omnibus
2775 2068 2832 2108 tu
2855 2055 2904 2085 "
2933 2055 3177 2123 judicare
3203 2055 3410 2118 debeas,
3439 2052 3774 2124 singulorum

2195 2161 2382 2214 genera
2405 2145 2599 2214 judicii
2626 2145 2702 2197 tui
2737 2145 2912 2198 sobria
2936 2145 3238 2214 deﬁnitione
3261 2145 3557 2198 discernere
3583 2160 3604 2196 :
3624 2160 3777 2196 voca-

2197 2234 2266 2285 vit
2297 2233 2365 2285 ad
2391 2243 2440 2286 te
2479 2233 2655 2285 omnia
2698 2233 2861 2297 Deus,
2903 2242 2956 2285 ut
2988 2248 3148 2300 supra
3171 2233 3343 2285 omnia
3374 2247 3599 2284 mentem
3628 2241 3776 2282 tuam

2195 2337 2304 2374 esse
2324 2337 2673 2390 cognosceres.
2701 2319 2811 2375 Cur
2835 2337 2971 2390 quae
3006 2321 3099 2374 tibi
3133 2319 3409 2374 dissimilia
3433 2320 3482 2350 “
3517 2319 3777 2389 reperisti,

2203 2414 2457 2466 asciscere
2478 2413 2572 2466 tibi
2597 2423 2644 2466 et
2665 2412 2912 2479 copulare
2932 2410 3180 2465 voluisti?
3206 2410 3354 2464 Dedit
3381 2411 3474 2464 tibi
3501 2421 3702 2464 certum
3731 2411 3781 2441 "

2197 2519 2428 2567 sensum,
2473 2519 2574 2574 quo
2607 2503 2846 2556 universa
2878 2519 3230 2572 cognosceres,
3263 2513 3309 2557 et
3337 2503 3401 2556 de
3430 2503 3780 2573 cogitationi-

2199 2593 2292 2646 bus
2338 2593 2635 2662 judicares.
2693 2592 2988 2664 Meritoque
3029 2595 3094 2648 de
3136 2593 3226 2646 illo
3273 2596 3498 2665 fecundo
3535 2598 3782 2664 paradisi

2198 2701 2324 2752 agro
2350 2685 2542 2753 ejectus
2569 2702 2644 2749 es,
2667 2686 2792 2755 quia
2822 2701 2926 2738 non
2957 2686 3175 2754 potuisti
3203 2703 3409 2740 servare
3439 2688 3781 2740 mandatum.

2201 2774 2409 2830 Sciebat
2441 2777 2576 2828 enim
2603 2775 2767 2839 Deus,
2798 2793 2907 2830 esse
2937 2787 2985 2830 te
3014 2776 3280 2846 fragilem,
3305 2779 3496 2832 sciebat
3523 2780 3785 2848 judicare

2200 2882 2302 2918 non
2342 2882 2536 2936 posse;
2589 2866 2703 2918 ideo
2755 2866 2889 2919 dixit
2954 2868 3104 2936 quasi
3149 2867 3506 2937 fragilioribus
3539 2869 3564 2921 Ξ
3598 2867 3786 2921 Nolite

2189 2956 2456 3026 judicare,
2506 2966 2560 3009 ut
2611 2973 2713 3009 non
2734 2957 3067 3026 judicemini.
3131 2955 3274 3026 Ergo
3313 2961 3440 3027 quia
3492 2959 3660 3020 scivit,
3698 2960 3822 3010 ἕπε’

2198 3046 2413 3114 ﬁrmum
2445 3056 2495 3100 te
2532 3063 2642 3100 esse
2668 3037 2735 3098 ad
2767 3047 3144 3116 judicandum,
3191 3048 3348 3102 voluit
3375 3060 3423 3102 te
3449 3049 3786 3101 obedientem

2200 3153 2308 3190 esse
2340 3138 2608 3202 mandato,
2653 3138 2767 3190 ideo
2792 3150 3122 3208 praeceptum
3149 3141 3342 3207 posuit.
3383 3140 3532 3204 Quod
3555 3140 3602 3192 si
3633 3138 3782 3191 illud

2201 3245 2302 3282 non
2331 3230 2718 3297 praevaricatus
2739 3246 2892 3290 esses,
2924 3230 3210 3298 periculum
3239 3231 3424 3283 incerti
3458 3230 3649 3298 judicii
3687 3232 3780 3283 in-

2200 3320 2370 3374 cidere
2399 3321 2731 3391 nequivisses.
2768 3318 3028 3385 Quoniam
3061 3338 3176 3375 vero
3210 3321 3457 3390 judicare
3487 3322 3700 3375 voluisti
3737 3333 3786 3375 et

2201 3429 2362 3466 ausus
2398 3429 2449 3466 es
2471 3412 2540 3477 ",
2588 3409 2703 3466 ideo
2754 3413 2958 3466 addidit
2995 3427 3013 3464 :
3045 3411 3177 3467 Ecce
3208 3415 3251 3445 ³⁷
3277 3414 3446 3467 Adam
3482 3413 3653 3483 factus
3705 3424 3786 3467 est

2200 3511 2448 3573 tanquam
2499 3520 2632 3556 unus
2680 3519 2744 3556 ea:
2786 3504 2951 3568 nobis,
3005 3514 3056 3557 ut
3094 3505 3224 3558 sciat
3256 3505 3444 3558 bonum
3472 3516 3516 3557 et
3549 3505 3786 3558 malum.

2214 3593 2432 3647 Voluisti
2458 3596 2551 3648 tibi
2583 3612 2834 3664 arrogare
2855 3594 3123 3665 judicium
3153 3615 3171 3651 :
3199 3613 3419 3667 poenam
3452 3596 3787 3666 prarijadi-

2200 3676 2268 3729 cii
2303 3675 2530 3744 refutare
2561 3695 2661 3731 non
2693 3678 2865 3732 debes.
2901 3676 3084 3731 Posuit
3113 3692 3160 3732 te
3185 3690 3360 3732 tamen
3393 3690 3569 3732 contra
3601 3695 3781 3747 para-

2199 3767 2369 3820 disum
2395 3807 2409 3830 ,
2459 3784 2520 3821 ne
2567 3771 2872 3821 memoriam
2920 3769 3033 3837 ejus
3068 3770 3234 3836 possis
3270 3768 3491 3822 abolere.
3535 3766 3786 3837 Denique

2189 3862 2324 3929 justi
2354 3862 2406 3914 in
2439 3863 2746 3930 paradisum
2775 3879 2928 3931 saepe
2958 3863 3254 3932 rapiuntur,
3285 3862 3416 3914 sicut
3447 3859 3644 3912 Paulus
3693 3878 3787 3913 ra-

2197 3965 2316 4021 ptus
2339 3961 2415 4005 est
2446 3953 2499 4005 in
2535 3953 2843 4020 paradisum
2875 3962 2920 4005 et
2949 3953 3148 4005 audivit
3184 3951 3332 4005 verba
3360 3949 3670 4018 ineffabilia.
3717 3949 3785 4002 Et

2198 4055 2276 4104 tu,
2303 4046 2346 4097 si
2389 4062 2420 4096 a
2465 4047 2633 4113 primo
2686 4044 2828 4096 caelo
2862 4043 2930 4095 ad
2956 4043 3241 4096 secundant
3274 4041 3495 4101 caelum,
3524 4050 3570 4092 et
3609 4056 3643 4090 a
3695 4057 3784 4093 se-

2199 4139 2370 4189 cundo
2403 4138 2470 4188 ad
2513 4137 2722 4188 tertium
2771 4137 2956 4189 mentis
2999 4146 3122 4188 tuae
3171 4135 3339 4203 vigore
3383 4130 3621 4202 rapiaris,
3677 4134 3784 4185 hoc

2199 4234 2271 4278 est
2300 4226 2366 4288 ’⁸,
2409 4226 2532 4295 quia
2559 4227 2782 4294 primum
2806 4226 3156 4295 unusquisque
3185 4225 3338 4276 homo
3363 4233 3435 4276 est
3459 4222 3781 4289 corporalis,

2197 4317 2426 4370 secundo
2458 4315 2724 4380 animalis,
2771 4318 2922 4370 tertio
2947 4315 3254 4385 spiritualis,
3285 4317 3357 4368 ita
3391 4314 3599 4383 rapieris
3626 4313 3685 4343 ’θ
3714 4315 3781 4366 ad

2202 4408 2410 4461 tertium
2436 4406 2659 4471 caelum,
2680 4417 2733 4461 ut
2761 4409 2931 4462 rideas
2953 4407 3205 4477 fulgorem
3225 4408 3424 4476 gratiae
3442 4406 3698 4474 spiritual
3704 4408 3783 4470 is;

2199 4499 2445 4551 animalis
2471 4499 2606 4550 enim
2636 4499 2788 4550 homo
2810 4539 2824 4561 ,
2863 4515 2996 4567 quae
3023 4508 3140 4550 sunt
3171 4496 3402 4565 Spiritus
3431 4496 3541 4559 Dei,
3583 4497 3779 4549 nescit.

2197 4588 2263 4642 Et
2307 4591 2422 4643 ideo
2462 4591 2596 4642 tertii
2647 4591 2778 4644 caeli
2814 4591 3048 4644 ascensio
3098 4591 3192 4642 tibi
3229 4601 3301 4642 est
3354 4591 3674 4653 necessaria,
3727 4600 3780 4642 ut

2199 4681 2423 4749 rapiaris
2454 4680 2507 4732 in
2535 4681 2837 4748 paradisum
2864 4693 2886 4732 :
2914 4679 3134 4749 rapiaris
3155 4679 3262 4747 iant
3305 4679 3415 4732 sine
3433 4676 3692 4748 periculo,
3727 4688 3782 4730 ut

2198 4773 2364 4840 possis
2407 4771 2703 4839 dijudicare
2753 4773 2961 4832 omnia,
3006 4773 3130 4840 quia
3175 4770 3467 4838 spiritualis
3507 4768 3780 4836 dijudicat

2202 4863 2397 4922 omnia,
2417 4861 2522 4927 ipse
2541 4877 2659 4913 vero
2681 4878 2712 4912 a
2735 4862 2936 4913 nemine
2947 4861 3226 4929 judicatur
3242 4859 3304 4914 ⁸⁸.
3325 4860 3556 4923 Intuere,
3581 4876 3780 4929 quem-

2202 4950 2490 5002 adinolum
2537 4948 2856 5002 Ambrosius
2910 4964 3130 5003 sensum
3190 4948 3440 5020 Origcnis
3484 4953 3776 5020 approbat,

2203 5041 2488 5111 Epiphanii
2536 5049 2712 5093 autem
2743 5038 3000 5093 infirmat.
3025 5039 3274 5111 Origenis
3299 5040 3562 5112 siquidem
3606 5057 3778 5112 para-

1811 5178 2064 5237 VARIAE
2104 5181 2501 5238 LECTIONES.

607 5284 921 5360 {ASic‘mCF;
991 5289 1042 5360 ~A
1100 5288 1233 5360 illud
1289 5287 1668 5360 propheticum.
1775 5291 1794 5320 ²
1862 5292 1902 5344 Α

530 5356 551 5430 ξ
839 5373 853 5422 ;
883 5360 927 5430 Α
973 5358 1088 5430 AEst
1129 5353 1298 5412 enimf
1383 5353 1667 5430 "SicWCF;
1716 5360 1759 5413 A
1812 5365 1948 5430 quis.

527 5424 565 5498 τ’
591 5425 831 5498 SieCl“;
865 5428 916 5490 Α,
940 5428 983 5482 si
1011 5431 1085 5482 vel
1107 5431 1292 5498 primo.
1399 5429 1440 5458 ¹⁰
1478 5429 1561 5481 CF
1607 5424 1983 5484 remunerator.

531 5494 575 5526 "
610 5494 693 5547 CF
725 5512 826 5549 non
857 5500 1044 5551 solum.
1107 5494 1116 5498 ⁷
1145 5499 1188 5529 ¹⁸
1221 5499 1304 5553 CF
1342 5499 1575 5551 coluerit.

529 5563 944 5638 arguas.
1019 5569 1062 5599 ’°
1086 5569 1162 5622 vel
1187 5585 1293 5621 om.
1319 5567 1422 5622 (2F.
1501 5571 1542 5598 "
1565 5569 1654 5622 Sic
1676 5569 1790 5632 CF;
1812 5572 1850 5622 Α
1878 5563 2050 5638 quasi.

526 5632 646 5700 CF;
688 5634 730 5688 A
755 5632 847 5689 tibi
873 5638 1061 5691 similia
1087 5640 1317 5692 minime.
1419 5640 1464 5668 ”
1504 5640 1593 5692 Sic
1621 5639 1734 5699 (1F;
1766 5642 1806 5692 Δ
1836 5632 1990 5694 certe.

529 5702 636 5758 CF.
727 5708 769 5739 ’³
810 5711 849 5761 Α
875 5709 918 5761 si
948 5709 1016 5761 ita
1048 5711 1288 5776 rapiaris.

1971 5292 2130 5362 quod.
2260 5292 2280 5323 ⁸
2320 5302 2394 5345 est
2462 5305 2571 5344 om.
2626 5292 2730 5345 CF.
2834 5292 2840 5316 ‘

2046 5361 2215 5444 ’“Si‘c.
2503 5364 2840 5444 dictumuest.

1687 5442 1983 5484 nunerator.
2077 5433 2117 5466 ¹¹
2162 5433 2253 5486 Sic
2278 5432 2387 5493 CF;
2419 5434 2462 5484 Α
2499 5441 2586 5484 aa.

1687 5499 1729 5529 ¹⁸
1769 5501 1858 5554 Sic
1886 5502 2000 5557 Cl":
2040 5501 2085 5554 A
2117 5503 2215 5557 vel.
2293 5503 2332 5534 "
2378 5503 2466 5554 Sic
2497 5501 2581 5555 CF

1986 5541 2085 5625 ii."
2119 5541 2286 5628 ἶῗὲίε
2309 5541 2852 5640 (ῖέξλῖὲιῖιεῐίι’ξ’ἐᾶἦῖ

2067 5643 2114 5674 ³⁸
2153 5653 2198 5697 et
2221 5659 2380 5697 ausus
2417 5659 2468 5696 es
2499 5658 2606 5696 Otii.
2639 5643 2700 5694 A.

1366 5710 1409 5739 ³⁰
1454 5710 1543 5762 Sic
1572 5709 1689 5775 Cl";
1721 5711 1763 5763 A
1812 5711 2158 5779 dijudicatur.

2260 5291 2394 5366 [εει
2445 5305 2571 5366 om.
2626 5291 2730 5345 CF.
2834 5290 2855 5322 ⁵
2894 5289 2977 5366 εξ
3020 5289 3279 5366 Quando.
3349 5289 3581 5363 [quidem
3634 5294 3774 5366 θαι]

2951 5361 2973 5391 ⁸
3011 5361 3093 5414 Cl"
3122 5362 3172 5412 in
3209 5361 3451 5482 praefato
3490 5365 3572 5416 sui
3601 5361 3775 5432 apere;

2951 5431 2991 5482 is
3023 5446 3133 5482 om.
3165 5429 3204 5482 C
3231 5429 3267 5482 ‘.
3349 5432 3392 5464 ⁸³
3430 5443 3478 5482 et
3517 5449 3624 5482 om.
3665 5432 3774 5482 CF.

2421 5434 2462 5512 ᾼ
2499 5441 2586 5512 ira:
2661 5432 2733 5512 ,ίξ
2769 5431 2991 5512 hominis
3023 5446 3133 5512 oin.
3165 5429 3267 5484 CF.
3349 5432 3392 5464 ⁸³
3430 5443 3482 5512 et
3517 5429 3641 5512 οιηᾷ
3665 5432 3774 5512 .

2293 5503 2332 5534 ⁸⁷
2378 5503 2466 5554 Sic
2497 5501 2611 5564 CF;
2647 5501 2688 5554 Α
2716 5502 2993 5554 invenitur.
3066 5501 3110 5530 “’
3139 5517 3286 5569 queat
3311 5517 3421 5556 om.
3454 5504 3518 5556 Α.
3599 5502 3640 5533 ¹⁹
3683 5503 3775 5557 Sic

2309 5572 2426 5626 CF:
2452 5573 2496 5624 Λ
2521 5571 2852 5626 rentibilium.
2927 5571 2973 5602 "
2997 5570 3085 5626 Sic
3107 5570 3224 5626 CF:
3251 5582 3305 5623 tu
3334 5589 3446 5625 om.
3477 5575 3540 5625 Δ.
3609 5573 3654 5602 ³⁸
3683 5573 3774 5626 Sic

2809 5642 2851 5673 ⁸⁷
2891 5641 3024 5696 Ecce
3048 5657 3156 5696 om.
3368 5642 3415 5674 ⁸⁸
3449 5629 3540 5696 hoc

3609 5573 3654 5602 ιδ

3368 5642 3415 5674 ⁸⁸
3449 5643 3547 5696 hoc
3567 5652 3638 5697 est
3660 5658 3770 5699 om.
