4028 6282
266 415 373 474 853

1087 409 1176 464 DE
1210 410 1549 466 DlVlSlONE
1587 410 1938 467 NATURAE.
1972 440 2043 450 -—
2077 408 2278 465 LIBER
2315 407 2668 477 QUARTUS.

3428 415 3535 474 856

266 533 462 594 disnm,
487 527 544 583 in
572 525 732 582 tertio
760 524 932 590 caelo,
960 526 1102 596 quod
1125 536 1208 583 est
1231 527 1615 595 intellectuale,
1646 527 1748 583 hoc
1766 534 1852 583 est
1875 531 1924 591 Α
1953 525 2246 598 plicitatem
2276 529 2298 560 θ
2335 533 2561 583 naturae
2612 531 2739 580 ante
2775 524 3028 581 delictum
3064 526 3411 599 singulariter
3442 542 3538 586 ex-

267 625 324 680 in
356 623 474 694 ipso
520 619 759 685 homine,
799 627 1061 691 quantum
1107 620 1417 678 intellectus
1446 629 1549 687 est,
1600 622 1618 653 ¹
1651 620 1848 678 asserit

267 730 388 773 esse
406 733 421 769 :
437 711 770 784 Epiphanius
790 728 941 781 vero,
970 721 1031 768 ut
1048 713 1439 784 praediximus,
1464 714 1690 769 nimium
1711 712 1846 769 sim-

274 807 487 882 pliciter
534 805 797 872 sentiens,
839 815 1115 862 terrenum
1157 810 1428 878 quendam
1476 808 1654 863 locum
1689 822 1851 877 para-

268 901 446 957 disum
486 900 759 964 aestimat,
786 906 1111 970 terrenaque
1148 897 1293 970 ligna
1336 898 1623 971 fontesque
1674 897 1848 955 sensi-

263 996 428 1064 biles,
478 996 623 1067 quod
665 1008 792 1050 vera
822 992 1049 1057 deridet
1096 992 1257 1048 ratio.
1306 991 1424 1048 Non
1464 994 1613 1048 enim
1669 992 1850 1048 credi-

264 1088 375 1143 bile
402 1096 487 1143 est
522 1087 590 1142 de
627 1083 887 1157 Apostolo
923 1083 1213 1141 aestimare
1259 1087 1303 1151 ²,
1354 1085 1410 1141 in
1445 1084 1609 1140 alium
1637 1083 1853 1155 paradi-

265 1197 386 1237 sum
420 1190 632 1254 raptum
679 1180 880 1246 fuisse,
920 1180 1022 1236 nisi
1071 1181 1125 1235 in
1168 1179 1377 1252 ipsum,
1420 1180 1475 1236 in
1506 1196 1612 1252 quo
1646 1181 1855 1252 primus

265 1275 432 1331 homo
458 1275 527 1331 ad
558 1274 845 1346 imaginem
874 1273 971 1329 Dei
992 1272 1168 1329 factus
1194 1281 1307 1342 est,
1341 1282 1397 1330 et
1423 1275 1490 1331 de
1522 1291 1631 1346 quo
1660 1276 1855 1331 merito

266 1364 667 1422 inobedientiae
692 1367 963 1422 detrusus.
992 1362 1170 1421 Unum
1193 1381 1427 1437 namque
1449 1367 1759 1438 paradisum
1780 1367 1859 1441 di-

265 1456 393 1513 vina
422 1466 612 1515 narrat
632 1457 878 1524 historia,
901 1465 957 1512 et
979 1470 1145 1513 unum
1168 1457 1442 1513 hominem
1472 1458 1526 1514 in
1558 1458 1673 1530 ipso
1698 1474 1855 1515 crea-

267 1558 382 1606 tum
405 1592 421 1617 ,
448 1552 503 1607 in
528 1567 637 1625 quo
664 1550 920 1608 videlicet
942 1551 1160 1607 homine
1188 1552 1273 1608 vir
1296 1563 1352 1609 et
1379 1552 1570 1608 mulier
1599 1552 1853 1626 intelligi-

269 1653 359 1700 tur
382 1660 524 1711 esse,
553 1645 599 1701 si
626 1645 791 1701 verba
818 1655 1130 1701 sanctorum
1151 1643 1375 1700 Patrum
1405 1646 1679 1715 sequenda
1707 1656 1852 1703 sunt.

265 1735 506 1793 Naturae
530 1736 796 1808 siquidem
821 1737 1091 1794 humanae
1124 1737 1208 1793 vir
1236 1746 1321 1793 est
1350 1736 1674 1804 intellectus,
1703 1739 1795 1810 qui
1821 1754 1854 1794 a

265 1827 489 1886 Graecis
525 1836 752 1885 vocatur
787 1834 939 1895 νοῦςς
977 1828 1172 1884 mulier
1198 1842 1421 1895 sensus,
1462 1830 1553 1900 qui
1595 1828 1855 1886 feminino

1948 620 2180 693 pressit,
2222 620 2292 675 ad
2321 620 2603 692 imaginem
2641 619 2741 674 Dei
2767 621 2956 675 creavit
2991 619 3144 675 illam
3169 638 3188 676 :
3214 622 3538 679 divisionem

1953 728 2082 769 vero
2116 712 2234 782 ejus
2274 719 2494 783 propter
2523 710 2776 780 delictum
2809 711 3122 781 pluraliter,
3153 713 3445 769 masculum
3487 724 3539 770 et

1952 802 2202 873 feminam
2232 802 2422 858 creavit
2447 819 2553 858 eos.
2580 802 2751 871 Quam
2781 802 3099 860 divisionem
3137 804 3431 861 similitudo
3458 806 3541 863 in-

1952 896 2263 966 sipientium
2304 895 2617 951 animalium
2658 903 2887 966 sequuta
2930 904 3051 963 est;
3100 896 3291 966 factus,
3344 897 3539 968 inquit,

1952 987 2106 1042 homo
2146 988 2205 1042 in
2253 976 2801 1060 animam'viventem.
2846 986 2963 1044 Non
3002 987 3169 1054 dixit,
3208 988 3263 1043 in
3292 988 3544 1059 spiritum

1954 1078 2341 1135 viviﬁcantem.
2385 1077 2600 1134 Primus
2639 1078 2780 1134 enim
2817 1080 2969 1134 homo
3014 1079 3079 1134 de
3117 1088 3256 1134 terra
3286 1089 3545 1142 terrenus.

1955 1174 2034 1228 ait
2069 1172 2390 1244 Apostolus,
2436 1172 2696 1228 secundus
2736 1172 2923 1238 homo,
2969 1171 3025 1228 in
3056 1186 3164 1242 quo
3202 1179 3312 1227 tota
3351 1182 3549 1228 natura

1956 1264 2194 1320 humana
2237 1272 2542 1321 restaurata
2583 1272 2695 1332 est,
2726 1265 2791 1319 de
2838 1264 2982 1320 caelo
3031 1263 3287 1320 caelestis.
3329 1264 3398 1319 Et
3446 1281 3551 1320 non

1956 1357 2124 1428 prius,
2157 1357 2353 1428 inquit,
2380 1357 2486 1414 hoc
2505 1365 2611 1424 est,
2666 1357 2721 1412 in
2768 1357 2945 1429 primo
3003 1357 3223 1414 homine
3274 1350 3551 1427 praevari-

1958 1460 2139 1518 cante,
2171 1450 2311 1523 quod
2332 1451 2623 1525 spirituale,
2651 1454 2742 1507 sed
2764 1451 2903 1523 quod
2927 1450 3154 1506 animale
3180 1465 3197 1504 :
3219 1449 3428 1518 deinde,
3446 1451 3551 1505 hoc

1957 1550 2063 1609 est,
2116 1542 2456 1600 in-secundo
2499 1551 2859 1608 restaurante,
2909 1542 3048 1614 quod
3094 1541 3387 1613 spirituale.
3439 1540 3554 1597 Hoc

1956 1635 2124 1691 etiam
2157 1643 2337 1692 textus
2365 1635 2579 1692 divinae
2624 1634 2886 1691 historiae
2926 1633 3332 1690 evidentissime
3375 1632 3557 1688 decla-

1957 1735 2065 1783 rat.
2106 1724 2246 1782 Nam
2286 1736 2574 1799 postquam
2618 1726 2912 1783 secundam
2949 1725 3313 1782 conditionem
3352 1726 3557 1780 terreni

1957 1820 2198 1877 hominis
2227 1820 2296 1876 de
2323 1818 2455 1876 limo
2487 1828 2689 1885 terrae,
2721 1826 3027 1875 ceterorum
3056 1815 3370 1873 animalium
3400 1815 3555 1872 simi-

265 1936 465 1993 genere
489 1920 718 1985 αἴσθησις
746 1921 1103 1992 exprimitur:
1136 1936 1366 1992 quorum
1397 1899 1626 1994 mystico
1664 1919 1854 1992 conju—

1964 1908 2218 1978 litudine,
2248 1910 2304 1966 in
2346 1909 2582 1966 animam
2611 1911 2885 1966 viventem
2915 1908 3217 1993 introduxit
3246 1907 3320 1975 “,
3353 1922 3422 1964 ne
3446 1907 3562 1979 pri-

265 2011 357 2081 gio
384 2010 586 2067 Christi
627 2020 683 2067 et
720 2011 993 2068 Ecclesiae
1026 2011 1207 2067 futura
1255 2012 1444 2083 copula
1494 2011 1856 2085 praeﬁgurata

265 2110 370 2158 est.
403 2101 502 2158 Cui
529 2103 648 2159 viro
674 2111 835 2175 atque
860 2103 1091 2168 mulieri,
1125 2103 1420 2161 intellectui
1449 2105 1698 2163 videlicet
1727 2121 1853 2162 sen-

264 2195 478 2265 suique,
508 2196 692 2253 divina
721 2196 805 2253 lex
832 2212 940 2253 non
962 2196 1138 2254 solum
1165 2199 1456 2264 concessit,
1480 2214 1668 2255 verum
1693 2200 1859 2257 etiam

264 2297 543 2358 praecepit
565 2288 634 2345 de
661 2288 808 2360 ligno
831 2290 975 2345 vitae
999 2290 1303 2356 comedere,
1337 2292 1404 2347 de
1432 2293 1696 2363 sapientia
1726 2301 1901 2364 νιος-⁸

266 2378 411 2435 lecto
437 2379 616 2436 Patris
643 2389 699 2437 et
720 2381 921 2448 Verbo,
947 2383 1090 2453 quod
1119 2392 1205 2440 est
1229 2383 1488 2440 Dominus
1513 2383 1671 2441 Jesus
1697 2384 1859 2441 Chri-

267 2478 409 2538 stus,
435 2471 526 2542 qui
554 2471 611 2527 in
635 2473 810 2529 medio
836 2474 1105 2529 humanae
1131 2482 1357 2531 naturae
1385 2474 1621 2546 paradisi
1650 2476 1859 2547 planta-

271 2572 359 2620 tus
386 2573 492 2632 est,
518 2565 614 2637 qui
637 2573 721 2621 est
744 2566 1041 2638 spiritualis
1064 2568 1243 2638 panis,
1271 2584 1380 2639 quo
1403 2570 1582 2640 angeli
1607 2564 1861 2640 perlecti-

268 2671 377 2726 que
423 2656 707 2725 homines,
754 2673 985 2729 quorum
1034 2662 1376 2717 conversatio
1423 2663 1476 2717 in
1531 2662 1698 2719 caelis
1755 2672 1858 2730 est,

269 2757 583 2806 vescuntur.
614 2749 980 2807 Prohibentur
1007 2761 1187 2810 autem
1225 2769 1257 2809 a
1296 2770 1405 2810 non
1433 2755 1673 2812 discreto
1700 2765 1862 2827 atque

270 2837 567 2897 commixto
592 2839 721 2897 boni
745 2849 801 2898 et
826 2842 952 2898 mali
981 2845 1245 2915 appetitu,
1277 2846 1371 2917 qui
1411 2861 1480 2903 ex
1508 2846 1863 2905 delectatione

270 2933 630 2990 materialium
653 2950 834 2992 rerum
857 2937 1275 3007 pulchritudinis
1297 2940 1630 3012 imperfectis
1655 2944 1863 2998 anima-

272 3025 375 3081 bus
422 3024 662 3097 inﬁgitur
693 3044 707 3081 :
749 3042 782 3082 a
819 3044 927 3098 quo
970 3029 1245 3086 abstinere
1281 3031 1536 3087 meritum
1574 3033 1718 3088 vitae
1765 3048 1861 3089 ae-

275 3123 466 3174 ternae
492 3126 601 3185 est,
625 3134 692 3175 eo
718 3120 865 3175 abuti
894 3122 1101 3176 aeterni
1129 3122 1383 3180 interitus
1403 3125 1638 3180 occasio.
1669 3124 1862 3182 Cetera

274 3226 431 3279 vero,
458 3227 599 3282 quae
623 3228 656 3269 a
679 3228 831 3270 sacra
863 3213 1143 3286 Scriptura
1175 3215 1243 3270 de
1268 3217 1523 3287 paradiso
1550 3219 1858 3287 traduntur,

275 3304 525 3376 quamvis
564 3320 663 3375 per
694 3306 1134 3377 anticipationem
1173 3307 1317 3364 dicta
1368 3309 1477 3364 sint
1522 3309 1567 3377 ³,
1609 3325 1676 3366 ac
1700 3309 1867 3367 veluti

276 3397 332 3452 in
359 3395 613 3466 paradiso
640 3395 816 3465 facta,
852 3397 973 3469 plus
1002 3407 1185 3455 tamen
1219 3407 1275 3455 et
1302 3401 1699 3471 rationabilius,
1727 3419 1864 3474 quo-

278 3489 427 3545 niam
455 3490 648 3547 merito
670 3492 878 3562 peccati
911 3493 1258 3564 superaddita
1284 3503 1430 3562 sunt,
1461 3504 1515 3552 et
1542 3497 1609 3553 ad
1630 3499 1869 3553 exterio-

279 3594 397 3635 rem
446 3582 717 3639 hominem
754 3584 1059 3655 pertinent,
1111 3594 1270 3642 extra
1318 3587 1634 3658 paradisum
1685 3599 1810 3661 post
1844 3592 1867 3621 ⁸

278 3682 564 3745 peccatum
592 3676 761 3734 fuisse
784 3678 1152 3750 intelligenda.
1230 3722 1233 3723 γ

256 3798 265 3803 η
354 3767 441 3824 i9.
482 3768 644 3825 Verbi
664 3769 834 3840 gratia
860 3786 874 3824 :
904 3768 1176 3828 Formavit
1217 3774 1381 3846 igitur
1399 3774 1657 3830 Dominus
1681 3776 1703 3808 ⁸
1731 3775 1871 3832 Deus

281 3859 543 3915 hominem
576 3861 641 3916 de
670 3860 794 3916 limo
828 3871 1034 3931 terrae,
1064 3873 1113 3918 et
1147 3864 1419 3936 inspiravit
1445 3868 1500 3921 in
1535 3867 1724 3937 faciem
1755 3868 1871 3939 ejus

279 3951 602 4022 spiraculum
645 3954 817 4020 vitae,
846 3962 896 4008 et
936 3955 1108 4025 factus
1136 3964 1213 4012 est
1258 3957 1414 4014 homo
1455 3959 1511 4013 in
1542 3959 1775 4014 animam
1798 3959 1872 4016 υἰ-

280 4053 499 4098 ventem.
538 4044 818 4112 Quomodo
856 4047 922 4105 de
955 4046 1087 4103 limo
1114 4057 1292 4106 terrae
1330 4058 1415 4107 est
1453 4049 1742 4121 formatus,
1776 4052 1872 4124 qui

280 4133 355 4189 ad
383 4134 673 4209 imaginem
694 4146 750 4193 et
773 4138 1183 4198 similitudinem
1206 4142 1301 4199 Dei
1326 4142 1499 4201 lactus
1516 4144 1577 4199 '?
1602 4146 1712 4200 Aut
1737 4161 1872 4217 quo-

281 4225 447 4282 modo
472 4227 540 4284 de
563 4243 630 4285 eo
657 4229 929 4286 diceretur
953 4247 969 4286 :
997 4229 1196 4288 Factus
1225 4235 1344 4289 est"
1368 4235 1523 4291 homo
1555 4238 1612 4291 in
1639 4237 1874 4294 animam

278 4318 556 4385 uiuentem,
581 4322 726 4391 quod
748 4323 816 4380 de
840 4324 1037 4380 ceteris
1063 4325 1253 4383 bestiis
1278 4327 1344 4383 de
1374 4335 1518 4384 terra
1547 4329 1773 4400 prolatis
1799 4330 1876 4387 si-

282 4411 492 4467 militer
524 4414 727 4470 dictum
767 4425 850 4473 est
896 4434 912 4475 :
954 4415 1227 4474 Producat
1258 4430 1398 4476 terra
1439 4423 1673 4478 animam
1707 4425 1876 4480 viven-

280 4505 430 4558 tem?
471 4503 660 4563 Nonne
696 4508 719 4538 ⁸
757 4521 888 4579 ergo
946 4509 1171 4565 duarum
1228 4511 1463 4568 hominis
1509 4512 1873 4571 conditionum

283 4596 432 4652 ratio
462 4597 623 4654 datur
662 4599 924 4672 intelligi?
954 4599 1137 4659 Primo
1178 4603 1395 4673 quidem
1434 4604 1695 4675 scriptum
1734 4614 1820 4662 est
1856 4624 1870 4662 :

283 4688 360 4744 Et
387 4693 576 4748 creauit
599 4692 740 4749 Deus
765 4694 1028 4750 hominem
1054 4695 1123 4750 ad
1146 4695 1424 4769 imaginem
1445 4714 1615 4765 suam,
1641 4699 1711 4753 ad
1742 4699 1874 4753 ima-

282 4784 463 4855 ginem
484 4783 582 4840 Dei
608 4787 801 4843 creavit
822 4787 994 4845 illum.
1019 4788 1159 4845 Ecce
1184 4789 1359 4860 prima
1387 4791 1650 4859 conditio,
1682 4792 1736 4846 in
1768 4808 1876 4864 qua

285 4874 437 4931 nulla
469 4878 670 4935 terreni
712 4878 827 4934 limi
869 4882 1313 4938 commemoratio
1352 4880 1495 4939 facta
1532 4891 1644 4949 est,
1696 4899 1875 4955 neque

284 4965 506 5025 animae
533 4969 784 5026 viventis.
817 4969 1076 5042 Sequitur
1114 4982 1295 5030 autem
1331 4976 1600 5043 secunda,
1633 4990 1771 5047 quae
1803 4992 1874 5033 ex

282 5056 557 5115 divisione
584 5069 808 5117 naturae
842 5061 896 5116 in
927 5063 1195 5134 duplicem
1220 5079 1412 5121 sexum
1440 5081 1613 5137 poena
1646 5083 1875 5139 praeva-

242 5184 247 5189 -
285 5151 572 5210 ricationis
594 5155 943 5225 superaddita
967 5157 1249 5215 exordium
1275 5161 1527 5231 sumpsit.
1554 5160 1874 5229 Masculum,

285 5243 501 5316 inquit,
526 5256 577 5304 et
612 5248 864 5319 feminam
889 5251 1083 5306 creauit
1121 5268 1229 5308 eos.
1258 5250 1418 5309 Prius
1444 5252 1713 5325 siquidem
1741 5255 1875 5312 sim-

1959 2019 2110 2059 mam
2159 2004 2527 2077 conditionem
2578 2004 2646 2060 ad
2701 2003 2993 2076 imaginem
3042 1988 3147 2059 Dei.
3192 2002 3560 2059 introductam

1960 2097 2303 2164 aestimares,
2332 2096 2505 2169 ipsam
2530 2097 2762 2167 primam
2790 2095 3015 2152 seorsim
3043 2093 3249 2150 addidit
3272 2094 3457 2151 dicens
3477 2096 3558 2150 ἰε

1962 2190 2303 2248 Plantauerat
2333 2202 2509 2254 autem
2533 2176 2794 2247 Dominus
2814 2190 2959 2248 Deus
2982 2190 3291 2263 paradisum
3318 2191 3559 2262 volupta-

1961 2285 2028 2339 tis
2059 2302 2093 2340 a
2109 2283 2155 2316 ¹²
2174 2283 2452 2354 principio,
2483 2282 2587 2338 hoc
2613 2290 2716 2351 est,
2741 2298 2772 2337 a
2795 2282 2971 2354 prima
3000 2281 3387 2339 conditione“.
3411 2284 3492 2338 Ac
3513 2281 3564 2339 si

1962 2376 2168 2434 diceret
2196 2392 2210 2429 :
2240 2373 2360 2431 Noli
2385 2374 2618 2445 primam
2645 2374 3013 2431 conditionem
3042 2372 3099 2429 in
3133 2389 3223 2441 eo,
3249 2375 3393 2444 quod
3418 2373 3560 2431 scri-

1960 2479 2113 2543 ptum
2138 2476 2251 2526 est:
2280 2478 2327 2524 et
2350 2467 2521 2539 factus
2550 2474 2625 2523 est
2651 2467 2807 2522 homo
2830 2466 2888 2521 in
2918 2467 3151 2522 animam
3173 2466 3444 2535 viventem,
3473 2466 3560 2523 in-

1964 2561 2242 2633 telligere,
2278 2560 2374 2617 sed
2403 2560 2716 2617 secundam.
2754 2558 2996 2615 Primam
3038 2568 3221 2616 autem
3259 2560 3316 2616 in
3350 2559 3564 2630 planta—

1964 2653 2111 2710 tioue
2157 2651 2401 2725 paradisi
2452 2650 2725 2725 intellige;
2779 2649 3046 2722 plantavit
3089 2651 3358 2722 siquidem
3417 2654 3563 2706 Deus

1963 2744 2275 2815 paradisum
2294 2742 2614 2813 voluptatis,
2636 2740 2741 2797 hoc
2767 2749 2872 2806 est,
2902 2743 3193 2797 humanam
3221 2748 3472 2796 naturam
3503 2740 3564 2797 in

1964 2837 2115 2894 Eden
2147 2836 2214 2904 ιδ,
2245 2836 2301 2892 in
2329 2835 2538 2894 deliciis
2571 2843 2827 2892 aeternae
2856 2833 3154 2893 felicitatis.
3185 2834 3253 2890 Et
3290 2834 3380 2891 ubi
3410 2834 3567 2915 plan-

1968 2932 2214 2988 taverat?
2233 2931 2290 2987 In
2312 2930 2599 3003 principio,
2624 2928 2802 2987 Verbo
2838 2928 2885 2962 “'
2929 2927 3198 2997 videlicet,
3229 2929 3283 2985 in
3309 2944 3418 3000 quo
3440 2928 3568 2987 fecit

1967 3023 2109 3080 Deus
2155 3022 2361 3079 caelum
2409 3031 2467 3079 et
2508 3031 2729 3078 terram.
2766 3020 2982 3077 Intuere
3020 3023 3130 3076 vim
3168 3021 3476 3076 verborum.
3505 3020 3566 3076 lu

1967 3120 2203 3176 secunda
2229 3121 2541 3179 conditione
2559 3121 2729 3179 verbo
2748 3119 3033 3192 praeteriti
3052 3118 3276 3190 perfecti
3302 3119 3567 3190 propheta

1969 3227 2101 3268 usus
2130 3219 2215 3268 est
2241 3232 2257 3278 ;
2290 3210 2490 3269 Factus
2514 3221 2613 3282 est,
2642 3212 2835 3283 inquit,
2869 3211 3022 3266 homo
3044 3211 3101 3265 in
3132 3212 3366 3266 animam
3392 3209 3568 3264 viven-

1970 3314 2109 3372 tem;
2140 3307 2196 3362 in
2229 3307 2407 3379 prima
2449 3322 2582 3363 vero
2617 3307 2787 3363 verbo
2824 3304 3102 3376 praeteriti
3128 3304 3411 3376 plusquam
3442 3317 3569 3375 per-

1970 3397 2099 3456 fecti
2138 3417 2152 3454 :
2183 3398 2526 3457 Plantauerat
2554 3398 2811 3454 Dominus
2850 3396 2993 3455 Deus
3028 3396 3359 3469 paradisum,
3385 3403 3448 3451 ut
3475 3410 3569 3451 co-

1971 3510 2280 3566 gnosceres,
2310 3494 2545 3566 primam
2601 3493 2863 3567 dignitate
2914 3501 2971 3549 et
3024 3492 3362 3550 beatitudine
3388 3531 3404 3558 ,
3458 3507 3570 3548 non

1972 3594 2153 3642 autem
2183 3595 2426 3658 tempore
2450 3586 2781 3658 praecedere
2804 3584 3125 3642 secundam.
3154 3583 3214 3641 In
3243 3600 3351 3656 qua
3386 3584 3568 3655 prima

1973 3687 2160 3734 tantae
2196 3679 2595 3764 spiritualitatis
2624 3679 2789 3736 homo
2824 3677 3034 3745 fuerat,
3072 3685 3133 3732 ut
3174 3676 3337 3733 nullis
3380 3677 3571 3733 usibus

1972 3771 2333 3841 corporalium
2365 3787 2623 3829 sensuum
2658 3772 2957 3844 indigeret,
3000 3769 3095 3826 sed
3130 3768 3176 3803 ³⁸
3213 3769 3329 3826 solo
3378 3768 3556 3826 intelli

1973 3863 2189 3935 gentiae
2213 3861 2387 3919 olIicio
2406 3861 2699 3920 frueretur.
2724 3864 2878 3931 Quod
2903 3864 3071 3920 etiam
3097 3871 3327 3919 sanctus
3341 3860 3573 3917 Ambro-

1975 3958 2087 4016 sius
2118 3965 2370 4025 testatur,
2403 3957 2589 4014 dicens
2614 3975 2628 4012 :
2655 3957 2725 4012 Et
2752 3958 2919 4029 aperti
2946 3965 3069 4013 sunt
3099 3954 3144 3988 ⁸⁷
3172 3954 3311 4010 oculi
3358 3970 3563 4021 eorum,

1974 4058 2023 4104 et
2059 4058 2431 4120 cognoverunt,
2461 4050 2599 4120 quod
2643 4048 2774 4102 nudi
2824 4056 3016 4104 essent.
3050 4044 3121 4100 Et
3166 4056 3288 4101 ante
3333 4044 3568 4117 quidem,

1976 4138 2145 4210 inquit
2176 4138 2244 4205 “,
2282 4138 2413 4193 nudi
2435 4146 2606 4204 erant,
2634 4137 2727 4193 sed
2762 4154 2869 4192 non
2887 4137 3001 4192 sine
3024 4136 3274 4192 uirtutum
3303 4144 3574 4206 tegumen-

1978 4230 2045 4286 tis
2069 4230 2137 4298 ";
2157 4230 2284 4284 nudi
2306 4238 2455 4285 erant
2475 4238 2686 4301 propter
2704 4244 2912 4284 morum
2936 4227 3345 4298 simplicitatem,
3363 4223 3572 4297 etquod

1978 4325 2228 4380 amictum
2256 4323 2464 4394 fraudis
2505 4333 2700 4378 natura
2726 4322 2966 4376 nesciret.
3001 4319 3161 4396 Nunc
3188 4328 3365 4374 autem
3390 4316 3573 4373 multis

1976 4416 2376 4473 simulationum
2404 4415 2688 4470 involucris
2727 4430 2872 4469 mens
2898 4414 3131 4467 humana
3171 4410 3395 4467 velatur.
3424 4409 3571 4480 Ergo
3634 4399 3639 4404 ’

1975 4519 2314 4582 posteaquam
2326 4507 2622 4579 spoliantur
2646 4505 2740 4561 illa
2765 4506 3066 4562 sinceritate
3088 4521 3149 4559 ac
3170 4501 3502 4575 simplicitate
3525 4498 3576 4531 ὀ
3623 4550 3647 4579 '__

1978 4602 2210 4675 integrae
2232 4603 2668 4673 incorruptaeque
2690 4608 2931 4665 naturae,
2952 4612 3203 4669 quaerere
3226 4595 3499 4651 mundana
3523 4599 3574 4648 et

1979 4693 2287 4764 manufacta
2313 4701 2616 4763 coeperunt,
2642 4690 2829 4762 quibus
2856 4690 3001 4745 nuda
3027 4704 3153 4745 suae
3181 4688 3369 4744 mentis
3401 4685 3575 4757 operi-

1979 4796 2090 4842 rent
2116 4786 2546 4842 delectationibus
2576 4786 2620 4820 ²¹
2638 4824 2655 4851 ,
2684 4793 2732 4838 et
2767 4782 3133 4838 obumbrarent
3162 4782 3208 4813 “
3235 4778 3459 4852 genitale
3486 4794 3572 4833 se-

1977 4888 2196 4937 cretum.
2229 4878 2374 4935 Nam
2402 4876 2663 4950 quomodo
2689 4893 2815 4932 usus
2839 4875 2888 4908 ’³
2910 4877 3141 4948 corporis
3166 4874 3348 4929 habuit
3373 4872 3574 4936 Adam,

1978 4974 2068 5046 qui
2100 4971 2278 5028 omnia
2313 4970 2605 5027 animantia
2633 4968 2782 5036 vidit,
2818 4978 2867 5023 et
2896 4969 2977 5023 his
3000 4966 3049 4999 "
3070 4983 3258 5023 nomen
3287 4962 3533 5035 imposuit
3551 4961 3578 5015 7

1942 5086 1943 5089 η
1982 5063 2255 5130 Quomodo
2277 5062 2665 5135 cognoverunt?
2711 5059 2968 5116 Interiore
3012 5058 3245 5115 videlicet
3291 5064 3341 5110 et
3390 5053 3580 5109 altiore

1983 5156 2226 5223 scientia,
2255 5171 2362 5211 non
2389 5155 2597 5210 tunicas
2618 5153 2668 5186 “
2694 5152 2814 5221 sibi,
2839 5151 3206 5208 sed'uirtutum
3232 5147 3407 5203 deesse
3431 5142 3578 5200 vela-

1944 5314 1945 5317 η
1984 5256 2153 5311 mina.
2183 5253 2388 5312 Eodem
2407 5252 2574 5325 igitur
2598 5251 2785 5319 modo,
2806 5264 2915 5322 quo
2937 5246 3122 5306 omnia
3146 5242 3402 5303 animalia
3422 5239 3579 5308 vidit,

1524 5386 1527 5389 Α
1577 5388 1834 5446 VARIAE
1873 5388 2278 5449 LECTIONES.

369 5504 679 5562 ‘estom.A.
754 5504 882 5560 'Sic
899 5501 1007 5571 CF;
1030 5503 1078 5559 Δ
1108 5506 1397 5561 aestimari.
1474 5503 1496 5537 ⁸
1518 5502 1611 5559 Sic
1628 5502 1746 5571 CF;
1776 5504 1821 5559 A
1847 5515 1989 5560 sunt.
2067 5502 2090 5536 ⁸
2111 5503 2159 5559 Α
2183 5510 2233 5559 et

286 5587 390 5635 est.
488 5578 510 5611 "
548 5584 620 5632 est
648 5590 757 5631 om.
781 5575 887 5631 CF.
962 5576 984 5609 ⁸
1014 5574 1097 5632 CF
1127 5575 1273 5632 Non.
1371 5576 1454 5630 °A
1482 5574 1834 5647 simplicitate.

240 5666 247 5675 ·
287 5661 369 5705 est
403 5667 437 5704 α
464 5649 643 5720 prima
664 5646 963 5720 conditione
1000 5663 1110 5704 om.
1144 5648 1208 5720 Α.
1292 5647 1337 5720 ιθ
1358 5649 1423 5720 in
1464 5647 1614 5720 Eden
1642 5662 1753 5720 om.
1780 5647 1847 5702 Α.

2256 5510 2398 5574 post.
2473 5498 2765 5574 'Dominus
2785 5511 2897 5556 om.
2926 5496 2993 5574 ᾼ.
3070 5490 3313 5574 Ἀξὶςρῐεξ
3336 5493 3382 5548 Α
3406 5489 3583 5574 {actus

1948 5577 1993 5608 ¹⁰
2027 5573 2072 5631 Α
2107 5564 2412 5629 introducit.
2516 5572 2559 5607 “
2593 5572 2769 5625 dicens
2790 5584 2901 5624 om.
2923 5568 2991 5623 A.
3090 5567 3136 5605 ⁸¹
3170 5567 3312 5621 Ain.
3415 5564 3460 5596 ¹³
3483 5564 3583 5618 hoc

1934 5647 1978 5679 ¹⁸
2014 5645 2178 5701 Verbo
2204 5660 2315 5701 om.
2347 5644 2412 5698 A.
2491 5643 2535 5674 "
2561 5640 2644 5697 CF
2675 5642 2719 5695 si
2764 5640 2899 5695 solo.
2976 5639 3019 5672 "
3044 5636 3093 5693 A
3131 5637 3199 5693 Et
3236 5635 3409 5708 aperti
3435 5643 3584 5701 sunt,

287 5707 486 5792 inquit;
508 5717 670 5774 oculi.
748 5718 980 5792 ‘i’inquit
1007 5735 1120 5792 om.
1144 5719 1212 5792 Ar.
1290 5719 1334 5751 ¹⁹
1366 5718 1606 5792 SicCF:
1650 5718 1694 5773 Α
1733 5717 2126 5792 integumentis.
2199 5715 2381 5792 ‘°___Sic
2408 5711 2882 5792 CFiAnspoliatos
2912 5727 2966 5766 se
3002 5711 3114 5792 ius.
3153 5724 3206 5792 a.
3244 5707 3291 5763 s.
3323 5707 3584 5792 viderunt,

292 5789 539 5861 integrae
574 5799 678 5846 cet.
735 5859 749 5861 _
773 5790 818 5861 ξι
848 5789 1276 5861 delectationibus
1306 5807 1416 5849 om.
1445 5791 1511 5847 A.

648 5862 693 5893 ’⁵
728 5859 819 5917 Sic
839 5859 955 5927 CF;
985 5861 1025 5914 Α
1058 5863 1309 5916 tunicam.

620 5955 896 6014 Parum“
958 5953 1222 6017 CXXII.

296 5865 343 5895 ι’*
370 5866 414 5917 Λ
445 5863 569 5918 illis.

1605 5792 1652 5823 ”
1690 5776 2060 5845 obumbrarent
2088 5802 2198 5845 om.
2227 5786 2333 5844 CF.
2409 5786 2456 5818 ’³
2498 5776 2589 5841 Sic
2608 5776 2691 5841 CF
2710 5799 2725 5850 ;
2756 5797 2854 5856 pro
2885 5799 3010 5838 usus
3037 5781 3083 5837 A
3131 5779 3337 5836 clausos
3386 5776 3585 5835 oculos.

3093 5945 3172 6008 27
