4028 6282
507 413 614 472 855

1903 408 2187 467 JOANNIS
2228 411 2425 470 SCOTI

3688 420 3795 478 836

504 540 659 582 suam
698 523 996 581 nuditatem
1042 524 1324 597 cegnovit,
1371 524 1486 581 solo
1526 523 1778 582 videlicet
1817 526 2093 582 interioris
2118 530 2173 591 Α
2196 529 2265 583 ad
2296 539 2604 587 creaturam
2628 532 2827 588 mentis
2854 531 3279 598 inclinationem,
3306 533 3554 604 sequitur
3580 524 3792 590 dormii-

504 617 763 677 scientiae
805 617 1142 691 simplicique
1182 619 1378 676 mentis
1424 620 1613 688 oculo,
1655 621 1858 692 absque
1897 636 2089 692 corpo—

504 713 635 770 ralis
662 710 1018 784 mortalisque
1052 728 1245 769 sensus
1272 713 1495 769 auxilio.
1532 712 1634 770 Ubi
1661 714 1820 769 datur
1841 714 2089 787 intelligi.

504 808 648 878 quod
691 805 872 862 omnia
904 804 1155 877 animalia
1192 816 1246 863 et
1283 805 1540 874 volatilia,
1579 822 1717 878 quae
1756 808 1820 864 de
1863 814 2007 862 terra
2038 814 2093 863 et

505 898 571 953 de
593 898 748 969 aquis
775 900 918 955 facta
948 908 1257 966 narrantur,
1291 900 1522 971 sparsim
1550 915 1647 972 per
1675 908 1940 956 terrarum
1965 913 2091 969 spa-

503 988 577 1044 tia
595 988 728 1047 locis
766 990 880 1047 suis
903 986 1230 1063 sedibusque
1257 990 1593 1049 naturalibus
1618 999 1794 1059 erant,
1820 998 1957 1064 quae
1980 998 2093 1048 tum

501 1086 683 1143 omnia
733 1102 835 1145 nec
871 1085 1115 1145 localiter
1162 1102 1261 1145 nec
1307 1102 1467 1145 sensu
1509 1102 1791 1160 corporeo,
1836 1086 1929 1144 sed
1979 1087 2095 1143 solo

505 1177 702 1234 metuis
729 1179 974 1235 contuitu
1004 1179 1143 1236 ultra
1170 1195 1383 1237 omnem
1413 1194 1631 1238 sensum
1666 1174 2092 1250 corruptibilem,

501 1274 643 1331 ultra
681 1288 896 1334 omnem
931 1277 1106 1334 locum
1149 1284 1204 1334 et
1248 1292 1408 1334 omne
1447 1286 1678 1347 tempus,
1722 1273 1774 1329 iu
1800 1272 2097 1330 rationibus

500 1367 652 1434 suis,
707 1369 1001 1425 secundum
1053 1383 1190 1439 quas
1239 1377 1424 1425 creata
1470 1377 1632 1434 sunt,
1663 1366 1869 1439 primus
1913 1364 2094 1432 homo,

498 1458 813 1532 priusquam
868 1461 1126 1517 virtutum
1192 1460 1448 1533 tegimine
1495 1457 1820 1532 spoliaretur
1843 1499 1859 1525 ,
1925 1457 2101 1530 potuit

501 1553 877 1627 contemplari.
915 1554 990 1611 De
1025 1555 1139 1625 ipsa
1183 1569 1395 1626 quoque
1436 1550 1682 1610 nuditate
1716 1552 1875 1627 primi
1922 1552 2097 1612 homi-

500 1646 587 1704 nis
612 1646 901 1720 Gregorius
924 1646 1230 1719 Theologus
1250 1646 1306 1703 in
1329 1662 1583 1705 sermone
1611 1647 1675 1705 de
1700 1647 1968 1706 Paschate
2017 1651 2098 1707 sic

498 1739 577 1794 ait
607 1757 620 1793 :
650 1738 868 1795 Nudum
896 1739 1229 1812 simplicitate
1252 1749 1301 1795 et
1324 1741 1431 1795 vita
1456 1740 1567 1795 sine
1589 1749 1722 1813 arte,
1744 1752 1791 1797 et
1816 1743 1927 1798 sine
1950 1750 2100 1797 omne

498 1831 751 1888 velamine
776 1836 825 1889 et
846 1831 1163 1906 problemate
1198 1832 1358 1888 talem
1387 1833 1561 1889 decuit
1593 1846 1702 1890 esse
1730 1851 1877 1899 eum,
1917 1834 2099 1890 videlia

2193 628 2278 678 tus
2306 640 2320 676 :
2339 621 2624 695 Postquam
2636 640 2892 697 soporem,
2915 624 3112 695 inquit,
3127 626 3341 680 immisit
3358 625 3498 680 Deus
3522 627 3579 681 in
3596 627 3793 694 Adam,

2193 714 2523 781 obdormivit,
2581 717 2684 772 hoc
2737 724 2843 783 est,
2875 716 3110 787 seipsum
3160 716 3382 773 omnino
3432 725 3697 774 aeternae
3734 733 3795 775 se

2194 806 2387 864 beatae
2419 808 2890 880 contemplationis
2916 810 3101 881 vigere
3119 810 3442 881 segregavit,
3476 818 3533 866 et
3563 811 3617 865 in
3652 812 3798 869 deie-

2196 903 2490 958 ctationem
2513 886 2852 960 sensibilium
2866 903 3013 960 omni
3035 903 3236 959 virtute
3260 913 3558 959 evacuatus
3577 905 3793 969 cecidit,

2197 998 2556 1069 sensibusque
2585 998 2960 1069 spiritualihus
2995 998 3210 1069 penitus
3254 997 3502 1055 recessit.
3533 995 3643 1054 Ubi
3692 1013 3790 1054 uo-

2197 1088 2441 1156 tandum,
2491 1092 2656 1161 quod,
2686 1098 2972 1162 postquam
3003 1090 3333 1146 obdormivit
3362 1091 3559 1155 Adam,
3602 1090 3797 1148 condio

2198 1184 2402 1241 tionem
2429 1184 2674 1242 mulieris
2702 1185 3007 1242 introduxit
3032 1184 3341 1255 Scriptura,
3367 1193 3429 1240 ut
3454 1199 3555 1256 per
3581 1184 3694 1240 hoc
3723 1185 3799 1240 in.

2199 1275 2461 1342 sinuaret,
2490 1275 2652 1347 quod,
2696 1277 2741 1333 si
2788 1277 3019 1332 humana
3051 1284 3247 1331 natura
3278 1276 3587 1347 simplicem
3620 1277 3801 1333 sim

2200 1385 2425 1443 remque
2453 1371 2816 1444 integritatem
2851 1386 2979 1429 suae
3032 1372 3463 1439 constitutionis,
3499 1388 3611 1443 qua
3646 1373 3693 1407 “
3738 1374 3799 1429 sd

2201 1465 2487 1537 imaginem
2520 1466 2616 1521 Dei
2665 1464 2805 1521 facta
2839 1476 2943 1533 est,
2987 1464 3343 1523 irrationabili
3390 1474 3542 1522 motu
3595 1466 3799 1523 liberae

2199 1556 2493 1613 voluntatis
2520 1572 2629 1613 non
2670 1558 2976 1623 desereret,
3008 1558 3103 1614 sed
3128 1572 3342 1628 semper
3369 1558 3423 1613 in
3455 1558 3801 1630 contempla-

2203 1648 2349 1706 tione
2373 1651 2620 1707 veritatis
2644 1650 3160 1706 iucommutabiliter
3183 1660 3551 1721 permaneret,
3574 1650 3801 1706 omnino

2201 1741 2494 1798 scissuram
2523 1754 2676 1798 suam
2698 1736 2753 1796 in
2779 1738 3048 1812 duplicem
3074 1754 3261 1798 sexum
3286 1742 3353 1797 ad
3384 1741 3799 1797 similitudinem

2203 1834 2659 1891 irratiOuabilium
2713 1834 3026 1889 animalium
3078 1848 3186 1889 non
3245 1841 3547 1903 pateretur,
3594 1834 3694 1889 sed
3736 1846 3799 1889 eo

497 1934 575 1980 cet
597 1925 880 1994 hominem,
901 1943 932 1982 a
951 1926 1227 1997 principio.
1259 1924 1425 1997 Cujus
1448 1928 1613 1984 verba
1641 1920 1907 1983 Maximus
1929 1941 2094 1999 expo-
2120 1922 2171 1989 Β
2197 1926 2378 1991 modo,
2405 1940 2514 1995 quo
2538 1923 2810 1995 angelicas
2831 1938 3090 1979 numerus
3111 1924 3229 1979 sine
3250 1924 3360 1979 ullo
3381 1940 3516 1979 sexu
3538 1924 3799 1995 multipli-

499 2016 608 2075 suit
623 2016 1038 2090 quadragesimo
1057 2017 1232 2090 primo
1252 2014 1568 2092 Capitdlopde
1579 2012 1861 2091 Ambiguis
1875 2018 2061 2076 dicens
2078 2036 2093 2075 :

2202 2025 2355 2073 catus
2388 2023 2494 2083 est,
2544 2014 3016 2085 multiplicaretur.
3065 2015 3330 2083 Quoniam
3361 2015 3407 2049 “
3434 2028 3569 2070 vero
3609 2025 3798 2085 sponte

500 2112 579 2167 An
604 2111 736 2183 forte
763 2111 956 2178 nudus,
986 2122 1043 2166 ut
1073 2112 1146 2166 ait
1174 2112 1442 2183 magister,
1482 2113 1633 2168 varia
1665 2113 1809 2168 circa
1844 2122 2095 2168 naturam
2201 2108 2474 2175 dormivit,
2508 2109 2610 2164 hoc
2633 2115 2735 2173 est,
2783 2122 2914 2164 suae
2944 2117 3171 2165 naturae
3200 2109 3463 2180 dignitate
3488 2124 3601 2166 non
3630 2110 3795 2164 invita

498 2206 932 2272 contemplatione
973 2202 1321 2276 scientiaque,
1378 2212 1426 2260 et
1485 2206 1588 2260 vita
1643 2200 1753 2260 sine
1797 2213 1912 2261 arte
1957 2204 2099 2260 circa
2197 2199 2347 2271 lapsa
2367 2209 2468 2265 est,
2496 2203 2577 2257 sui
2599 2202 2915 2258 divisionum
2940 2212 2996 2258 et
3020 2204 3087 2258 ad
3108 2203 3515 2258 similitudinem
3541 2219 3795 2274 pecul-tun

498 2295 756 2353 actionem
781 2306 829 2352 et
869 2296 1142 2363 virtutem,
1167 2305 1316 2352 extra
1347 2292 1713 2353 multimodam
1737 2296 2096 2367 artiﬁciosita—
2160 2293 2641 2365 'pt'opagalionem
2672 2303 3004 2363 consequuta
3034 2302 3118 2349 est
3148 2293 3213 2348 ".
3244 2294 3477 2367 Cumque
3501 2296 3791 2351 obdormis-

500 2400 603 2445 tem
626 2388 909 2445 subsistens
928 2428 943 2455 ,
958 2387 1246 2444 secundum
1259 2388 1702 2459 habitumahabens
1715 2389 2099 2446 incontamina-

499 2492 580 2535 tas
614 2481 632 2512 ί
664 2481 913 2537 virtutum
943 2481 1191 2540 rationes.
1227 2479 1295 2536 Et
1324 2482 1438 2538 sine
1475 2482 1617 2538 omni
1641 2481 1893 2538 velamine
1941 2491 2099 2555 atque

500 2572 819 2643 problemata
854 2574 1023 2645 ipsius
1061 2574 1117 2629 in
1163 2575 1400 2631 sensibus
1436 2574 1718 2632 visibilium
1761 2575 1980 2632 notitiae
2026 2576 2096 2632 ad

498 2658 898 2737 intelligentiam
928 2664 1228 2722 divinorum
1252 2668 1634 2726 introductivae
1655 2664 1676 2703 ⁵⁵
1700 2688 1804 2727 non
1825 2666 2063 2743 indigens
2080 2712 2095 2737 ,

497 2759 553 2814 in
587 2756 1031 2831 solum‘simplum
1068 2762 1344 2834 uniformis
1381 2773 1430 2820 et
1472 2764 1865 2822 continuativae
1889 2780 2095 2833 eorum,

499 2868 635 2925 quae
659 2861 770 2923 post
792 2850 960 2908 Deum
981 2864 1122 2919 sunt,
1152 2856 1441 2911 contuitum
1469 2854 1491 2888 ⁸
1520 2856 1724 2912 virtutis
1751 2866 1907 2928 atque
1932 2859 2099 2913 scien-

502 2944 610 3003 tiae
629 2945 902 3017 possidens
933 2947 955 2978 ⁸
986 2965 1283 3017 accessum,
1327 2946 1489 3005 solius
1514 2950 1570 3004 in
1597 2950 1897 3020 operatione
1923 2960 2096 3006 motus

500 3037 818 3111 indigentem
866 3039 889 3072 '
918 3040 988 3094 ad
1017 3054 1310 3113 promptam
1348 3058 1442 3113 per
1494 3058 1549 3097 se
1597 3041 2091 3113 pronuntiationem.

500 3130 691 3204 Itaque
717 3128 1018 3205 quicunque
1048 3132 1407 3205 philosophica
1434 3135 1638 3189 ratione
1666 3135 1861 3206 seipsos
1897 3132 2095 3204 erigere

497 3225 655 3295 primi
687 3225 853 3296 patris
876 3223 1030 3296 lapsu
1053 3226 1385 3294 desiderant,
1429 3226 1597 3298 primo
1639 3226 1867 3298 perfecta
1893 3228 2095 3298 passio-

2198 2393 2298 2450 set,
2323 2380 2519 2456 inquit,
2559 2384 2679 2440 tulit
2709 2400 2869 2440 unam
2903 2386 2968 2441 de
2998 2386 3154 2441 costis
3181 2385 3317 2457 ejus,
3357 2387 3655 2456 etmeplebit
3679 2404 3795 2441 rar-

2198 2494 2316 2534 nom
2333 2494 2426 2550 pro
2446 2495 2532 2545 ea,
2551 2489 2597 2533 et
2622 2480 2916 2549 aediﬁcavit
2938 2481 3197 2536 Dominus
3218 2481 3361 2536 Deus
3383 2492 3613 2547 costam,
3636 2499 3794 2553 quam

2200 2556 2393 2626 tulerat
2433 2573 2498 2627 de
2542 2573 2736 2639 Adam,
2762 2574 2818 2627 in
2843 2575 3132 2629 mulierem.
3168 2572 3268 2630 Ubi
3301 2577 3555 2645 quamvis
3594 2577 3695 2630 sub
3728 2576 3790 2629 llo

2197 2676 2334 2733 gura
2366 2664 2523 2718 unius
2552 2675 2754 2729 costae,
2786 2678 2950 2736 quam
2980 2663 3100 2719 tulit
3121 2665 3266 2719 Deus
3292 2665 3359 2719 de
3394 2664 3568 2720 latere
3597 2666 3791 2730 Adam,

2199 2761 2256 2809 et
2284 2762 2512 2809 naturae
2532 2754 2768 2810 scissura
2794 2754 2849 2809 in
2881 2755 3149 2825 duplicem
3176 2768 3389 2819 sexum,
3420 2767 3479 2811 et
3506 2757 3793 2811 universae

2199 2847 2419 2902 virtutis
2447 2848 2720 2903 interioris
2738 2887 2753 2912 ,
2783 2862 2922 2918 quae
2947 2849 2996 2903 ei
3024 2851 3229 2915 inerat,
3255 2849 3574 2919 priusquam
3607 2864 3793 2920 peccs-

2200 2946 2304 3003 ret,
2332 2939 2607 2993 custodiae
2639 2938 2859 3004 shlatio,
2882 2953 2978 3010 per
3005 2954 3223 2994 carnem
3244 2955 3395 3005 vero,
3417 2954 3565 3010 quae
3602 2942 3654 2994 in
3678 2940 3793 2995 loco

2200 3035 2385 3083 costae
2412 3028 2624 3083 ablatae
2637 3029 2897 3083 collocata
2923 3029 2968 3061 ¹⁸
2993 3038 3097 3095 est,
3114 3029 3418 3085 miserrima
3444 3029 3536 3086 illa
3553 3044 3791 3086 commu-

2200 3120 2336 3174 tatio
2366 3119 2434 3186 ³³,
2462 3135 2568 3190 qua
2599 3136 2698 3191 pro
2720 3119 2964 3176 custodia
2988 3121 3205 3176 virtutis
3231 3131 3282 3177 et
3316 3122 3698 3189 lmtitudinis,
3716 3123 3790 3177 vi-

2201 3210 2401 3265 tiorum
2461 3219 2624 3280 atque
2664 3210 2915 3267 miseriae
2962 3210 3297 3268 mortiferam
3363 3212 3792 3270 imbecillitatem

499 3334 625 3373 num
648 3311 975 3373 censualium
1023 3316 1045 3349 ⁸
1074 3317 1335 3374 ablatione
1359 3319 1614 3393 incipiant
1640 3361 1654 3385 ,
1694 3318 1884 3374 deinde
1913 3319 2095 3374 circa‘

2206 3302 2491 3367 mutuavit,
2524 3303 2818 3373 signiﬁcari
2862 3303 3109 3359 videatur
3139 3321 3153 3358 :
3185 3303 3305 3375 plus
3350 3313 3537 3363 tamen
3587 3305 3789 3363 Christi

499 3408 728 3463 rationes
777 3409 977 3463 artium
1018 3409 1425 3466 sollicitudinem
1462 3410 1485 3443 ⁸
1533 3428 1594 3465 ac
1643 3409 1765 3480 ﬁnis
1806 3411 2100 3466 naturalem

498 3499 930 3570 supervolitantes
955 3500 978 3535 ⁵
1007 3502 1286 3567 theoriam,
1309 3503 1364 3555 in
1387 3512 1652 3558 aeternam
1673 3500 2100 3559 immaterialem-

496 3607 596 3662 que
623 3591 880 3661 aspiciant
922 3586 1216 3661 scientiam,
1247 3609 1349 3649 non
1376 3592 1646 3649 habentem
1686 3590 1895 3650 omnino
1923 3595 2099 3651 sensui

498 3687 805 3754 impressam
821 3680 1069 3756 formam,
1084 3695 1174 3741 aut
1190 3684 1507 3742 intellectum
1523 3685 1654 3741 duce
1668 3688 1867 3742 ratione
1880 3688 2101 3743 colloca-

498 3787 632 3832 tum.
666 3770 820 3832 Sicut
841 3793 907 3832 ea:
947 3778 1205 3849 principio
1236 3779 1464 3850 primum
1492 3778 1751 3833 hominem
1784 3778 1905 3850 fecit
1935 3777 2096 3847 Deus,

499 3864 631 3922 nudi
677 3880 828 3925 erant
867 3868 1201 3940 simplicitate
1250 3870 1500 3925 scientiae
1547 3878 1595 3924 et
1644 3871 2097 3941 incircumscripta

501 3954 605 4015 vita
638 3954 683 3993 ⁸⁸
708 3956 1111 4032 mortiﬁcatione
1140 3962 1373 4018 carnalis
1393 3962 1521 4034 legis
1546 3960 1692 4033 facti.

488 4085 492 4095 -
566 4054 659 4112 20.
700 4052 962 4113 Similiter
993 4058 1059 4114 de
1082 4073 1295 4130 sopore,
1334 4072 1495 4128 quem
1524 4054 1786 4112 Dominus
1820 4056 1962 4113 Deus
1992 4058 2094 4113 im-

502 4150 649 4206 misit
699 4142 753 4207 ln
802 4150 974 4206 Adam
1002 4191 1017 4218 ,
1062 4152 1320 4223 intelligo.
1387 4150 1665 4222 Siquidem
1707 4168 1868 4225 sopor
1915 4152 2003 4210 ille
2044 4161 2099 4209 et

498 4254 666 4299 causa
690 4241 900 4315 peccati
924 4250 981 4298 et
1008 4252 1130 4313 post
1154 4250 1436 4313 peccatum
1461 4240 1766 4309 iuunissus,
1799 4250 1875 4310 et,
1911 4252 1970 4298 ut
2002 4258 2097 4299 ve-

495 4333 614 4390 rius
653 4328 851 4401 dicam,
892 4332 1191 4404 permissus
1233 4331 1450 4387 videtur
1481 4345 1622 4388 esse.
1652 4330 1787 4386 Nam
1816 4331 1985 4388 Deum
2017 4332 2099 4388 l'a-

496 4440 640 4492 cere,
673 4428 817 4497 quod
846 4424 975 4482 sinit
1002 4420 1146 4490 ﬁeri,
1174 4424 1336 4480 modo
1364 4422 1600 4494 quodam
1629 4423 1917 4479 locutionis
1943 4424 2093 4481 Scri-

495 4528 657 4591 ptura
680 4516 816 4574 solet
843 4517 1044 4573 dicere.
1068 4513 1245 4587 Super
1270 4515 1454 4586 itaque
1480 4514 1569 4572 ille
1593 4523 1710 4572 erat
1737 4515 1902 4571 animi
1924 4516 2097 4572 inten-

2204 3402 2259 3448 et
2278 3393 2551 3449 Ecclesiae
2574 3394 2890 3464 mysterium
2921 3395 3234 3466 prophetica
3256 3394 3694 3468 praeﬁguratum
3715 3398 3791 3454 iu-

2204 3484 2547 3557 teiligeudum
2590 3500 2713 3541 esse
2747 3485 3004 3543 arbitror.
3030 3485 3248 3544 Primus
3289 3489 3562 3561 siquidem
3610 3492 3789 3559 homo,

2201 3578 2391 3643 Adam,
2436 3580 2577 3636 sicut
2613 3577 2773 3636 docet
2800 3580 3116 3652 Apostolus,
3156 3582 3358 3653 ubique
3396 3581 3579 3639 forma
3628 3585 3790 3641 futuri

2201 3678 2304 3735 est,
2332 3669 2532 3726 Christi
2573 3670 2843 3726 videlicet.
2876 3671 2983 3728 Sed
3016 3688 3049 3727 e
3083 3674 3376 3731 contrario.
3414 3673 3475 3730 In
3509 3677 3695 3745 primo
3722 3677 3792 3735 si-

2198 3763 2418 3834 quidem
2455 3762 2628 3821 Adatu
2660 3764 2828 3821 scissa
2857 3773 2940 3822 est
2973 3774 3166 3822 natura
3204 3766 3259 3822 in
3300 3768 3607 3823 masculum
3635 3778 3692 3825 et
3718 3769 3791 3825 le-

2198 3854 2428 3923 minam,
2452 3855 2507 3915 in
2529 3857 2765 3913 secundo
2785 3855 3023 3917 adunata
3046 3866 3149 3915 est.
3173 3857 3231 3913 in
3254 3856 3471 3925 Christo
3493 3861 3645 3917 enim
3670 3859 3791 3918 issu

2197 3964 2307 4005 non
2350 3956 2437 4005 est
2472 3948 2745 4005 masculus
2776 3963 2952 4019 neque
2986 3948 3206 4006 femina.
3243 3950 3301 4006 in
3332 3952 3510 4022 primo
3540 3954 3791 4010 universa

2196 4053 2390 4103 natura
2425 4043 2494 4099 de
2519 4042 2780 4100 felicitate
2803 4044 3040 4115 paradisi
3060 4054 3143 4100 est
3170 4045 3414 4117 expulsa,
3463 4047 3518 4102 in
3552 4049 3793 4104 secundo

2197 4138 2252 4192 in
2276 4136 2503 4192 eandem
2538 4135 2853 4193 lbiicitatetu
2906 4145 2990 4192 est
3034 4146 3285 4193 revocata
3323 4147 3381 4193 et
3413 4140 3693 4195 restituta.
3738 4140 3792 4196 in

2196 4228 2371 4298 primo
2394 4242 2523 4283 caro
2545 4243 2644 4299 pro
2668 4239 2842 4294 costa,
2870 4229 2973 4285 hoo
2999 4237 3105 4295 est,
3145 4230 3436 4286 inﬁrmitas
3461 4245 3566 4301 pro
3592 4233 3792 4287 virtute

2196 4331 2472 4391 assumpta
2489 4330 2598 4388 est,
2622 4323 2675 4377 in
2698 4322 2935 4380 secundo
2956 4322 3248 4380 inﬁrmitas
3268 4333 3325 4380 et
3348 4340 3500 4382 mors
3512 4327 3791 4397 absorpta,

2197 4402 2368 4469 virtus
2394 4428 2524 4469 vero
2553 4424 2608 4470 et
2639 4414 2748 4469 vita
2787 4424 3008 4471 aeterna
3036 4415 3308 4472 humanae
3332 4407 3564 4474 naturae
3592 4420 3790 4475 donata

2192 4519 2278 4565 est
2311 4508 2373 4562 ".
2402 4506 2551 4563 Sicut
2579 4509 2717 4562 enim
2740 4510 2796 4563 in
2825 4507 2994 4563 Adam
3017 4523 3194 4564 omnes
3215 4509 3538 4576 moriuntur,
3559 4511 3638 4566 ita
3667 4520 3719 4566 et
3741 4513 3791 4565 in

498 4606 683 4675 tionis,
716 4625 825 4681 quo
850 4618 1067 4680 semper
1099 4612 1153 4664 et
1194 4602 1559 4663 inﬂexibiiiter
1593 4605 1908 4664 Creatorem
1937 4622 2094 4667 suum
2118 4676 2157 4681 Α
2195 4598 2402 4656 Christo
2444 4614 2621 4663 omnes
2652 4601 2980 4670 viviﬁcantsr
3028 4599 3094 4657 “.
3138 4601 3344 4657 Domit
3379 4601 3590 4673 itaque,
3621 4614 3688 4659 ut
3721 4606 3791 4660 ait

499 4676 851 4774 contemplari
882 4676 1161 4768 debuerat,
1200 4696 1267 4757 ad
1293 4698 1681 4758 delectationes
1712 4712 1895 4755 rerum
1920 4708 2091 4756 mate-
2117 4676 2172 4738 Β
2200 4703 2420 4750 sanctus
2455 4693 2808 4766 Augustinus,
2847 4693 3020 4749 Adam
3049 4704 3100 4750 et
3124 4693 3185 4763 ﬁt
3212 4693 3352 4763 Eva,
3380 4696 3613 4750 moritur
3640 4696 3791 4751 Clari-

499 4793 715 4853 rialium
759 4793 1000 4863 reﬂexlo,
1043 4800 1099 4851 et
1142 4788 1375 4851 "carnalis
1413 4793 1637 4865 copulae
1694 4794 1985 4866 appetitus,
2035 4802 2096 4849 ut

496 4886 693 4947 beatus
716 4882 1036 4941 Ambrosius
1071 4883 1307 4956 esponlt.
1375 4884 1505 4952 Quis
1527 4896 1600 4940 est
1633 4886 1750 4952 iste,
1779 4886 1974 4956 inquit,
2010 4900 2097 4939 so-

497 4995 619 5053 por,
658 4974 758 5033 nisi
797 4972 924 5050 quia
962 4974 1230 5048 paulisper
1272 4972 1342 5031 ad
1390 4976 1689 5048 conjugium
1740 4977 2093 5049 copulandum

506 5085 627 5124 cum
654 5067 973 5124 intendimus
1004 5068 1257 5134 animum,
1286 5067 1425 5123 velut
1450 5068 1670 5124 intentos
1709 5069 1886 5125 oculos
1909 5069 1978 5123 ad
2001 5067 2096 5124 Dei

499 5176 718 5233 regnum
744 5160 1000 5217 inclinare
1019 5168 1175 5233 atque
1206 5160 1468 5231 inﬂectere
1491 5160 1726 5215 videmur
1744 5161 1812 5215 ad
1832 5161 2093 5232 quendam

499 5269 742 5310 somnum
760 5252 911 5312 istius
943 5256 1126 5311 mundi
1142 5296 1157 5323 ,
1186 5263 1234 5310 et
1260 5251 1525 5326 paulisper
1559 5253 1852 5311 obdormire
1881 5255 2093 5323 divinis,

500 5344 629 5400 dum
651 5346 707 5399 in
733 5346 1057 5402 secutoribus
1081 5346 1463 5416 mundanisque
1495 5346 1861 5416 requiescimus
1876 5348 1903 5401 Σ)
1922 5346 2092 5414 Quem

499 5449 774 5511 wporem,
796 5436 900 5494 hoc
920 5446 1022 5504 est,
1051 5437 1121 5497 ab
1145 5438 1381 5494 aeternis
1406 5437 1446 5468 ¹¹
1473 5436 1542 5497 ad
1567 5437 1902 5508 temporalia,
1928 5455 1957 5493 a
1980 5438 2092 5495 Deo

2200 4798 2310 4847 stus
2336 4798 2383 4843 et
2404 4789 2464 4860 ﬁt
2486 4787 2747 4845 Ecclesia.
2771 4788 3072 4846 Dormienti
3091 4788 3266 4845 Adam
3289 4790 3350 4845 iit
3372 4788 3485 4845 Eva
3509 4789 3787 4854 delatore,

2203 4889 2417 4943 mortuo
2488 4880 2707 4937 Christo
2768 4881 3071 4952 percutitur
3141 4880 3283 4937 latus
3308 4921 3324 4947 ,
3389 4889 3451 4937 ut
3514 4880 3788 4953 proﬂuent

2200 4983 2579 5042 sacramenta,
2645 4974 2842 5045 quibus
2899 4973 3167 5031 formatur
3229 4973 3493 5031 Ecclesia.
3556 4973 3788 5043 Sanguis

2199 5070 2346 5126 enim
2397 5077 2482 5126 est
2530 5070 2588 5126 in
2649 5069 3113 5126 consecrationem
3174 5069 3392 5137 salicis,
3458 5082 3602 5140 aqua
3662 5084 3786 5126 vero

2197 5164 2254 5220 in
2307 5163 2772 5220 consecrationem
2822 5162 3180 5233 baptismatis.
3231 5163 3293 5220 In
3342 5163 3520 5235 primo
3570 5162 3785 5219 herniae

2199 5256 2433 5311 humana
2469 5263 2663 5311 natura
2707 5252 2918 5309 tunicas
2946 5254 3189 5311 induitur
3221 5252 3503 5325 pollicens,
3552 5254 3662 5311 hoc
3704 5263 3786 5310 est

2198 5347 2445 5409 mortalia
2497 5360 2754 5417 corpora,
2803 5345 2993 5402 relicta
3041 5345 3274 5402 naturali
3320 5346 3586 5412 nuditate,
3634 5344 3782 5399 vide-

2193 5440 2318 5496 licet
2356 5439 2667 5497 sinceritate
2715 5446 2770 5494 et
2812 5437 3158 5510 simplicitate
3187 5456 3203 5493 :
3235 5439 3290 5495 in
3318 5439 3558 5496 secundo
3594 5437 3778 5495 eadem

1798 5550 2053 5609 VARIAE
2089 5548 2493 5611 LECTIONES.

572 5661 593 5693 ¹
631 5656 679 5718 Α
712 5660 1176 5717 incontammatus.
1254 5661 1274 5692 ¹¹
1316 5658 1406 5715 Sic
1445 5654 1569 5764 CF'}
1610 5659 1651 5714 A
1691 5661 2076 5731 praeductivae.

572 5730 744 5764 tuna...
840 5731 862 5764 α
903 5730 1220 5764 ροηοιηιηηκι
1253 5746 1337 5764 nan
1413 5731 1440 5764 Δ
1607 5728 1697 5764 an
1748 5730 1864 5764 Pl?-
1922 5732 1948 5764 Δ
2004 5734 2076 5764 ,1ης

504 5730 765 5797 indigens.
840 5731 862 5765 ‘
898 5730 1222 5788 sensualium
1252 5746 1361 5787 om.
1404 5731 1469 5786 Α.
1547 5728 1569 5764 ⁷
1607 5728 1702 5788 Sic
1748 5730 1865 5797 CF;
1914 5732 1955 5788 A

507 5802 551 5832 “
591 5800 681 5857 Sic
709 5800 826 5867 CF;
855 5802 895 5856 A
930 5812 983 5858 ct
1008 5803 1399 5871 incitatum/texe
1428 5813 1475 5857 et
1495 5802 1926 5859 mortiﬁcatione‘.
2004 5806 2047 5842 ³³
2083 5806 2129 5861 Α
2149 5808 2395 5862 easternis.

2074 5706 2085 5748 ι
2148 5665 2199 5749 ,³
2307 5665 2597 5747 contuitum
2621 5679 2767 5749 _o-m.
2922 5663 2972 5749 μ’
3004 5665 3277 5749 ηρεεὶάοοξε
3302 5679 3425 5749 Δοιιι.
3477 5665 3544 5721 Δ.
3602 5735 3617 5749 ⁸
3640 5665 3663 5698 ⁸

2002 5733 2194 5791 deinde
2237 5737 2311 5790 sic
2347 5736 2517 5792 circa.
2621 5735 2643 5767 ⁸
2672 5736 2717 5789 Α
2763 5732 3136 5793 sollicitudine.
3232 5736 3255 5768 ⁹
3288 5738 3336 5793 Α
3374 5735 3775 5808 supervolantes.

2004 5806 2047 5842 ³⁸
2083 5806 2395 5879 Aeasternis.
2494 5809 2537 5841 ⁸⁸
2579 5806 2669 5862 Sic
2699 5807 2820 5879 CF;
2845 5807 2890 5860 Α
2915 5824 3066 5879 quae.
3132 5807 3176 5841 ¹³
3210 5808 3253 5879 Α
3288 5808 3538 5876 Quando.
3635 5806 3679 5839 ³⁸
3704 5812 3777 5859 est

505 5886 614 5927 Olll.
645 5873 751 5928 CF.
830 5873 878 5905 "
900 5874 990 5930 Sic
1012 5873 1128 5940 AC;
1154 5872 1193 5926 F
1223 5873 1433 5928 collata.
1511 5874 1555 5905 ¹⁶
1580 5874 1668 5930 Sic
1698 5874 1779 5930 CF
1807 5890 1818 5941 ;
1853 5877 1894 5930 A
1922 5879 2257 5934 commutatio
2280 5878 2393 5933 illa.
2476 5878 2514 5911 ³⁷
2535 5888 2609 5933 est
2640 5895 2749 5935 οω.
2777 5872 2881 5936 CF.
2927 5872 2936 5879 ’
2962 5880 3006 5911 ¹⁸
3031 5879 3123 5937 Sic
3144 5878 3229 5937 CF
3251 5896 3265 5950 ;
3289 5872 3337 5937 Ᾱ
3359 5879 3773 5950 viviﬁcabuntur.
