4028 6282
173 405 280 467 857

1031 407 1119 463 DE
1161 404 1497 464 DlVlSlONE
1535 404 1882 462 NATURAE.
1921 403 1994 446 -’
2026 403 2226 458 LIBER
2265 401 2615 470 QUARTUS.

3339 405 3446 460 858

171 519 388 576 tunicas
417 517 682 592 spoliatur
711 517 984 592 pelliceas,
1011 521 1159 576 omni
1207 520 1577 578 imbecillitate
1613 535 1762 576 mor-
1791 524 1840 587 Α
1870 527 2054 576 autem
2082 518 2304 575 seducta
2329 525 2444 583 est;
2472 531 2578 571 non
2603 515 2748 571 enim
2779 515 2982 575 inscius
3005 517 3266 587 peccavit,
3302 517 3451 573 ideo-

171 612 364 669 talium
403 628 696 686 corporum
725 621 1028 686 perempta,
1059 623 1115 669 et
1152 614 1420 680 nuditate,
1445 614 1599 669 idest
1629 610 1757 668 sim-

167 703 414 778 plicitate
439 704 704 776 pristinae
752 714 1000 774 naturae,
1035 715 1273 777 recepta.
1311 705 1456 762 Haec
1481 705 1666 778 igitur,
1699 712 1759 760 ut

168 797 556 868 praediximus,
587 812 727 869 quae
754 807 876 868 post
900 813 1151 869 soporem
1183 797 1483 853 immissum
1509 797 1562 852 in
1583 796 1758 851 Adam

169 889 354 946 divina
414 901 602 946 narrat
666 890 947 963 Scriptura
1001 893 1042 958 ⁸,
1098 891 1344 962 quamvis
1389 891 1444 946 in
1507 889 1758 962 paradiso

167 980 334 1038 veluti
369 979 516 1038 facta
555 980 826 1055 legantur,
858 982 1232 1037 rationabilius
1272 991 1474 1048 tamen,
1526 990 1582 1035 et
1611 982 1755 1036 veri-

170 1073 270 1129 tati
297 1073 709 1145 congruentius,
757 1085 882 1145 post
931 1084 1235 1146 peccatum,
1261 1059 1325 1130 ac
1353 1089 1452 1145 per
1472 1073 1576 1129 hoc
1601 1085 1758 1130 extra

164 1164 483 1236 paradisum
532 1164 804 1220 humanae
847 1175 1075 1221 naturae
1124 1166 1318 1221 merito
1365 1164 1760 1220 inobedientiae

165 1257 519 1329 superaddita
560 1257 829 1314 credenda
886 1267 936 1315 et
971 1259 1328 1331 intelligenda
1349 1268 1492 1315 sunt.
1527 1256 1584 1314 Si
1614 1258 1760 1313 enim

165 1345 432 1418 plantatio
455 1347 553 1403 Dei
579 1357 660 1404 est
691 1349 714 1381 ³
743 1361 799 1404 et
840 1349 1127 1420 paradisus
1157 1350 1212 1404 in
1246 1349 1454 1405 deliciis
1477 1348 1497 1379 ³
1525 1349 1761 1404 humana

167 1447 362 1492 natura
401 1438 469 1493 ad
494 1437 787 1508 imaginem
814 1439 910 1495 Dei
933 1439 1100 1507 facta,
1139 1438 1392 1511 nullaque
1419 1439 1762 1510 praevarica-

169 1528 334 1584 tionis
382 1530 708 1602 contagione
743 1529 1067 1595 deformata,
1098 1531 1355 1602 quicquid
1403 1540 1557 1586 extra
1592 1530 1762 1602 digni-

171 1629 344 1675 tatem
387 1629 617 1678 naturae
639 1636 912 1694 causaque
955 1623 1166 1694 peccati
1201 1621 1404 1677 factum
1428 1621 1762 1692 intelligitur,

167 1729 268 1768 cur
297 1729 406 1770 non
449 1715 615 1771 etiam
643 1724 796 1771 extra
822 1716 1135 1786 paradisum
1164 1716 1332 1772 fuisse
1360 1731 1467 1771 non
1500 1715 1766 1787 intellige-

167 1812 338 1872 retur,
370 1805 579 1876 ignoro.
612 1803 729 1862 Non
786 1807 976 1877 ignoro
1005 1816 1185 1862 autem
1239 1807 1650 1863 usitatissimum
1685 1805 1768 1861 di-

1863 629 1970 686 que
1998 613 2184 671 durius
2213 611 2393 684 puniri
2423 611 2624 666 meruit
2647 640 2716 650 —
2742 613 2951 682 apertio
2983 613 3109 666 item
3141 613 3446 680 oculorum,

1863 722 1970 779 qua
2009 722 2165 764 suam
2196 706 2498 763 nuditatem
2526 715 2916 776 cognoverant,
2947 705 3450 777 perizomatumque

1862 802 1932 858 de
1956 801 2118 858 foliis-
2144 801 2231 858 lici
2258 803 2526 870 consutio,
2562 801 2709 858 vocis
2754 802 2884 857 item
2920 802 3314 860 deambulantis
3347 804 3452 859 Do-

1862 895 1994 950 mini
2023 894 2116 952 Dei
2169 894 2222 948 in
2266 894 2519 964 paradiso
2547 895 2785 960 auditus,
2833 895 3248 967 amborumque,
3276 896 3449 952 Adam

1861 986 2111 1043 videlicet
2141 996 2196 1042 ct
2223 985 2409 1043 uxoris
2437 984 2574 1056 ejus,
2616 1002 2646 1041 a
2677 985 2818 1042 facie
2875 985 3086 1041 Domini
3118 988 3214 1042 Dei
3243 988 3366 1060 fuga
3396 997 3454 1044 et

1863 1082 1918 1137 in
1944 1082 2122 1139 medio
2148 1081 2279 1153 ligni
2321 1081 2629 1148 absconsio,
2660 1089 2716 1138 et
2743 1089 2925 1137 cetera
2949 1095 3121 1151 usque
3147 1083 3215 1137 ad
3264 1082 3452 1152 expulo

1864 1176 2071 1232 sionem
2110 1173 2348 1232 hominis
2394 1174 2463 1232 de
2501 1173 2754 1245 paradiso
2785 1192 2798 1227 :
2824 1173 2962 1228 haec
2990 1173 3172 1229 omnia
3208 1174 3263 1229 in
3286 1189 3449 1244 para-

1863 1268 1984 1325 diso
2008 1281 2104 1339 per
2135 1267 2574 1338 anticipationem
2605 1275 2954 1338 praepostere
2988 1265 3131 1322 facta
3172 1280 3293 1326 esse
3314 1268 3452 1324 divi-

1866 1377 1936 1417 na
1961 1370 2150 1418 narrat
2169 1359 2474 1432 Scriptura,
2502 1361 2627 1418 dum
2651 1361 2761 1417 sint
2786 1370 3070 1431 peccatum
3095 1371 3450 1433 consequuta.

1866 1452 1925 1510 Si
1949 1455 2094 1509 enim
2142 1454 2424 1525 paradisus
2467 1462 2550 1511 est
2601 1455 2836 1509 humana
2872 1463 3088 1521 natura,
3137 1455 3204 1511 ad
3255 1455 3452 1528 imagi-

1867 1561 1992 1602 nem
2019 1545 2114 1602 Dei
2145 1547 2388 1615 condita,
2412 1556 2470 1603 et
2495 1547 2550 1602 in
2574 1546 2851 1620 angelicae
2877 1548 3232 1606 beatitudinis
3254 1565 3455 1621 aequa-

1866 1638 2020 1695 litate
2049 1639 2363 1706 constltuta,
2409 1654 2535 1696 mox
2563 1639 2830 1709 profecto,
2859 1650 2921 1695 ut
2943 1639 3258 1696 Creatorem
3296 1656 3452 1697 suum

1868 1735 2122 1790 deserere
2152 1732 2341 1799 voluit,
2371 1749 2437 1790 ex
2465 1733 2730 1802 dignitate
2756 1747 2888 1790 suae
2913 1743 3144 1790 naturae
3171 1733 3320 1805 lapsa
3347 1745 3436 1791 est

1869 1825 2004 1882 Nam
2031 1835 2088 1882 et
2109 1826 2427 1897 priusquam
2451 1826 2608 1884 uxori
2632 1839 2763 1884 suae
2779 1825 3134 1891 consentiret,
3169 1827 3452 1896 superbire

165 1897 328 1954 vinae
374 1896 692 1970 Scripturae
754 1907 998 1972 tropum,
1054 1901 1149 1972 qui
1195 1915 1227 1955 a
1269 1899 1492 1956 Graecis
1547 1899 1764 1977 ὕστερον

1874 1896 2163 1975 inchoavit.
2204 1896 2374 1975 Porro
2419 1919 2467 1975 si
2497 1918 2699 1975 nullum
2729 1921 2966 1991 spatium
3023 1918 3284 1990 temporis
3317 1919 3458 1976 inter

165 1990 438 2068 πρότερον,
467 2007 498 2045 a
529 1990 740 2048 Latinis
768 2007 899 2048 vero
927 2001 1339 2064 praeposterum
1376 2009 1469 2049 seu
1495 1993 1763 2063 anticipa-

169 2080 266 2145 tio,
317 2097 478 2152 quam
524 2082 720 2139 Graeci
771 2081 794 2114 ’⁵
833 2084 1085 2162 πρόληψιν
1108 2084 1315 2152 dicunt,
1363 2093 1620 2150 vocatur;
1657 2098 1766 2154 quo

169 2171 470 2229 llattbaeus
485 2174 816 2248 evangelista
835 2173 860 2208 ⁸
888 2190 1016 2230 usus
1039 2185 1140 2240 est,
1169 2176 1474 2246 passionem
1497 2183 1551 2230 et
1579 2189 1766 2231 resur-

170 2267 466 2322 recnonem
491 2267 706 2323 Domini
735 2284 989 2325 narrans.
1019 2269 1094 2324 Ea
1117 2269 1407 2340 siquidem,
1425 2283 1565 2339 quae
1581 2283 1767 2326 resur-

169 2360 434 2417 rectionis
465 2359 698 2418 articulo
725 2360 870 2418 iacta
891 2371 1040 2428 sunt,
1070 2362 1338 2432 passionis
1359 2363 1492 2418 liora
1521 2363 1769 2420 evenisse

167 2453 360 2510 scribit
387 2470 402 2520 ;
432 2449 510 2509 ait
545 2453 692 2510 enim
724 2472 739 2509 :
783 2454 940 2510 Jesus
964 2465 1138 2510 autem
1182 2455 1370 2510 iterum
1391 2455 1628 2510 clamans
1648 2471 1768 2512 voce

165 2561 364 2617 magna
390 2545 562 2600 emisit
587 2547 854 2619 spiritum,
884 2557 933 2602 et
981 2563 1096 2603 ecce
1122 2546 1291 2602 velum
1323 2545 1499 2618 templi
1546 2547 1768 2603 scissum

165 2646 243 2690 est
277 2636 330 2688 in
379 2636 512 2692 duas
541 2646 717 2710 partes
747 2655 782 2692 a
817 2654 1024 2694 summo
1055 2654 1218 2709 usque
1256 2638 1522 2703 deorsum,
1546 2648 1593 2692 et
1630 2647 1770 2692 terra

167 2736 314 2780 mota
339 2739 434 2793 est,
465 2738 511 2781 et
541 2739 721 2799 petrae
741 2728 938 2783 scissae
964 2740 1111 2796 sunt,
1141 2733 1186 2783 el
1212 2738 1549 2783 monumenta
1587 2739 1769 2798 aperta

167 2827 314 2882 sunt,
343 2827 390 2870 et
423 2817 589 2871 multa
635 2835 859 2889 corpora
908 2829 1232 2884 sanctorum,
1278 2819 1369 2890 qui
1423 2818 1768 2884 dormierant,

169 2919 534 2976 surrexerunt,
565 2919 613 2963 et
661 2921 908 2966 exeuntes
957 2911 1020 2965 de
1046 2911 1397 2966 monumentis
1437 2921 1552 2981 ροσε
1592 2927 1771 2966 resur-

171 3004 451 3058 rectionem
486 3004 600 3075 ejus
649 3015 896 3060 venerunt
924 3005 980 3058 in
1013 3015 1248 3059 sanctam
1291 3005 1557 3058 civitatem
1605 3012 1654 3058 et
1681 3021 1774 3074 ap-

169 3105 463 3166 paruerunt
489 3095 688 3149 multis.
721 3095 868 3151 Haec
903 3095 1086 3152 omnia
1109 3094 1266 3164 juxta
1296 3111 1475 3151 rerum
1507 3097 1772 3152 laetarum

171 3187 372 3243 seriem
416 3190 872 3246 resurrectionem
946 3190 1160 3246 Domini
1220 3199 1407 3247 secuta
1464 3200 1625 3256 sunt,
1678 3191 1774 3246 sed

172 3281 454 3351 pracdicto
501 3281 830 3338 narrationis
867 3291 1022 3353 tropo
1068 3290 1192 3352 post
1235 3282 1542 3354 passionem
1598 3281 1766 3338 fuisse
1793 3301 1840 3367 ο

173 3372 506 3444 evangelista
542 3373 710 3428 voluit
757 3389 1003 3430 narrare.
1073 3373 1190 3430 Non
1242 3375 1386 3430 enim
1438 3374 1766 3430 credendum

175 3474 284 3530 est,
321 3464 550 3518 aliorum
592 3476 940 3521 monumenta
991 3476 1179 3538 aperta
1217 3466 1406 3534 fuisse,
1451 3467 1770 3539 priusquam

175 3558 296 3630 ipse
333 3574 491 3613 suum
523 3561 763 3630 aperiret
794 3572 1226 3627 monumentum,
1273 3571 1366 3616 aut
1389 3577 1548 3617 verae
1588 3577 1770 3618 resur-

176 3647 438 3703 rectionis
471 3658 636 3706 testes
658 3651 1045 3717 resurrexisse,
1087 3651 1405 3722 priusquam
1460 3653 1595 3723 ipse,
1619 3650 1773 3720 cuius

178 3740 596 3798 resurrectionis
641 3751 807 3798 testes
857 3752 986 3798 sunt
1034 3742 1077 3808 ⁸,
1127 3752 1439 3816 resurgeret
1487 3756 1534 3798 α.
1599 3742 1774 3814 Sopor

177 3829 369 3902 itaque
396 3833 587 3898 Adam,
630 3848 970 3904 sequensque
999 3835 1018 3866 ⁷
1043 3834 1328 3901 dormitus,
1367 3844 1422 3892 et
1460 3834 1660 3890 ablatio
1690 3850 1776 3891 co-

179 3933 325 3992 stae,
357 3933 412 3980 et
437 3925 629 3982 divisio
648 3925 912 3996 simplicis
935 3937 1163 3982 naturae
1187 3927 1240 3982 in
1267 3928 1532 4000 duplicem
1557 3943 1771 3995 sexum,

179 4029 238 4075 et
253 4021 480 4092 mystica
517 4022 704 4078 uxoris
724 4022 928 4094 agnitio
953 4023 994 4089 ⁸,
1023 4031 1331 4093 ceteraque,
1378 4037 1517 4093 quae
1560 4022 1614 4076 in
1643 4022 1777 4094 ligu-

181 4126 245 4166 ra
274 4110 477 4168 Christi
523 4122 578 4168 et
605 4111 881 4168 Ecclesiae
931 4113 1298 4184 praeﬁgurata
1335 4122 1482 4180 sunt,
1539 4111 1778 4184 cognitio

181 4219 401 4275 quoque
464 4204 762 4271 nuditatis,
794 4204 900 4260 hoc
943 4213 1028 4260 est
1081 4214 1310 4260 naturae
1351 4203 1686 4260 sinceritatis
1710 4232 1779 4242 -—-

181 4307 350 4368 atque
379 4297 500 4353 ideo
531 4313 637 4353 non
683 4297 750 4353 de
771 4298 888 4368 ipsa
931 4298 1353 4362 erubescebant,
1384 4296 1642 4367 quoniam
1669 4294 1780 4350 vir-

184 4397 367 4444 tutum
426 4390 666 4460 tegmina
715 4388 1098 4455 induebantur,
1144 4387 1596 4444 delectationibus
1653 4401 1782 4441 vero

187 4480 647 4538 irrationabilium
690 4492 931 4538 motuum
960 4483 1182 4539 omnino
1231 4481 1478 4539 absoluta
1506 4512 1576 4522 —
1619 4495 1781 4551 quam

186 4576 466 4650 peccando
520 4577 871 4652 perdiderant
908 4587 961 4634 et
1009 4578 1286 4650 perdendo
1325 4584 1781 4648 recognoverant,

188 4639 356 4724 iallax
385 4639 562 4725 item}
592 4671 772 4726 suasio
823 4639 1111 4742 serpentis,
1142 4682 1197 4728 et
1226 4639 1484 4736 subdola:
1506 4639 1780 4724 mulieris?
1811 4671 1862 4732 D
1889 4639 2053 4742 _C"j“5

187 4777 296 4833 que
324 4777 450 4817 cum
491 4773 742 4836 serpente
788 4764 1080 4834 disputatio
1119 4774 1284 4834 atque
1328 4763 1591 4826 seductio,
1623 4776 1688 4816 ac
1711 4760 1778 4817 de

187 4856 376 4912 fructu
418 4857 574 4911 vetiti
605 4856 733 4928 ligni
770 4856 957 4912 illicita
1002 4856 1324 4926 assumptio,
1376 4853 1655 4924 letilerque
1684 4869 1780 4924 gu-

188 4959 332 5015 stus,
358 4949 461 5004 viri
488 4964 700 5020 quoque
730 4964 1025 5006 consensus
1053 4956 1107 5003 et
1145 4962 1305 5004 casus
1331 4963 1437 5001 non
1461 4945 1778 5017 ignorantis,

189 5042 288 5098 sed
338 5040 459 5097 leve
503 5051 781 5114 peccatum
813 5041 1180 5099 existimantis
1219 5039 1409 5096 unicae
1450 5053 1579 5095 suae
1627 5037 1782 5094 uxori

189 5132 506 5192 consentire
525 5163 591 5174 —
631 5132 804 5190 Adam
847 5133 996 5189 enim
1021 5147 1129 5190 non
1163 5140 1246 5190 est
1275 5131 1557 5198 seductus,
1587 5129 1785 5186 mulier

1869 2010 2230 2068 conditionem
2274 2011 2444 2082 ipsius
2466 2019 2522 2068 et
2560 2011 2770 2082 lapsum
2796 2010 2982 2067 divina
3016 2012 3175 2066 tradit
3214 2011 3256 2042 ¹⁰
3280 2012 3454 2068 histo-

1867 2109 1970 2176 ria,
2003 2109 2134 2180 quid
2188 2109 2334 2166 aliud
2383 2109 2543 2164 datur
2578 2107 2802 2178 intelligi
2858 2107 3176 2178 Scripturae
3217 2106 3452 2173 silentio,

1867 2201 1973 2256 nisi
2004 2201 2276 2258 hominem
2304 2216 2450 2265 mox,
2481 2209 2540 2258 ut
2576 2201 2829 2256 conditus
2861 2211 2966 2266 est,
3008 2200 3356 2269 superbiisse,
3393 2213 3459 2256 ac

1866 2310 1965 2368 per
1995 2296 2098 2352 hoc
2121 2294 2429 2351 corruisse?
2447 2294 2613 2365 Cujus
2630 2294 2672 2325 “
2695 2294 2773 2348 rei
2798 2293 3035 2348 maxima
3057 2291 3460 2364 argumentatio

1867 2398 1954 2446 est
1981 2388 2334 2444 homicidium
2357 2386 2580 2453 diaboli,
2625 2387 2716 2457 qui
2763 2384 3027 2441 homicida
3051 2393 3164 2440 erat
3191 2384 3256 2439 ab
3278 2385 3455 2450 initio,

1867 2479 1986 2534 etin
2022 2479 2236 2533 veritate
2257 2494 2363 2532 non
2380 2478 2521 2532 stetit
2546 2489 2564 2530 :
2588 2478 2680 2548 qui
2703 2485 2760 2530 et
2789 2476 2906 2544 ipse
2925 2474 3071 2530 nulla
3110 2489 3262 2530 mora
3285 2474 3458 2530 inter-

1868 2582 2069 2640 stante,
2116 2589 2266 2639 mox,
2319 2581 2379 2628 ut
2418 2581 2637 2628 creatus
2679 2583 2782 2638 est,
2843 2571 3025 2641 lapsus
3075 2571 3458 2642 superbiendo,

1870 2677 2374 2740 consequenterque
2401 2667 2607 2723 homini
2638 2681 2761 2722 cum
2791 2674 2978 2721 creato
3013 2665 3114 2720 sibi
3147 2665 3457 2729 invidendo,

1871 2777 2106 2831 eumque
2147 2762 2379 2817 astutiae
2431 2775 2641 2818 veneno
2685 2759 3069 2815 interimenda.
3101 2757 3178 2814 De
3203 2757 3459 2829 paradiso

1871 2853 2202 2910 sullicienter
2230 2853 2419 2918 habes,
2451 2861 2514 2907 ut
2558 2851 2812 2907 arbitror.
2848 2851 2993 2906 Disc.
3029 2849 3312 2905 Suiliceret
3345 2848 3458 2904 for-

1873 2949 2033 3010 sitan,
2064 2947 2108 3002 si
2138 2946 2379 3002 breviter
2405 2946 2474 3001 de
2508 2943 2612 2998 ﬁcu
2644 2943 2754 3008 illa,
2785 2941 2940 3012 cujus
2982 2941 3128 2997 foliis
3151 2940 3461 2997 succincto—

1873 3041 1956 3095 ria
1987 3048 2215 3096 consula
2240 3049 2383 3102 sunt,
2439 3039 2613 3108 deque
2641 3035 2854 3091 Domini
2900 3034 2997 3090 Dei
3027 3032 3461 3090 deambulatione

1876 3133 1928 3186 in
1953 3131 2206 3202 paradiso
2235 3130 2497 3201 aperires,
2524 3127 2654 3199 quid
2687 3127 2913 3183 sentias.
2957 3123 3092 3180 Nam
3125 3125 3193 3182 de
3221 3124 3462 3194 pelliceis

1878 3225 2076 3280 tunicis
2102 3223 2442 3294 praedictum
2471 3233 2576 3278 est.

1935 3339 2024 3394 21.
2047 3337 2186 3394 Mtte.
2210 3338 2371 3394 Ficus
2393 3337 2480 3392 illa
2504 3335 2744 3392 divinum
2766 3333 2901 3406 legis
2929 3331 3243 3389 mandatum
3272 3331 3464 3405 primis

1871 3431 2183 3490 hominibus
2214 3433 2264 3486 in
2293 3428 2541 3502 paradiso
2569 3430 2824 3484 traditum
2851 3443 2958 3483 non
2987 3427 3284 3499 incongrue
3313 3426 3458 3482 acci-

1873 3528 2036 3600 pitur.
2069 3527 2199 3582 Erat
2247 3535 2428 3580 autem
2472 3523 2600 3579 illud
2629 3523 2940 3578 mandatum
2973 3540 2985 3576 :
3036 3521 3114 3576 De
3153 3520 3295 3576 omni
3323 3519 3465 3592 ligno

1873 3619 2109 3691 paradisi
2159 3616 2432 3681 comedite,
2484 3617 2547 3670 de
2592 3615 2733 3687 ligno
2769 3625 2943 3669 autem
2971 3614 3220 3668 scientiae
3248 3611 3368 3666 boni
3417 3621 3464 3665 et

1876 3711 2002 3766 mali
2058 3711 2327 3765 comedere
2379 3707 2556 3762 nolite.
2588 3708 2655 3762 Et
2695 3719 2753 3762 ut
2779 3705 2991 3762 cautius
3023 3707 3336 3761 mandatum
3373 3720 3466 3759 cu-

1877 3803 2166 3867 stodirent,
2215 3800 2698 3872 praevaricationis
2750 3799 3050 3872 periculum
3097 3814 3202 3854 non
3262 3809 3345 3854 est
3397 3798 3465 3853 ab

1877 3898 1956 3951 eis
1981 3895 2330 3951 occultatum.
2361 3892 2427 3948 In
2448 3909 2757 3964 quacunque
2782 3895 2920 3948 enim
2943 3893 3048 3958 die,
3073 3892 3266 3962 inquit,
3295 3906 3466 3945 come-

1878 3991 2060 4044 det-itis
2084 4005 2147 4044 ex
2193 4006 2276 4056 eo,
2315 3999 2480 4043 morte
2513 3989 2824 4043 moriemini.
2853 3987 2959 4043 Lex
2984 4002 3112 4058 ergo
3135 3987 3327 4058 primis
3367 3987 3464 4042 Ito-

1882 4084 2117 4139 minibus
2147 4085 2200 4138 in
2241 4081 2498 4156 paradiso
2539 4083 2663 4138 data
2706 4091 2811 4150 est,
2842 4083 2995 4154 cujus
3018 4083 3181 4138 verba
3210 4079 3467 4136 memori-

1884 4188 1967 4233 ter
1995 4179 2271 4245 tenebant,
2314 4179 2458 4248 quod
2500 4193 2762 4248 responso
2818 4177 3060 4232 mulieris
3090 4177 3327 4247 serpenti
3375 4176 3442 4231 de

1882 4271 2143 4326 claratur.
2178 4269 2474 4341 Respondit
2495 4271 2640 4326 enim
2674 4289 2686 4324 :
2721 4271 2795 4325 De
2821 4270 2999 4340 fructu
3022 4268 3302 4340 lignorum,
3335 4283 3468 4338 quae

1883 4372 2001 4418 sunt
2052 4364 2106 4417 in
2134 4363 2403 4435 paradiso,
2428 4365 2704 4430 vescimur,
2733 4363 2796 4417 de
2821 4364 2996 4433 fructu
3019 4379 3134 4418 vero
3160 4361 3309 4433 ligni,
3333 4361 3474 4433 quod

1885 4467 1957 4514 est
1990 4459 2043 4512 in
2067 4457 2238 4512 medio
2269 4457 2528 4529 paradisi,
2560 4458 2819 4528 praecepit
2853 4455 2998 4512 nobis
3030 4456 3190 4522 Deus,
3217 4474 3278 4510 ne
3304 4473 3471 4510 come--

1886 4549 2147 4613 deremus,
2193 4558 2241 4602 et
2273 4564 2336 4602 ne
2361 4559 2690 4618 tangeremus
2737 4548 2892 4613 illud,
2918 4564 2978 4602 ne
3004 4548 3135 4617 forte
3163 4549 3472 4601 moriantur.

2110 4640 2244 4711 legis
2293 4642 2455 4695 verba
2518 4639 2658 4695 male
2721 4639 3110 4709 interpretatus
3181 4648 3262 4693 est
3325 4638 3471 4693 colu-

1889 4740 2007 4804 ber,
2047 4746 2105 4792 ut
2131 4739 2304 4809 primo
2331 4737 2632 4801 mulierem,
2663 4736 2717 4792 id
2739 4745 2822 4790 est
2851 4752 3066 4791 sensum
3103 4735 3381 4791 seduceret
3410 4735 3474 4800 ",

1890 4845 1947 4891 ιιι
1995 4851 2092 4906 per
2128 4851 2251 4892 eum
2277 4835 2344 4890 ad
2386 4822 2584 4900 virum,
2611 4832 2678 4888 ad
2721 4833 2961 4887 animum
2999 4832 3268 4896 videlicet,
3306 4829 3472 4886 Italic—

1891 4938 1975 4984 ret
2013 4943 2314 4984 accessum.
2373 4926 2569 4983 Veram
2613 4933 2793 4983 autem
2832 4935 2886 4982 et
2928 4925 3259 4982 salutiferam
3308 4923 3476 4978 divini

1893 5022 2134 5079 mandati
2161 5021 2526 5080 dissimulavit
2565 5022 2844 5077 virtutem.
2888 5020 3060 5088 Quam
3090 5019 3136 5076 si
3167 5017 3360 5074 mulier
3388 5015 3478 5070 illa

1892 5125 2262 5190 cognosceret,
2285 5115 2564 5190 deligeret,
2588 5126 2891 5186 vereretur,
2913 5126 3288 5173 non-tortassts
3311 5126 3341 5167 a
3363 5125 3480 5168 ser-

1475 5267 1734 5327 VARIAE
1769 5265 2176 5348 LEC'I‘IDNES.

266 5397 284 5429 ⁸
315 5393 413 5451 Sic
441 5391 568 5458 CF;
597 5392 642 5446 Α
687 5393 925 5448 historia.
1023 5393 1044 5424 ’
1068 5401 1142 5447 est
1179 5407 1288 5446 om.
1322 5391 1388 5446 A.
1482 5389 1506 5422 ³
1530 5388 1575 5444 Α
1622 5388 1675 5443 in
1710 5385 1918 5444 deliciis
1965 5385 2052 5441 sit.
2115 5383 2223 5460 :A
2254 5379 2470 5460 Graece.
2535 5380 2572 5460 f
2597 5378 2683 5436 CF
2712 5377 3087 5460 Euangelistes.
3174 5373 3196 5405 ⁸
3239 5372 3331 5460 Sic
3357 5371 3445 5460 CF:
3467 5414 3483 5440 ,

195 5469 234 5522 Α
263 5474 361 5524 aut
386 5476 504 5522 ante
516 5452 644 5536 illos
671 5479 832 5520 verae
858 5464 947 5535 qui
969 5463 1364 5536 resurrectionis
1393 5469 1558 5518 testes
1584 5469 1730 5526 sunt,
1759 5465 2089 5536 resurgeret.
2113 5455 2350 5536 Thomas
2374 5452 2505 5510 Gale
2523 5452 2709 5536 locum
2737 5452 2816 5532 sic
2842 5461 3096 5536 reparare
3107 5455 3348 5536 conatus
3366 5455 3457 5536 est
3469 5486 3484 5536 ἶ

193 5551 283 5592 aut
321 5547 445 5602 ante
467 5535 606 5598 illos,
637 5536 727 5607 qui
763 5525 1330 5607 uerae_resurrectionis
1381 5543 1535 5589 testes
1581 5525 1723 5607 sunt,
1770 5525 2137 5607 resurrexisse,
2176 5527 2480 5607 priusquam
2517 5525 2656 5607 ipse,
2705 5525 2858 5607 cuius
2911 5525 3487 5607 resurect‘io‘ni‘swtjesjﬁs

193 5551 283 5592 aut
321 5547 445 5602 ante
467 5541 606 5598 illos,
637 5541 727 5607 qui
763 5552 910 5592 uerae
938 5541 1330 5592 resurrectionis
1381 5543 1535 5589 testes
1581 5542 1722 5598 sunt,
1770 5545 2137 5594 resurrextsse,
2176 5541 2480 5656 {gnaram
2517 5541 2656 5607 ipse,
2705 5541 2858 5648 cuius
2915 5541 3279 5574 resurectwms
3332 5541 3485 5600 resth

193 5620 337 5674 sunt,
365 5616 673 5678 resurgeret.
728 5605 883 5678 Δ[εἰς
902 5605 1019 5678 CF;
1047 5607 1094 5664 Α
1120 5619 1461 5677 sequensque
1485 5621 1605 5662 eum
1637 5603 1920 5660 dormitus.
2007 5600 2028 5632 ⁸
2060 5598 2154 5660 Sic
2286 5614 2303 5666 ;
2400 5606 2649 5668 cognitio.
2711 5593 2733 5627 ⁹
2831 5599 3031 5650 autem.
3104 5587 3150 5622 "
3175 5587 3485 5644 Atradtdtt.

197 5680 236 5718 ¹¹
267 5681 310 5735 Δ
341 5681 451 5738 cui.
517 5676 572 5711 ’¹¹
595 5676 690 5735 Sic
711 5676 796 5736 CF
821 5695 838 5746 ;
866 5678 912 5734 A
955 5676 1235 5749 deciperet.
1685 5743 1916 5804 NOTAE

268 5881 295 5909 ιι
329 5861 408 5922 En
440 5865 766 5937 exemplum,
800 5879 962 5937 quam
1007 5863 1312 5937 petulanter
1362 5862 1409 5918 ι.
1465 5862 1661 5937 Scottis
1701 5878 1788 5919 sa-
1898 5861 2047 5920 Alios
2072 5862 2220 5937 locos
2246 5861 2479 5931 scriptor
2502 5854 2974 5915 commentationis
3007 5853 3073 5912 de
3090 5854 3297 5912 Joanne
3327 5854 3492 5913 Scoto

201 5953 356 5996 cram
395 5933 734 6003 Scriptdra'm
780 5933 847 5994 ad
879 5933 1032 5995 suam
1075 5936 1397 6012 sententiam
1447 5936 1786 6008 detorqueat.
1901 5934 2189 6006 congessit.
