4028 6282
576 404 682 459 859

1953 400 2070 458 «ΙοΑ
2078 400 2233 458 NNIS
2271 401 2468 462 SCOTI

3763 409 3872 467 διιθ

569 527 731 589 pente
752 518 1129 583 seduceretur,
1163 530 1262 573 nec
1289 517 1467 572 virum
1525 531 1682 573 suum
1734 518 2056 585 attraheret,
2104 528 2165 575 ut
2188 524 2253 584 Α
2267 520 2567 591 quempiam
2587 535 2952 591 persuasorcm
2975 520 3151 591 prodit
3173 520 3388 575 erroris.
3426 520 3496 576 Et
3527 521 3590 578 de
3634 521 3683 558 "
3727 523 3874 580 Scri-

569 613 907 683 perderctur,
944 626 1043 666 nec
1079 610 1148 665 de
1177 608 1321 666 foliis
1345 609 1456 677 fici,
1487 611 1590 667 boc
1618 620 1723 679 est,
1751 611 1817 667 de
1854 611 2038 667 verbis
2083 626 2168 668 so-

568 704 845 759 lummodo
871 702 1109 758 mandati
1136 702 1496 758 succinctoria
1528 702 1627 757 sibi
1658 710 2005 769 consuerent,
2030 717 2161 757 con-

567 813 731 869 gruos
743 797 994 853 videlicet
1018 801 1035 832 ι
1059 794 1346 850 desideriis
1369 794 1550 850 carnis
1571 794 1973 866 mortiferisque
1996 796 2165 866 turpi-

567 890 843 946 tudinibus
872 890 1160 952 suisiusus,
1188 889 1281 943 sed
1311 888 1376 943 de
1408 875 1586 943 fructu
1619 887 1761 943 illius
1784 928 1799 953 ,
1826 887 1933 944 hoc
1956 895 2070 953 est,
2097 888 2163 943 de

563 998 691 1038 vera
716 982 975 1053 vitalique
1004 980 1218 1036 divinae
1241 979 1381 1050 legis
1399 979 1600 1035 virtute
1622 989 1783 1050 atque
1807 979 2161 1051 intelligentia

564 1086 863 1142 sumerent,
887 1076 1259 1141 comedercnt,
1286 1083 1339 1131 et
1363 1075 1416 1129 in
1446 1084 1666 1129 aeterna
1698 1074 1961 1131 felicitate
2005 1074 2161 1129 vive-

560 1182 703 1229 rent.
742 1174 855 1228 Lex
904 1173 1085 1242 itaque
1133 1170 1315 1226 divina
1369 1181 1626 1239 perverse
1672 1154 2051 1236 interpretata,
2107 1175 2164 1220 et

562 1265 861 1322 secundum
888 1258 1055 1318 sOlam
1102 1260 1357 1315 litteram
1386 1255 1751 1323 considerata,
1798 1255 2161 1325 humanisque

559 1375 658 1415 seu
690 1356 973 1414 diabolicis
998 1351 1481 1425 superstitionibus
1520 1358 1798 1419 corrupta,
1846 1346 2159 1403 carnalibus

561 1448 1018 1521 concupiscentiis
1063 1453 1146 1501 est
1170 1458 1440 1515 ‘eengrua,
1465 1449 1523 1495 et
1556 1439 2021 1496 irrationabilibns
2049 1442 2163 1493 moo'

557 1543 701 1597 tibus
731 1540 1088 1612 perizomata,
1115 1535 1283 1590 veluti
1325 1530 1650 1603 quibusdam
1699 1530 1840 1585 foliis
1884 1529 2157 1595 inanibus,

557 1637 816 1708 omnique
851 1635 1050 1691 virtute
1087 1646 1153 1686 ac
1176 1628 1619 1687 verovintellectu
1642 1626 1829 1683 vacuis
1864 1628 1887 1659 ²
1915 1632 2160 1696 praestat

555 1739 808 1796 eonsuta,
831 1731 971 1785 bene
1006 1722 1607 1794 vero-etispiritualiter
1645 1720 1945 1785 intellecta,
1976 1716 2154 1773 omni-

559 1838 666 1893 que
684 1820 887 1878 carnali
917 1834 1082 1875 sensu
1110 1816 1594 1887 acsuperstitione
1632 1822 1881 1885 purgata,
1910 1809 2158 1866 salutife-

2252 613 2435 683 'pturis
2457 612 2647 667 divinis
2670 612 2969 684 frequenter
2988 610 3180 683 promit
3207 612 3464 685 exempla,
3486 614 3681 685 quibus
3696 616 3873 686 justas

2273 702 2320 735 “
2348 704 2403 758 in
2424 702 2632 774 culpam
2651 704 2883 774 perhibet
2914 704 3180 772 incidisse,
3212 704 3413 771 dicens,
3439 708 3486 760 si
3507 705 3651 775 forte
3683 708 3741 761 in
3763 719 3876 762 stu-

2266 795 2376 866 pris
2404 796 2522 865 quis
2549 795 2596 827 ¹⁸
2627 794 2787 865 fuerit
2813 796 3183 867 deprehensus,
3216 807 3262 850 et
3304 796 3574 852 Abraham
3609 814 3735 853 cum
3775 817 3877 854 an-

2267 887 2391 943 cilla
2416 889 2725 959 procubuit,
2764 899 2812 944 et
2855 888 3027 945 David
3075 889 3305 945 alienam
3354 890 3628 946 adamavit
3677 904 3728 948 et
3777 893 3877 948 sibi

2266 980 2446 1035 ascivit
2490 998 2728 1038 uxorem.
2756 983 2935 1037 Assuit
2981 984 3119 1037 enim
3150 982 3408 1054 quaedam
3440 983 3573 1053 folia
3608 984 3676 1050 “,
3714 1002 3876 1057 que-

2263 1076 2387 1130 dam
2415 1078 2652 1149 exempla
2684 1083 2749 1132 de
2786 1078 3209 1161 propheticarum
3254 1081 3389 1133 serie
3439 1078 3872 1150 Scripturarunt,

2264 1167 2493 1237 fructum
2518 1185 2701 1224 earum
2724 1185 2827 1224 non
2847 1179 2995 1240 putat
3029 1170 3071 1202 ι’
3107 1169 3494 1241 requirendum.
3537 1168 3740 1227 Nonne
3783 1174 3875 1226 tibi

2264 1267 2505 1322 videntur
2524 1269 2681 1323 etiam
2710 1267 2903 1323 Judaei
2933 1267 3063 1338 folia
3107 1284 3337 1333 assuere,
3368 1267 3496 1322 dum
3541 1267 3679 1339 legis
3721 1269 3874 1339 spiri-

2263 1358 2422 1413 tualis
2457 1359 2611 1413 verba
2637 1358 2981 1429 corporaliter
3005 1358 3460 1429 interpretantur?
3505 1357 3760 1425 Quorum
3795 1362 3871 1413 in-

2261 1450 2560 1518 terpretatio
2583 1448 2815 1518 fructum
2838 1464 3041 1503 omnem
3063 1449 3345 1503 uiriditatis
3367 1449 3584 1515 amittit,
3610 1451 3871 1505 damnata

2260 1537 2541 1593 maledicto
2566 1538 2831 1595 ariditatis
2864 1549 3129 1595 aeternae.
3160 1539 3314 1595 Bona
3341 1541 3506 1612 igitur
3545 1542 3869 1613 interpreta-

2260 1630 2354 1695 tio,
2378 1628 2476 1682 hoc
2500 1636 2597 1695 est,
2639 1629 2932 1699 spiritualis
2968 1629 3103 1699 ﬁcus
3140 1640 3217 1684 est
3259 1630 3556 1700 fructuosa,
3609 1633 3710 1688 sub
3770 1651 3868 1705 qus

2250 1721 2391 1792 justi
2418 1720 2689 1791 sanctique
2710 1721 3068 1792 requiescunt,
3107 1736 3267 1792 quam
3311 1722 3401 1793 qui
3443 1722 3772 1793 plantaeerit
3818 1727 3868 1777 in

2240 1812 2447 1868 'animis
2480 1814 2841 1885 singulorum,
2870 1826 3005 1870 sicut
3035 1813 3240 1870 Paulus
3283 1818 3402 1872 ait:
3442 1817 3563 1890 Ego
3603 1819 3864 1891 plantari,

554 1906 679 1973 rum
702 1914 1049 1985 vitalemq'ue'
1066 1911 1498 1976 conredcntibus,
1522 1910 1626 1965 hoc
1649 1917 1753 1974 est,
1783 1917 1931 1963 recte
1957 1920 2151 1962 secun—
2180 1916 2226 1976 Β
2257 1906 2441 1978 Apollo
2502 1908 2725 1979 rigavit,
2770 1907 3110 1963 manducabit
3172 1924 3238 1964 es:
3286 1926 3348 1965 ea
3401 1910 3664 1980 fructum.
3719 1912 3866 1967 Μαι.

554 2012 683 2063 dum
712 2008 964 2079 spiritum
1001 1994 1438 2072 intelligentibus'
1463 2017 1582 2057 eam
1637 2000 1931 2055 fruetilicat
1969 2013 2147 2055 esum.

554 2101 633 2154 De
671 2112 779 2168 quo
809 2096 972 2168 primi
1012 2094 1276 2155 homines
1324 2092 1610 2148 comedere
1655 2090 1918 2156 nolentes,
1958 2089 2080 2160 plus
2127 2087 2149 2119 ³

556 2189 831 2260 falsiloqui
858 2186 1129 2257 serpentis
1181 2181 1618 2255 interpretationi
1680 2182 1986 2246 credentes,
2039 2193 2146 2234 non

550 2282 789 2338 fructum
816 2278 1003 2352 legalis
1037 2276 1124 2331 ﬁci
1154 2276 1208 2330 in
1239 2276 1396 2331 usum
1424 2273 1646 2344 spiritus
1678 2278 2029 2342 acceperunt,
2052 2269 2151 2326 sed

551 2361 683 2430 folia
711 2371 893 2428 inania
920 2366 1235 2437 fraudisque
1272 2367 1452 2438 plena,
1480 2364 1594 2423 sola
1636 2363 1888 2419 videlicet
1939 2362 2103 2418 verba
2129 2402 2146 2428 ,

553 2465 820 2522 diabolica
843 2461 1043 2519 astutia
1075 2458 1340 2525 connexa,
1365 2456 1564 2528 quibus
1606 2470 1827 2511 suarum
1864 2453 2147 2509 libidinum

552 2557 917 2630 turpitudines
939 2552 1221 2626 cooperire
1242 2551 1504 2607 valerent.
1530 2548 1643 2605 Hoc
1672 2558 1854 2604 autem
1883 2547 2141 2614 dicimus,

549 2646 1170 2707 sanctumAmbrosium
1196 2651 1504 2716 sequentes,
1534 2643 1626 2713 qui
1653 2640 1954 2713 praefatam
1982 2640 2145 2696 ﬁcum

552 2742 609 2797 in
661 2740 799 2797 libro
846 2740 913 2795 de
955 2736 1216 2793 Paradiso
1265 2735 1485 2806 exponit
1542 2734 1729 2790 dicens
1781 2732 2143 2797 :Assuerunt,

548 2835 726 2905 inquit
761 2833 810 2900 ⁸,
845 2832 975 2903 folia
1026 2831 1179 2902 ﬁcus,
1227 2840 1275 2886 et
1339 2830 1569 2900 fecerunt
1624 2828 1725 2883 sibi
1773 2827 2145 2883 succinctoria.

548 2925 741 2980 Ficum
762 2925 862 2979 hoc
891 2923 1004 2979 loco
1030 2939 1125 2994 pro
1153 2939 1259 2994 qua
1279 2923 1449 2993 specie
1471 2921 1714 2976 debemus
1741 2919 1993 2989 accipere,
2017 2917 2147 2973 divi-

547 3032 738 3071 narum
760 3031 854 3071 nos
889 3014 1038 3069 docet
1064 3014 1223 3069 series
1250 3012 1551 3078 lectionum,
1579 3008 2002 3082 quandoquidem
2032 3004 2146 3060 sal-

548 3127 637 3165 vos
666 3124 799 3174 esse,
813 3107 903 3180 qui
923 3106 1018 3161 sub
1044 3106 1148 3161 vite
1169 3113 1217 3161 et
1238 3105 1346 3175 ﬁcu
1369 3104 1713 3175 requiescunt,
1739 3100 2017 3171 Scriptura
2038 3114 2145 3153 me-

548 3202 851 3268 moraverit,
876 3209 923 3255 et
962 3198 1220 3255 Salomon
1262 3197 1503 3252 dixerit:
1542 3194 1674 3261 Quis
1718 3192 1921 3264 plantat
1962 3192 2141 3261 ficum,

2255 2008 2429 2053 autem
2457 1998 2816 2069 interpretatio
2846 1998 3079 2069 fructum
3108 1998 3271 2069 ferre,
3299 2001 3743 2071 viriditatequ
3762 2022 3866 2057 scr-

2252 2107 2374 2146 vare
2399 2108 2503 2146 non
2521 2092 2731 2163 poterit.
2761 2091 2915 2158 Quod
2938 2093 3101 2164 igitur
3121 2094 3332 2165 gravius
3361 2105 3458 2163 est,
3488 2097 3591 2151 hac
3612 2114 3670 2152 se
3688 2097 3863 2153 Adam

2252 2181 2683 2254 interpretatione
2729 2184 2986 2239 succinxit
3027 2201 3087 2240 eo
3141 2184 3276 2251 loco,
3324 2187 3413 2241 ubi
3462 2188 3647 2259 [ructu
3694 2191 3863 2261 magis

2252 2273 2504 2330 castitatis
2535 2292 2589 2330 se
2616 2275 2917 2347 succingere
2941 2276 3116 2331 debuit
3146 2276 3212 2331 ι’.
3240 2277 3455 2334 Audisti
3503 2282 3862 2337 Ambrosium

2251 2368 2317 2423 de
2338 2369 2444 2424 ﬁcu
2468 2381 2483 2422 :
2509 2368 2632 2422 audi
2656 2368 2822 2424 etiam
2846 2368 2890 2401 ³⁹
2904 2369 3133 2424 eundem
3157 2370 3222 2425 de
3243 2369 3457 2427 Domini
3478 2373 3579 2429 Dei
3600 2374 3863 2431 deambu-

2248 2456 2451 2515 latione
2477 2458 2530 2514 in
2575 2459 2847 2527 paradiso,
2879 2459 3113 2515 humana
3144 2461 3397 2519 videlicet
3437 2472 3658 2532 natura,
3693 2481 3860 2537 quam

2251 2550 2320 2605 ad
2349 2550 2643 2622 imaginem
2683 2564 2835 2606 suam
2865 2550 3139 2618 condidit,
3170 2566 3336 2623 quam
3364 2569 3642 2626 nunquam
3695 2557 3859 2613 dese-

2252 2644 2383 2710 ruit,
2409 2654 2584 2714 neque
2609 2644 2789 2716 perire
2816 2644 3096 2716 permisit,
3127 2645 3182 2700 in
3213 2660 3318 2717 qua
3345 2660 3565 2719 semper
3592 2650 3858 2707 deambu-

2247 2737 2395 2792 labat
2417 2739 2464 2769 ²⁰
2488 2738 2699 2795 occulte
2727 2754 2791 2794 ac
2816 2738 3191 2810 spiritualiter,
3217 2751 3473 2799 scrutans
3516 2744 3692 2799 corda
3741 2744 3854 2800 sin-

2247 2830 2495 2902 gulorum
2523 2838 2579 2886 et
2606 2842 2785 2896 renes,
2820 2819 3256 2903 intelligibilique
3284 2848 3416 2889 voce
3443 2848 3635 2889 causas
3689 2850 3851 2905 prae—

2245 2920 2594 2977 varicationis
2636 2919 3009 2991 interrogans,
3031 2932 3085 2977 et
3121 2922 3242 2993 plus
3293 2923 3731 2979 misericorditer
3779 2925 3852 2979 in-

2246 3026 2479 3083 crepans
2510 3021 2565 3067 et
2593 3012 2897 3083 corrigens,
2927 3011 3254 3083 quamjuste
3279 3013 3563 3070 ulciscens.
3590 3014 3690 3069 Ait
3722 3030 3851 3086 ergo

2244 3102 2521 3175 praefatus
2574 3102 2837 3174 magister
2885 3122 2899 3159 :
2952 3104 3024 3159 Et
3077 3107 3361 3173 audierunt
3411 3123 3580 3162 vocem
3622 3106 3853 3162 Domini

2245 3196 2627 3251 deambulantis
2659 3197 2728 3251 ad
2756 3213 3040 3268 vesperam.
3089 3197 3232 3265 Quid
3280 3200 3326 3231 “
3353 3210 3428 3255 est
3484 3200 3848 3255 deambulatio

546 3305 595 3349 et
638 3293 702 3347 de
757 3290 933 3361 {ructu
989 3289 1103 3359 ejus
1143 3305 1248 3343 non
1272 3287 1554 3342 manducat
1598 3285 1644 3350 ⁵,
1686 3292 1733 3338 et
1782 3281 2039 3337 Dominus
2070 3280 2138 3334 ad
2167 3292 2212 3356 ο
2243 3288 2388 3343 illius
2413 3289 2583 3359 “,qui
2608 3288 2799 3359 ubique
2817 3305 3017 3360 semper
3043 3298 3117 3344 εει
3137 3290 3162 3343 γ
3183 3288 3289 3345 Sed
3307 3291 3853 3361 pulo’deammmio.

548 3386 708 3455 licunt
731 3384 945 3446 venerit,
974 3380 1064 3435 sed
1084 3380 1201 3434 ideo
1229 3379 1295 3434 sit
1319 3379 1340 3410 ⁵
1371 3379 1622 3448 offensus,
1659 3376 1785 3447 quia
1815 3390 1919 3428 non
1945 3373 2148 3428 invene-

546 3479 617 3531 rit
647 3476 901 3546 fructum,
926 3473 1017 3529 sed
1050 3471 1180 3541 [alia
1203 3479 1428 3526 tantum.
1456 3470 1618 3525 Docet
1666 3485 1746 3523 me
1781 3483 1903 3538 ergo
1951 3466 2145 3532 Adam,

547 3585 682 3641 quae
710 3568 811 3622 sint
840 3567 859 3599 "
890 3564 1044 3635 folia,
1085 3565 1200 3635 qui,
1233 3573 1572 3634 posteaquam
1603 3560 1849 3631 peccavit,
1894 3558 1957 3611 de
2004 3556 2146 3627 foliis

547 3661 635 3731 ﬁci
673 3660 793 3730 fecit
826 3659 929 3715 sibi
983 3658 1005 3689 ⁸
1042 3656 1423 3723 succinctoria,
1469 3654 1559 3724 qui
1612 3653 1675 3707 de
1730 3653 1986 3723 {motibus
2032 3650 2145 3720 ejus

548 3756 717 3824 magis
740 3762 951 3824 gustare
988 3750 1244 3806 debuerit.
1288 3750 1474 3805 Justus
1519 3748 1749 3818 fructum
1792 3746 1969 3818 eligit,
2016 3744 2145 3816 folia

548 3855 809 3916 peccator.
875 3844 1015 3911 Quid
1070 3852 1146 3898 est
1193 3840 1457 3908 Fructus,
1510 3841 1713 3911 fructus
1778 3839 1944 3911 inquit
2001 3837 2144 3910 Apo-

547 3939 715 3995 stolus
745 3948 793 4005 ο,
828 3939 1046 4009 spiritus
1100 3946 1175 3991 est
1232 3936 1452 4003 caritas,
1491 3935 1763 4006 gaudium,
1792 3950 1918 4006 pax,
1942 3936 2146 4004 patien—

546 4041 640 4090 tta.
696 4030 1012 4102 benignitas,
1056 4027 1334 4092 modestia,
1391 4026 1733 4092 continentia,
1766 4024 1997 4079 dilectio.
2026 4022 2142 4078 Non

545 4124 766 4179 habebat
798 4124 1029 4195 fructum
1048 4162 1063 4189 ,
1092 4123 1183 4195 qui
1210 4120 1464 4193 gaudium
1488 4136 1591 4174 non
1612 4116 1868 4182 habebat;
1911 4132 2015 4171 non
2054 4116 2146 4169 ha-

546 4217 695 4272 bebat
722 4217 903 4284 ﬁdem,
930 4217 1020 4288 qui
1050 4216 1511 4286 praevaricaturus
1534 4222 1645 4266 erat
1675 4206 1984 4263 mandatum
2011 4207 2142 4275 Dei;

549 4329 652 4366 non
692 4311 913 4366 habebat
944 4309 1336 4371 continentiam,
1362 4308 1452 4378 qui
1480 4306 1757 4361 interdicto
1778 4303 1876 4359 sibi
1905 4313 2143 4374 gustave-

547 4416 628 4459 rat
653 4405 816 4476 ligno.
869 4403 1009 4473 Ergo
1050 4404 1345 4473 quicunque
1390 4399 1785 4470 praevaricatur
1831 4397 2142 4453 mandatum

546 4496 669 4563 Dei,
693 4495 952 4568 spoliatur
973 4503 1129 4564 atque
1160 4492 1424 4560 nudatur,
1457 4502 1504 4545 et
1546 4490 1604 4559 ﬁt
1655 4492 1764 4561 ipse
1807 4488 1907 4541 sibi
1950 4487 2139 4558 turpis,

544 4588 655 4644 uult
685 4604 740 4642 se
769 4587 969 4658 operire
997 4584 1309 4658 quibusdam
1332 4583 1472 4654 foliis
1493 4583 1650 4652 ﬁcus,
1672 4584 1897 4653 fortasse
1921 4580 2138 4651 quibus-

2251 3400 2367 3438 nem
2392 3384 2659 3456 quandam
2689 3400 2800 3439 esse
2823 3382 2921 3438 Dei
2948 3400 3041 3454 per
3068 3383 3367 3439 divinarum
3393 3386 3575 3440 seriem
3595 3384 3851 3456 Scriptu-

2252 3474 2542 3540 rarum,in
2564 3473 2752 3545 quibus
2780 3473 3044 3544 quaedam
3094 3472 3194 3528 Dei
3240 3485 3473 3529 versatur
3515 3477 3849 3546 praesentia,

2248 3583 2364 3621 cum
2400 3566 2667 3631 audimus,
2691 3565 2815 3637 quia
2836 3566 2947 3636 ipse
2966 3566 3150 3637 aspicit
3177 3567 3374 3632 omnia,
3397 3576 3444 3621 et
3466 3566 3599 3623 oculi
3624 3566 3849 3621 Domini

2248 3665 2369 3713 sunt
2397 3654 2442 3686 "
2465 3671 2624 3725 super
2634 3655 2835 3726 justos,
2860 3670 2980 3709 cum
3005 3654 3243 3727 legimus,
3275 3658 3400 3727 quia
3445 3654 3596 3711 Iesus
3648 3656 3851 3710 sciebat

2248 3747 2586 3818 cogitationes
2637 3761 2818 3800 eorum
2844 3786 2860 3811 ,
2918 3761 3037 3799 cum
3090 3745 3309 3817 legimus
3342 3765 3361 3804 :
3409 3744 3547 3813 Quid
3592 3748 3850 3817 cogitatis

2247 3839 2392 3895 mala
2408 3838 2457 3871 “
2482 3840 2537 3893 in
2566 3838 2811 3892 cordibus
2848 3838 3076 3903 vestris?
3094 3837 3236 3911 Ergo
3276 3839 3403 3894 dum
3443 3840 3569 3896 haec
3608 3856 3852 3895 recense-

2247 3946 2386 3995 mus,
2406 3928 2559 4000 quasi
2580 3927 2968 3983 deambulantis
2998 3931 3355 4003 cognoscimus
3386 3930 3603 3986 Domini
3646 3948 3845 3987 vocem.

2250 4018 2485 4090 Fugerat
2527 4035 2649 4092 ergo
2677 4017 2726 4051 "
2752 4031 3015 4090 peccator,
3059 4039 3162 4077 non
3191 4039 3291 4095 quo
3330 4022 3431 4078 Dei
3462 4034 3639 4094 posset
3686 4025 3851 4081 latere

2247 4125 2597 4185 conspectum,
2619 4115 2710 4168 sed
2746 4115 2887 4169 intra
2908 4112 3277 4169 conscientiam
3298 4131 3449 4170 suam
3475 4113 3645 4170 latere
3674 4118 3850 4187 cupie-

2248 4206 2359 4272 bat,
2389 4221 2668 4278 opera‘sua
2695 4204 2868 4260 lucere
2901 4204 3127 4260 nolebat.
3154 4203 3299 4259 Justi
3329 4205 3465 4259 enim
3499 4216 3576 4261 est
3607 4206 3753 4275 facie
3781 4208 3848 4260 ad

2248 4297 2435 4367 faciem
2463 4299 2660 4366 videre,
2706 4299 2830 4370 quia
2866 4298 3004 4368 justi
3048 4314 3193 4352 mens
3232 4295 3279 4332 ⁸⁸
3310 4314 3414 4352 non
3444 4298 3617 4352 solum
3668 4299 3779 4354 Deo
3805 4300 3845 4331 ’τ

2245 4407 2488 4460 praesens
2535 4401 2631 4457 est,
2682 4392 2773 4447 sed
2833 4392 2990 4446 etiam
3053 4407 3170 4445 cum
3236 4390 3345 4446 Deo
3410 4391 3674 4462 disputat,
3715 4394 3847 4447 sicut

2245 4482 2503 4552 scriptum
2550 4491 2625 4536 est
2673 4497 2691 4537 :
2758 4480 3004 4537 Judicate
3052 4481 3283 4553 pupillo,
3332 4492 3379 4537 et
3420 4482 3724 4554 justiﬁcate
3769 4485 3845 4538 si-

2246 4576 2429 4641 duam,
2469 4584 2517 4630 et
2571 4576 2737 4630 venite
2792 4584 2841 4629 et
2883 4574 2931 4607 "
2987 4575 3332 4646 disputemus,
3376 4574 3506 4631 dicit
3562 4575 3842 4633 Dominus.

544 4681 671 4735 dam
704 4652 947 4734 inanibus
972 4652 1048 4734 vel
1078 4652 1444 4732 umbratilibus
1471 4674 1817 4740 sermonibus,
1836 4689 1965 4745 quos
1996 4689 2135 4727 com-
2242 4668 2385 4739 Ergo
2457 4685 2574 4723 cum
2647 4669 2767 4740 legit
2825 4678 3068 4740 peccator
3132 4666 3438 4740 Scripturas
3499 4669 3711 4727 divinas
3768 4673 3843 4736 ⁸⁸,

501 4814 506 4821 .
543 4773 728 4845 positis
754 4772 1017 4827 mandatis
1044 4788 1291 4839 assuens,
1323 4779 1371 4825 et
1399 4769 1611 4825 verbum
1639 4769 1702 4823 de
1731 4767 1880 4823 verbo
1907 4776 2135 4833 struens,

542 4866 614 4921 ad
636 4865 1331 4937 operiendam'conscientiae
1357 4864 1541 4919 msuae
1561 4862 1746 4918 mentis
1769 4860 1999 4931 factique
2022 4869 2139 4914 tur-

540 4958 833 5031 pitudinem
869 4959 1099 5016 velamen
1136 4968 1377 5030 peccator
1413 4958 1624 5024 intexit,
1652 4965 1706 5010 ut
1746 4953 1992 5025 pudenda
2036 4969 2135 5006 sua

543 5062 801 5123 contegat.
829 5050 916 5105 Ita
938 5052 1076 5106 enim
1098 5068 1261 5121 supra
1286 5067 1339 5106 se
1362 5048 1492 5121 folia
1521 5049 1746 5113 censuit,
1786 5046 1875 5118 qui
1927 5043 2135 5115 culpam

546 5143 719 5198 velare
735 5142 994 5199 desiderat
1014 5143 1078 5209 “,
1096 5152 1187 5197 aut
1203 5131 1470 5197 diabolum
1485 5139 1661 5195 delicti
1682 5142 1932 5193 memorat
1955 5143 2136 5191 aucto-

540 5249 674 5303 rem,
708 5244 802 5291 aut
844 5236 1019 5291 carnis
1061 5233 1351 5306 praetendit
1390 5233 1433 5266 ³⁸
1481 5230 1774 5299 illecebras,
1820 5236 1913 5284 aut
1968 5227 2133 5282 alium

1845 5341 2105 5413 vanus
2138 5339 2542 5400 LECTIONES.

1582 5530 1594 5542 .
1662 5472 1861 5542 "vacuis
1886 5471 1995 5542 om.
2026 5456 2091 5542 Α.
2206 5455 2439 5542 εἰαριτὲ
2475 5456 2540 5542 ΔΑ
2565 5455 2701 5542 "sed;
2758 5527 2770 5539 ο

1488 5531 1508 5562 ⁸
1539 5529 1632 5585 Sic
1658 5528 1775 5610 CF}
1804 5528 1848 5583 A
1876 5528 1994 5581 erit.
2069 5528 2091 5561 "
2122 5527 2166 5582 A
2193 5538 2334 5583 sunt.
2410 5529 2432 5558 ⁸
2461 5526 2507 5580 Α
2532 5527 2630 5581 sibi
2670 5527 2810 5597 fecit.

1488 5600 1531 5667 ‘;
1579 5601 1625 5655 Α
1654 5600 1977 5669 desiderans.
2074 5599 2116 5633 “
2155 5598 2239 5655 CF
2294 5598 2620 5669 praetendat.
2658 5668 2661 5669 ν
2717 5598 2762 5669 9
2804 5623 2810 5651 t

542 5680 587 5712 "‘
617 5668 735 5750 quis
755 5692 865 5750 om.
897 5677 977 5750 A._
1016 5676 1084 5750 _‘_‘
1106 5673 1658 5750 quaedamfolia‘om.
1671 5669 1911 5750 CRM."
1936 5668 2174 5750 §ic“C_F;
2200 5670 2256 5750 Δᾼ
2280 5681 2490 5739 putans.
2565 5668 2685 5750 11A
2715 5668 2993 5750 debuisset.

619 5464 637 5499 ⁸
666 5462 757 5521 Stc
783 5461 904 5530 CF;
954 5463 996 5518 A
1034 5477 1129 5519 noc
1169 5472 1243 5517 est
1280 5474 1557 5530 congruos.

540 5537 703 5605 ficum
726 5566 795 5577 ν-
816 5534 1119 5590 manducat.
1163 5548 1273 5605 om.
1305 5530 1411 5605 CF.

539 5600 657 5674 CF;
690 5607 734 5662 Α
763 5606 1154 5661 conscientiam.
1231 5604 1274 5637 “
1302 5603 1395 5658 Sic
1414 5600 1531 5674 CF;
1579 5601 1625 5655 Α
1654 5600 1977 5674 desiderans.

2247 4759 2398 4814 audit
2455 4776 2632 4814 vocem
2690 4759 2905 4814 Domini
2965 4760 3118 4831 quasi
3177 4758 3504 4815 ambulantis
3553 4762 3629 4815 ad
3678 4779 3843 4832 vespe-

2251 4870 2385 4908 ram.
2438 4852 2581 4920 Quid
2624 4852 2798 4909 estad
2826 4868 3109 4924 resperam,
3160 4853 3261 4908 nisi
3304 4854 3430 4925 quia
3454 4854 3670 4925 culpant
3693 4872 3841 4910 suam

2245 4962 2361 5001 sero
2392 4947 2679 5018 cognoscit,
2710 4955 2759 5001 et
2784 4962 2901 5001 sero
2927 4945 2971 4978 ³ο
3002 4948 3141 5002 venit
3174 4948 3434 5017 quaedam
3463 4950 3665 5003 erroris
3692 4965 3841 5015 prae-

2245 5040 2389 5094 teriti
2440 5036 2770 5105 rerecundia,
2830 5056 2964 5111 quae
3014 5056 3243 5094 errorem
3290 5042 3595 5111 praevenire
3653 5042 3840 5095 debue-

2246 5130 2367 5184 rat?
2394 5128 2538 5185 Nam
2568 5130 2694 5184 dum
2715 5128 2867 5201 culpa
2895 5128 3054 5200 fervet
3081 5130 3139 5185 in
3156 5146 3394 5201 corpore,
3423 5140 3475 5186 et
3501 5134 3686 5186 animo
3715 5149 3838 5185 exs-

2242 5226 2442 5297 gitatur
2468 5227 2702 5298 corporis
2726 5225 3079 5299 pastionibus.
3112 5243 3215 5282 non
3241 5226 3433 5299 cogitat
3460 5227 3637 5283 Deum
3659 5242 3835 5284 sensus

2800 5454 2825 5488 ⁸
2870 5455 3039 5528 inquit
3084 5470 3193 5528 om.
3245 5456 3312 5511 A.
3411 5456 3435 5489 ⁸
3464 5458 3600 5528 quis
3631 5454 3832 5528 plantat

2917 5472 3398 5599 '-"‘.‘l,‘..i’i.'.‘i...‘tm.
3411 5472 3600 5583 'c‘lr'i"
3631 5472 3833 5581 θ’θέθέ

2717 5598 2762 5630 ⁸³
2804 5597 2871 5654 de
2898 5595 3158 5655 01η.ὈΡ.
3261 5598 3305 5630 “
3353 5598 3529 5667 justas
3560 5613 3669 5651 om.
3722 5595 3829 5651 CF.

2717 5668 2993 5724 debuisset.
3076 5669 3117 5700 "
3163 5668 3205 5723 A
3242 5680 3311 5725 et.
3387 5669 3432 5701 ’°
3478 5670 3569 5724 Sic
3608 5668 3733 5731 AC;
3794 5665 3832 5719 F

542 5735 863 5803 dea'mbulat.
938 5747 983 5778 ἰ
1010 5746 1100 5802 Sic
1118 5735 1246 5809 'CF;
1278 5746 1319 5798 A
1351 5735 1517 5810 Quae.
1594 5744 1640 5775 ²¹
1670 5742 1760 5796 Sic
1789 5740 1906 5804 CF;
1938 5740 1981 5793 A
2010 5741 2122 5795 Dei.
2162 5735 2169 5737 “
2200 5740 2248 5772 ⁸³
2274 5735 2394 5794 sunt
2418 5755 2526 5794 om.
2560 5737 2666 5805 CF.
2742 5738 2789 5769 ⁸⁸
2816 5740 2959 5795 mala
2996 5757 3102 5795 orn.
3153 5740 3259 5795 CF.
3335 5738 3670 5810 "ergopm.
3719 5735 3824 5810 Cf.

541 5820 586 5849 τε
618 5819 700 5871 CF
724 5818 958 5887 quamvis
986 5820 1188 5871 timens.
1236 5806 1308 5847 ’³⁷
1344 5806 1387 5868 Χ
1411 5814 1752 5868 solummodo.
1834 5814 1880 5845 ³⁸
1905 5822 1951 5865 et
1979 5828 2086 5868 om.
2118 5812 2180 5866 Α.
2260 5810 2304 5842 ’⁸
2335 5813 2422 5868 Sic
2448 5810 2566 5877 CF;
2593 5811 2639 5865 Α
2665 5811 2761 5866 has
2786 5812 2999 5869 divinas
3023 5811 3345 5883 Scripturas.
3426 5806 3583 5867 “CF
3601 5806 3830 5867 secundo
3932 5890 3933 5893 η

542 5892 708 5944 τρηίι.
