4028 6282
508 326 614 384 8ιὸ

1875 321 2161 383 JOANNIS
2202 323 2399 385 SCOTl

3674 340 3784 397 ευ

509 441 703 499 habens
732 439 879 499 Deo‘
909 456 1001 512 per
1021 441 1249 512 gratiam
1279 454 1486 507 eorum,
1505 455 1640 513 quae
1662 449 1806 507 sunt,
1833 442 2095 513 sapienter
2120 445 2168 505 Α
2197 441 2323 497 dum
2378 439 2572 499 talibus
2599 444 2937 515 congruebat.
2957 446 3281 519 offenderent
3308 452 3364 509 in
3408 453 3596 523 Deum,
3647 468 3697 512 et
3720 461 3795 515 ab

508 537 748 596 notitiam
798 553 891 608 per
933 537 1102 607 ipsam
1130 535 1199 603 ad
1241 536 1262 567 ’
1301 534 1685 607 dei/icationern
1735 537 1897 595 animi
1941 545 2096 611 atque

506 648 691 689 sensus
746 631 1262 697 transmutationem.
1315 626 1405 685 Sic
1442 630 1801 702 accipiendum
1843 631 1908 687 de
1953 630 2096 702 ligno

499 725 662 797 juxta
693 724 933 783 omnibus
958 723 1212 789 valentem
1244 721 1483 793 cooptari
1524 737 1814 793 anagagen.
1858 720 2093 791 Intuere.

513 831 675 888 quam
703 815 948 887 pulchre,
983 830 1145 885 quam
1180 822 1385 885 aperte,
1416 812 1547 885 quid
1576 811 1648 869 sit
1693 813 1895 885 lignum
1921 813 2096 869 scien-

510 910 617 975 tiae
645 909 774 966 boni
805 918 859 966 et
897 908 1051 975 mali.
1079 907 1323 979 exponit,
1350 907 1446 971 Est
1467 905 1633 975 enim,
1659 915 1718 967 ut
1747 906 1860 979 ipse
1889 906 1980 972 ait,
2014 905 2098 967 vi-

513 999 749 1057 sibilium
773 1013 955 1057 rerum
987 1006 1203 1065 natura,
1228 1012 1368 1068 quae
1394 996 1754 1069 spiritualiter
1777 997 1832 1054 in
1866 996 2094 1065 rationi-

512 1095 617 1149 bus
658 1094 772 1149 suis
801 1092 1094 1163 intellecta,
1142 1091 1422 1149 scientiam
1476 1090 1603 1149 boni
1655 1100 1710 1151 et
1761 1090 2095 1163 spiritualem

506 1183 746 1241 fructum
794 1182 1216 1255 intelligentibns
1275 1196 1398 1237 eum
1448 1189 1689 1254 praestat
1733 1196 1747 1236 :
1804 1181 2097 1239 carnaliter

512 1291 644 1333 vero
678 1286 736 1333 et
766 1275 1052 1331 libidinose
1080 1274 1473 1346 appetentibus,
1517 1281 1573 1333 et
1613 1274 1994 1347 intemperate,
2039 1284 2098 1339 et

510 1380 698 1427 contra
743 1370 889 1440 leges
935 1367 1145 1425 divinas
1173 1366 1521 1425 abutentibus
1565 1366 1901 1429 mortiferam
1931 1366 2097 1427 infert

508 1464 814 1523 scientiam.
846 1462 923 1518 Ac
950 1476 1047 1533 per
1075 1461 1178 1517 hoc
1200 1476 1304 1516 non
1332 1460 1386 1515 in
1419 1461 1534 1535 ipsa
1558 1470 1748 1521 natura
1774 1475 1936 1517 causa
1967 1462 2094 1519 mali

508 1566 591 1613 est
622 1557 936 1619 constituta,
970 1555 1065 1610 sed
1109 1554 1162 1608 in
1190 1553 1526 1608 abutentium
1560 1553 2001 1623 intemperantia.
2030 1554 2096 1611 Et

508 1652 640 1707 haec
664 1659 748 1706 est
767 1650 883 1720 ipsa
915 1648 1133 1715 mulier,
1160 1648 1270 1714 vel,
1302 1656 1362 1703 ut
1391 1647 1466 1703 ita
1498 1649 1698 1717 dicam,
1737 1649 1839 1709 hoc
1860 1656 1945 1707 est
1966 1648 2095 1707 illud

505 1743 731 1815 lignum.
763 1742 830 1799 de
858 1756 964 1812 quo
1007 1740 1268 1797 Dominus
1302 1739 1433 1799 dicit
1466 1758 1480 1797 :
1525 1739 1629 1808 Qui
1673 1740 1858 1803 uiderit
1902 1741 2092 1798 mulie-

2195 533 2310 603 ejus
2353 534 2431 595 rei
2470 532 2696 590 utilitate
2737 534 3310 605 alienarenturmlmi
3332 554 3485 617 atque
3520 547 3790 619 damnati,

2196 631 2265 686 ad
2292 647 2468 709 quam,
2506 632 2553 689 si
2587 647 2683 689 suo
2722 642 2969 717 tempore,
3021 637 3156 703 sicut
3183 637 3326 697 Deus
3372 642 3599 711 volebat.
3643 663 3794 707 acce-

2195 725 2394 789 derent,
2436 736 2645 807 possent
2683 744 2746 785 ea
2780 728 3064 788 salubriter
3107 733 3332 805 perfrui.
3389 736 3506 799 Hoc
3552 740 3795 803 diximus

2195 826 2407 895 propter
2433 817 2665 893 aliquos,
2695 830 2753 875 ut
2792 821 2862 890 “,
2906 822 2954 878 si
2992 808 3128 895 forte
3166 825 3369 898 lignum
3404 830 3539 893 illud
3582 851 3693 893 non
3722 838 3796 894 ad

2195 909 2585 1003 proprietatem,
2615 922 2670 966 ut
2710 929 2885 971 verum
2930 914 3130 989 lignum
3175 929 3224 975 et
3267 938 3389 978 vera
3444 940 3605 999 poma
3653 929 3795 1003 ejus.

2196 1000 2287 1055 sed
2332 1001 2403 1057 ad
2430 1002 2659 1073 ﬁguram
2701 1004 2855 1062 velint
2894 1009 3147 1080 accipere,
3200 1011 3424 1070 habeant
3455 1000 3801 1075 ηεινριιάιὶ-

2196 1110 2347 1164 quem
2379 1106 2519 1151 recta
2566 1097 2672 1167 fide
2734 1100 3049 1172 ueritateque
3085 1103 3426 1175 probabilem.
3478 1106 3587 1166 Sed
3628 1126 3797 1181 prae-

2196 1185 2342 1244 fatus
2386 1190 2640 1262 magister
2673 1191 3005 1263 Augustinus
3049 1195 3095 1234 ¹²
3134 1196 3347 1252 videtur
3380 1199 3528 1257 hunc
3570 1217 3799 1260 sensum

2198 1277 2265 1334 de
2323 1277 2591 1349 spirituali
2643 1282 2899 1353 paradiso
2937 1300 3038 1342 nec
3095 1285 3361 1355 refellere,
3404 1305 3504 1347 nec
3548 1291 3796 1363 laudare,

2198 1386 2350 1427 more
2389 1388 2489 1430 suo
2534 1374 2716 1442 solito,
2763 1392 2871 1448 quo
2902 1377 3036 1434 duos
3079 1382 3362 1451 paradisus
3411 1387 3616 1444 astruit
3652 1404 3798 1459 esse,

2196 1481 2366 1522 unum
2394 1467 2610 1536 quidem
2644 1478 2915 1533 terrenum
2958 1472 3295 1548 localemque
3339 1480 3643 1541 secundum
3675 1497 3801 1552 pro.

2196 1558 2484 1629 prietatem
2526 1576 2709 1618 rerum
2750 1564 3108 1631 sensibilium,
3140 1565 3370 1627 alterum
3411 1585 3543 1627 vero
3572 1573 3800 1631 omnino

2199 1649 2561 1721 spiritualem,
2608 1653 2674 1709 ad
2728 1655 2882 1726 cujus
2934 1655 3159 1729 ﬁguram
3213 1670 3465 1717 terrenus
3506 1662 3603 1721 ille
3635 1672 3802 1735 atque

2199 1743 2469 1801 sensibilis
2500 1744 2673 1824 factus
2702 1755 2805 1803 est.
2845 1748 2994 1804 DISC.
3026 1748 3128 1817 Qui
3156 1750 3237 1806 sic
3257 1753 3322 1809 de
3351 1751 3496 1825 ligno
3521 1756 3802 1825 prohibito

505 1849 612 1889 rem
649 1834 723 1889 ad
747 1831 1214 1903 concupiscendum
1258 1848 1398 1898 eam,
1436 1832 1556 1904 jam
1591 1835 1889 1891 moechatus
1918 1844 1993 1890 est
2041 1835 2097 1892 in
2127 1808 2173 1871 Β
2202 1848 2444 1900 sensere,
2483 1849 2589 1891 non
2645 1821 2776 1892 mihi
2832 1836 3085 1895 videntur
3134 1840 3364 1899 veritate
3391 1808 3460 1873 νη
3513 1808 3797 1902 recedere.

504 1928 662 1983 corde
687 1943 807 1982 suo.
838 1924 1197 1985 Materialium
1231 1925 1498 1997 siquidem
1535 1926 1848 1998 superﬁcies
1891 1943 2096 1997 rerum,

503 2020 631 2075 dum
674 2021 748 2076 sit
792 2019 1117 2077 naturaliter
1163 2020 1409 2091 pulchra,
1456 2021 1670 2079 incaute
1715 2031 1770 2081 et
1814 2022 2100 2081 libidinose

505 2112 757 2169 sensibus
794 2127 914 2169 eam
946 2112 1412 2177 considerantium
1438 2113 1632 2169 mortis
1666 2112 1829 2181 infert
1849 2115 2095 2173 occasio-

502 2217 651 2259 nem.
682 2202 960 2263 Visibilem
986 2218 1221 2274 namque
1243 2214 1550 2263 creaturam
1583 2205 1649 2267 ad
1680 2204 1784 2263 hoc
1808 2205 1949 2263 Deus
1975 2220 2101 2263 con-

2202 1924 2329 1981 Veri
2356 1927 2621 1997 siquidem
2657 1928 2832 1986 simile
2863 1939 2964 1997 est,
2996 1931 3259 2003 valdeque
3296 1944 3478 1995 rectae
3502 1938 3801 1994 ratiocina-

2202 2017 2333 2071 tioni
2367 2033 2686 2091 congruum,
2713 2028 2773 2074 ut
2798 2021 3057 2087 arbitror,
3100 2023 3374 2081 hominem
3407 2027 3580 2085 vetito
3613 2027 3798 2085 fructu

2201 2111 2347 2167 vesci
2405 2112 2775 2180 inchoantem,
2843 2116 3155 2193 cognitione
3213 2119 3463 2177 videlicet
3513 2122 3800 2178 sensibilis

2200 2202 2464 2259 materiae
2501 2219 2601 2275 per
2650 2220 2945 2278 corporeos
3002 2223 3193 2273 sensus
3244 2210 3392 2266 abuti
3438 2226 3802 2289 praesumen-

511 2295 666 2360 didit,
692 2304 749 2357 ut
782 2310 881 2366 per
929 2310 1070 2361 eam,
1105 2295 1248 2353 sicut
1291 2310 1388 2368 per
1432 2295 1779 2360 invisibilem,
1841 2295 1959 2356 laus
1985 2296 2102 2367 ejus
2200 2302 2332 2363 tem,
2361 2296 2747 2369 exlignivitae
2777 2298 3083 2366 dulcedine.
3137 2301 3241 2363 hoc
3271 2312 3372 2367 est,
3428 2304 3496 2363 ab
3541 2305 3801 2363 internae

507 2389 897 2456 cumularetur,
929 2399 986 2451 et
1012 2396 1432 2459 cognosceretur
1481 2389 1596 2461 ipse
1641 2389 1662 2421 ³
1707 2406 1815 2446 non
1841 2391 1971 2462 quid
1992 2400 2095 2459 est,

508 2479 603 2535 sed
629 2479 755 2548 quia
782 2487 867 2537 est
891 2495 1029 2541 unus
1069 2480 1091 2512 δ
1126 2481 1292 2543 totius
1332 2489 1618 2551 creaturae
1652 2481 1882 2541 visibilis
1916 2490 1973 2538 et
2010 2484 2097 2539 in-

445 2645 455 2655 .
507 2570 739 2629 visibilis
765 2572 1032 2629 conditor.
1062 2572 1296 2643 Ideoque
1326 2574 1609 2635 interdixit
1654 2573 1797 2635 Deus
1828 2576 2097 2635 humanae

504 2662 768 2731 naturae,
821 2663 1017 2725 visibili
1070 2665 1091 2697 ⁸
1129 2674 1378 2725 creatura
1423 2666 1726 2739 delectari,
1777 2667 2095 2741 priusquam

501 2756 712 2819 veniret
739 2755 806 2815 ad
850 2756 1241 2828 perfectionem
1286 2758 1610 2833 sapientiae,
1654 2760 1710 2821 in
1757 2775 1861 2830 qua
1911 2767 2098 2840 posset

500 2847 753 2907 deiﬁcata
799 2849 867 2907 de
917 2849 1217 2911 rationibus
1262 2864 1446 2906 rerum
1475 2850 1769 2919 visibilium
1815 2866 1938 2909 cum
1984 2851 2096 2907 Deo

504 2942 799 3013 dieputare.
830 2941 941 2998 Nec
971 2941 1057 3003 illa
1086 2941 1300 3014 mulier,
1335 2942 1570 3001 carnalis
1597 2943 1852 2999 videlicet
1876 2958 2091 3016 sensus,

503 3038 572 3093 ad
618 3036 1033 3101 delectationem
1080 3036 1376 3103 materialis
1420 3047 1707 3099 creaturae
1752 3038 2093 3101 extrinsecus

498 3128 876 3191 consideratae
918 3129 1125 3197 valeret
1169 3129 1367 3192 virum,
1398 3128 1642 3185 animum
1671 3128 1793 3184 dico
1833 3128 1876 3199 ‘,
1923 3137 2092 3186 attra-

2200 2388 2693 2460 contemplationis,
2739 2389 2790 2447 in
2842 2406 2946 2462 qua
2986 2401 3042 2451 et
3084 2393 3149 2451 ad
3191 2409 3351 2465 quam
3396 2397 3647 2457 conditus
3688 2408 3797 2461 est.

2200 2478 2412 2534 deliciis
2431 2478 2738 2548 justissima
2765 2484 3063 2543 conditoris
3080 2484 3286 2555 judicio
3305 2488 3589 2561 expulsum
3620 2489 3800 2551 fuisse

2199 2571 2521 2627 existimari.
2553 2571 2689 2628 Nam
2742 2574 2788 2630 si
2845 2575 3155 2639 rationabili
3203 2578 3545 2661 naturalique
3597 2581 3800 2639 ordine

2199 2662 2593 2736 ingrederetur,
2644 2665 2695 2721 id
2732 2676 2840 2734 est,
2892 2668 2937 2727 si
2986 2684 3183 2729 causae
3221 2670 3266 2703 “
3310 2673 3551 2737 omnium
3604 2689 3800 2733 rerum

2198 2758 2440 2817 theoriae
2473 2759 2708 2829 primum
2754 2762 2995 2833 quidem,
3036 2764 3230 2823 deinde
3264 2767 3555 2834 rationum,
3596 2784 3807 2825 secun-

2198 2848 2323 2905 dum
2348 2863 2483 2925 quas
2507 2858 2561 2906 et
2601 2849 2655 2906 in
2700 2852 2895 2921 quibus
2940 2855 3121 2911 omnia
3169 2854 3310 2921 facta
3355 2867 3501 2927 sunt,
3548 2859 3803 2935 perfecta

2199 2939 2501 3001 intentione
2549 2940 2862 3001 frueretur:
2896 2960 3071 3016 neque
3120 2946 3443 3023 intelligibili
3494 2963 3618 3005 esca
3654 2950 3804 3023 ligni

2195 3034 2357 3099 vitae,
2390 3035 2606 3092 interno
2625 3036 2670 3069 ¹⁸
2686 3036 2936 3099 videlicet
2963 3038 3176 3101 divinae
3204 3042 3803 3112 sapientiaecontnitu.

2199 3127 2590 3195 recluderetur,
2641 3144 2818 3202 neque
2860 3131 2929 3188 ab
2967 3132 3013 3164 “
3043 3147 3137 3193 esu
3182 3133 3357 3191 illiciti
3393 3138 3563 3209 pomi,
3600 3138 3806 3207 cogni-

504 3221 657 3288 here,
693 3220 741 3280 si
784 3221 933 3293 prius
960 3220 1237 3289 Creatoris
1264 3220 1649 3292 cognitionem,
1680 3235 1841 3299 quam
1883 3228 2093 3287 creatu-
2119 3198 2165 3265 C
2198 3220 2343 3278 tione
2371 3220 2579 3281 scilicet
2611 3198 2842 3279 visibilis
2872 3225 3155 3295 materiae,
3199 3198 3440 3297 congruo
3469 3198 3803 3301 maturo‘qbe

500 3327 615 3380 rae,
648 3313 808 3377 vellet
849 3313 1067 3371 habere.
1113 3312 1258 3381 Ordo
1305 3313 1489 3389 itaque
1531 3312 1746 3383 divinae
1790 3312 1925 3384 legis
1950 3321 2087 3387 erat,

500 3404 737 3476 primum
767 3403 1081 3473 Creatorem
1122 3416 1446 3477 cognoscere
1492 3401 1718 3477 ejusque
1762 3401 2087 3465 ineffabilem

501 3496 980 3568 pulchritudinem,
1019 3495 1214 3559 deinde
1238 3503 1546 3561 creaturam
1591 3495 1895 3555 rationabili
1924 3511 2089 3553 sensu

498 3590 701 3651 mentis
731 3590 950 3647 nutibus
974 3590 1383 3664 obtemperante
1414 3590 1778 3659 considerare,
1813 3598 2089 3664 totamque

500 3683 671 3755 ipsius
698 3681 1175 3754 pulchritudinem,
1209 3682 1324 3741 sive
1370 3682 1600 3741 interius
1653 3684 1707 3738 in
1760 3682 2086 3755 rationibus,

498 3778 616 3837 sive
635 3777 876 3837 exterius
912 3777 964 3839 in
992 3775 1180 3835 formis
1206 3776 1571 3845 sensibilibns,
1593 3776 1661 3835 ad
1688 3775 1898 3833 laudem
1924 3775 2089 3832 Crea-

503 3870 639 3929 toris
696 3866 923 3935 referre.
973 3866 1128 3929 Hunc
1183 3876 1364 3937 autem
1403 3867 1617 3929 divinae
1663 3867 1797 3941 legis
1839 3867 2086 3933 ordinem

498 3964 663 4023 homo
695 3963 1056 4036 superbiendo
1095 3978 1379 4036 spernens,
1414 3961 1689 4025 Creatoris
1723 3962 1805 4019 sui
1844 3977 2084 4021 amorem

477 4062 558 4121 ,et
585 4054 950 4126 cognitionem
988 4053 1286 4123 materialis
1332 4062 1617 4117 creaturae
1667 4053 1921 4110 exteriori
1961 4052 2083 4124 pul-

500 4145 790 4205 chritudini
818 4147 1143 4218 postposuit,
1169 4162 1234 4215 ac
1278 4162 1377 4221 per
1402 4147 1507 4207 hoc
1546 4145 1843 4221 periculum
1869 4144 2086 4209 divinae

502 4224 889 4309 indignationis
933 4237 1182 4304 incurrit,
1209 4244 1547 4315 mortemque
1571 4236 1591 4267 ⁷
1616 4234 1859 4307 corporis
1885 4244 1940 4290 et
1969 4234 2086 4292 ani-

499 4344 623 4386 mae
678 4330 953 4401 totiusque
1008 4337 1235 4386 naturae
1297 4329 1656 4401 perditionem
1704 4327 1913 4401 incidit,
1956 4329 2084 4404 quia

2198 3322 2437 3386 tempore
2462 3313 2733 3387 perfectae
2771 3329 2902 3375 suae
2956 3316 3275 3388 sapientiae,
3340 3334 3447 3399 qua
3504 3320 3674 3379 Deum
3737 3330 3802 3379 et

2192 3415 2592 3479 consequenter
2632 3417 2939 3465 creaturam
2983 3408 3187 3483 absque
3211 3410 3323 3471 ullo
3344 3428 3530 3470 errore
3557 3412 3802 3484 ullisqne

2194 3498 2429 3559 carnalis
2465 3500 2942 3572 concupiscentiae
2989 3500 3443 3568 delectationibus
3488 3518 3801 3576 cegnosce-

2192 3601 2295 3659 ret,
2322 3592 2721 3662 prohiberetur.
2766 3591 3105 3669 lmpossibile
3148 3595 3348 3673 quippe
3389 3604 3493 3661 est,
3520 3597 3802 3667 cognitio-

2191 3701 2314 3747 nem
2346 3693 2630 3743 creaturae
2650 3684 2912 3758 impedire
2936 3684 2978 3718 "
3008 3686 3315 3744 rationabili
3334 3686 3568 3754 animae,
3594 3688 3647 3742 in
3678 3706 3799 3759 qua

2191 3776 2429 3851 perfecta
2460 3776 2844 3849 contemplatio
2867 3776 3142 3837 Creatoris
3188 3778 3377 3849 incipit
3422 3778 3619 3835 lucere.
3688 3779 3799 3837 Ubi

2194 3884 2321 3927 vero
2346 3869 2643 3950 speculatio
2689 3877 2918 3931 naturae
2964 3870 3215 3939 conditae
3258 3869 3554 3927 conditoris
3596 3872 3800 3942 segni-

2193 3961 2391 4025 tionem
2421 3959 2718 4030 praecedit,
2766 3959 3022 4031 quoniam
3070 3959 3372 4035 phantasiis
3419 3967 3475 4014 et
3511 3958 3799 4016 illecebris

2186 4068 2374 4134 perum
2401 4051 2737 4115 sensibilium
2760 4066 2950 4113 carere
2974 4068 3080 4111 non
3104 4060 3302 4124 potest,
3331 4066 3600 4122 nunquam
3617 4066 3796 4107 error

2189 4144 2384 4209 deerit,
2435 4143 2542 4200 nisi
2589 4142 2642 4201 in
2693 4143 2801 4213 his,
2844 4144 2936 4215 qui
2988 4142 3157 4203 divini
3204 4142 3341 4197 radii
3374 4140 3665 4215 splendore
3699 4160 3797 4198 su-

2188 4235 2393 4310 perfusi
2423 4245 2668 4317 nrectae
2722 4234 3197 4308 contemplationis
3235 4232 3461 4291 semitas
3505 4243 3788 4302 carpunt,

2187 4330 2396 4405 seipsos
2420 4336 2476 4385 et
2508 4328 2677 4385 Deum
2718 4343 2874 4399 suum
2902 4336 3247 4399 quaerentes,
3275 4326 3328 4385 in
3360 4325 3555 4397 quibus
3599 4325 3793 4395 profe—

496 4420 714 4485 divinae
757 4420 892 4491 legis
927 4418 1283 4491 iustissimam
1327 4418 1852 4495 pulcherrimamqne
1888 4422 2084 4476 seriem
2189 4433 2277 4479 cto
2311 4422 2587 4481 Creatoris
2634 4420 2872 4492 cognitio
2910 4428 3194 4483 creaturae
3228 4417 3597 4491 cognitionem
3623 4432 3793 4489 prae.

497 4509 755 4566 servare‘3
780 4508 1036 4581 neglexit.
1063 4508 1209 4564 Haec
1222 4509 1288 4564 de
1309 4506 1455 4581 ligno
1474 4509 1747 4581 prohibito
1769 4526 1960 4567 sensus
1988 4512 2085 4568 ho-
2116 4579 2156 4587 _
2189 4516 2354 4572 cedit.
2391 4515 2508 4577 Non
2540 4529 2670 4587 ergo
2698 4522 2948 4571 creatura
2985 4513 3126 4568 mala
3166 4521 3269 4585 est,
3321 4525 3497 4582 neque
3538 4508 3659 4581 eius
3690 4527 3790 4567 co-

498 4601 827 4658 norabllium
860 4579 1083 4659 divinae
1122 4579 1437 4673 Scripturae
1477 4579 1847 4674 expositorum
1876 4606 2085 4679 perspi-
2114 4579 2166 4643 θ
2188 4609 2358 4685 gnitio
2395 4609 2472 4676 ¹⁸,
2497 4608 2590 4665 sed
2605 4579 2908 4680 perversos
2937 4579 3275 4663 rationabilis
3318 4579 3534 4665 animae
3573 4579 3786 4671 motus,

498 4697 702 4757 cientes
730 4697 983 4755 diximus.
1012 4695 1168 4755 Hunc
1205 4695 1369 4755 etiam
1399 4712 1617 4755 sensum
1661 4708 1882 4756 sanctus
1922 4700 2085 4758 Pater
2189 4720 2295 4777 quo
2341 4703 2639 4767 conditoris
2695 4701 3122 4774 speculationem
3172 4701 3393 4769 deserit,
3442 4708 3496 4755 et
3543 4699 3788 4772 seipsam

496 4788 831 4857 Augustinus
876 4790 931 4855 in
976 4789 1261 4851 undecimo
1300 4789 1554 4849 Exerueri
1600 4791 1684 4847 sui
1735 4791 2081 4849 introduxit:
2186 4782 2474 4856 libidinoso
2503 4796 2796 4868 illicitoque
2843 4794 3085 4868 appetitu
3115 4793 3169 4851 in
3225 4807 3465 4849 amorem
3504 4792 3788 4849 sensibilis

505 4882 624 4939 Non
652 4891 846 4951 autent,
876 4882 1100 4955 inquit”,
1124 4883 1329 4955 ignoro,
1361 4882 1671 4954 quibusdam
1693 4885 1861 4940 visum
1880 4903 1990 4942 esse
2014 4886 2080 4956 ιθ,
2186 4891 2450 4951 materiae
2503 4888 2797 4957 mortiferis
2828 4888 2869 4921 "
2909 4887 3184 4960 gressibus
3229 4885 3418 4954 flectit,
3477 4887 3642 4952 unde,
3678 4887 3786 4945 nisi

495 4975 825 5045 festinatione
851 4976 1190 5048 praevertisse
1214 4974 1333 5030 illos
1357 4976 1590 5031 homines
1615 4980 1898 5049 appetitum
1920 4980 2083 5039 scien-
2184 4985 2334 5054 prius
2359 4982 2540 5041 divina
2574 4980 2746 5053 gratia
2776 4980 3025 5047 liberata,
3055 4979 3231 5043 redire
3272 4994 3378 5034 non
3418 4980 3641 5051 poterit.
3674 4978 3787 5032 llu-

496 5070 600 5133 tiae
629 5070 750 5136 boni
796 5079 847 5125 et
895 5070 1043 5136 ntali,
1102 5080 1150 5131 et
1190 5071 1473 5129 immaturo
1530 5084 1760 5147 tempore
1815 5075 2077 5146 percipere
2184 5058 2344 5131 mana
2388 5074 2654 5145 siquidem
2695 5081 2909 5143 natura,
2943 5081 3002 5137 ut
3040 5073 3115 5135 ait
3155 5079 3376 5141 sanctus
3418 5070 3779 5143 Augustinus,

496 5153 742 5231 uoluisse,
794 5163 933 5234 quod
955 5163 1029 5219 eis
1075 5161 1299 5218 dilatum
1351 5166 1695 5236 opportunius
1730 5168 2075 5233 seruabatur;
2185 5166 2375 5220 idonea
2404 5162 2505 5220 fuit
2533 5178 2630 5236 per
2651 5162 2881 5219 liberum
2911 5162 3196 5218 arbitrium
3230 5160 3511 5217 vulnerare
3542 5178 3601 5217 se
3624 5179 3641 5227 ;
3662 5162 3780 5231 jam

490 5252 649 5326 idque
686 5255 851 5327 egisse
886 5262 1217 5321 tentatorem,
1266 5263 1322 5311 ut
1344 5257 1743 5330 praecerpendo,
1774 5258 1915 5333 quod
1945 5276 2076 5315 non-
2184 5273 2314 5314 vero
2345 5258 2629 5317 vulnerata
2656 5266 2712 5327 et
2735 5256 2998 5327 sauciata,
3045 5257 3238 5319 idonea
3264 5272 3371 5321 non
3398 5265 3484 5320 est
3511 5273 3612 5333 per
3642 5256 3778 5312 libe~

1764 5394 2023 5452 VARIAE
2059 5393 2464 5453 LECTIONES.

562 5542 583 5615 ξ
609 5542 704 5615 Sic
729 5540 816 5615 CF
838 5558 854 5609 ;
882 5540 929 5597 Α
955 5558 1073 5597 cum
1098 5540 1240 5615 Deo._
1305 5540 1329 5572 ’
1352 5538 1445 5595 Sic
1583 5539 1670 5615 ;_A
1691 5549 1763 5595 et.
1840 5538 1862 5572 ⁸
1884 5539 1996 5609 ipse
2020 5538 2229 5615 om._A.
2306 5538 2329 5579 ’⁸
2357 5537 2450 5596 Sic
2472 5537 2594 5615 CF;
2692 5537 2867 5615 unius.
2945 5535 2967 5569 ⁵
2989 5533 3181 5615 ’ξίρ-ᾼς
3204 5531 3289 5589 (1F
3313 5531 3552 5615 visibilis.
3580 5534 3777 5615 __'_Sic

485 5613 605 5683 CF;
635 5613 682 5669 Α
714 5605 919 5669 valeret
939 5629 1056 5668 eum
1081 5610 1400 5668 attraheret.
1475 5612 1496 5645 '
1523 5610 1751 5683 Ainque
1767 5605 2005 5673 mortem.
2081 5613 2104 5645 ³
2132 5609 2173 5665 Α
2198 5627 2450 5683 seruasse.
2521 5610 2895 5683 A'_Ainqttj_ens,
2918 5678 2931 5683 Α
2989 5606 3034 5639 ³⁸
3059 5605 3145 5677 CF
3175 5622 3289 5683 esse
3314 5605 3515 5683 uisum.-
3579 5606 3619 5638 "
3654 5605 3777 5665 Hoc

487 5670 983 5759 discimusuproygter
1036 5683 1240 5754 aliquos
1289 5692 1370 5759 τις⁸
1395 5698 1508 5759 om.
1554 5670 1702 5759 CF_.'_
1738 5670 2144 5759 “'_.:4u_gustin‘rts
2174 5697 2299 5759 ‘om.
2351 5680 2426 5759 A_._
2464 5753 2477 5759 _
2514 5670 2859 5759 “Sic
2882 5670 2959 5759 Α,
2999 5693 3031 5739 a
3081 5670 3342 5759 ueritate...
3391 5670 3437 5708 "‘
3558 5693 3771 5759 Δειηιειπ.

490 5701 722 5741 amatus
813 5701 983 5755 ropter
1036 5701 1240 5754 aliquos
1289 5701 1348 5737 ιιι
1395 5701 1508 5740 om.
1554 5701 1659 5741 ω’.
1740 5701 1783 5719 ⁵⁸⁵
1827 5701 1905 5738 Αιι
1944 5701 2144 5741 usmtus
2189 5701 2299 5739 om.
2351 5701 2416 5737 ﬂ.
2515 5701 2558 5717 ⁶’
2596 5701 2686 5741 DIC
2734 5701 2853 5746 ω’;
2903 5701 2945 5737 ll
2999 5701 3031 5739 α
3081 5701 3342 5759 ιιεηιιιιεορ
3392 5701 3434 5708 ““
3490 5701 3533 5739 ιι
3581 5701 3771 5731 Νηίδα·

490 5756 659 5903 “fSic
704 5701 830 5821 (πέλ
870 5755 989 5810 Ain
1017 5764 1247 5810 aeterno.
1328 5752 1371 5787 “
1411 5753 1477 5817 ab
1499 5769 1589 5815 om
1617 5752 1722 5815 CF.
1812 5755 1854 5789 "
1886 5701 1976 5810 Sqic
2013 5751 2132 5827 CF;
2159 5752 2203 5811 Α
2234 5753 2496 5829 impediri.
2574 5753 2619 5787 ¹⁸
2659 5752 2750 5813 Sic
2773 5749 2888 5831 CF;
2932 5750 2972 5808 Α
3001 5748 3226 5825 segnitie
3245 5764 3385 5821 ejus.
3462 5742 3507 5781 ¹⁶
3545 5748 3587 5805 Δ
3628 5762 3774 5813 moro

492 5829 531 5891 tt'
560 5827 779 5903 erisque.
2524 5840 2533 5851 .

492 5839 779 5903 memque.
2524 5840 2533 5851 '
