  <div class='ocr_page' id='page_1' title='image "/cluster/home/n/w/nwhite01/storage/ocr_20150623/122/hvd.32044015471659/460.png"; bbox 0 0 4028 6282; ppageno 0'>
   <div class='ocr_carea' id='block_1_1' title="bbox 246 386 352 446">
    <p class='ocr_par' dir='ltr' id='par_1_1' title="bbox 246 386 352 446">
     <span class='ocr_line' id='line_1_1' title="bbox 246 386 352 446; baseline 0.038 -4"><span class='ocrx_word' id='word_1_1' title='bbox 246 386 352 446; x_wconf 68' lang='lat'><strong>845</strong></span> 
     </span>
    </p>
   </div>
   <div class='ocr_carea' id='block_1_2' title="bbox 1114 373 2711 444">
    <p class='ocr_par' dir='ltr' id='par_1_2' title="bbox 1114 373 2711 444">
     <span class='ocr_line' id='line_1_2' title="bbox 1114 373 2711 444; baseline -0.006 -3"><span class='ocrx_word' id='word_1_2' title='bbox 1114 382 1199 441; x_wconf 87' lang='lat' dir='ltr'><strong>DE</strong></span> <span class='ocrx_word' id='word_1_3' title='bbox 1238 379 1577 440; x_wconf 78' lang='lat' dir='ltr'><strong>DIVISIONE</strong></span> <span class='ocrx_word' id='word_1_4' title='bbox 1616 377 1971 441; x_wconf 73' lang='lat' dir='ltr'><strong>NATURAE.</strong></span> <span class='ocrx_word' id='word_1_5' title='bbox 2010 407 2080 419; x_wconf 91' lang='grc'><strong><em>-</em></strong></span> <span class='ocrx_word' id='word_1_6' title='bbox 2119 374 2319 432; x_wconf 80' lang='lat' dir='ltr'><strong>LIBER</strong></span> <span class='ocrx_word' id='word_1_7' title='bbox 2358 373 2711 444; x_wconf 75' lang='lat' dir='ltr'><strong>QUARTUS.</strong></span> 
     </span>
    </p>
   </div>
   <div class='ocr_carea' id='block_1_3' title="bbox 3443 364 3548 425">
    <p class='ocr_par' dir='ltr' id='par_1_3' title="bbox 3443 364 3548 425">
     <span class='ocr_line' id='line_1_3' title="bbox 3443 364 3548 425; baseline -0.01 0"><span class='ocrx_word' id='word_1_8' title='bbox 3443 364 3548 425; x_wconf 69' lang='grc'><strong>846</strong></span> 
     </span>
    </p>
   </div>
   <div class='ocr_carea' id='block_1_4' title="bbox 248 488 3554 572">
    <p class='ocr_par' dir='ltr' id='par_1_4' title="bbox 248 488 3554 572">
     <span class='ocr_line' id='line_1_4' title="bbox 248 488 3554 572; baseline -0.004 -14"><span class='ocrx_word' id='word_1_9' title='bbox 248 518 371 558; x_wconf 86' lang='lat' dir='ltr'><strong>rum</strong></span> <span class='ocrx_word' id='word_1_10' title='bbox 399 498 685 557; x_wconf 76' lang='lat' dir='ltr'><strong>arbitrium</strong></span> <span class='ocrx_word' id='word_1_11' title='bbox 713 512 910 555; x_wconf 88' lang='lat' dir='ltr'><strong>sanare</strong></span> <span class='ocrx_word' id='word_1_12' title='bbox 951 513 1031 554; x_wconf 90' lang='lat' dir='ltr'><strong>se.</strong></span> <span class='ocrx_word' id='word_1_13' title='bbox 1066 498 1172 555; x_wconf 87' lang='lat' dir='ltr'><strong>Sed</strong></span> <span class='ocrx_word' id='word_1_14' title='bbox 1205 499 1273 554; x_wconf 90' lang='lat' dir='ltr'><strong>ad</strong></span> <span class='ocrx_word' id='word_1_15' title='bbox 1314 498 1569 572; x_wconf 66' lang='lat' dir='ltr'><strong>ea,‘quae</strong></span> <span class='ocrx_word' id='word_1_16' title='bbox 1608 504 1840 564; x_wconf 87' lang='lat' dir='ltr'><strong>restant,</strong></span> <span class='ocrx_word' id='word_1_17' title='bbox 1872 502 1919 564; x_wconf 76' lang='grc' dir='ltr'><strong>Α</strong></span> <span class='ocrx_word' id='word_1_18' title='bbox 1945 494 2129 566; x_wconf 85' lang='lat' dir='ltr'><strong>Imago</strong></span> <span class='ocrx_word' id='word_1_19' title='bbox 2166 491 2313 548; x_wconf 90' lang='lat' dir='ltr'><strong>enim</strong></span> <span class='ocrx_word' id='word_1_20' title='bbox 2358 491 2477 557; x_wconf 50' lang='lat' dir='ltr'><strong>De:</strong></span> <span class='ocrx_word' id='word_1_21' title='bbox 2523 491 2589 546; x_wconf 91' lang='lat' dir='ltr'><strong>ad</strong></span> <span class='ocrx_word' id='word_1_22' title='bbox 2626 506 2788 561; x_wconf 88' lang='lat' dir='ltr'><strong>qttam</strong></span> <span class='ocrx_word' id='word_1_23' title='bbox 2825 490 2988 547; x_wconf 89' lang='lat' dir='ltr'><strong>homo</strong></span> <span class='ocrx_word' id='word_1_24' title='bbox 3026 488 3205 547; x_wconf 89' lang='lat' dir='ltr'><strong>factus</strong></span> <span class='ocrx_word' id='word_1_25' title='bbox 3246 494 3351 555; x_wconf 85' lang='lat' dir='ltr'><strong>est,</strong></span> <span class='ocrx_word' id='word_1_26' title='bbox 3400 488 3554 545; x_wconf 79' lang='lat' dir='ltr'><strong>omni</strong></span> 
     </span>
    </p>
   </div>
   <div class='ocr_carea' id='block_1_5' title="bbox 246 590 1343 662">
    <p class='ocr_par' dir='ltr' id='par_1_5' title="bbox 246 590 1343 662">
     <span class='ocr_line' id='line_1_5' title="bbox 246 590 1343 662; baseline -0.002 -13"><span class='ocrx_word' id='word_1_27' title='bbox 246 590 684 649; x_wconf 73' lang='lat' dir='ltr'><strong>ratiocinationis</strong></span> <span class='ocrx_word' id='word_1_28' title='bbox 720 590 826 648; x_wconf 92' lang='lat' dir='ltr'><strong>iter</strong></span> <span class='ocrx_word' id='word_1_29' title='bbox 864 598 949 648; x_wconf 93' lang='lat' dir='ltr'><strong>est</strong></span> <span class='ocrx_word' id='word_1_30' title='bbox 991 590 1343 662; x_wconf 89' lang='lat' dir='ltr'><strong>carpendum.</strong></span> 
     </span>
    </p>
   </div>
   <div class='ocr_carea' id='block_1_6' title="bbox 1943 582 3554 656">
    <p class='ocr_par' dir='ltr' id='par_1_6' title="bbox 1943 582 3554 656">
     <span class='ocr_line' id='line_1_6' title="bbox 1943 582 3554 656; baseline -0.002 -14"><span class='ocrx_word' id='word_1_31' title='bbox 1943 592 2072 642; x_wconf 79' lang='lat' dir='ltr'><strong>sexu‘</strong></span> <span class='ocrx_word' id='word_1_32' title='bbox 2116 583 2284 640; x_wconf 90' lang='lat' dir='ltr'><strong>libera</strong></span> <span class='ocrx_word' id='word_1_33' title='bbox 2334 591 2419 639; x_wconf 90' lang='lat' dir='ltr'><strong>est</strong></span> <span class='ocrx_word' id='word_1_34' title='bbox 2468 591 2524 639; x_wconf 91' lang='lat' dir='ltr'><strong>et</strong></span> <span class='ocrx_word' id='word_1_35' title='bbox 2571 583 2837 639; x_wconf 87' lang='lat' dir='ltr'><strong>absoluta.</strong></span> <span class='ocrx_word' id='word_1_36' title='bbox 2893 583 3090 652; x_wconf 84' lang='lat' dir='ltr'><strong>Aliam,</strong></span> <span class='ocrx_word' id='word_1_37' title='bbox 3147 582 3305 651; x_wconf 90' lang='lat' dir='ltr'><strong>dicis,</strong></span> <span class='ocrx_word' id='word_1_38' title='bbox 3362 582 3554 656; x_wconf 89' lang='lat' dir='ltr'><strong>ignoro</strong></span> 
     </span>
    </p>
   </div>
   <div class='ocr_carea' id='block_1_7' title="bbox 314 676 3553 757">
    <p class='ocr_par' dir='ltr' id='par_1_7' title="bbox 314 676 3553 757">
     <span class='ocr_line' id='line_1_7' title="bbox 314 676 3553 757; baseline -0.003 -15"><span class='ocrx_word' id='word_1_39' title='bbox 314 685 409 742; x_wconf 78' lang='lat'><strong>23.</strong></span> <span class='ocrx_word' id='word_1_40' title='bbox 450 684 592 743; x_wconf 70' lang='lat' dir='ltr'><strong>Msa.</strong></span> <span class='ocrx_word' id='word_1_41' title='bbox 630 683 769 754; x_wconf 85' lang='lat' dir='ltr'><strong>Quid</strong></span> <span class='ocrx_word' id='word_1_42' title='bbox 798 686 1002 741; x_wconf 81' lang='lat' dir='ltr'><strong>restat?</strong></span> <span class='ocrx_word' id='word_1_43' title='bbox 1041 684 1158 741; x_wconf 82' lang='lat' dir='ltr'><strong>Non</strong></span> <span class='ocrx_word' id='word_1_44' title='bbox 1184 686 1249 741; x_wconf 90' lang='lat' dir='ltr'><strong>de</strong></span> <span class='ocrx_word' id='word_1_45' title='bbox 1280 684 1530 757; x_wconf 81' lang='lat' dir='ltr'><strong>paradiso</strong></span> <span class='ocrx_word' id='word_1_46' title='bbox 1578 684 1710 740; x_wconf 88' lang='lat' dir='ltr'><strong>satis</strong></span> <span class='ocrx_word' id='word_1_47' title='bbox 1756 691 1841 739; x_wconf 91' lang='lat' dir='ltr'><strong>est</strong></span> <span class='ocrx_word' id='word_1_48' title='bbox 1941 691 2159 751; x_wconf 87' lang='lat' dir='ltr'><strong>praeter</strong></span> <span class='ocrx_word' id='word_1_49' title='bbox 2185 692 2327 747; x_wconf 89' lang='lat' dir='ltr'><strong>eam,</strong></span> <span class='ocrx_word' id='word_1_50' title='bbox 2367 693 2528 755; x_wconf 90' lang='lat' dir='ltr'><strong>quam</strong></span> <span class='ocrx_word' id='word_1_51' title='bbox 2578 676 2881 746; x_wconf 78' lang='lat' dir='ltr'><strong>introduxi,</strong></span> <span class='ocrx_word' id='word_1_52' title='bbox 2935 687 2989 735; x_wconf 90' lang='lat' dir='ltr'><strong>et</strong></span> <span class='ocrx_word' id='word_1_53' title='bbox 3038 693 3070 734; x_wconf 88' lang='lat' dir='ltr'><strong>a</strong></span> <span class='ocrx_word' id='word_1_54' title='bbox 3122 688 3177 736; x_wconf 92' lang='lat' dir='ltr'><strong>te</strong></span> <span class='ocrx_word' id='word_1_55' title='bbox 3218 677 3553 737; x_wconf 74' lang='lat' dir='ltr'><strong>infirmatam</strong></span> 
     </span>
    </p>
   </div>
   <div class='ocr_carea' id='block_1_8' title="bbox 244 772 1841 844">
    <p class='ocr_par' dir='ltr' id='par_1_8' title="bbox 244 772 1841 844">
     <span class='ocr_line' id='line_1_8' title="bbox 244 772 1841 844; baseline -0.003 -10"><span class='ocrx_word' id='word_1_56' title='bbox 244 777 501 834; x_wconf 89' lang='lat' dir='ltr'><strong>dictum?</strong></span> <span class='ocrx_word' id='word_1_57' title='bbox 552 772 688 835; x_wconf 84' lang='lat' dir='ltr'><strong>Nam</strong></span> <span class='ocrx_word' id='word_1_58' title='bbox 734 778 863 833; x_wconf 89' lang='lat' dir='ltr'><strong>dum</strong></span> <span class='ocrx_word' id='word_1_59' title='bbox 902 776 1109 833; x_wconf 82' lang='lat' dir='ltr'><strong>crimen</strong></span> <span class='ocrx_word' id='word_1_60' title='bbox 1148 777 1200 831; x_wconf 92' lang='lat' dir='ltr'><strong>in</strong></span> <span class='ocrx_word' id='word_1_61' title='bbox 1240 776 1521 833; x_wconf 86' lang='lat' dir='ltr'><strong>mulierem</strong></span> <span class='ocrx_word' id='word_1_62' title='bbox 1550 817 1565 844; x_wconf 92' lang='lat'><strong>,</strong></span> <span class='ocrx_word' id='word_1_63' title='bbox 1606 784 1667 830; x_wconf 89' lang='lat' dir='ltr'><strong>ut</strong></span> <span class='ocrx_word' id='word_1_64' title='bbox 1701 782 1841 830; x_wconf 87' lang='lat' dir='ltr'><strong>atte-</strong></span> 
     </span>
    </p>
   </div>
   <div class='ocr_carea' id='block_1_9' title="bbox 243 862 1845 935">
    <p class='ocr_par' dir='ltr' id='par_1_9' title="bbox 243 862 1845 935">
     <span class='ocr_line' id='line_1_9' title="bbox 243 862 1845 935; baseline -0.004 -10"><span class='ocrx_word' id='word_1_65' title='bbox 243 875 441 925; x_wconf 91' lang='lat' dir='ltr'><strong>nuaret</strong></span> <span class='ocrx_word' id='word_1_66' title='bbox 466 866 709 924; x_wconf 86' lang='lat' dir='ltr'><strong>mulieris</strong></span> <span class='ocrx_word' id='word_1_67' title='bbox 730 883 950 924; x_wconf 89' lang='lat' dir='ltr'><strong>causam</strong></span> <span class='ocrx_word' id='word_1_68' title='bbox 985 879 1040 923; x_wconf 91' lang='lat' dir='ltr'><strong>et</strong></span> <span class='ocrx_word' id='word_1_69' title='bbox 1064 883 1240 935; x_wconf 90' lang='lat' dir='ltr'><strong>suam,</strong></span> <span class='ocrx_word' id='word_1_70' title='bbox 1277 866 1526 932; x_wconf 84' lang='lat' dir='ltr'><strong>removit,</strong></span> <span class='ocrx_word' id='word_1_71' title='bbox 1559 862 1626 920; x_wconf 89' lang='lat' dir='ltr'><strong>de</strong></span> <span class='ocrx_word' id='word_1_72' title='bbox 1668 879 1845 920; x_wconf 84' lang='lat' dir='ltr'><strong>remo-</strong></span> 
     </span>
    </p>
   </div>
   <div class='ocr_carea' id='block_1_10' title="bbox 244 954 1835 1031">
    <p class='ocr_par' dir='ltr' id='par_1_10' title="bbox 244 954 1835 1031">
     <span class='ocr_line' id='line_1_10' title="bbox 244 954 1835 1031; baseline -0.005 -14"><span class='ocrx_word' id='word_1_73' title='bbox 244 960 394 1021; x_wconf 85' lang='lat' dir='ltr'><strong>tione</strong></span> <span class='ocrx_word' id='word_1_74' title='bbox 424 959 687 1026; x_wconf 83' lang='lat' dir='ltr'><strong>criminis,</strong></span> <span class='ocrx_word' id='word_1_75' title='bbox 739 974 847 1031; x_wconf 88' lang='lat' dir='ltr'><strong>qua</strong></span> <span class='ocrx_word' id='word_1_76' title='bbox 892 955 1208 1031; x_wconf 89' lang='lat' dir='ltr'><strong>obiurgatus</strong></span> <span class='ocrx_word' id='word_1_77' title='bbox 1240 956 1420 1013; x_wconf 91' lang='lat' dir='ltr'><strong>divina</strong></span> <span class='ocrx_word' id='word_1_78' title='bbox 1452 969 1582 1011; x_wconf 89' lang='lat' dir='ltr'><strong>voce</strong></span> <span class='ocrx_word' id='word_1_79' title='bbox 1614 954 1785 1011; x_wconf 88' lang='lat' dir='ltr'><strong>Adam</strong></span> <span class='ocrx_word' id='word_1_80' title='bbox 1819 955 1835 985; x_wconf 75' lang='grc' dir='ltr'>ί</span> 
     </span>
    </p>
   </div>
   <div class='ocr_carea' id='block_1_11' title="bbox 245 1045 1846 1123">
    <p class='ocr_par' dir='ltr' id='par_1_11' title="bbox 245 1045 1846 1123">
     <span class='ocr_line' id='line_1_11' title="bbox 245 1045 1846 1123; baseline -0.006 -14"><span class='ocrx_word' id='word_1_81' title='bbox 245 1052 459 1123; x_wconf 87' lang='lat' dir='ltr'><strong>culpam</strong></span> <span class='ocrx_word' id='word_1_82' title='bbox 483 1051 536 1106; x_wconf 90' lang='lat' dir='ltr'><strong>in</strong></span> <span class='ocrx_word' id='word_1_83' title='bbox 561 1066 707 1117; x_wconf 91' lang='lat' dir='ltr'><strong>eum,</strong></span> <span class='ocrx_word' id='word_1_84' title='bbox 738 1053 831 1122; x_wconf 85' lang='lat' dir='ltr'><strong>qui</strong></span> <span class='ocrx_word' id='word_1_85' title='bbox 854 1049 955 1106; x_wconf 86' lang='lat' dir='ltr'><strong>sibi</strong></span> <span class='ocrx_word' id='word_1_86' title='bbox 981 1049 1260 1104; x_wconf 88' lang='lat' dir='ltr'><strong>mulierem</strong></span> <span class='ocrx_word' id='word_1_87' title='bbox 1282 1048 1447 1115; x_wconf 82' lang='lat' dir='ltr'><strong>dedit,</strong></span> <span class='ocrx_word' id='word_1_88' title='bbox 1479 1047 1651 1118; x_wconf 87' lang='lat' dir='ltr'><strong>deque</strong></span> <span class='ocrx_word' id='word_1_89' title='bbox 1678 1045 1846 1116; x_wconf 86' lang='lat' dir='ltr'><strong>ipsius</strong></span> 
     </span>
    </p>
   </div>
   <div class='ocr_carea' id='block_1_12' title="bbox 246 1135 1845 1215">
    <p class='ocr_par' dir='ltr' id='par_1_12' title="bbox 246 1135 1845 1215">
     <span class='ocr_line' id='line_1_12' title="bbox 246 1135 1845 1215; baseline -0.004 -18"><span class='ocrx_word' id='word_1_90' title='bbox 246 1141 490 1198; x_wconf 86' lang='lat' dir='ltr'><strong>mulieris</strong></span> <span class='ocrx_word' id='word_1_91' title='bbox 528 1139 850 1206; x_wconf 84' lang='lat' dir='ltr'><strong>remotione,</strong></span> <span class='ocrx_word' id='word_1_92' title='bbox 883 1156 989 1215; x_wconf 89' lang='lat' dir='ltr'><strong>qua</strong></span> <span class='ocrx_word' id='word_1_93' title='bbox 1021 1154 1237 1197; x_wconf 87' lang='lat' dir='ltr'><strong>causam</strong></span> <span class='ocrx_word' id='word_1_94' title='bbox 1275 1138 1753 1211; x_wconf 84' lang='lat' dir='ltr'><strong>praevaricationis</strong></span> <span class='ocrx_word' id='word_1_95' title='bbox 1792 1135 1845 1191; x_wconf 93' lang='lat' dir='ltr'><strong>in</strong></span> 
     </span>
    </p>
   </div>
   <div class='ocr_carea' id='block_1_13' title="bbox 245 1229 1849 1304">
    <p class='ocr_par' dir='ltr' id='par_1_13' title="bbox 245 1229 1849 1304">
     <span class='ocr_line' id='line_1_13' title="bbox 245 1229 1849 1304; baseline -0.003 -16"><span class='ocrx_word' id='word_1_96' title='bbox 245 1242 554 1303; x_wconf 87' lang='lat' dir='ltr'><strong>serpentem</strong></span> <span class='ocrx_word' id='word_1_97' title='bbox 590 1230 787 1298; x_wconf 91' lang='lat' dir='ltr'><strong>refert,</strong></span> <span class='ocrx_word' id='word_1_98' title='bbox 830 1231 1082 1302; x_wconf 88' lang='lat' dir='ltr'><strong>quoniam</strong></span> <span class='ocrx_word' id='word_1_99' title='bbox 1114 1236 1183 1287; x_wconf 84' lang='lat' dir='ltr'><strong>ab</strong></span> <span class='ocrx_word' id='word_1_100' title='bbox 1215 1229 1614 1304; x_wconf 81' lang='lat' dir='ltr'><strong>expositorihus</strong></span> <span class='ocrx_word' id='word_1_101' title='bbox 1659 1244 1849 1284; x_wconf 88' lang='lat' dir='ltr'><strong>sacrae</strong></span> 
     </span>
    </p>
   </div>
   <div class='ocr_carea' id='block_1_14' title="bbox 247 1319 1848 1396">
    <p class='ocr_par' dir='ltr' id='par_1_14' title="bbox 247 1319 1848 1396">
     <span class='ocr_line' id='line_1_14' title="bbox 247 1319 1848 1396; baseline -0.004 -15"><span class='ocrx_word' id='word_1_102' title='bbox 247 1323 564 1396; x_wconf 89' lang='lat' dir='ltr'><strong>Scripturae</strong></span> <span class='ocrx_word' id='word_1_103' title='bbox 579 1324 712 1380; x_wconf 86' lang='lat' dir='ltr'><strong>satis</strong></span> <span class='ocrx_word' id='word_1_104' title='bbox 725 1332 807 1379; x_wconf 90' lang='lat' dir='ltr'><strong>est</strong></span> <span class='ocrx_word' id='word_1_105' title='bbox 825 1324 1150 1390; x_wconf 90' lang='lat' dir='ltr'><strong>discussum,</strong></span> <span class='ocrx_word' id='word_1_106' title='bbox 1183 1339 1288 1379; x_wconf 91' lang='lat' dir='ltr'><strong>non</strong></span> <span class='ocrx_word' id='word_1_107' title='bbox 1315 1323 1679 1381; x_wconf 88' lang='lat' dir='ltr'><strong>necessarium</strong></span> <span class='ocrx_word' id='word_1_108' title='bbox 1702 1319 1848 1375; x_wconf 87' lang='lat' dir='ltr'><strong>arbi-</strong></span> 
     </span>
    </p>
   </div>
   <div class='ocr_carea' id='block_1_15' title="bbox 198 1413 1849 1490">
    <p class='ocr_par' dir='ltr' id='par_1_15' title="bbox 198 1413 1849 1490">
     <span class='ocr_line' id='line_1_15' title="bbox 198 1413 1849 1490; baseline -0.002 -17"><span class='ocrx_word' id='word_1_109' title='bbox 198 1413 211 1429; x_wconf 84' lang='lat'><strong>&#39;</strong></span> <span class='ocrx_word' id='word_1_110' title='bbox 248 1426 362 1474; x_wconf 89' lang='lat' dir='ltr'><strong>tror</strong></span> <span class='ocrx_word' id='word_1_111' title='bbox 378 1417 578 1474; x_wconf 88' lang='lat' dir='ltr'><strong>dicere.</strong></span> <span class='ocrx_word' id='word_1_112' title='bbox 609 1418 752 1480; x_wconf 77' lang='lat' dir='ltr'><strong>DISG.</strong></span> <span class='ocrx_word' id='word_1_113' title='bbox 770 1415 1141 1474; x_wconf 84' lang='lat' dir='ltr'><strong>Necessarium</strong></span> <span class='ocrx_word' id='word_1_114' title='bbox 1158 1418 1395 1490; x_wconf 85' lang='lat' dir='ltr'><strong>quidem,</strong></span> <span class='ocrx_word' id='word_1_115' title='bbox 1421 1416 1678 1488; x_wconf 84' lang='lat' dir='ltr'><strong>valdeque</strong></span> <span class='ocrx_word' id='word_1_116' title='bbox 1700 1415 1849 1471; x_wconf 90' lang='lat' dir='ltr'><strong>utile.</strong></span> 
     </span>
    </p>
   </div>
   <div class='ocr_carea' id='block_1_16' title="bbox 196 1496 1852 1581">
    <p class='ocr_par' dir='ltr' id='par_1_16' title="bbox 196 1496 1852 1581">
     <span class='ocr_line' id='line_1_16' title="bbox 196 1496 1852 1581; baseline -0.002 -16"><span class='ocrx_word' id='word_1_117' title='bbox 196 1496 213 1513; x_wconf 85' lang='grc'><strong>’</strong></span> <span class='ocrx_word' id='word_1_118' title='bbox 247 1507 439 1565; x_wconf 85' lang='lat' dir='ltr'><strong>Potest</strong></span> <span class='ocrx_word' id='word_1_119' title='bbox 459 1508 604 1564; x_wconf 87' lang='lat' dir='ltr'><strong>enim</strong></span> <span class='ocrx_word' id='word_1_120' title='bbox 621 1508 760 1575; x_wconf 81' lang='lat' dir='ltr'><strong>fieri,</strong></span> <span class='ocrx_word' id='word_1_121' title='bbox 784 1518 845 1564; x_wconf 93' lang='lat' dir='ltr'><strong>ut</strong></span> <span class='ocrx_word' id='word_1_122' title='bbox 868 1508 1114 1564; x_wconf 80' lang='lat' dir='ltr'><strong>fortassis</strong></span> <span class='ocrx_word' id='word_1_123' title='bbox 1140 1510 1261 1581; x_wconf 86' lang='lat' dir='ltr'><strong>quis</strong></span> <span class='ocrx_word' id='word_1_124' title='bbox 1281 1508 1572 1576; x_wconf 85' lang='lat' dir='ltr'><strong>existimet,</strong></span> <span class='ocrx_word' id='word_1_125' title='bbox 1603 1506 1852 1562; x_wconf 88' lang='lat' dir='ltr'><strong>remotio-</strong></span> 
     </span>
    </p>
   </div>
   <div class='ocr_carea' id='block_1_17' title="bbox 248 1598 1851 1673">
    <p class='ocr_par' dir='ltr' id='par_1_17' title="bbox 248 1598 1851 1673">
     <span class='ocr_line' id='line_1_17' title="bbox 248 1598 1851 1673; baseline -0.001 -17"><span class='ocrx_word' id='word_1_126' title='bbox 248 1616 346 1658; x_wconf 89' lang='lat' dir='ltr'><strong>nes</strong></span> <span class='ocrx_word' id='word_1_127' title='bbox 370 1602 532 1673; x_wconf 86' lang='lat' dir='ltr'><strong>ipsas,</strong></span> <span class='ocrx_word' id='word_1_128' title='bbox 558 1600 753 1673; x_wconf 83' lang='lat' dir='ltr'><strong>quibus</strong></span> <span class='ocrx_word' id='word_1_129' title='bbox 773 1609 828 1658; x_wconf 92' lang='lat' dir='ltr'><strong>et</strong></span> <span class='ocrx_word' id='word_1_130' title='bbox 848 1599 932 1655; x_wconf 92' lang='lat' dir='ltr'><strong>vir</strong></span> <span class='ocrx_word' id='word_1_131' title='bbox 952 1598 1005 1655; x_wconf 94' lang='lat' dir='ltr'><strong>in</strong></span> <span class='ocrx_word' id='word_1_132' title='bbox 1033 1600 1313 1656; x_wconf 90' lang='lat' dir='ltr'><strong>mulierem</strong></span> <span class='ocrx_word' id='word_1_133' title='bbox 1338 1600 1440 1657; x_wconf 89' lang='lat' dir='ltr'><strong>sibi</strong></span> <span class='ocrx_word' id='word_1_134' title='bbox 1462 1616 1492 1655; x_wconf 90' lang='lat' dir='ltr'><strong>a</strong></span> <span class='ocrx_word' id='word_1_135' title='bbox 1518 1601 1626 1657; x_wconf 91' lang='lat' dir='ltr'><strong>Deo</strong></span> <span class='ocrx_word' id='word_1_136' title='bbox 1649 1600 1851 1667; x_wconf 89' lang='lat' dir='ltr'><strong>datam,</strong></span> 
     </span>
    </p>
   </div>
   <div class='ocr_carea' id='block_1_18' title="bbox 248 1692 1858 1766">
    <p class='ocr_par' dir='ltr' id='par_1_18' title="bbox 248 1692 1858 1766">
     <span class='ocr_line' id='line_1_18' title="bbox 248 1692 1858 1766; baseline -0.002 -16"><span class='ocrx_word' id='word_1_137' title='bbox 248 1709 314 1750; x_wconf 89' lang='lat' dir='ltr'><strong>ac</strong></span> <span class='ocrx_word' id='word_1_138' title='bbox 330 1710 427 1766; x_wconf 90' lang='lat' dir='ltr'><strong>per</strong></span> <span class='ocrx_word' id='word_1_139' title='bbox 438 1693 542 1749; x_wconf 89' lang='lat' dir='ltr'><strong>hoc</strong></span> <span class='ocrx_word' id='word_1_140' title='bbox 560 1692 613 1748; x_wconf 90' lang='lat' dir='ltr'><strong>in</strong></span> <span class='ocrx_word' id='word_1_141' title='bbox 632 1692 872 1757; x_wconf 85' lang='lat' dir='ltr'><strong>mulieris</strong></span> <span class='ocrx_word' id='word_1_142' title='bbox 885 1694 1144 1759; x_wconf 87' lang='lat' dir='ltr'><strong>datorem,</strong></span> <span class='ocrx_word' id='word_1_143' title='bbox 1167 1693 1359 1748; x_wconf 90' lang='lat' dir='ltr'><strong>mulier</strong></span> <span class='ocrx_word' id='word_1_144' title='bbox 1372 1702 1551 1751; x_wconf 88' lang='lat' dir='ltr'><strong>autem</strong></span> <span class='ocrx_word' id='word_1_145' title='bbox 1568 1693 1621 1747; x_wconf 91' lang='lat' dir='ltr'><strong>in</strong></span> <span class='ocrx_word' id='word_1_146' title='bbox 1638 1707 1858 1763; x_wconf 88' lang='lat' dir='ltr'><strong>serpen-</strong></span> 
     </span>
    </p>
   </div>
   <div class='ocr_carea' id='block_1_19' title="bbox 249 1784 1859 1857">
    <p class='ocr_par' dir='ltr' id='par_1_19' title="bbox 249 1784 1859 1857">
     <span class='ocr_line' id='line_1_19' title="bbox 249 1784 1859 1857; baseline -0.002 -16"><span class='ocrx_word' id='word_1_147' title='bbox 249 1795 360 1842; x_wconf 89' lang='lat' dir='ltr'><strong>tem</strong></span> <span class='ocrx_word' id='word_1_148' title='bbox 373 1784 710 1841; x_wconf 84' lang='lat' dir='ltr'><strong>occasionem</strong></span> <span class='ocrx_word' id='word_1_149' title='bbox 727 1784 934 1856; x_wconf 89' lang='lat' dir='ltr'><strong>peccati</strong></span> <span class='ocrx_word' id='word_1_150' title='bbox 952 1786 1199 1853; x_wconf 73' lang='lat' dir='ltr'><strong>removit,</strong></span> <span class='ocrx_word' id='word_1_151' title='bbox 1224 1795 1366 1841; x_wconf 90' lang='lat' dir='ltr'><strong>ratas</strong></span> <span class='ocrx_word' id='word_1_152' title='bbox 1380 1786 1662 1857; x_wconf 88' lang='lat' dir='ltr'><strong>iustasque</strong></span> <span class='ocrx_word' id='word_1_153' title='bbox 1674 1784 1859 1857; x_wconf 88' lang='lat' dir='ltr'><strong>apolo-</strong></span> 
     </span>
    </p>
   </div>
   <div class='ocr_carea' id='block_1_20' title="bbox 247 1870 1930 1956">
    <p class='ocr_par' dir='ltr' id='par_1_20' title="bbox 247 1870 1930 1956">
     <span class='ocr_line' id='line_1_20' title="bbox 247 1870 1930 1956; baseline -0.004 -18"><span class='ocrx_word' id='word_1_154' title='bbox 247 1885 365 1956; x_wconf 87' lang='lat' dir='ltr'><strong>gias</strong></span> <span class='ocrx_word' id='word_1_155' title='bbox 400 1880 586 1951; x_wconf 90' lang='lat' dir='ltr'><strong>fuisse,</strong></span> <span class='ocrx_word' id='word_1_156' title='bbox 615 1882 1203 1956; x_wconf 87' lang='lat' dir='ltr'><strong>ultionequeiudignas,</strong></span> <span class='ocrx_word' id='word_1_157' title='bbox 1224 1882 1464 1938; x_wconf 90' lang='lat' dir='ltr'><strong>nisivera</strong></span> <span class='ocrx_word' id='word_1_158' title='bbox 1484 1881 1694 1937; x_wconf 87' lang='lat' dir='ltr'><strong>ratione</strong></span> <span class='ocrx_word' id='word_1_159' title='bbox 1720 1896 1849 1936; x_wconf 88' lang='lat' dir='ltr'><strong>con-</strong></span> <span class='ocrx_word' id='word_1_160' title='bbox 1881 1870 1930 1932; x_wconf 84' lang='grc' dir='ltr'><strong>Β</strong></span> 
     </span>
    </p>
   </div>
   <div class='ocr_carea' id='block_1_21' title="bbox 248 1975 1856 2052">
    <p class='ocr_par' dir='ltr' id='par_1_21' title="bbox 248 1975 1856 2052">
     <span class='ocr_line' id='line_1_21' title="bbox 248 1975 1856 2052; baseline -0.002 -17"><span class='ocrx_word' id='word_1_161' title='bbox 248 1983 561 2048; x_wconf 90' lang='lat' dir='ltr'><strong>vincantur,</strong></span> <span class='ocrx_word' id='word_1_162' title='bbox 578 1995 641 2037; x_wconf 92' lang='lat' dir='ltr'><strong>ac</strong></span> <span class='ocrx_word' id='word_1_163' title='bbox 658 1995 783 2035; x_wconf 83' lang='lat' dir='ltr'><strong>mox</strong></span> <span class='ocrx_word' id='word_1_164' title='bbox 804 1980 1037 2052; x_wconf 89' lang='lat' dir='ltr'><strong>iniustae</strong></span> <span class='ocrx_word' id='word_1_165' title='bbox 1058 1989 1113 2034; x_wconf 91' lang='lat' dir='ltr'><strong>et</strong></span> <span class='ocrx_word' id='word_1_166' title='bbox 1138 1977 1585 2050; x_wconf 89' lang='lat' dir='ltr'><strong>reprehensibiles</strong></span> <span class='ocrx_word' id='word_1_167' title='bbox 1610 1975 1856 2039; x_wconf 85' lang='lat' dir='ltr'><strong>refellan-</strong></span> 
     </span>
    </p>
   </div>
   <div class='ocr_carea' id='block_1_22' title="bbox 247 2070 1856 2143">
    <p class='ocr_par' dir='ltr' id='par_1_22' title="bbox 247 2070 1856 2143">
     <span class='ocr_line' id='line_1_22' title="bbox 247 2070 1856 2143; baseline -0.001 -16"><span class='ocrx_word' id='word_1_168' title='bbox 247 2080 361 2140; x_wconf 88' lang='lat' dir='ltr'><strong>tur,</strong></span> <span class='ocrx_word' id='word_1_169' title='bbox 382 2072 682 2143; x_wconf 87' lang='lat' dir='ltr'><strong>meritoque</strong></span> <span class='ocrx_word' id='word_1_170' title='bbox 703 2074 768 2127; x_wconf 90' lang='lat' dir='ltr'><strong>ad</strong></span> <span class='ocrx_word' id='word_1_171' title='bbox 793 2073 1065 2128; x_wconf 85' lang='lat' dir='ltr'><strong>cumulum</strong></span> <span class='ocrx_word' id='word_1_172' title='bbox 1086 2070 1424 2140; x_wconf 88' lang='lat' dir='ltr'><strong>iustissimae</strong></span> <span class='ocrx_word' id='word_1_173' title='bbox 1454 2084 1659 2142; x_wconf 88' lang='lat' dir='ltr'><strong>poenae</strong></span> <span class='ocrx_word' id='word_1_174' title='bbox 1674 2070 1856 2127; x_wconf 85' lang='lat' dir='ltr'><strong>delicti</strong></span> 
     </span>
    </p>
   </div>
   <div class='ocr_carea' id='block_1_23' title="bbox 245 2148 1856 2239">
    <p class='ocr_par' dir='ltr' id='par_1_23' title="bbox 245 2148 1856 2239">
     <span class='ocr_line' id='line_1_23' title="bbox 245 2148 1856 2239; baseline 0.001 -20"><span class='ocrx_word' id='word_1_175' title='bbox 245 2164 517 2239; x_wconf 85' lang='lat' dir='ltr'><strong>pertinere</strong></span> <span class='ocrx_word' id='word_1_176' title='bbox 525 2163 853 2234; x_wconf 90' lang='lat' dir='ltr'><strong>iudicentur.</strong></span> <span class='ocrx_word' id='word_1_177' title='bbox 873 2165 1010 2223; x_wconf 74' lang='lat' dir='ltr'><strong>MAG.</strong></span> <span class='ocrx_word' id='word_1_178' title='bbox 1034 2164 1305 2223; x_wconf 88' lang='lat' dir='ltr'><strong>Ponamus</strong></span> <span class='ocrx_word' id='word_1_179' title='bbox 1330 2148 1509 2234; x_wconf 87' lang='lat' dir='ltr'><strong>itaque</strong></span> <span class='ocrx_word' id='word_1_180' title='bbox 1524 2164 1691 2236; x_wconf 84' lang='lat' dir='ltr'><strong>ipsius</strong></span> <span class='ocrx_word' id='word_1_181' title='bbox 1705 2164 1856 2221; x_wconf 87' lang='lat' dir='ltr'><strong>Scri-</strong></span> 
     </span>
    </p>
   </div>
   <div class='ocr_carea' id='block_1_24' title="bbox 246 2257 1856 2330">
    <p class='ocr_par' dir='ltr' id='par_1_24' title="bbox 246 2257 1856 2330">
     <span class='ocr_line' id='line_1_24' title="bbox 246 2257 1856 2330; baseline 0 -18"><span class='ocrx_word' id='word_1_182' title='bbox 246 2266 438 2329; x_wconf 86' lang='lat' dir='ltr'><strong>pturac</strong></span> <span class='ocrx_word' id='word_1_183' title='bbox 453 2258 633 2312; x_wconf 80' lang='lat' dir='ltr'><strong>verba.</strong></span> <span class='ocrx_word' id='word_1_184' title='bbox 658 2258 826 2321; x_wconf 77' lang='lat' dir='ltr'><strong>Dixit,</strong></span> <span class='ocrx_word' id='word_1_185' title='bbox 844 2259 1039 2330; x_wconf 85' lang='lat' dir='ltr'><strong>inquit,</strong></span> <span class='ocrx_word' id='word_1_186' title='bbox 1057 2258 1246 2322; x_wconf 79' lang='lat' dir='ltr'><strong>Adam,</strong></span> <span class='ocrx_word' id='word_1_187' title='bbox 1266 2257 1476 2326; x_wconf 82' lang='lat' dir='ltr'><strong>mulier,</strong></span> <span class='ocrx_word' id='word_1_188' title='bbox 1490 2274 1648 2330; x_wconf 84' lang='lat' dir='ltr'><strong>quam</strong></span> <span class='ocrx_word' id='word_1_189' title='bbox 1668 2257 1856 2312; x_wconf 78' lang='lat' dir='ltr'><strong>dedisti</strong></span> 
     </span>
    </p>
   </div>
   <div class='ocr_carea' id='block_1_25' title="bbox 243 2347 1853 2425">
    <p class='ocr_par' dir='ltr' id='par_1_25' title="bbox 243 2347 1853 2425">
     <span class='ocr_line' id='line_1_25' title="bbox 243 2347 1853 2425; baseline 0.001 -22"><span class='ocrx_word' id='word_1_190' title='bbox 243 2347 443 2405; x_wconf 66' lang='lat' dir='ltr'><strong>‘ociam</strong></span> <span class='ocrx_word' id='word_1_191' title='bbox 460 2352 607 2418; x_wconf 83' lang='lat' dir='ltr'><strong>mihi,</strong></span> <span class='ocrx_word' id='word_1_192' title='bbox 628 2352 768 2407; x_wconf 86' lang='lat' dir='ltr'><strong>dedit</strong></span> <span class='ocrx_word' id='word_1_193' title='bbox 787 2352 911 2407; x_wconf 85' lang='lat' dir='ltr'><strong>mihi</strong></span> <span class='ocrx_word' id='word_1_194' title='bbox 931 2353 994 2408; x_wconf 88' lang='lat' dir='ltr'><strong>de</strong></span> <span class='ocrx_word' id='word_1_195' title='bbox 1013 2352 1241 2425; x_wconf 45' lang='lat' dir='ltr'><strong>ligno,ﬁet</strong></span> <span class='ocrx_word' id='word_1_196' title='bbox 1260 2352 1479 2408; x_wconf 81' lang='lat' dir='ltr'><strong>comedi.</strong></span> <span class='ocrx_word' id='word_1_197' title='bbox 1498 2350 1618 2417; x_wconf 91' lang='lat' dir='ltr'><strong>Dic,</strong></span> <span class='ocrx_word' id='word_1_198' title='bbox 1631 2365 1853 2421; x_wconf 89' lang='lat' dir='ltr'><strong>quaeso,</strong></span> 
     </span>
    </p>
   </div>
   <div class='ocr_carea' id='block_1_26' title="bbox 249 2438 1855 2512">
    <p class='ocr_par' dir='ltr' id='par_1_26' title="bbox 249 2438 1855 2512">
     <span class='ocr_line' id='line_1_26' title="bbox 249 2438 1855 2512; baseline 0.001 -18"><span class='ocrx_word' id='word_1_199' title='bbox 249 2438 444 2506; x_wconf 75' lang='lat' dir='ltr'><strong>Adam,</strong></span> <span class='ocrx_word' id='word_1_200' title='bbox 464 2442 583 2511; x_wconf 82' lang='lat' dir='ltr'><strong>quis</strong></span> <span class='ocrx_word' id='word_1_201' title='bbox 607 2441 697 2497; x_wconf 87' lang='lat' dir='ltr'><strong>tibi</strong></span> <span class='ocrx_word' id='word_1_202' title='bbox 724 2443 1001 2501; x_wconf 85' lang='lat' dir='ltr'><strong>mulierem</strong></span> <span class='ocrx_word' id='word_1_203' title='bbox 1018 2444 1205 2499; x_wconf 86' lang='lat' dir='ltr'><strong>dedit?</strong></span> <span class='ocrx_word' id='word_1_204' title='bbox 1234 2442 1513 2507; x_wconf 86' lang='lat' dir='ltr'><strong>Dominus,</strong></span> <span class='ocrx_word' id='word_1_205' title='bbox 1540 2443 1738 2512; x_wconf 90' lang='lat' dir='ltr'><strong>inquis,</strong></span> <span class='ocrx_word' id='word_1_206' title='bbox 1762 2440 1855 2512; x_wconf 88' lang='lat' dir='ltr'><strong>qui</strong></span> 
     </span>
    </p>
   </div>
   <div class='ocr_carea' id='block_1_27' title="bbox 252 2533 1854 2607">
    <p class='ocr_par' dir='ltr' id='par_1_27' title="bbox 252 2533 1854 2607">
     <span class='ocr_line' id='line_1_27' title="bbox 252 2533 1854 2607; baseline -0.004 -12"><span class='ocrx_word' id='word_1_207' title='bbox 252 2549 375 2588; x_wconf 77' lang='lat' dir='ltr'><strong>eam</strong></span> <span class='ocrx_word' id='word_1_208' title='bbox 409 2533 682 2601; x_wconf 76' lang='lat' dir='ltr'><strong>formavit.</strong></span> <span class='ocrx_word' id='word_1_209' title='bbox 726 2533 940 2607; x_wconf 82' lang='lat' dir='ltr'><strong>Quaero</strong></span> <span class='ocrx_word' id='word_1_210' title='bbox 970 2551 1000 2590; x_wconf 91' lang='lat' dir='ltr'><strong>a</strong></span> <span class='ocrx_word' id='word_1_211' title='bbox 1032 2544 1103 2602; x_wconf 87' lang='lat' dir='ltr'><strong>te,</strong></span> <span class='ocrx_word' id='word_1_212' title='bbox 1136 2551 1233 2593; x_wconf 89' lang='lat' dir='ltr'><strong>cur</strong></span> <span class='ocrx_word' id='word_1_213' title='bbox 1256 2535 1399 2592; x_wconf 86' lang='lat' dir='ltr'><strong>Deus</strong></span> <span class='ocrx_word' id='word_1_214' title='bbox 1430 2550 1551 2590; x_wconf 89' lang='lat' dir='ltr'><strong>eam</strong></span> <span class='ocrx_word' id='word_1_215' title='bbox 1580 2533 1854 2599; x_wconf 84' lang='lat' dir='ltr'><strong>formavit,</strong></span> 
     </span>
    </p>
   </div>
   <div class='ocr_carea' id='block_1_28' title="bbox 249 2625 1857 2696">
    <p class='ocr_par' dir='ltr' id='par_1_28' title="bbox 249 2625 1857 2696">
     <span class='ocr_line' id='line_1_28' title="bbox 249 2625 1857 2696; baseline 0.003 -18"><span class='ocrx_word' id='word_1_216' title='bbox 249 2625 458 2696; x_wconf 86' lang='lat' dir='ltr'><strong>tibique</strong></span> <span class='ocrx_word' id='word_1_217' title='bbox 470 2626 613 2681; x_wconf 89' lang='lat' dir='ltr'><strong>dedit</strong></span> <span class='ocrx_word' id='word_1_218' title='bbox 630 2625 777 2682; x_wconf 91' lang='lat' dir='ltr'><strong>?Cur</strong></span> <span class='ocrx_word' id='word_1_219' title='bbox 790 2636 844 2684; x_wconf 91' lang='lat' dir='ltr'><strong>te</strong></span> <span class='ocrx_word' id='word_1_220' title='bbox 861 2628 1178 2693; x_wconf 86' lang='lat' dir='ltr'><strong>dormiente,</strong></span> <span class='ocrx_word' id='word_1_221' title='bbox 1196 2628 1300 2684; x_wconf 91' lang='lat' dir='ltr'><strong>hoc</strong></span> <span class='ocrx_word' id='word_1_222' title='bbox 1314 2636 1418 2695; x_wconf 90' lang='lat' dir='ltr'><strong>est,</strong></span> <span class='ocrx_word' id='word_1_223' title='bbox 1434 2627 1627 2683; x_wconf 90' lang='lat' dir='ltr'><strong>mentis</strong></span> <span class='ocrx_word' id='word_1_224' title='bbox 1647 2627 1857 2683; x_wconf 83' lang='lat' dir='ltr'><strong>contui-</strong></span> 
     </span>
    </p>
   </div>
   <div class='ocr_carea' id='block_1_29' title="bbox 250 2720 1850 2791">
    <p class='ocr_par' dir='ltr' id='par_1_29' title="bbox 250 2720 1850 2791">
     <span class='ocr_line' id='line_1_29' title="bbox 250 2720 1850 2791; baseline 0.003 -20"><span class='ocrx_word' id='word_1_225' title='bbox 250 2727 367 2772; x_wconf 90' lang='lat' dir='ltr'><strong>tum</strong></span> <span class='ocrx_word' id='word_1_226' title='bbox 392 2735 420 2772; x_wconf 90' lang='lat' dir='ltr'><strong>a</strong></span> <span class='ocrx_word' id='word_1_227' title='bbox 451 2721 903 2791; x_wconf 90' lang='lat' dir='ltr'><strong>contemplatione</strong></span> <span class='ocrx_word' id='word_1_228' title='bbox 955 2722 1203 2779; x_wconf 83' lang='lat' dir='ltr'><strong>veritatis</strong></span> <span class='ocrx_word' id='word_1_229' title='bbox 1249 2722 1303 2777; x_wconf 90' lang='lat' dir='ltr'><strong>in</strong></span> <span class='ocrx_word' id='word_1_230' title='bbox 1339 2735 1578 2779; x_wconf 87' lang='lat' dir='ltr'><strong>amorem</strong></span> <span class='ocrx_word' id='word_1_231' title='bbox 1616 2720 1850 2777; x_wconf 86' lang='lat' dir='ltr'><strong>carnalis</strong></span> 
     </span>
    </p>
   </div>
   <div class='ocr_carea' id='block_1_30' title="bbox 252 2810 1850 2886">
    <p class='ocr_par' dir='ltr' id='par_1_30' title="bbox 252 2810 1850 2886">
     <span class='ocr_line' id='line_1_30' title="bbox 252 2810 1850 2886; baseline 0.001 -19"><span class='ocrx_word' id='word_1_232' title='bbox 252 2810 484 2886; x_wconf 87' lang='lat' dir='ltr'><strong>coniugii</strong></span> <span class='ocrx_word' id='word_1_233' title='bbox 518 2815 842 2871; x_wconf 85' lang='lat' dir='ltr'><strong>connivente</strong></span> <span class='ocrx_word' id='word_1_234' title='bbox 896 2816 938 2880; x_wconf 85' lang='grc'><strong>².</strong></span> <span class='ocrx_word' id='word_1_235' title='bbox 980 2824 1187 2872; x_wconf 89' lang='lat' dir='ltr'><strong>costam</strong></span> <span class='ocrx_word' id='word_1_236' title='bbox 1231 2815 1297 2871; x_wconf 90' lang='lat' dir='ltr'><strong>de</strong></span> <span class='ocrx_word' id='word_1_237' title='bbox 1331 2814 1499 2870; x_wconf 89' lang='lat' dir='ltr'><strong>latere</strong></span> <span class='ocrx_word' id='word_1_238' title='bbox 1532 2824 1624 2869; x_wconf 92' lang='lat' dir='ltr'><strong>tuo</strong></span> <span class='ocrx_word' id='word_1_239' title='bbox 1665 2812 1850 2881; x_wconf 77' lang='lat' dir='ltr'><strong>traxit,</strong></span> 
     </span>
    </p>
   </div>
   <div class='ocr_carea' id='block_1_31' title="bbox 251 2904 1852 2981">
    <p class='ocr_par' dir='ltr' id='par_1_31' title="bbox 251 2904 1852 2981">
     <span class='ocr_line' id='line_1_31' title="bbox 251 2904 1852 2981; baseline 0.001 -23"><span class='ocrx_word' id='word_1_240' title='bbox 251 2906 320 2959; x_wconf 85' lang='lat' dir='ltr'><strong>de</strong></span> <span class='ocrx_word' id='word_1_241' title='bbox 343 2920 451 2976; x_wconf 86' lang='lat' dir='ltr'><strong>qua</strong></span> <span class='ocrx_word' id='word_1_242' title='bbox 477 2906 756 2965; x_wconf 87' lang='lat' dir='ltr'><strong>mulierem</strong></span> <span class='ocrx_word' id='word_1_243' title='bbox 786 2906 945 2981; x_wconf 83' lang='lat' dir='ltr'><strong>fecit,</strong></span> <span class='ocrx_word' id='word_1_244' title='bbox 975 2923 1135 2979; x_wconf 89' lang='lat' dir='ltr'><strong>quam</strong></span> <span class='ocrx_word' id='word_1_245' title='bbox 1168 2908 1261 2963; x_wconf 91' lang='lat' dir='ltr'><strong>tibi</strong></span> <span class='ocrx_word' id='word_1_246' title='bbox 1288 2907 1533 2977; x_wconf 91' lang='lat' dir='ltr'><strong>peccanti</strong></span> <span class='ocrx_word' id='word_1_247' title='bbox 1565 2920 1730 2976; x_wconf 89' lang='lat' dir='ltr'><strong>seque</strong></span> <span class='ocrx_word' id='word_1_248' title='bbox 1760 2904 1852 2960; x_wconf 91' lang='lat' dir='ltr'><strong>de-</strong></span> 
     </span>
    </p>
   </div>
   <div class='ocr_carea' id='block_1_32' title="bbox 252 2984 1849 3069">
    <p class='ocr_par' dir='ltr' id='par_1_32' title="bbox 252 2984 1849 3069">
     <span class='ocr_line' id='line_1_32' title="bbox 252 2984 1849 3069; baseline -0.001 -17"><span class='ocrx_word' id='word_1_249' title='bbox 252 2998 454 3054; x_wconf 86' lang='lat' dir='ltr'><strong>serenti</strong></span> <span class='ocrx_word' id='word_1_250' title='bbox 492 2999 681 3063; x_wconf 81' lang='lat' dir='ltr'><strong>dedit?</strong></span> <span class='ocrx_word' id='word_1_251' title='bbox 720 2998 830 3054; x_wconf 89' lang='lat' dir='ltr'><strong>Cur</strong></span> <span class='ocrx_word' id='word_1_252' title='bbox 854 3015 962 3055; x_wconf 90' lang='lat' dir='ltr'><strong>non</strong></span> <span class='ocrx_word' id='word_1_253' title='bbox 997 2984 1195 3056; x_wconf 85' lang='lat' dir='ltr'><strong>eodem</strong></span> <span class='ocrx_word' id='word_1_254' title='bbox 1227 2998 1406 3067; x_wconf 85' lang='lat' dir='ltr'><strong>modo,</strong></span> <span class='ocrx_word' id='word_1_255' title='bbox 1451 3012 1559 3069; x_wconf 91' lang='lat' dir='ltr'><strong>quo</strong></span> <span class='ocrx_word' id='word_1_256' title='bbox 1607 3006 1657 3052; x_wconf 90' lang='lat' dir='ltr'><strong>te</strong></span> <span class='ocrx_word' id='word_1_257' title='bbox 1700 2995 1849 3064; x_wconf 89' lang='lat' dir='ltr'><strong>fecit,</strong></span> 
     </span>
    </p>
   </div>
   <div class='ocr_carea' id='block_1_33' title="bbox 253 3088 1853 3165">
    <p class='ocr_par' dir='ltr' id='par_1_33' title="bbox 253 3088 1853 3165">
     <span class='ocr_line' id='line_1_33' title="bbox 253 3088 1853 3165; baseline -0.003 -20"><span class='ocrx_word' id='word_1_258' title='bbox 253 3090 562 3156; x_wconf 83' lang='lat' dir='ltr'><strong>mulierem,</strong></span> <span class='ocrx_word' id='word_1_259' title='bbox 605 3106 769 3165; x_wconf 89' lang='lat' dir='ltr'><strong>quam</strong></span> <span class='ocrx_word' id='word_1_260' title='bbox 809 3092 902 3148; x_wconf 90' lang='lat' dir='ltr'><strong>tibi</strong></span> <span class='ocrx_word' id='word_1_261' title='bbox 933 3092 1104 3158; x_wconf 91' lang='lat' dir='ltr'><strong>daret,</strong></span> <span class='ocrx_word' id='word_1_262' title='bbox 1134 3090 1369 3147; x_wconf 84' lang='lat' dir='ltr'><strong>fecerit?</strong></span> <span class='ocrx_word' id='word_1_263' title='bbox 1408 3089 1489 3153; x_wconf 90' lang='lat' dir='ltr'><strong>Tu</strong></span> <span class='ocrx_word' id='word_1_264' title='bbox 1512 3090 1627 3160; x_wconf 90' lang='lat' dir='ltr'><strong>ipse</strong></span> <span class='ocrx_word' id='word_1_265' title='bbox 1646 3088 1713 3144; x_wconf 91' lang='lat' dir='ltr'><strong>de</strong></span> <span class='ocrx_word' id='word_1_266' title='bbox 1744 3096 1853 3143; x_wconf 88' lang='lat' dir='ltr'><strong>ter-</strong></span> 
     </span>
    </p>
   </div>
   <div class='ocr_carea' id='block_1_34' title="bbox 253 3183 1852 3257">
    <p class='ocr_par' dir='ltr' id='par_1_34' title="bbox 253 3183 1852 3257">
     <span class='ocr_line' id='line_1_34' title="bbox 253 3183 1852 3257; baseline 0 -20"><span class='ocrx_word' id='word_1_267' title='bbox 253 3197 385 3238; x_wconf 89' lang='lat' dir='ltr'><strong>rena</strong></span> <span class='ocrx_word' id='word_1_268' title='bbox 412 3183 576 3245; x_wconf 87' lang='lat' dir='ltr'><strong>bumo</strong></span> <span class='ocrx_word' id='word_1_269' title='bbox 620 3183 642 3225; x_wconf 61' lang='grc' dir='ltr'><strong><em>δ</em></strong></span> <span class='ocrx_word' id='word_1_270' title='bbox 669 3185 882 3251; x_wconf 90' lang='lat' dir='ltr'><strong>merito,</strong></span> <span class='ocrx_word' id='word_1_271' title='bbox 921 3186 1013 3257; x_wconf 90' lang='lat' dir='ltr'><strong>qui</strong></span> <span class='ocrx_word' id='word_1_272' title='bbox 1041 3183 1294 3241; x_wconf 88' lang='lat' dir='ltr'><strong>caelestia</strong></span> <span class='ocrx_word' id='word_1_273' title='bbox 1337 3184 1595 3241; x_wconf 87' lang='lat' dir='ltr'><strong>deserens</strong></span> <span class='ocrx_word' id='word_1_274' title='bbox 1638 3190 1852 3247; x_wconf 80' lang='lat' dir='ltr'><strong>terrena</strong></span> 
     </span>
    </p>
   </div>
   <div class='ocr_carea' id='block_1_35' title="bbox 253 3253 1925 3348">
    <p class='ocr_par' dir='ltr' id='par_1_35' title="bbox 253 3253 1925 3348">
     <span class='ocr_line' id='line_1_35' title="bbox 253 3253 1925 3348; baseline -0.001 -16"><span class='ocrx_word' id='word_1_275' title='bbox 253 3275 488 3348; x_wconf 86' lang='lat' dir='ltr'><strong>elegisti,</strong></span> <span class='ocrx_word' id='word_1_276' title='bbox 518 3275 691 3335; x_wconf 90' lang='lat' dir='ltr'><strong>factus</strong></span> <span class='ocrx_word' id='word_1_277' title='bbox 717 3291 795 3333; x_wconf 90' lang='lat' dir='ltr'><strong>es.</strong></span> <span class='ocrx_word' id='word_1_278' title='bbox 838 3253 1029 3339; x_wconf 77' lang='lat' dir='ltr'><strong>Mulier</strong></span> <span class='ocrx_word' id='word_1_279' title='bbox 1060 3287 1150 3335; x_wconf 88' lang='lat' dir='ltr'><strong>tua</strong></span> <span class='ocrx_word' id='word_1_280' title='bbox 1185 3293 1253 3333; x_wconf 80' lang='lat' dir='ltr'><strong>ex</strong></span> <span class='ocrx_word' id='word_1_281' title='bbox 1285 3276 1454 3339; x_wconf 80' lang='lat' dir='ltr'><strong>latere</strong></span> <span class='ocrx_word' id='word_1_282' title='bbox 1504 3285 1596 3331; x_wconf 91' lang='lat' dir='ltr'><strong>tuo</strong></span> <span class='ocrx_word' id='word_1_283' title='bbox 1636 3284 1848 3347; x_wconf 88' lang='lat' dir='ltr'><strong>sumpta</strong></span> <span class='ocrx_word' id='word_1_284' title='bbox 1876 3253 1925 3320; x_wconf 64' lang='grc' dir='ltr'>α</span> 
     </span>
    </p>
   </div>
   <div class='ocr_carea' id='block_1_36' title="bbox 253 3372 1852 3445">
    <p class='ocr_par' dir='ltr' id='par_1_36' title="bbox 253 3372 1852 3445">
     <span class='ocr_line' id='line_1_36' title="bbox 253 3372 1852 3445; baseline 0.001 -18"><span class='ocrx_word' id='word_1_285' title='bbox 253 3378 339 3427; x_wconf 92' lang='lat' dir='ltr'><strong>est</strong></span> <span class='ocrx_word' id='word_1_286' title='bbox 397 3381 796 3444; x_wconf 75' lang='lat' dir='ltr'><strong>congruenter,</strong></span> <span class='ocrx_word' id='word_1_287' title='bbox 852 3372 1108 3445; x_wconf 89' lang='lat' dir='ltr'><strong>quoniam</strong></span> <span class='ocrx_word' id='word_1_288' title='bbox 1160 3386 1323 3429; x_wconf 90' lang='lat' dir='ltr'><strong>causa</strong></span> <span class='ocrx_word' id='word_1_289' title='bbox 1373 3372 1852 3442; x_wconf 86' lang='lat' dir='ltr'><strong>praevaricationis</strong></span> 
     </span>
    </p>
   </div>
   <div class='ocr_carea' id='block_1_37' title="bbox 255 3464 1854 3545">
    <p class='ocr_par' dir='ltr' id='par_1_37' title="bbox 255 3464 1854 3545">
     <span class='ocr_line' id='line_1_37' title="bbox 255 3464 1854 3545; baseline 0.002 -25"><span class='ocrx_word' id='word_1_290' title='bbox 255 3475 381 3521; x_wconf 91' lang='lat' dir='ltr'><strong>tuae</strong></span> <span class='ocrx_word' id='word_1_291' title='bbox 428 3482 495 3531; x_wconf 72' lang='lat' dir='ltr'><strong>ex</strong></span> <span class='ocrx_word' id='word_1_292' title='bbox 541 3468 709 3545; x_wconf 84' lang='lat' dir='ltr'><strong>teipse</strong></span> <span class='ocrx_word' id='word_1_293' title='bbox 750 3474 868 3525; x_wconf 88' lang='lat' dir='ltr'><strong>orta</strong></span> <span class='ocrx_word' id='word_1_294' title='bbox 906 3475 1008 3535; x_wconf 80' lang='lat' dir='ltr'><strong>est.</strong></span> <span class='ocrx_word' id='word_1_295' title='bbox 1068 3464 1460 3538; x_wconf 75' lang='lat' dir='ltr'><strong>Respondebis,</strong></span> <span class='ocrx_word' id='word_1_296' title='bbox 1506 3466 1689 3537; x_wconf 89' lang='lat' dir='ltr'><strong>credo,</strong></span> <span class='ocrx_word' id='word_1_297' title='bbox 1719 3466 1854 3523; x_wconf 80' lang='lat' dir='ltr'><strong>haec</strong></span> 
     </span>
    </p>
   </div>
   <div class='ocr_carea' id='block_1_38' title="bbox 253 3556 1849 3630">
    <p class='ocr_par' dir='ltr' id='par_1_38' title="bbox 253 3556 1849 3630">
     <span class='ocr_line' id='line_1_38' title="bbox 253 3556 1849 3630; baseline -0.001 -18"><span class='ocrx_word' id='word_1_298' title='bbox 253 3559 438 3615; x_wconf 86' lang='lat' dir='ltr'><strong>omnia</strong></span> <span class='ocrx_word' id='word_1_299' title='bbox 488 3559 630 3615; x_wconf 90' lang='lat' dir='ltr'><strong>Deus</strong></span> <span class='ocrx_word' id='word_1_300' title='bbox 684 3558 834 3626; x_wconf 85' lang='lat' dir='ltr'><strong>fecit,</strong></span> <span class='ocrx_word' id='word_1_301' title='bbox 880 3558 1006 3630; x_wconf 89' lang='lat' dir='ltr'><strong>quia</strong></span> <span class='ocrx_word' id='word_1_302' title='bbox 1054 3557 1255 3626; x_wconf 88' lang='lat' dir='ltr'><strong>voluit;</strong></span> <span class='ocrx_word' id='word_1_303' title='bbox 1306 3567 1362 3613; x_wconf 90' lang='lat' dir='ltr'><strong>et</strong></span> <span class='ocrx_word' id='word_1_304' title='bbox 1412 3558 1536 3612; x_wconf 84' lang='lat' dir='ltr'><strong>ideo</strong></span> <span class='ocrx_word' id='word_1_305' title='bbox 1578 3557 1657 3612; x_wconf 89' lang='lat' dir='ltr'><strong>sic</strong></span> <span class='ocrx_word' id='word_1_306' title='bbox 1698 3556 1849 3625; x_wconf 89' lang='lat' dir='ltr'><strong>fecit,</strong></span> 
     </span>
    </p>
   </div>
   <div class='ocr_carea' id='block_1_39' title="bbox 252 3648 1855 3721">
    <p class='ocr_par' dir='ltr' id='par_1_39' title="bbox 252 3648 1855 3721">
     <span class='ocr_line' id='line_1_39' title="bbox 252 3648 1855 3721; baseline 0.002 -19"><span class='ocrx_word' id='word_1_307' title='bbox 252 3649 382 3719; x_wconf 92' lang='lat' dir='ltr'><strong>quia</strong></span> <span class='ocrx_word' id='word_1_308' title='bbox 409 3649 489 3706; x_wconf 87' lang='lat' dir='ltr'><strong>sic</strong></span> <span class='ocrx_word' id='word_1_309' title='bbox 510 3648 812 3716; x_wconf 84' lang='lat' dir='ltr'><strong>faciendum</strong></span> <span class='ocrx_word' id='word_1_310' title='bbox 841 3649 1130 3720; x_wconf 84' lang='lat' dir='ltr'><strong>praevidit,</strong></span> <span class='ocrx_word' id='word_1_311' title='bbox 1157 3649 1248 3720; x_wconf 85' lang='lat' dir='ltr'><strong>qui</strong></span> <span class='ocrx_word' id='word_1_312' title='bbox 1290 3650 1492 3715; x_wconf 82' lang='lat' dir='ltr'><strong>omnia,</strong></span> <span class='ocrx_word' id='word_1_313' title='bbox 1516 3664 1855 3721; x_wconf 80' lang='lat' dir='ltr'><strong>quaecunque</strong></span> 
     </span>
    </p>
   </div>
   <div class='ocr_carea' id='block_1_40' title="bbox 253 3741 1854 3815">
    <p class='ocr_par' dir='ltr' id='par_1_40' title="bbox 253 3741 1854 3815">
     <span class='ocr_line' id='line_1_40' title="bbox 253 3741 1854 3815; baseline 0.002 -18"><span class='ocrx_word' id='word_1_314' title='bbox 253 3741 440 3807; x_wconf 79' lang='lat' dir='ltr'><strong>voluit,</strong></span> <span class='ocrx_word' id='word_1_315' title='bbox 474 3743 614 3814; x_wconf 75' lang='lat' dir='ltr'><strong>fecit.</strong></span> <span class='ocrx_word' id='word_1_316' title='bbox 655 3742 761 3798; x_wconf 89' lang='lat' dir='ltr'><strong>Sed</strong></span> <span class='ocrx_word' id='word_1_317' title='bbox 782 3744 959 3799; x_wconf 83' lang='lat' dir='ltr'><strong>adhuc</strong></span> <span class='ocrx_word' id='word_1_318' title='bbox 989 3759 1021 3800; x_wconf 89' lang='lat' dir='ltr'><strong>a</strong></span> <span class='ocrx_word' id='word_1_319' title='bbox 1053 3751 1105 3798; x_wconf 91' lang='lat' dir='ltr'><strong>te</strong></span> <span class='ocrx_word' id='word_1_320' title='bbox 1132 3756 1360 3814; x_wconf 76' lang='lat' dir='ltr'><strong>quaere,</strong></span> <span class='ocrx_word' id='word_1_321' title='bbox 1387 3758 1557 3815; x_wconf 86' lang='lat' dir='ltr'><strong>quare</strong></span> <span class='ocrx_word' id='word_1_322' title='bbox 1580 3744 1661 3800; x_wconf 90' lang='lat' dir='ltr'><strong>sic</strong></span> <span class='ocrx_word' id='word_1_323' title='bbox 1684 3743 1854 3801; x_wconf 89' lang='lat' dir='ltr'><strong>voluit</strong></span> 
     </span>
    </p>
   </div>
   <div class='ocr_carea' id='block_1_41' title="bbox 256 3833 1852 3905">
    <p class='ocr_par' dir='ltr' id='par_1_41' title="bbox 256 3833 1852 3905">
     <span class='ocr_line' id='line_1_41' title="bbox 256 3833 1852 3905; baseline 0.001 -16"><span class='ocrx_word' id='word_1_324' title='bbox 256 3833 538 3899; x_wconf 82' lang='lat' dir='ltr'><strong>mulierem</strong></span> <span class='ocrx_word' id='word_1_325' title='bbox 572 3834 667 3899; x_wconf 86' lang='lat' dir='ltr'><strong>tibi</strong></span> <span class='ocrx_word' id='word_1_326' title='bbox 694 3834 917 3893; x_wconf 85' lang='lat' dir='ltr'><strong>facere?</strong></span> <span class='ocrx_word' id='word_1_327' title='bbox 954 3835 1110 3903; x_wconf 84' lang='lat' dir='ltr'><strong>Quis,</strong></span> <span class='ocrx_word' id='word_1_328' title='bbox 1143 3835 1376 3905; x_wconf 89' lang='lat' dir='ltr'><strong>inquies,</strong></span> <span class='ocrx_word' id='word_1_329' title='bbox 1406 3835 1619 3901; x_wconf 85' lang='lat' dir='ltr'><strong>divinae</strong></span> <span class='ocrx_word' id='word_1_330' title='bbox 1655 3835 1852 3891; x_wconf 74' lang='lat' dir='ltr'><strong>volun-</strong></span> 
     </span>
    </p>
   </div>
   <div class='ocr_carea' id='block_1_42' title="bbox 258 3927 1853 4000">
    <p class='ocr_par' dir='ltr' id='par_1_42' title="bbox 258 3927 1853 4000">
     <span class='ocr_line' id='line_1_42' title="bbox 258 3927 1853 4000; baseline 0.002 -18"><span class='ocrx_word' id='word_1_331' title='bbox 258 3927 387 3987; x_wconf 83' lang='lat' dir='ltr'><strong>tatis</strong></span> <span class='ocrx_word' id='word_1_332' title='bbox 409 3941 602 3983; x_wconf 87' lang='lat' dir='ltr'><strong>causas</strong></span> <span class='ocrx_word' id='word_1_333' title='bbox 642 3936 821 4000; x_wconf 84' lang='lat' dir='ltr'><strong>potest</strong></span> <span class='ocrx_word' id='word_1_334' title='bbox 851 3928 1221 3998; x_wconf 84' lang='lat' dir='ltr'><strong>investigare?</strong></span> <span class='ocrx_word' id='word_1_335' title='bbox 1263 3927 1393 3994; x_wconf 82' lang='lat' dir='ltr'><strong>Quis</strong></span> <span class='ocrx_word' id='word_1_336' title='bbox 1438 3928 1574 3995; x_wconf 65' lang='lat' dir='ltr'><strong>enim</strong></span> <span class='ocrx_word' id='word_1_337' title='bbox 1617 3929 1853 3999; x_wconf 81' lang='lat' dir='ltr'><strong>cognouit</strong></span> 
     </span>
    </p>
   </div>
   <div class='ocr_carea' id='block_1_43' title="bbox 256 4018 1852 4094">
    <p class='ocr_par' dir='ltr' id='par_1_43' title="bbox 256 4018 1852 4094">
     <span class='ocr_line' id='line_1_43' title="bbox 256 4018 1852 4094; baseline 0.003 -18"><span class='ocrx_word' id='word_1_338' title='bbox 256 4036 465 4076; x_wconf 78' lang='lat' dir='ltr'><strong>sensum</strong></span> <span class='ocrx_word' id='word_1_339' title='bbox 494 4018 759 4085; x_wconf 74' lang='lat' dir='ltr'><strong>Domini?</strong></span> <span class='ocrx_word' id='word_1_340' title='bbox 791 4021 1013 4094; x_wconf 87' lang='lat' dir='ltr'><strong>Ignoras</strong></span> <span class='ocrx_word' id='word_1_341' title='bbox 1066 4022 1248 4093; x_wconf 70' lang='lat' dir='ltr'><strong>,gitur,</strong></span> <span class='ocrx_word' id='word_1_342' title='bbox 1297 4036 1404 4093; x_wconf 77' lang='lat' dir='ltr'><strong>qua</strong></span> <span class='ocrx_word' id='word_1_343' title='bbox 1453 4021 1664 4078; x_wconf 83' lang='lat' dir='ltr'><strong>ratione</strong></span> <span class='ocrx_word' id='word_1_344' title='bbox 1707 4021 1852 4089; x_wconf 82' lang='lat' dir='ltr'><strong>Deus</strong></span> 
     </span>
    </p>
   </div>
   <div class='ocr_carea' id='block_1_44' title="bbox 257 4108 1854 4185">
    <p class='ocr_par' dir='ltr' id='par_1_44' title="bbox 257 4108 1854 4185">
     <span class='ocr_line' id='line_1_44' title="bbox 257 4108 1854 4185; baseline 0.003 -21"><span class='ocrx_word' id='word_1_345' title='bbox 257 4108 389 4171; x_wconf 86' lang='lat' dir='ltr'><strong>fecit</strong></span> <span class='ocrx_word' id='word_1_346' title='bbox 425 4111 729 4179; x_wconf 86' lang='lat' dir='ltr'><strong>mulierem,</strong></span> <span class='ocrx_word' id='word_1_347' title='bbox 761 4128 923 4185; x_wconf 77' lang='lat' dir='ltr'><strong>quam</strong></span> <span class='ocrx_word' id='word_1_348' title='bbox 953 4111 1048 4181; x_wconf 82' lang='lat' dir='ltr'><strong>tibi</strong></span> <span class='ocrx_word' id='word_1_349' title='bbox 1075 4111 1262 4179; x_wconf 77' lang='lat' dir='ltr'><strong>dedit?</strong></span> <span class='ocrx_word' id='word_1_350' title='bbox 1299 4110 1511 4183; x_wconf 81' lang='lat' dir='ltr'><strong>Ignoro,</strong></span> <span class='ocrx_word' id='word_1_351' title='bbox 1560 4112 1759 4184; x_wconf 88' lang='lat' dir='ltr'><strong>inquis,</strong></span> <span class='ocrx_word' id='word_1_352' title='bbox 1806 4112 1854 4169; x_wconf 91' lang='lat' dir='ltr'><strong>si</strong></span> 
     </span>
    </p>
   </div>
   <div class='ocr_carea' id='block_1_45' title="bbox 258 4204 1855 4278">
    <p class='ocr_par' dir='ltr' id='par_1_45' title="bbox 258 4204 1855 4278">
     <span class='ocr_line' id='line_1_45' title="bbox 258 4204 1855 4278; baseline 0.001 -16"><span class='ocrx_word' id='word_1_353' title='bbox 258 4219 369 4262; x_wconf 91' lang='lat' dir='ltr'><strong>non</strong></span> <span class='ocrx_word' id='word_1_354' title='bbox 406 4205 461 4263; x_wconf 91' lang='lat' dir='ltr'><strong>in</strong></span> <span class='ocrx_word' id='word_1_355' title='bbox 502 4205 826 4276; x_wconf 86' lang='lat' dir='ltr'><strong>adiutorium</strong></span> <span class='ocrx_word' id='word_1_356' title='bbox 863 4204 1265 4278; x_wconf 77' lang='lat' dir='ltr'><strong>propagationis</strong></span> <span class='ocrx_word' id='word_1_357' title='bbox 1302 4214 1359 4263; x_wconf 90' lang='lat' dir='ltr'><strong>et</strong></span> <span class='ocrx_word' id='word_1_358' title='bbox 1396 4204 1855 4276; x_wconf 85' lang='lat' dir='ltr'><strong>multiplicationis</strong></span> 
     </span>
    </p>
   </div>
   <div class='ocr_carea' id='block_1_46' title="bbox 257 4299 1852 4372">
    <p class='ocr_par' dir='ltr' id='par_1_46' title="bbox 257 4299 1852 4372">
     <span class='ocr_line' id='line_1_46' title="bbox 257 4299 1852 4372; baseline 0.001 -14"><span class='ocrx_word' id='word_1_359' title='bbox 257 4299 532 4358; x_wconf 86' lang='lat' dir='ltr'><strong>humanae</strong></span> <span class='ocrx_word' id='word_1_360' title='bbox 567 4311 795 4361; x_wconf 87' lang='lat' dir='ltr'><strong>naturae</strong></span> <span class='ocrx_word' id='word_1_361' title='bbox 820 4341 837 4370; x_wconf 90' lang='lat'><strong>,</strong></span> <span class='ocrx_word' id='word_1_362' title='bbox 874 4316 1016 4372; x_wconf 87' lang='lat' dir='ltr'><strong>quae</strong></span> <span class='ocrx_word' id='word_1_363' title='bbox 1051 4302 1107 4358; x_wconf 86' lang='lat' dir='ltr'><strong>in</strong></span> <span class='ocrx_word' id='word_1_364' title='bbox 1143 4316 1231 4358; x_wconf 91' lang='lat' dir='ltr'><strong>me</strong></span> <span class='ocrx_word' id='word_1_365' title='bbox 1265 4300 1519 4371; x_wconf 79' lang='lat' dir='ltr'><strong>primitus</strong></span> <span class='ocrx_word' id='word_1_366' title='bbox 1566 4300 1708 4356; x_wconf 85' lang='lat' dir='ltr'><strong>facta</strong></span> <span class='ocrx_word' id='word_1_367' title='bbox 1746 4309 1852 4369; x_wconf 85' lang='lat' dir='ltr'><strong>est,</strong></span> 
     </span>
    </p>
   </div>
   <div class='ocr_carea' id='block_1_47' title="bbox 256 4388 1856 4464">
    <p class='ocr_par' dir='ltr' id='par_1_47' title="bbox 256 4388 1856 4464">
     <span class='ocr_line' id='line_1_47' title="bbox 256 4388 1856 4464; baseline -0.001 -17"><span class='ocrx_word' id='word_1_368' title='bbox 256 4400 318 4447; x_wconf 85' lang='lat' dir='ltr'><strong>et</strong></span> <span class='ocrx_word' id='word_1_369' title='bbox 352 4406 422 4447; x_wconf 83' lang='lat' dir='ltr'><strong>ex</strong></span> <span class='ocrx_word' id='word_1_370' title='bbox 460 4406 546 4448; x_wconf 91' lang='lat' dir='ltr'><strong>me</strong></span> <span class='ocrx_word' id='word_1_371' title='bbox 582 4393 876 4463; x_wconf 75' lang='lat' dir='ltr'><strong>auSpicium</strong></span> <span class='ocrx_word' id='word_1_372' title='bbox 912 4392 1304 4464; x_wconf 87' lang='lat' dir='ltr'><strong>procreationis</strong></span> <span class='ocrx_word' id='word_1_373' title='bbox 1349 4390 1575 4460; x_wconf 87' lang='lat' dir='ltr'><strong>accepit.</strong></span> <span class='ocrx_word' id='word_1_374' title='bbox 1610 4388 1710 4445; x_wconf 85' lang='lat' dir='ltr'><strong>Hic</strong></span> <span class='ocrx_word' id='word_1_375' title='bbox 1759 4389 1856 4446; x_wconf 92' lang='lat' dir='ltr'><strong>tibi</strong></span> 
     </span>
    </p>
   </div>
   <div class='ocr_carea' id='block_1_48' title="bbox 257 4484 1853 4558">
    <p class='ocr_par' dir='ltr' id='par_1_48' title="bbox 257 4484 1853 4558">
     <span class='ocr_line' id='line_1_48' title="bbox 257 4484 1853 4558; baseline -0.001 -15"><span class='ocrx_word' id='word_1_376' title='bbox 257 4501 513 4553; x_wconf 90' lang='lat' dir='ltr'><strong>occurro,</strong></span> <span class='ocrx_word' id='word_1_377' title='bbox 552 4501 788 4558; x_wconf 82' lang='lat' dir='ltr'><strong>veraque</strong></span> <span class='ocrx_word' id='word_1_378' title='bbox 816 4487 1026 4555; x_wconf 87' lang='lat' dir='ltr'><strong>ratione</strong></span> <span class='ocrx_word' id='word_1_379' title='bbox 1056 4486 1218 4544; x_wconf 88' lang='lat' dir='ltr'><strong>talem</strong></span> <span class='ocrx_word' id='word_1_380' title='bbox 1247 4486 1600 4547; x_wconf 83' lang='lat' dir='ltr'><strong>intentionem</strong></span> <span class='ocrx_word' id='word_1_381' title='bbox 1633 4484 1853 4558; x_wconf 84' lang='lat' dir='ltr'><strong>repello.</strong></span> 
     </span>
    </p>
   </div>
   <div class='ocr_carea' id='block_1_49' title="bbox 259 4575 1933 4691">
    <p class='ocr_par' dir='ltr' id='par_1_49' title="bbox 259 4575 1933 4691">
     <span class='ocr_line' id='line_1_49' title="bbox 259 4575 1933 4691; baseline 0 -59"><span class='ocrx_word' id='word_1_382' title='bbox 259 4575 380 4635; x_wconf 81' lang='lat' dir='ltr'><strong>Non</strong></span> <span class='ocrx_word' id='word_1_383' title='bbox 414 4578 557 4647; x_wconf 87' lang='lat' dir='ltr'><strong>enim</strong></span> <span class='ocrx_word' id='word_1_384' title='bbox 587 4579 821 4645; x_wconf 88' lang='lat' dir='ltr'><strong>humana</strong></span> <span class='ocrx_word' id='word_1_385' title='bbox 852 4588 1045 4647; x_wconf 75' lang='lat' dir='ltr'><strong>natura</strong></span> <span class='ocrx_word' id='word_1_386' title='bbox 1073 4579 1465 4651; x_wconf 78' lang='lat' dir='ltr'><strong>ignominiosae</strong></span> <span class='ocrx_word' id='word_1_387' title='bbox 1487 4577 1855 4650; x_wconf 71' lang='lat' dir='ltr'><strong>generationis</strong></span> <span class='ocrx_word' id='word_1_388' title='bbox 1879 4614 1933 4691; x_wconf 60' lang='grc' dir='ltr'><strong>Β</strong></span> 
     </span>
    </p>
   </div>
   <div class='ocr_carea' id='block_1_50' title="bbox 258 4665 1948 4756">
    <p class='ocr_par' dir='ltr' id='par_1_50' title="bbox 258 4665 1948 4756">
     <span class='ocr_line' id='line_1_50' title="bbox 258 4665 1948 4756; baseline 0.002 -31"><span class='ocrx_word' id='word_1_389' title='bbox 258 4685 328 4725; x_wconf 74' lang='lat' dir='ltr'><strong>ex</strong></span> <span class='ocrx_word' id='word_1_390' title='bbox 366 4672 605 4740; x_wconf 79' lang='lat' dir='ltr'><strong>masculo</strong></span> <span class='ocrx_word' id='word_1_391' title='bbox 640 4683 695 4731; x_wconf 88' lang='lat' dir='ltr'><strong>et</strong></span> <span class='ocrx_word' id='word_1_392' title='bbox 722 4675 921 4737; x_wconf 79' lang='lat' dir='ltr'><strong>femina</strong></span> <span class='ocrx_word' id='word_1_393' title='bbox 950 4674 1003 4735; x_wconf 85' lang='lat' dir='ltr'><strong>in</strong></span> <span class='ocrx_word' id='word_1_394' title='bbox 1031 4675 1380 4739; x_wconf 86' lang='lat' dir='ltr'><strong>similitudine</strong></span> <span class='ocrx_word' id='word_1_395' title='bbox 1401 4665 1854 4743; x_wconf 81' lang='lat' dir='ltr'><strong>irrationabilium</strong></span> <span class='ocrx_word' id='word_1_396' title='bbox 1879 4665 1948 4756; x_wconf 52' lang='grc' dir='ltr'><strong>’ξ</strong></span> 
     </span>
    </p>
   </div>
   <div class='ocr_carea' id='block_1_51' title="bbox 256 4764 1852 4839">
    <p class='ocr_par' dir='ltr' id='par_1_51' title="bbox 256 4764 1852 4839">
     <span class='ocr_line' id='line_1_51' title="bbox 256 4764 1852 4839; baseline 0.001 -19"><span class='ocrx_word' id='word_1_397' title='bbox 256 4764 576 4833; x_wconf 83' lang='lat' dir='ltr'><strong>animalium</strong></span> <span class='ocrx_word' id='word_1_398' title='bbox 601 4768 885 4839; x_wconf 79' lang='lat' dir='ltr'><strong>indigeret,</strong></span> <span class='ocrx_word' id='word_1_399' title='bbox 924 4768 969 4833; x_wconf 88' lang='lat' dir='ltr'><strong>si</strong></span> <span class='ocrx_word' id='word_1_400' title='bbox 1006 4767 1389 4839; x_wconf 87' lang='lat' dir='ltr'><strong>superbiendo,</strong></span> <span class='ocrx_word' id='word_1_401' title='bbox 1442 4782 1680 4838; x_wconf 85' lang='lat' dir='ltr'><strong>suaeque</strong></span> <span class='ocrx_word' id='word_1_402' title='bbox 1721 4766 1852 4822; x_wconf 86' lang='lat' dir='ltr'><strong>sim-</strong></span> 
     </span>
    </p>
   </div>
   <div class='ocr_carea' id='block_1_52' title="bbox 257 4854 1854 4931">
    <p class='ocr_par' dir='ltr' id='par_1_52' title="bbox 257 4854 1854 4931">
     <span class='ocr_line' id='line_1_52' title="bbox 257 4854 1854 4931; baseline 0.003 -22"><span class='ocrx_word' id='word_1_403' title='bbox 257 4854 540 4926; x_wconf 81' lang='lat' dir='ltr'><strong>plicitatis,</strong></span> <span class='ocrx_word' id='word_1_404' title='bbox 582 4858 636 4923; x_wconf 89' lang='lat' dir='ltr'><strong>in</strong></span> <span class='ocrx_word' id='word_1_405' title='bbox 664 4874 769 4929; x_wconf 87' lang='lat' dir='ltr'><strong>qua</strong></span> <span class='ocrx_word' id='word_1_406' title='bbox 806 4859 875 4925; x_wconf 81' lang='lat' dir='ltr'><strong>ad</strong></span> <span class='ocrx_word' id='word_1_407' title='bbox 900 4858 1190 4931; x_wconf 74' lang='lat' dir='ltr'><strong>imaginem</strong></span> <span class='ocrx_word' id='word_1_408' title='bbox 1220 4858 1316 4915; x_wconf 90' lang='lat' dir='ltr'><strong>Dei</strong></span> <span class='ocrx_word' id='word_1_409' title='bbox 1359 4859 1575 4925; x_wconf 88' lang='lat' dir='ltr'><strong>condita</strong></span> <span class='ocrx_word' id='word_1_410' title='bbox 1602 4866 1710 4925; x_wconf 85' lang='lat' dir='ltr'><strong>est,</strong></span> <span class='ocrx_word' id='word_1_411' title='bbox 1738 4856 1854 4929; x_wconf 87' lang='lat' dir='ltr'><strong>pul-</strong></span> 
     </span>
    </p>
   </div>
   <div class='ocr_carea' id='block_1_53' title="bbox 258 4949 1854 5024">
    <p class='ocr_par' dir='ltr' id='par_1_53' title="bbox 258 4949 1854 5024">
     <span class='ocr_line' id='line_1_53' title="bbox 258 4949 1854 5024; baseline -0.001 -19"><span class='ocrx_word' id='word_1_412' title='bbox 258 4949 625 5007; x_wconf 81' lang='lat' dir='ltr'><strong>chritudinem</strong></span> <span class='ocrx_word' id='word_1_413' title='bbox 655 4953 980 5023; x_wconf 87' lang='lat' dir='ltr'><strong>spernendo,</strong></span> <span class='ocrx_word' id='word_1_414' title='bbox 1021 4954 1235 5008; x_wconf 91' lang='lat' dir='ltr'><strong>modum</strong></span> <span class='ocrx_word' id='word_1_415' title='bbox 1289 4952 1562 5024; x_wconf 82' lang='lat' dir='ltr'><strong>angelicae</strong></span> <span class='ocrx_word' id='word_1_416' title='bbox 1598 4950 1854 5021; x_wconf 88' lang='lat' dir='ltr'><strong>multipli-</strong></span> 
     </span>
    </p>
   </div>
   <div class='ocr_carea' id='block_1_54' title="bbox 257 5040 1849 5115">
    <p class='ocr_par' dir='ltr' id='par_1_54' title="bbox 257 5040 1849 5115">
     <span class='ocr_line' id='line_1_54' title="bbox 257 5040 1849 5115; baseline 0.001 -20"><span class='ocrx_word' id='word_1_417' title='bbox 257 5040 510 5106; x_wconf 84' lang='lat' dir='ltr'><strong>cationis,</strong></span> <span class='ocrx_word' id='word_1_418' title='bbox 545 5044 634 5113; x_wconf 90' lang='lat' dir='ltr'><strong>qui</strong></span> <span class='ocrx_word' id='word_1_419' title='bbox 665 5045 905 5108; x_wconf 89' lang='lat' dir='ltr'><strong>omnino,</strong></span> <span class='ocrx_word' id='word_1_420' title='bbox 935 5052 994 5098; x_wconf 90' lang='lat' dir='ltr'><strong>ut</strong></span> <span class='ocrx_word' id='word_1_421' title='bbox 1025 5045 1317 5115; x_wconf 88' lang='lat' dir='ltr'><strong>saepeiam</strong></span> <span class='ocrx_word' id='word_1_422' title='bbox 1367 5044 1568 5100; x_wconf 89' lang='lat' dir='ltr'><strong>dictum</strong></span> <span class='ocrx_word' id='word_1_423' title='bbox 1615 5053 1718 5109; x_wconf 89' lang='lat' dir='ltr'><strong>est,</strong></span> <span class='ocrx_word' id='word_1_424' title='bbox 1764 5056 1849 5096; x_wconf 89' lang='lat' dir='ltr'><strong>se-</strong></span> 
     </span>
    </p>
   </div>
   <div class='ocr_carea' id='block_1_55' title="bbox 256 5136 1851 5210">
    <p class='ocr_par' dir='ltr' id='par_1_55' title="bbox 256 5136 1851 5210">
     <span class='ocr_line' id='line_1_55' title="bbox 256 5136 1851 5210; baseline 0.004 -23"><span class='ocrx_word' id='word_1_425' title='bbox 256 5148 430 5188; x_wconf 73' lang='lat' dir='ltr'><strong>xuum</strong></span> <span class='ocrx_word' id='word_1_426' title='bbox 477 5136 665 5207; x_wconf 86' lang='lat' dir='ltr'><strong>copula</strong></span> <span class='ocrx_word' id='word_1_427' title='bbox 712 5145 884 5204; x_wconf 89' lang='lat' dir='ltr'><strong>caret,</strong></span> <span class='ocrx_word' id='word_1_428' title='bbox 928 5153 1033 5193; x_wconf 90' lang='lat' dir='ltr'><strong>non</strong></span> <span class='ocrx_word' id='word_1_429' title='bbox 1075 5138 1367 5193; x_wconf 86' lang='lat' dir='ltr'><strong>desereret.</strong></span> <span class='ocrx_word' id='word_1_430' title='bbox 1419 5136 1632 5205; x_wconf 86' lang='lat' dir='ltr'><strong>Quaere</strong></span> <span class='ocrx_word' id='word_1_431' title='bbox 1671 5139 1851 5210; x_wconf 90' lang='lat' dir='ltr'><strong>itaque</strong></span> 
     </span>
    </p>
   </div>
   <div class='ocr_carea' id='block_1_56' title="bbox 255 5224 1856 5302">
    <p class='ocr_par' dir='ltr' id='par_1_56' title="bbox 255 5224 1856 5302">
     <span class='ocr_line' id='line_1_56' title="bbox 255 5224 1856 5302; baseline 0.005 -21"><span class='ocrx_word' id='word_1_432' title='bbox 255 5224 427 5281; x_wconf 88' lang='lat' dir='ltr'><strong>aliam</strong></span> <span class='ocrx_word' id='word_1_433' title='bbox 454 5230 737 5297; x_wconf 87' lang='lat' dir='ltr'><strong>rationem,</strong></span> <span class='ocrx_word' id='word_1_434' title='bbox 768 5245 873 5301; x_wconf 91' lang='lat' dir='ltr'><strong>qua</strong></span> <span class='ocrx_word' id='word_1_435' title='bbox 899 5230 1074 5302; x_wconf 83' lang='lat' dir='ltr'><strong>possis</strong></span> <span class='ocrx_word' id='word_1_436' title='bbox 1102 5244 1368 5299; x_wconf 82' lang='lat' dir='ltr'><strong>asserere,</strong></span> <span class='ocrx_word' id='word_1_437' title='bbox 1406 5245 1504 5286; x_wconf 90' lang='lat' dir='ltr'><strong>cur</strong></span> <span class='ocrx_word' id='word_1_438' title='bbox 1532 5230 1628 5286; x_wconf 89' lang='lat' dir='ltr'><strong>tibi</strong></span> <span class='ocrx_word' id='word_1_439' title='bbox 1660 5231 1856 5295; x_wconf 84' lang='lat' dir='ltr'><strong>mulier</strong></span> 
     </span>
    </p>
   </div>
   <div class='ocr_carea' id='block_1_57' title="bbox 258 5316 1851 5393">
    <p class='ocr_par' dir='ltr' id='par_1_57' title="bbox 258 5316 1851 5393">
     <span class='ocr_line' id='line_1_57' title="bbox 258 5316 1851 5393; baseline 0.003 -18"><span class='ocrx_word' id='word_1_440' title='bbox 258 5316 390 5375; x_wconf 86' lang='lat' dir='ltr'><strong>data</strong></span> <span class='ocrx_word' id='word_1_441' title='bbox 435 5326 557 5375; x_wconf 87' lang='lat' dir='ltr'><strong>est:</strong></span> <span class='ocrx_word' id='word_1_442' title='bbox 585 5320 689 5383; x_wconf 86' lang='lat' dir='ltr'><strong>ista</strong></span> <span class='ocrx_word' id='word_1_443' title='bbox 731 5320 1018 5392; x_wconf 84' lang='lat' dir='ltr'><strong>siquidem,</strong></span> <span class='ocrx_word' id='word_1_444' title='bbox 1061 5336 1223 5393; x_wconf 87' lang='lat' dir='ltr'><strong>quam</strong></span> <span class='ocrx_word' id='word_1_445' title='bbox 1270 5321 1523 5393; x_wconf 85' lang='lat' dir='ltr'><strong>posuisti,</strong></span> <span class='ocrx_word' id='word_1_446' title='bbox 1574 5321 1704 5377; x_wconf 84' lang='lat' dir='ltr'><strong>falsa</strong></span> <span class='ocrx_word' id='word_1_447' title='bbox 1749 5332 1851 5379; x_wconf 90' lang='lat' dir='ltr'><strong>est.</strong></span> 
     </span>
    </p>
   </div>
   <div class='ocr_carea' id='block_1_58' title="bbox 1942 771 3551 853">
    <p class='ocr_par' dir='ltr' id='par_1_58' title="bbox 1942 771 3551 853">
     <span class='ocr_line' id='line_1_58' title="bbox 1942 771 3551 853; baseline -0.001 -26"><span class='ocrx_word' id='word_1_448' title='bbox 1942 773 2121 829; x_wconf 89' lang='lat' dir='ltr'><strong>video.</strong></span> <span class='ocrx_word' id='word_1_449' title='bbox 2162 771 2351 840; x_wconf 84' lang='lat' dir='ltr'><strong>Miror,</strong></span> <span class='ocrx_word' id='word_1_450' title='bbox 2381 787 2480 828; x_wconf 85' lang='lat' dir='ltr'><strong>cur</strong></span> <span class='ocrx_word' id='word_1_451' title='bbox 2511 780 2562 828; x_wconf 90' lang='lat' dir='ltr'><strong>te</strong></span> <span class='ocrx_word' id='word_1_452' title='bbox 2588 771 2724 829; x_wconf 91' lang='lat' dir='ltr'><strong>dicis</strong></span> <span class='ocrx_word' id='word_1_453' title='bbox 2747 772 2999 845; x_wconf 86' lang='lat' dir='ltr'><strong>ignorare</strong></span> <span class='ocrx_word' id='word_1_454' title='bbox 3024 787 3126 840; x_wconf 91' lang='lat' dir='ltr'><strong>ea,</strong></span> <span class='ocrx_word' id='word_1_455' title='bbox 3155 786 3294 853; x_wconf 88' lang='lat' dir='ltr'><strong>quae</strong></span> <span class='ocrx_word' id='word_1_456' title='bbox 3324 778 3551 851; x_wconf 84' lang='lat' dir='ltr'><strong>propter</strong></span> 
     </span>
    </p>
   </div>
   <div class='ocr_carea' id='block_1_59' title="bbox 1946 860 3552 937">
    <p class='ocr_par' dir='ltr' id='par_1_59' title="bbox 1946 860 3552 937">
     <span class='ocr_line' id='line_1_59' title="bbox 1946 860 3552 937; baseline -0.003 -16"><span class='ocrx_word' id='word_1_457' title='bbox 1946 875 2095 921; x_wconf 92' lang='lat' dir='ltr'><strong>tuam</strong></span> <span class='ocrx_word' id='word_1_458' title='bbox 2124 863 2543 921; x_wconf 90' lang='lat' dir='ltr'><strong>inobedientiam</strong></span> <span class='ocrx_word' id='word_1_459' title='bbox 2576 873 2739 935; x_wconf 88' lang='lat' dir='ltr'><strong>atque</strong></span> <span class='ocrx_word' id='word_1_460' title='bbox 2760 864 3067 937; x_wconf 87' lang='lat' dir='ltr'><strong>superbiam</strong></span> <span class='ocrx_word' id='word_1_461' title='bbox 3093 863 3232 920; x_wconf 87' lang='lat' dir='ltr'><strong>facta</strong></span> <span class='ocrx_word' id='word_1_462' title='bbox 3256 871 3400 921; x_wconf 88' lang='lat' dir='ltr'><strong>sunt.</strong></span> <span class='ocrx_word' id='word_1_463' title='bbox 3438 860 3552 933; x_wconf 83' lang='lat' dir='ltr'><strong>Ego</strong></span> 
     </span>
    </p>
   </div>
   <div class='ocr_carea' id='block_1_60' title="bbox 1948 956 3548 1030">
    <p class='ocr_par' dir='ltr' id='par_1_60' title="bbox 1948 956 3548 1030">
     <span class='ocr_line' id='line_1_60' title="bbox 1948 956 3548 1030; baseline -0.002 -19"><span class='ocrx_word' id='word_1_464' title='bbox 1948 963 2149 1022; x_wconf 89' lang='lat' dir='ltr'><strong>autem,</strong></span> <span class='ocrx_word' id='word_1_465' title='bbox 2180 956 2270 1027; x_wconf 89' lang='lat' dir='ltr'><strong>qui</strong></span> <span class='ocrx_word' id='word_1_466' title='bbox 2301 957 2354 1011; x_wconf 92' lang='lat' dir='ltr'><strong>in</strong></span> <span class='ocrx_word' id='word_1_467' title='bbox 2392 964 2446 1012; x_wconf 90' lang='lat' dir='ltr'><strong>te</strong></span> <span class='ocrx_word' id='word_1_468' title='bbox 2473 958 2714 1029; x_wconf 89' lang='lat' dir='ltr'><strong>peccavi,</strong></span> <span class='ocrx_word' id='word_1_469' title='bbox 2748 965 2802 1014; x_wconf 90' lang='lat' dir='ltr'><strong>et</strong></span> <span class='ocrx_word' id='word_1_470' title='bbox 2828 956 3104 1030; x_wconf 87' lang='lat' dir='ltr'><strong>peccando</strong></span> <span class='ocrx_word' id='word_1_471' title='bbox 3135 965 3381 1013; x_wconf 90' lang='lat' dir='ltr'><strong>mortuus</strong></span> <span class='ocrx_word' id='word_1_472' title='bbox 3406 968 3548 1017; x_wconf 90' lang='lat' dir='ltr'><strong>sum,</strong></span> 
     </span>
    </p>
   </div>
   <div class='ocr_carea' id='block_1_61' title="bbox 1951 1045 3552 1120">
    <p class='ocr_par' dir='ltr' id='par_1_61' title="bbox 1951 1045 3552 1120">
     <span class='ocr_line' id='line_1_61' title="bbox 1951 1045 3552 1120; baseline -0.002 -18"><span class='ocrx_word' id='word_1_473' title='bbox 1951 1062 2054 1103; x_wconf 94' lang='lat' dir='ltr'><strong>non</strong></span> <span class='ocrx_word' id='word_1_474' title='bbox 2080 1048 2289 1120; x_wconf 88' lang='lat' dir='ltr'><strong>ignoro.</strong></span> <span class='ocrx_word' id='word_1_475' title='bbox 2331 1045 2544 1103; x_wconf 87' lang='lat' dir='ltr'><strong>Clamat</strong></span> <span class='ocrx_word' id='word_1_476' title='bbox 2575 1048 2719 1104; x_wconf 90' lang='lat' dir='ltr'><strong>enim</strong></span> <span class='ocrx_word' id='word_1_477' title='bbox 2754 1048 2807 1105; x_wconf 92' lang='lat' dir='ltr'><strong>in</strong></span> <span class='ocrx_word' id='word_1_478' title='bbox 2838 1063 2927 1105; x_wconf 90' lang='lat' dir='ltr'><strong>me</strong></span> <span class='ocrx_word' id='word_1_479' title='bbox 2963 1049 3283 1105; x_wconf 90' lang='lat' dir='ltr'><strong>inconcussa</strong></span> <span class='ocrx_word' id='word_1_480' title='bbox 3309 1055 3363 1103; x_wconf 92' lang='lat' dir='ltr'><strong>et</strong></span> <span class='ocrx_word' id='word_1_481' title='bbox 3387 1060 3552 1116; x_wconf 88' lang='lat' dir='ltr'><strong>aper-</strong></span> 
     </span>
    </p>
   </div>
   <div class='ocr_carea' id='block_1_62' title="bbox 1953 1140 3549 1214">
    <p class='ocr_par' dir='ltr' id='par_1_62' title="bbox 1953 1140 3549 1214">
     <span class='ocr_line' id='line_1_62' title="bbox 1953 1140 3549 1214; baseline -0.002 -17"><span class='ocrx_word' id='word_1_482' title='bbox 1953 1142 2156 1198; x_wconf 86' lang='lat' dir='ltr'><strong>tissima</strong></span> <span class='ocrx_word' id='word_1_483' title='bbox 2184 1143 2341 1210; x_wconf 89' lang='lat' dir='ltr'><strong>ratio,</strong></span> <span class='ocrx_word' id='word_1_484' title='bbox 2366 1143 2511 1214; x_wconf 89' lang='lat' dir='ltr'><strong>quod</strong></span> <span class='ocrx_word' id='word_1_485' title='bbox 2532 1140 2697 1199; x_wconf 87' lang='lat' dir='ltr'><strong>etiam</strong></span> <span class='ocrx_word' id='word_1_486' title='bbox 2722 1142 2985 1214; x_wconf 87' lang='lat' dir='ltr'><strong>approbat</strong></span> <span class='ocrx_word' id='word_1_487' title='bbox 3012 1141 3303 1201; x_wconf 89' lang='lat' dir='ltr'><strong>multorum</strong></span> <span class='ocrx_word' id='word_1_488' title='bbox 3324 1140 3549 1197; x_wconf 87' lang='lat' dir='ltr'><strong>Patrum</strong></span> 
     </span>
    </p>
   </div>
   <div class='ocr_carea' id='block_1_63' title="bbox 1952 1231 3551 1313">
    <p class='ocr_par' dir='ltr' id='par_1_63' title="bbox 1952 1231 3551 1313">
     <span class='ocr_line' id='line_1_63' title="bbox 1952 1231 3551 1313; baseline 0.001 -26"><span class='ocrx_word' id='word_1_489' title='bbox 1952 1234 2265 1300; x_wconf 86' lang='lat' dir='ltr'><strong>auctoritas,</strong></span> <span class='ocrx_word' id='word_1_490' title='bbox 2292 1234 2436 1306; x_wconf 89' lang='lat' dir='ltr'><strong>quod</strong></span> <span class='ocrx_word' id='word_1_491' title='bbox 2462 1235 2508 1290; x_wconf 89' lang='lat' dir='ltr'><strong>si</strong></span> <span class='ocrx_word' id='word_1_492' title='bbox 2542 1234 2777 1291; x_wconf 89' lang='lat' dir='ltr'><strong>humana</strong></span> <span class='ocrx_word' id='word_1_493' title='bbox 2808 1244 3002 1291; x_wconf 91' lang='lat' dir='ltr'><strong>natura</strong></span> <span class='ocrx_word' id='word_1_494' title='bbox 3033 1234 3088 1291; x_wconf 93' lang='lat' dir='ltr'><strong>in</strong></span> <span class='ocrx_word' id='word_1_495' title='bbox 3119 1234 3233 1313; x_wconf 86' lang='lat' dir='ltr'><strong>ipsa</strong></span> <span class='ocrx_word' id='word_1_496' title='bbox 3264 1231 3551 1304; x_wconf 85' lang='lat' dir='ltr'><strong>simplicis-</strong></span> 
     </span>
    </p>
   </div>
   <div class='ocr_carea' id='block_1_64' title="bbox 1954 1327 3554 1402">
    <p class='ocr_par' dir='ltr' id='par_1_64' title="bbox 1954 1327 3554 1402">
     <span class='ocr_line' id='line_1_64' title="bbox 1954 1327 3554 1402; baseline 0.003 -20"><span class='ocrx_word' id='word_1_497' title='bbox 1954 1327 2090 1383; x_wconf 89' lang='lat' dir='ltr'><strong>sima</strong></span> <span class='ocrx_word' id='word_1_498' title='bbox 2131 1328 2607 1400; x_wconf 88' lang='lat' dir='ltr'><strong>sincerissimaque</strong></span> <span class='ocrx_word' id='word_1_499' title='bbox 2652 1328 2865 1386; x_wconf 88' lang='lat' dir='ltr'><strong>divinae</strong></span> <span class='ocrx_word' id='word_1_500' title='bbox 2912 1330 3162 1402; x_wconf 76' lang='lat' dir='ltr'><strong>imaginis</strong></span> <span class='ocrx_word' id='word_1_501' title='bbox 3213 1329 3554 1402; x_wconf 82' lang='lat' dir='ltr'><strong>beatitudine</strong></span> 
     </span>
    </p>
   </div>
   <div class='ocr_carea' id='block_1_65' title="bbox 1955 1409 3555 1488">
    <p class='ocr_par' dir='ltr' id='par_1_65' title="bbox 1955 1409 3555 1488">
     <span class='ocr_line' id='line_1_65' title="bbox 1955 1409 3555 1488; baseline 0.003 -18"><span class='ocrx_word' id='word_1_502' title='bbox 1955 1428 2317 1488; x_wconf 87' lang='lat' dir='ltr'><strong>permaneret,</strong></span> <span class='ocrx_word' id='word_1_503' title='bbox 2346 1418 2474 1473; x_wconf 90' lang='lat' dir='ltr'><strong>nulli</strong></span> <span class='ocrx_word' id='word_1_504' title='bbox 2504 1420 2655 1475; x_wconf 84' lang='lat' dir='ltr'><strong>sexui</strong></span> <span class='ocrx_word' id='word_1_505' title='bbox 2687 1409 3087 1487; x_wconf 84' lang='lat' dir='ltr'><strong>succumberet,</strong></span> <span class='ocrx_word' id='word_1_506' title='bbox 3119 1418 3321 1477; x_wconf 91' lang='lat' dir='ltr'><strong>nullam</strong></span> <span class='ocrx_word' id='word_1_507' title='bbox 3361 1428 3555 1476; x_wconf 54' lang='lat' dir='ltr'><strong>contu‘</strong></span> 
     </span>
    </p>
   </div>
   <div class='ocr_carea' id='block_1_66' title="bbox 1957 1509 3555 1584">
    <p class='ocr_par' dir='ltr' id='par_1_66' title="bbox 1957 1509 3555 1584">
     <span class='ocr_line' id='line_1_66' title="bbox 1957 1509 3555 1584; baseline 0.003 -19"><span class='ocrx_word' id='word_1_508' title='bbox 1957 1509 2233 1565; x_wconf 86' lang='lat' dir='ltr'><strong>meliosam</strong></span> <span class='ocrx_word' id='word_1_509' title='bbox 2265 1510 2705 1582; x_wconf 84' lang='lat' dir='ltr'><strong>propagationem</strong></span> <span class='ocrx_word' id='word_1_510' title='bbox 2733 1513 2873 1568; x_wconf 90' lang='lat' dir='ltr'><strong>sicut</strong></span> <span class='ocrx_word' id='word_1_511' title='bbox 2918 1512 3227 1584; x_wconf 87' lang='lat' dir='ltr'><strong>insipientia</strong></span> <span class='ocrx_word' id='word_1_512' title='bbox 3256 1511 3279 1543; x_wconf 68' lang='lat'><strong>&#39;*</strong></span> <span class='ocrx_word' id='word_1_513' title='bbox 3308 1512 3555 1569; x_wconf 88' lang='lat' dir='ltr'><strong>animan-</strong></span> 
     </span>
    </p>
   </div>
   <div class='ocr_carea' id='block_1_67' title="bbox 1958 1603 3553 1678">
    <p class='ocr_par' dir='ltr' id='par_1_67' title="bbox 1958 1603 3553 1678">
     <span class='ocr_line' id='line_1_67' title="bbox 1958 1603 3553 1678; baseline 0.001 -19"><span class='ocrx_word' id='word_1_514' title='bbox 1958 1604 2031 1659; x_wconf 86' lang='lat' dir='ltr'><strong>tia</strong></span> <span class='ocrx_word' id='word_1_515' title='bbox 2059 1604 2282 1661; x_wconf 90' lang='lat' dir='ltr'><strong>subiret.</strong></span> <span class='ocrx_word' id='word_1_516' title='bbox 2322 1603 2588 1673; x_wconf 91' lang='lat' dir='ltr'><strong>Quoniam</strong></span> <span class='ocrx_word' id='word_1_517' title='bbox 2634 1620 2760 1662; x_wconf 89' lang='lat' dir='ltr'><strong>vero</strong></span> <span class='ocrx_word' id='word_1_518' title='bbox 2800 1607 2853 1662; x_wconf 92' lang='lat' dir='ltr'><strong>in</strong></span> <span class='ocrx_word' id='word_1_519' title='bbox 2884 1606 3146 1678; x_wconf 78' lang='lat' dir='ltr'><strong>dignitate</strong></span> <span class='ocrx_word' id='word_1_520' title='bbox 3183 1606 3297 1673; x_wconf 91' lang='lat' dir='ltr'><strong>illa,</strong></span> <span class='ocrx_word' id='word_1_521' title='bbox 3343 1606 3398 1661; x_wconf 93' lang='lat' dir='ltr'><strong>in</strong></span> <span class='ocrx_word' id='word_1_522' title='bbox 3442 1618 3553 1676; x_wconf 85' lang='lat' dir='ltr'><strong>qua</strong></span> 
     </span>
    </p>
   </div>
   <div class='ocr_carea' id='block_1_68' title="bbox 1959 1696 3559 1771">
    <p class='ocr_par' dir='ltr' id='par_1_68' title="bbox 1959 1696 3559 1771">
     <span class='ocr_line' id='line_1_68' title="bbox 1959 1696 3559 1771; baseline 0.001 -19"><span class='ocrx_word' id='word_1_523' title='bbox 1959 1697 2173 1753; x_wconf 89' lang='lat' dir='ltr'><strong>condita</strong></span> <span class='ocrx_word' id='word_1_524' title='bbox 2214 1696 2238 1730; x_wconf 85' lang='grc'><strong><em>⁸</em></strong></span> <span class='ocrx_word' id='word_1_525' title='bbox 2281 1707 2400 1764; x_wconf 89' lang='lat' dir='ltr'><strong>est,</strong></span> <span class='ocrx_word' id='word_1_526' title='bbox 2466 1713 2818 1769; x_wconf 86' lang='lat' dir='ltr'><strong>perseverare</strong></span> <span class='ocrx_word' id='word_1_527' title='bbox 2859 1699 3065 1766; x_wconf 88' lang='lat' dir='ltr'><strong>noluit,</strong></span> <span class='ocrx_word' id='word_1_528' title='bbox 3113 1700 3207 1755; x_wconf 87' lang='lat' dir='ltr'><strong>sed</strong></span> <span class='ocrx_word' id='word_1_529' title='bbox 3249 1698 3559 1771; x_wconf 75' lang='lat' dir='ltr'><strong>ignobiliter</strong></span> 
     </span>
    </p>
   </div>
   <div class='ocr_carea' id='block_1_69' title="bbox 1962 1792 3557 1866">
    <p class='ocr_par' dir='ltr' id='par_1_69' title="bbox 1962 1792 3557 1866">
     <span class='ocr_line' id='line_1_69' title="bbox 1962 1792 3557 1866; baseline 0.001 -20"><span class='ocrx_word' id='word_1_530' title='bbox 1962 1792 2106 1847; x_wconf 87' lang='lat' dir='ltr'><strong>inter</strong></span> <span class='ocrx_word' id='word_1_531' title='bbox 2129 1800 2310 1848; x_wconf 86' lang='lat' dir='ltr'><strong>cetera</strong></span> <span class='ocrx_word' id='word_1_532' title='bbox 2348 1792 2601 1848; x_wconf 87' lang='lat' dir='ltr'><strong>animalia</strong></span> <span class='ocrx_word' id='word_1_533' title='bbox 2643 1792 2987 1866; x_wconf 86' lang='lat' dir='ltr'><strong>multiplicari</strong></span> <span class='ocrx_word' id='word_1_534' title='bbox 3031 1793 3213 1861; x_wconf 79' lang='lat' dir='ltr'><strong>elegit,</strong></span> <span class='ocrx_word' id='word_1_535' title='bbox 3260 1792 3402 1848; x_wconf 90' lang='lat' dir='ltr'><strong>idem</strong></span> <span class='ocrx_word' id='word_1_536' title='bbox 3439 1792 3557 1862; x_wconf 85' lang='lat' dir='ltr'><strong>ipse</strong></span> 
     </span>
    </p>
   </div>
   <div class='ocr_carea' id='block_1_70' title="bbox 1958 1884 3557 1959">
    <p class='ocr_par' dir='ltr' id='par_1_70' title="bbox 1958 1884 3557 1959">
     <span class='ocr_line' id='line_1_70' title="bbox 1958 1884 3557 1959; baseline -0.003 -15"><span class='ocrx_word' id='word_1_537' title='bbox 1958 1886 2227 1953; x_wconf 78' lang='lat' dir='ltr'><strong>conditor,</strong></span> <span class='ocrx_word' id='word_1_538' title='bbox 2267 1886 2524 1959; x_wconf 89' lang='lat' dir='ltr'><strong>quicquid</strong></span> <span class='ocrx_word' id='word_1_539' title='bbox 2558 1884 2801 1943; x_wconf 88' lang='lat' dir='ltr'><strong>facturus</strong></span> <span class='ocrx_word' id='word_1_540' title='bbox 2833 1894 2887 1943; x_wconf 92' lang='lat' dir='ltr'><strong>et</strong></span> <span class='ocrx_word' id='word_1_541' title='bbox 2919 1885 3133 1943; x_wconf 87' lang='lat' dir='ltr'><strong>futurus</strong></span> <span class='ocrx_word' id='word_1_542' title='bbox 3163 1886 3184 1917; x_wconf 84' lang='grc'>⁸</span> <span class='ocrx_word' id='word_1_543' title='bbox 3205 1893 3349 1952; x_wconf 87' lang='lat' dir='ltr'><strong>esset</strong></span> <span class='ocrx_word' id='word_1_544' title='bbox 3391 1885 3557 1943; x_wconf 88' lang='lat' dir='ltr'><strong>homo</strong></span> 
     </span>
    </p>
   </div>
   <div class='ocr_carea' id='block_1_71' title="bbox 1959 1974 3555 2050">
    <p class='ocr_par' dir='ltr' id='par_1_71' title="bbox 1959 1974 3555 2050">
     <span class='ocr_line' id='line_1_71' title="bbox 1959 1974 3555 2050; baseline -0.004 -15"><span class='ocrx_word' id='word_1_545' title='bbox 1959 1994 2219 2050; x_wconf 88' lang='lat' dir='ltr'><strong>perverso</strong></span> <span class='ocrx_word' id='word_1_546' title='bbox 2248 1986 2396 2035; x_wconf 91' lang='lat' dir='ltr'><strong>motu</strong></span> <span class='ocrx_word' id='word_1_547' title='bbox 2426 1978 2632 2034; x_wconf 89' lang='lat' dir='ltr'><strong>liberae</strong></span> <span class='ocrx_word' id='word_1_548' title='bbox 2658 1978 2949 2035; x_wconf 88' lang='lat' dir='ltr'><strong>voluntatis</strong></span> <span class='ocrx_word' id='word_1_549' title='bbox 2974 1978 3235 2048; x_wconf 89' lang='lat' dir='ltr'><strong>perditus,</strong></span> <span class='ocrx_word' id='word_1_550' title='bbox 3266 1974 3555 2049; x_wconf 87' lang='lat' dir='ltr'><strong>praevidit,</strong></span> 
     </span>
    </p>
   </div>
   <div class='ocr_carea' id='block_1_72' title="bbox 1958 2070 3553 2145">
    <p class='ocr_par' dir='ltr' id='par_1_72' title="bbox 1958 2070 3553 2145">
     <span class='ocr_line' id='line_1_72' title="bbox 1958 2070 3553 2145; baseline -0.001 -17"><span class='ocrx_word' id='word_1_551' title='bbox 1958 2073 2044 2128; x_wconf 78' lang='lat' dir='ltr'><strong>et&#39;</strong></span> <span class='ocrx_word' id='word_1_552' title='bbox 2075 2072 2342 2142; x_wconf 85' lang='lat' dir='ltr'><strong>duplicem</strong></span> <span class='ocrx_word' id='word_1_553' title='bbox 2371 2086 2584 2138; x_wconf 81' lang='lat' dir='ltr'><strong>sexum,</strong></span> <span class='ocrx_word' id='word_1_554' title='bbox 2616 2087 2713 2144; x_wconf 89' lang='lat' dir='ltr'><strong>per</strong></span> <span class='ocrx_word' id='word_1_555' title='bbox 2741 2086 2900 2145; x_wconf 87' lang='lat' dir='ltr'><strong>quem</strong></span> <span class='ocrx_word' id='word_1_556' title='bbox 2930 2080 3321 2144; x_wconf 74' lang='lat' dir='ltr'><strong>propagaretur</strong></span> <span class='ocrx_word' id='word_1_557' title='bbox 3348 2070 3553 2127; x_wconf 86' lang='lat' dir='ltr'><strong>bestia-</strong></span> 
     </span>
    </p>
   </div>
   <div class='ocr_carea' id='block_1_73' title="bbox 1959 2164 3554 2237">
    <p class='ocr_par' dir='ltr' id='par_1_73' title="bbox 1959 2164 3554 2237">
     <span class='ocr_line' id='line_1_73' title="bbox 1959 2164 3554 2237; baseline -0.001 -17"><span class='ocrx_word' id='word_1_558' title='bbox 1959 2179 2079 2220; x_wconf 77' lang='lat' dir='ltr'><strong>rum</strong></span> <span class='ocrx_word' id='word_1_559' title='bbox 2103 2165 2293 2231; x_wconf 89' lang='lat' dir='ltr'><strong>instar,</strong></span> <span class='ocrx_word' id='word_1_560' title='bbox 2326 2165 2714 2236; x_wconf 89' lang='lat' dir='ltr'><strong>superaddidit.</strong></span> <span class='ocrx_word' id='word_1_561' title='bbox 2756 2165 2895 2237; x_wconf 87' lang='lat' dir='ltr'><strong>Quid</strong></span> <span class='ocrx_word' id='word_1_562' title='bbox 2919 2181 3048 2237; x_wconf 88' lang='lat' dir='ltr'><strong>ergo</strong></span> <span class='ocrx_word' id='word_1_563' title='bbox 3074 2180 3324 2224; x_wconf 86' lang='lat' dir='ltr'><strong>removes</strong></span> <span class='ocrx_word' id='word_1_564' title='bbox 3349 2164 3404 2219; x_wconf 90' lang='lat' dir='ltr'><strong>in</strong></span> <span class='ocrx_word' id='word_1_565' title='bbox 3428 2178 3554 2219; x_wconf 86' lang='lat' dir='ltr'><strong>mu-</strong></span> 
     </span>
    </p>
   </div>
   <div class='ocr_carea' id='block_1_74' title="bbox 1958 2254 3554 2328">
    <p class='ocr_par' dir='ltr' id='par_1_74' title="bbox 1958 2254 3554 2328">
     <span class='ocr_line' id='line_1_74' title="bbox 1958 2254 3554 2328; baseline 0.001 -19"><span class='ocrx_word' id='word_1_566' title='bbox 1958 2255 2147 2313; x_wconf 85' lang='lat' dir='ltr'><strong>lierem</strong></span> <span class='ocrx_word' id='word_1_567' title='bbox 2206 2257 2689 2328; x_wconf 87' lang='lat' dir='ltr'><strong>praevaricationis</strong></span> <span class='ocrx_word' id='word_1_568' title='bbox 2736 2266 2863 2313; x_wconf 90' lang='lat' dir='ltr'><strong>tuae</strong></span> <span class='ocrx_word' id='word_1_569' title='bbox 2901 2257 3263 2324; x_wconf 85' lang='lat' dir='ltr'><strong>occasionem,</strong></span> <span class='ocrx_word' id='word_1_570' title='bbox 3321 2270 3447 2315; x_wconf 87' lang='lat' dir='ltr'><strong>cum</strong></span> <span class='ocrx_word' id='word_1_571' title='bbox 3496 2254 3554 2310; x_wconf 90' lang='lat' dir='ltr'><strong>in</strong></span> 
     </span>
    </p>
   </div>
   <div class='ocr_carea' id='block_1_75' title="bbox 1959 2348 3558 2425">
    <p class='ocr_par' dir='ltr' id='par_1_75' title="bbox 1959 2348 3558 2425">
     <span class='ocr_line' id='line_1_75' title="bbox 1959 2348 3558 2425; baseline -0.003 -18"><span class='ocrx_word' id='word_1_572' title='bbox 1959 2351 2132 2423; x_wconf 86' lang='lat' dir='ltr'><strong>teipse</strong></span> <span class='ocrx_word' id='word_1_573' title='bbox 2180 2351 2542 2425; x_wconf 87' lang='lat' dir='ltr'><strong>superbiente,</strong></span> <span class='ocrx_word' id='word_1_574' title='bbox 2603 2348 2883 2422; x_wconf 88' lang='lat' dir='ltr'><strong>Deumque</strong></span> <span class='ocrx_word' id='word_1_575' title='bbox 2929 2358 3081 2406; x_wconf 91' lang='lat' dir='ltr'><strong>tuum</strong></span> <span class='ocrx_word' id='word_1_576' title='bbox 3127 2357 3439 2420; x_wconf 86' lang='lat' dir='ltr'><strong>spernente,</strong></span> <span class='ocrx_word' id='word_1_577' title='bbox 3490 2360 3558 2403; x_wconf 91' lang='lat' dir='ltr'><strong>ac</strong></span> 
     </span>
    </p>
   </div>
   <div class='ocr_carea' id='block_1_76' title="bbox 1957 2440 3558 2513">
    <p class='ocr_par' dir='ltr' id='par_1_76' title="bbox 1957 2440 3558 2513">
     <span class='ocr_line' id='line_1_76' title="bbox 1957 2440 3558 2513; baseline -0.003 -14"><span class='ocrx_word' id='word_1_578' title='bbox 1957 2458 2056 2513; x_wconf 89' lang='lat' dir='ltr'><strong>per</strong></span> <span class='ocrx_word' id='word_1_579' title='bbox 2080 2444 2182 2499; x_wconf 85' lang='lat' dir='ltr'><strong>hoc</strong></span> <span class='ocrx_word' id='word_1_580' title='bbox 2202 2443 2507 2510; x_wconf 88' lang='lat' dir='ltr'><strong>deserente,</strong></span> <span class='ocrx_word' id='word_1_581' title='bbox 2538 2440 2819 2498; x_wconf 77' lang='lat' dir='ltr'><strong>faciendae</strong></span> <span class='ocrx_word' id='word_1_582' title='bbox 2842 2441 3083 2497; x_wconf 91' lang='lat' dir='ltr'><strong>mulieris</strong></span> <span class='ocrx_word' id='word_1_583' title='bbox 3111 2454 3276 2497; x_wconf 90' lang='lat' dir='ltr'><strong>causa</strong></span> <span class='ocrx_word' id='word_1_584' title='bbox 3303 2452 3558 2511; x_wconf 84' lang='lat' dir='ltr'><strong>praeces-</strong></span> 
     </span>
    </p>
   </div>
   <div class='ocr_carea' id='block_1_77' title="bbox 1957 2533 3555 2607">
    <p class='ocr_par' dir='ltr' id='par_1_77' title="bbox 1957 2533 3555 2607">
     <span class='ocr_line' id='line_1_77' title="bbox 1957 2533 3555 2607; baseline -0.002 -15"><span class='ocrx_word' id='word_1_585' title='bbox 1957 2536 2120 2592; x_wconf 85' lang='lat' dir='ltr'><strong>serit?</strong></span> <span class='ocrx_word' id='word_1_586' title='bbox 2142 2536 2296 2604; x_wconf 87' lang='lat' dir='ltr'><strong>Quod</strong></span> <span class='ocrx_word' id='word_1_587' title='bbox 2317 2537 2478 2591; x_wconf 87' lang='lat' dir='ltr'><strong>etiam</strong></span> <span class='ocrx_word' id='word_1_588' title='bbox 2501 2536 2682 2592; x_wconf 86' lang='lat' dir='ltr'><strong>divina</strong></span> <span class='ocrx_word' id='word_1_589' title='bbox 2704 2536 2877 2592; x_wconf 91' lang='lat' dir='ltr'><strong>ironia</strong></span> <span class='ocrx_word' id='word_1_590' title='bbox 2900 2534 3277 2607; x_wconf 63' lang='lat' dir='ltr'><strong>apertissime“</strong></span> <span class='ocrx_word' id='word_1_591' title='bbox 3291 2533 3555 2600; x_wconf 88' lang='lat' dir='ltr'><strong>declarat,</strong></span> 
     </span>
    </p>
   </div>
   <div class='ocr_carea' id='block_1_78' title="bbox 1956 2624 3556 2702">
    <p class='ocr_par' dir='ltr' id='par_1_78' title="bbox 1956 2624 3556 2702">
     <span class='ocr_line' id='line_1_78' title="bbox 1956 2624 3556 2702; baseline -0.003 -16"><span class='ocrx_word' id='word_1_592' title='bbox 1956 2646 2097 2702; x_wconf 88' lang='lat' dir='ltr'><strong>quae</strong></span> <span class='ocrx_word' id='word_1_593' title='bbox 2145 2629 2313 2685; x_wconf 91' lang='lat' dir='ltr'><strong>dicit:</strong></span> <span class='ocrx_word' id='word_1_594' title='bbox 2346 2626 2472 2683; x_wconf 89' lang='lat' dir='ltr'><strong>Non</strong></span> <span class='ocrx_word' id='word_1_595' title='bbox 2514 2639 2589 2684; x_wconf 86' lang='lat' dir='ltr'><strong>est</strong></span> <span class='ocrx_word' id='word_1_596' title='bbox 2620 2628 2810 2684; x_wconf 82' lang='lat' dir='ltr'><strong>bonum</strong></span> <span class='ocrx_word' id='word_1_597' title='bbox 2841 2628 3102 2685; x_wconf 79' lang='lat' dir='ltr'><strong>hominem</strong></span> <span class='ocrx_word' id='word_1_598' title='bbox 3147 2643 3256 2682; x_wconf 86' lang='lat' dir='ltr'><strong>esse</strong></span> <span class='ocrx_word' id='word_1_599' title='bbox 3304 2625 3477 2682; x_wconf 87' lang='lat' dir='ltr'><strong>solum</strong></span> <span class='ocrx_word' id='word_1_600' title='bbox 3508 2624 3556 2692; x_wconf 64' lang='grc' dir='ltr'><strong><em>ἰ</em></strong></span> 
     </span>
    </p>
   </div>
   <div class='ocr_carea' id='block_1_79' title="bbox 1956 2717 3551 2793">
    <p class='ocr_par' dir='ltr' id='par_1_79' title="bbox 1956 2717 3551 2793">
     <span class='ocr_line' id='line_1_79' title="bbox 1956 2717 3551 2793; baseline -0.004 -16"><span class='ocrx_word' id='word_1_601' title='bbox 1956 2720 2218 2793; x_wconf 74' lang='lat' dir='ltr'><strong>faciamus</strong></span> <span class='ocrx_word' id='word_1_602' title='bbox 2250 2720 2297 2773; x_wconf 89' lang='lat' dir='ltr'><strong>ei</strong></span> <span class='ocrx_word' id='word_1_603' title='bbox 2324 2718 2649 2789; x_wconf 84' lang='lat' dir='ltr'><strong>adjutorium</strong></span> <span class='ocrx_word' id='word_1_604' title='bbox 2677 2717 2867 2775; x_wconf 84' lang='lat' dir='ltr'><strong>simile.</strong></span> <span class='ocrx_word' id='word_1_605' title='bbox 2911 2718 2990 2774; x_wconf 85' lang='lat' dir='ltr'><strong>Ac</strong></span> <span class='ocrx_word' id='word_1_606' title='bbox 3023 2717 3069 2775; x_wconf 90' lang='lat' dir='ltr'><strong>si</strong></span> <span class='ocrx_word' id='word_1_607' title='bbox 3098 2723 3284 2790; x_wconf 82' lang='lat' dir='ltr'><strong>aperte</strong></span> <span class='ocrx_word' id='word_1_608' title='bbox 3312 2717 3551 2777; x_wconf 86' lang='lat' dir='ltr'><strong>diceret:</strong></span> 
     </span>
    </p>
   </div>
   <div class='ocr_carea' id='block_1_80' title="bbox 1956 2806 3558 2882">
    <p class='ocr_par' dir='ltr' id='par_1_80' title="bbox 1956 2806 3558 2882">
     <span class='ocr_line' id='line_1_80' title="bbox 1956 2806 3558 2882; baseline -0.003 -14"><span class='ocrx_word' id='word_1_609' title='bbox 1956 2828 2065 2869; x_wconf 93' lang='lat' dir='ltr'><strong>non</strong></span> <span class='ocrx_word' id='word_1_610' title='bbox 2091 2813 2306 2868; x_wconf 89' lang='lat' dir='ltr'><strong>videtur</strong></span> <span class='ocrx_word' id='word_1_611' title='bbox 2330 2811 2556 2875; x_wconf 87' lang='lat' dir='ltr'><strong>homini,</strong></span> <span class='ocrx_word' id='word_1_612' title='bbox 2586 2825 2750 2881; x_wconf 89' lang='lat' dir='ltr'><strong>quem</strong></span> <span class='ocrx_word' id='word_1_613' title='bbox 2794 2811 2862 2866; x_wconf 91' lang='lat' dir='ltr'><strong>ad</strong></span> <span class='ocrx_word' id='word_1_614' title='bbox 2901 2809 3193 2882; x_wconf 87' lang='lat' dir='ltr'><strong>imaginem</strong></span> <span class='ocrx_word' id='word_1_615' title='bbox 3220 2817 3276 2863; x_wconf 90' lang='lat' dir='ltr'><strong>et</strong></span> <span class='ocrx_word' id='word_1_616' title='bbox 3302 2806 3558 2864; x_wconf 90' lang='lat' dir='ltr'><strong>similitu-</strong></span> 
     </span>
    </p>
   </div>
   <div class='ocr_carea' id='block_1_81' title="bbox 1959 2898 3554 2967">
    <p class='ocr_par' dir='ltr' id='par_1_81' title="bbox 1959 2898 3554 2967">
     <span class='ocr_line' id='line_1_81' title="bbox 1959 2898 3554 2967; baseline -0.003 -9"><span class='ocrx_word' id='word_1_617' title='bbox 1959 2902 2138 2959; x_wconf 89' lang='lat' dir='ltr'><strong>dinem</strong></span> <span class='ocrx_word' id='word_1_618' title='bbox 2170 2910 2411 2958; x_wconf 88' lang='lat' dir='ltr'><strong>nostram</strong></span> <span class='ocrx_word' id='word_1_619' title='bbox 2443 2900 2691 2967; x_wconf 85' lang='lat' dir='ltr'><strong>fecimus,</strong></span> <span class='ocrx_word' id='word_1_620' title='bbox 2724 2901 2929 2956; x_wconf 88' lang='lat' dir='ltr'><strong>bonum</strong></span> <span class='ocrx_word' id='word_1_621' title='bbox 2958 2914 3080 2957; x_wconf 90' lang='lat' dir='ltr'><strong>esse</strong></span> <span class='ocrx_word' id='word_1_622' title='bbox 3107 2898 3301 2966; x_wconf 88' lang='lat' dir='ltr'><strong>solum,</strong></span> <span class='ocrx_word' id='word_1_623' title='bbox 3336 2898 3440 2954; x_wconf 86' lang='lat' dir='ltr'><strong>hoc</strong></span> <span class='ocrx_word' id='word_1_624' title='bbox 3467 2905 3554 2954; x_wconf 89' lang='lat' dir='ltr'><strong>est</strong></span> 
     </span>
    </p>
   </div>
   <div class='ocr_carea' id='block_1_82' title="bbox 1957 2992 3663 3069">
    <p class='ocr_par' dir='ltr' id='par_1_82' title="bbox 1957 2992 3663 3069">
     <span class='ocr_line' id='line_1_82' title="bbox 1957 2992 3663 3069; baseline -0.002 -16"><span class='ocrx_word' id='word_1_625' title='bbox 1957 2997 2254 3069; x_wconf 88' lang='lat' dir='ltr'><strong>simplicem</strong></span> <span class='ocrx_word' id='word_1_626' title='bbox 2300 3005 2463 3068; x_wconf 89' lang='lat' dir='ltr'><strong>atque</strong></span> <span class='ocrx_word' id='word_1_627' title='bbox 2495 2995 2828 3068; x_wconf 86' lang='lat' dir='ltr'><strong>perfectum,</strong></span> <span class='ocrx_word' id='word_1_628' title='bbox 2860 2994 3342 3066; x_wconf 85' lang='lat' dir='ltr'><strong>universaliterque</strong></span> <span class='ocrx_word' id='word_1_629' title='bbox 3364 2994 3481 3052; x_wconf 89' lang='lat' dir='ltr'><strong>sine</strong></span> <span class='ocrx_word' id='word_1_630' title='bbox 3510 2992 3555 3027; x_wconf 77' lang='lat'><strong>“</strong></span> <span class='ocrx_word' id='word_1_631' title='bbox 3652 3062 3663 3069; x_wconf 27' lang='grc' dir='ltr'>ι</span> 
     </span>
    </p>
   </div>
   <div class='ocr_carea' id='block_1_83' title="bbox 1956 3089 3549 3160">
    <p class='ocr_par' dir='ltr' id='par_1_83' title="bbox 1956 3089 3549 3160">
     <span class='ocr_line' id='line_1_83' title="bbox 1956 3089 3549 3160; baseline -0.001 -14"><span class='ocrx_word' id='word_1_632' title='bbox 1956 3091 2221 3148; x_wconf 87' lang='lat' dir='ltr'><strong>divisione</strong></span> <span class='ocrx_word' id='word_1_633' title='bbox 2249 3100 2475 3147; x_wconf 87' lang='lat' dir='ltr'><strong>naturae</strong></span> <span class='ocrx_word' id='word_1_634' title='bbox 2505 3090 2560 3146; x_wconf 90' lang='lat' dir='ltr'><strong>in</strong></span> <span class='ocrx_word' id='word_1_635' title='bbox 2603 3105 2766 3147; x_wconf 77' lang='lat' dir='ltr'><strong>sexus</strong></span> <span class='ocrx_word' id='word_1_636' title='bbox 2812 3091 2880 3146; x_wconf 90' lang='lat' dir='ltr'><strong>ad</strong></span> <span class='ocrx_word' id='word_1_637' title='bbox 2928 3089 3339 3153; x_wconf 87' lang='lat' dir='ltr'><strong>similitudinem</strong></span> <span class='ocrx_word' id='word_1_638' title='bbox 3383 3101 3549 3160; x_wconf 86' lang='lat' dir='ltr'><strong>ange-</strong></span> 
     </span>
    </p>
   </div>
   <div class='ocr_carea' id='block_1_84' title="bbox 1958 3180 3553 3254">
    <p class='ocr_par' dir='ltr' id='par_1_84' title="bbox 1958 3180 3553 3254">
     <span class='ocr_line' id='line_1_84' title="bbox 1958 3180 3553 3254; baseline 0.001 -18"><span class='ocrx_word' id='word_1_639' title='bbox 1958 3180 2092 3238; x_wconf 90' lang='lat' dir='ltr'><strong>licae</strong></span> <span class='ocrx_word' id='word_1_640' title='bbox 2115 3189 2342 3238; x_wconf 90' lang='lat' dir='ltr'><strong>naturae</strong></span> <span class='ocrx_word' id='word_1_641' title='bbox 2363 3180 2666 3239; x_wconf 89' lang='lat' dir='ltr'><strong>absolutum</strong></span> <span class='ocrx_word' id='word_1_642' title='bbox 2688 3195 3028 3253; x_wconf 90' lang='lat' dir='ltr'><strong>permanere,</strong></span> <span class='ocrx_word' id='word_1_643' title='bbox 3054 3183 3147 3237; x_wconf 90' lang='lat' dir='ltr'><strong>sed</strong></span> <span class='ocrx_word' id='word_1_644' title='bbox 3176 3195 3405 3254; x_wconf 89' lang='lat' dir='ltr'><strong>pronum</strong></span> <span class='ocrx_word' id='word_1_645' title='bbox 3427 3194 3553 3252; x_wconf 91' lang='lat' dir='ltr'><strong>pro-</strong></span> 
     </span>
    </p>
   </div>
   <div class='ocr_carea' id='block_1_85' title="bbox 1955 3274 3549 3347">
    <p class='ocr_par' dir='ltr' id='par_1_85' title="bbox 1955 3274 3549 3347">
     <span class='ocr_line' id='line_1_85' title="bbox 1955 3274 3549 3347; baseline -0.001 -17"><span class='ocrx_word' id='word_1_646' title='bbox 1955 3274 2262 3347; x_wconf 90' lang='lat' dir='ltr'><strong>clivumque</strong></span> <span class='ocrx_word' id='word_1_647' title='bbox 2303 3275 2344 3305; x_wconf 81' lang='grc'><strong>¹¹</strong></span> <span class='ocrx_word' id='word_1_648' title='bbox 2384 3275 2452 3331; x_wconf 91' lang='lat' dir='ltr'><strong>ad</strong></span> <span class='ocrx_word' id='word_1_649' title='bbox 2490 3282 2738 3330; x_wconf 89' lang='lat' dir='ltr'><strong>terrenos</strong></span> <span class='ocrx_word' id='word_1_650' title='bbox 2771 3275 2947 3332; x_wconf 89' lang='lat' dir='ltr'><strong>coitus</strong></span> <span class='ocrx_word' id='word_1_651' title='bbox 2973 3274 3176 3344; x_wconf 89' lang='lat' dir='ltr'><strong>pariter</strong></span> <span class='ocrx_word' id='word_1_652' title='bbox 3198 3289 3320 3331; x_wconf 90' lang='lat' dir='ltr'><strong>cum</strong></span> <span class='ocrx_word' id='word_1_653' title='bbox 3360 3274 3549 3331; x_wconf 85' lang='lat' dir='ltr'><strong>bestiis</strong></span> 
     </span>
    </p>
   </div>
   <div class='ocr_carea' id='block_1_86' title="bbox 1954 3365 3551 3439">
    <p class='ocr_par' dir='ltr' id='par_1_86' title="bbox 1954 3365 3551 3439">
     <span class='ocr_line' id='line_1_86' title="bbox 1954 3365 3551 3439; baseline -0.001 -17"><span class='ocrx_word' id='word_1_654' title='bbox 1954 3382 2131 3435; x_wconf 88' lang='lat' dir='ltr'><strong>ruere,</strong></span> <span class='ocrx_word' id='word_1_655' title='bbox 2156 3382 2221 3424; x_wconf 90' lang='lat' dir='ltr'><strong>ac</strong></span> <span class='ocrx_word' id='word_1_656' title='bbox 2248 3367 2327 3423; x_wconf 92' lang='lat' dir='ltr'><strong>sic</strong></span> <span class='ocrx_word' id='word_1_657' title='bbox 2355 3367 2398 3399; x_wconf 80' lang='lat'>“</span> <span class='ocrx_word' id='word_1_658' title='bbox 2426 3367 2687 3425; x_wconf 86' lang='lat' dir='ltr'><strong>unitatem</strong></span> <span class='ocrx_word' id='word_1_659' title='bbox 2712 3375 2940 3427; x_wconf 83' lang='lat' dir='ltr'><strong>naturae</strong></span> <span class='ocrx_word' id='word_1_660' title='bbox 2958 3381 3056 3439; x_wconf 90' lang='lat' dir='ltr'><strong>per</strong></span> <span class='ocrx_word' id='word_1_661' title='bbox 3080 3365 3354 3422; x_wconf 88' lang='lat' dir='ltr'><strong>carnalem</strong></span> <span class='ocrx_word' id='word_1_662' title='bbox 3388 3380 3551 3437; x_wconf 80' lang='lat' dir='ltr'><strong>gene-</strong></span> 
     </span>
    </p>
   </div>
   <div class='ocr_carea' id='block_1_87' title="bbox 1955 3459 3547 3532">
    <p class='ocr_par' dir='ltr' id='par_1_87' title="bbox 1955 3459 3547 3532">
     <span class='ocr_line' id='line_1_87' title="bbox 1955 3459 3547 3532; baseline -0.001 -16"><span class='ocrx_word' id='word_1_663' title='bbox 1955 3464 2221 3521; x_wconf 88' lang='lat' dir='ltr'><strong>rationem</strong></span> <span class='ocrx_word' id='word_1_664' title='bbox 2249 3476 2517 3531; x_wconf 80' lang='lat' dir='ltr'><strong>sexusque</strong></span> <span class='ocrx_word' id='word_1_665' title='bbox 2548 3475 2840 3532; x_wconf 80' lang='lat' dir='ltr'><strong>corporeus</strong></span> <span class='ocrx_word' id='word_1_666' title='bbox 2865 3459 3201 3518; x_wconf 85' lang='lat' dir='ltr'><strong>seminaliter</strong></span> <span class='ocrx_word' id='word_1_667' title='bbox 3222 3459 3547 3530; x_wconf 57' lang='lat' dir='ltr'><strong>multiplica.</strong></span> 
     </span>
    </p>
   </div>
   <div class='ocr_carea' id='block_1_88' title="bbox 1956 3550 3548 3623">
    <p class='ocr_par' dir='ltr' id='par_1_88' title="bbox 1956 3550 3548 3623">
     <span class='ocr_line' id='line_1_88' title="bbox 1956 3550 3548 3623; baseline -0.001 -15"><span class='ocrx_word' id='word_1_668' title='bbox 1956 3570 2033 3621; x_wconf 84' lang='lat' dir='ltr'><strong>re,</strong></span> <span class='ocrx_word' id='word_1_669' title='bbox 2069 3553 2378 3610; x_wconf 85' lang='lat' dir='ltr'><strong>caelestium</strong></span> <span class='ocrx_word' id='word_1_670' title='bbox 2420 3567 2771 3611; x_wconf 87' lang='lat' dir='ltr'><strong>numerorum</strong></span> <span class='ocrx_word' id='word_1_671' title='bbox 2802 3551 3262 3623; x_wconf 86' lang='lat' dir='ltr'><strong>multiplicationis</strong></span> <span class='ocrx_word' id='word_1_672' title='bbox 3288 3550 3548 3623; x_wconf 84' lang='lat' dir='ltr'><strong>dignitate</strong></span> 
     </span>
    </p>
   </div>
   <div class='ocr_carea' id='block_1_89' title="bbox 1953 3642 3550 3719">
    <p class='ocr_par' dir='ltr' id='par_1_89' title="bbox 1953 3642 3550 3719">
     <span class='ocr_line' id='line_1_89' title="bbox 1953 3642 3550 3719; baseline -0.004 -15"><span class='ocrx_word' id='word_1_673' title='bbox 1953 3655 2279 3719; x_wconf 89' lang='lat' dir='ltr'><strong>contempta.</strong></span> <span class='ocrx_word' id='word_1_674' title='bbox 2296 3646 2580 3703; x_wconf 82' lang='lat' dir='ltr'><strong>Faciamus</strong></span> <span class='ocrx_word' id='word_1_675' title='bbox 2592 3660 2723 3716; x_wconf 88' lang='lat' dir='ltr'><strong>ergo</strong></span> <span class='ocrx_word' id='word_1_676' title='bbox 2734 3645 2784 3701; x_wconf 89' lang='lat' dir='ltr'><strong>ei</strong></span> <span class='ocrx_word' id='word_1_677' title='bbox 2798 3645 3122 3717; x_wconf 81' lang='lat' dir='ltr'><strong>adiutorium</strong></span> <span class='ocrx_word' id='word_1_678' title='bbox 3139 3644 3333 3710; x_wconf 90' lang='lat' dir='ltr'><strong>simile,</strong></span> <span class='ocrx_word' id='word_1_679' title='bbox 3350 3658 3458 3714; x_wconf 93' lang='lat' dir='ltr'><strong>quo</strong></span> <span class='ocrx_word' id='word_1_680' title='bbox 3474 3642 3550 3707; x_wconf 89' lang='lat' dir='ltr'><strong>id,</strong></span> 
     </span>
    </p>
   </div>
   <div class='ocr_carea' id='block_1_90' title="bbox 1953 3735 3549 3812">
    <p class='ocr_par' dir='ltr' id='par_1_90' title="bbox 1953 3735 3549 3812">
     <span class='ocr_line' id='line_1_90' title="bbox 1953 3735 3549 3812; baseline -0.004 -17"><span class='ocrx_word' id='word_1_681' title='bbox 1953 3741 2096 3811; x_wconf 90' lang='lat' dir='ltr'><strong>quod</strong></span> <span class='ocrx_word' id='word_1_682' title='bbox 2112 3739 2335 3812; x_wconf 88' lang='lat' dir='ltr'><strong>appetit,</strong></span> <span class='ocrx_word' id='word_1_683' title='bbox 2353 3753 2611 3811; x_wconf 86' lang='lat' dir='ltr'><strong>peragere</strong></span> <span class='ocrx_word' id='word_1_684' title='bbox 2631 3738 2825 3809; x_wconf 88' lang='lat' dir='ltr'><strong>possit,</strong></span> <span class='ocrx_word' id='word_1_685' title='bbox 2849 3736 3106 3797; x_wconf 83' lang='lat' dir='ltr'><strong>feminam</strong></span> <span class='ocrx_word' id='word_1_686' title='bbox 3122 3735 3392 3801; x_wconf 88' lang='lat' dir='ltr'><strong>videlicet,</strong></span> <span class='ocrx_word' id='word_1_687' title='bbox 3410 3747 3549 3804; x_wconf 85' lang='lat' dir='ltr'><strong>quae</strong></span> 
     </span>
    </p>
   </div>
   <div class='ocr_carea' id='block_1_91' title="bbox 1954 3828 3547 3901">
    <p class='ocr_par' dir='ltr' id='par_1_91' title="bbox 1954 3828 3547 3901">
     <span class='ocr_line' id='line_1_91' title="bbox 1954 3828 3547 3901; baseline -0.007 -10"><span class='ocrx_word' id='word_1_688' title='bbox 1954 3833 2228 3896; x_wconf 88' lang='lat' dir='ltr'><strong>similiter,</strong></span> <span class='ocrx_word' id='word_1_689' title='bbox 2259 3840 2319 3886; x_wconf 89' lang='lat' dir='ltr'><strong>ut</strong></span> <span class='ocrx_word' id='word_1_690' title='bbox 2343 3830 2635 3895; x_wconf 86' lang='lat' dir='ltr'><strong>masculus,</strong></span> <span class='ocrx_word' id='word_1_691' title='bbox 2677 3828 2884 3901; x_wconf 88' lang='lat' dir='ltr'><strong>fragilis</strong></span> <span class='ocrx_word' id='word_1_692' title='bbox 2918 3843 2983 3893; x_wconf 83' lang='lat' dir='ltr'><strong>ac</strong></span> <span class='ocrx_word' id='word_1_693' title='bbox 3013 3828 3252 3894; x_wconf 88' lang='lat' dir='ltr'><strong>lubrica,</strong></span> <span class='ocrx_word' id='word_1_694' title='bbox 3303 3836 3547 3882; x_wconf 87' lang='lat' dir='ltr'><strong>terrenas</strong></span> 
     </span>
    </p>
   </div>
   <div class='ocr_carea' id='block_1_92' title="bbox 1954 3916 3545 3996">
    <p class='ocr_par' dir='ltr' id='par_1_92' title="bbox 1954 3916 3545 3996">
     <span class='ocr_line' id='line_1_92' title="bbox 1954 3916 3545 3996; baseline -0.006 -16"><span class='ocrx_word' id='word_1_695' title='bbox 1954 3931 2173 3996; x_wconf 87' lang='lat' dir='ltr'><strong>appetat</strong></span> <span class='ocrx_word' id='word_1_696' title='bbox 2210 3920 2697 3992; x_wconf 75' lang='lat' dir='ltr'><strong>concupiscentiae.</strong></span> <span class='ocrx_word' id='word_1_697' title='bbox 2730 3919 2800 3975; x_wconf 84' lang='lat' dir='ltr'><strong>Et</strong></span> <span class='ocrx_word' id='word_1_698' title='bbox 2836 3919 2940 3987; x_wconf 83' lang='lat' dir='ltr'><strong>hoc</strong></span> <span class='ocrx_word' id='word_1_699' title='bbox 2969 3927 3074 3984; x_wconf 91' lang='lat' dir='ltr'><strong>est,</strong></span> <span class='ocrx_word' id='word_1_700' title='bbox 3103 3918 3248 3990; x_wconf 84' lang='lat' dir='ltr'><strong>quod</strong></span> <span class='ocrx_word' id='word_1_701' title='bbox 3277 3932 3376 3988; x_wconf 90' lang='lat' dir='ltr'><strong>per</strong></span> <span class='ocrx_word' id='word_1_702' title='bbox 3402 3916 3545 3972; x_wconf 84' lang='lat' dir='ltr'><strong>anti-</strong></span> 
     </span>
    </p>
   </div>
   <div class='ocr_carea' id='block_1_93' title="bbox 1955 4008 3542 4088">
    <p class='ocr_par' dir='ltr' id='par_1_93' title="bbox 1955 4008 3542 4088">
     <span class='ocr_line' id='line_1_93' title="bbox 1955 4008 3542 4088; baseline -0.006 -13"><span class='ocrx_word' id='word_1_703' title='bbox 1955 4017 2284 4088; x_wconf 86' lang='lat' dir='ltr'><strong>cipationem</strong></span> <span class='ocrx_word' id='word_1_704' title='bbox 2329 4012 2610 4084; x_wconf 86' lang='lat' dir='ltr'><strong>Scriptura</strong></span> <span class='ocrx_word' id='word_1_705' title='bbox 2640 4010 2851 4084; x_wconf 88' lang='lat' dir='ltr'><strong>profert</strong></span> <span class='ocrx_word' id='word_1_706' title='bbox 2894 4010 3081 4077; x_wconf 84' lang='lat' dir='ltr'><strong>dicens</strong></span> <span class='ocrx_word' id='word_1_707' title='bbox 3112 4028 3124 4064; x_wconf 90' lang='lat'><strong>:</strong></span> <span class='ocrx_word' id='word_1_708' title='bbox 3156 4008 3455 4075; x_wconf 77' lang='lat' dir='ltr'><strong>Masculum</strong></span> <span class='ocrx_word' id='word_1_709' title='bbox 3492 4017 3542 4065; x_wconf 74' lang='lat' dir='ltr'><strong>at</strong></span> 
     </span>
    </p>
   </div>
   <div class='ocr_carea' id='block_1_94' title="bbox 1954 4100 3537 4180">
    <p class='ocr_par' dir='ltr' id='par_1_94' title="bbox 1954 4100 3537 4180">
     <span class='ocr_line' id='line_1_94' title="bbox 1954 4100 3537 4180; baseline -0.005 -17"><span class='ocrx_word' id='word_1_710' title='bbox 1954 4108 2204 4180; x_wconf 73' lang='lat' dir='ltr'><strong>feminam</strong></span> <span class='ocrx_word' id='word_1_711' title='bbox 2229 4105 2351 4177; x_wconf 81' lang='lat' dir='ltr'><strong>fecit</strong></span> <span class='ocrx_word' id='word_1_712' title='bbox 2375 4120 2485 4171; x_wconf 82' lang='lat' dir='ltr'><strong>eos,</strong></span> <span class='ocrx_word' id='word_1_713' title='bbox 2518 4117 2645 4160; x_wconf 83' lang='lat' dir='ltr'><strong>vasa</strong></span> <span class='ocrx_word' id='word_1_714' title='bbox 2674 4101 2924 4169; x_wconf 85' lang='lat' dir='ltr'><strong>videlicet</strong></span> <span class='ocrx_word' id='word_1_715' title='bbox 2951 4100 3321 4174; x_wconf 80' lang='lat' dir='ltr'><strong>procreandae</strong></span> <span class='ocrx_word' id='word_1_716' title='bbox 3342 4114 3537 4155; x_wconf 83' lang='lat' dir='ltr'><strong>carna-</strong></span> 
     </span>
    </p>
   </div>
   <div class='ocr_carea' id='block_1_95' title="bbox 1956 4190 3535 4273">
    <p class='ocr_par' dir='ltr' id='par_1_95' title="bbox 1956 4190 3535 4273">
     <span class='ocr_line' id='line_1_95' title="bbox 1956 4190 3535 4273; baseline -0.008 -15"><span class='ocrx_word' id='word_1_717' title='bbox 1956 4202 2082 4261; x_wconf 89' lang='lat' dir='ltr'><strong>liter</strong></span> <span class='ocrx_word' id='word_1_718' title='bbox 2104 4202 2148 4236; x_wconf 81' lang='lat'>“</span> <span class='ocrx_word' id='word_1_719' title='bbox 2177 4200 2365 4273; x_wconf 84' lang='lat' dir='ltr'><strong>prolis,</strong></span> <span class='ocrx_word' id='word_1_720' title='bbox 2392 4206 2575 4272; x_wconf 87' lang='lat' dir='ltr'><strong>spreta</strong></span> <span class='ocrx_word' id='word_1_721' title='bbox 2602 4197 2863 4271; x_wconf 84' lang='lat' dir='ltr'><strong>dignitate</strong></span> <span class='ocrx_word' id='word_1_722' title='bbox 2909 4195 3124 4252; x_wconf 85' lang='lat' dir='ltr'><strong>divinae</strong></span> <span class='ocrx_word' id='word_1_723' title='bbox 3149 4190 3402 4264; x_wconf 87' lang='lat' dir='ltr'><strong>imaginis</strong></span> <span class='ocrx_word' id='word_1_724' title='bbox 3424 4191 3535 4259; x_wconf 86' lang='lat' dir='ltr'><strong>spi-</strong></span> 
     </span>
    </p>
   </div>
   <div class='ocr_carea' id='block_1_96' title="bbox 1955 4281 3542 4364">
    <p class='ocr_par' dir='ltr' id='par_1_96' title="bbox 1955 4281 3542 4364">
     <span class='ocr_line' id='line_1_96' title="bbox 1955 4281 3542 4364; baseline -0.011 -12"><span class='ocrx_word' id='word_1_725' title='bbox 1955 4294 2271 4364; x_wconf 89' lang='lat' dir='ltr'><strong>ritualisque</strong></span> <span class='ocrx_word' id='word_1_726' title='bbox 2321 4289 2745 4349; x_wconf 87' lang='lat' dir='ltr'><strong>numerositatis.</strong></span> <span class='ocrx_word' id='word_1_727' title='bbox 2795 4286 2908 4344; x_wconf 88' lang='lat' dir='ltr'><strong>Cur</strong></span> <span class='ocrx_word' id='word_1_728' title='bbox 2963 4286 3149 4357; x_wconf 88' lang='lat' dir='ltr'><strong>itaque</strong></span> <span class='ocrx_word' id='word_1_729' title='bbox 3201 4281 3542 4355; x_wconf 81' lang='lat' dir='ltr'><strong>praevarica-</strong></span> 
     </span>
    </p>
   </div>
   <div class='ocr_carea' id='block_1_97' title="bbox 1957 4375 3538 4456">
    <p class='ocr_par' dir='ltr' id='par_1_97' title="bbox 1957 4375 3538 4456">
     <span class='ocr_line' id='line_1_97' title="bbox 1957 4375 3538 4456; baseline -0.009 -11"><span class='ocrx_word' id='word_1_730' title='bbox 1957 4390 2119 4446; x_wconf 88' lang='lat' dir='ltr'><strong>tionis</strong></span> <span class='ocrx_word' id='word_1_731' title='bbox 2148 4397 2273 4445; x_wconf 90' lang='lat' dir='ltr'><strong>tuae</strong></span> <span class='ocrx_word' id='word_1_732' title='bbox 2312 4399 2554 4452; x_wconf 84' lang='lat' dir='ltr'><strong>causam,</strong></span> <span class='ocrx_word' id='word_1_733' title='bbox 2584 4397 2724 4456; x_wconf 88' lang='lat' dir='ltr'><strong>quae</strong></span> <span class='ocrx_word' id='word_1_734' title='bbox 2767 4382 2824 4443; x_wconf 89' lang='lat' dir='ltr'><strong>in</strong></span> <span class='ocrx_word' id='word_1_735' title='bbox 2866 4380 3097 4453; x_wconf 85' lang='lat' dir='ltr'><strong>teipsum</strong></span> <span class='ocrx_word' id='word_1_736' title='bbox 3125 4378 3451 4447; x_wconf 77' lang='lat' dir='ltr'><strong>refunditur,</strong></span> <span class='ocrx_word' id='word_1_737' title='bbox 3486 4375 3538 4431; x_wconf 92' lang='lat' dir='ltr'><strong>in</strong></span> 
     </span>
    </p>
   </div>
   <div class='ocr_carea' id='block_1_98' title="bbox 1956 4467 3536 4553">
    <p class='ocr_par' dir='ltr' id='par_1_98' title="bbox 1956 4467 3536 4553">
     <span class='ocr_line' id='line_1_98' title="bbox 1956 4467 3536 4553; baseline -0.009 -15"><span class='ocrx_word' id='word_1_738' title='bbox 1956 4481 2260 4549; x_wconf 82' lang='lat' dir='ltr'><strong>mulierem,</strong></span> <span class='ocrx_word' id='word_1_739' title='bbox 2287 4494 2452 4553; x_wconf 79' lang='lat' dir='ltr'><strong>quam</strong></span> <span class='ocrx_word' id='word_1_740' title='bbox 2481 4476 2580 4539; x_wconf 89' lang='lat' dir='ltr'><strong>tibi</strong></span> <span class='ocrx_word' id='word_1_741' title='bbox 2608 4475 2835 4543; x_wconf 80' lang='lat' dir='ltr'><strong>Greater</strong></span> <span class='ocrx_word' id='word_1_742' title='bbox 2861 4482 2985 4531; x_wconf 89' lang='lat' dir='ltr'><strong>tuus</strong></span> <span class='ocrx_word' id='word_1_743' title='bbox 3006 4472 3172 4541; x_wconf 82' lang='lat' dir='ltr'><strong>dedit,</strong></span> <span class='ocrx_word' id='word_1_744' title='bbox 3199 4470 3286 4535; x_wconf 85' lang='lat' dir='ltr'><strong>vel</strong></span> <span class='ocrx_word' id='word_1_745' title='bbox 3312 4477 3460 4538; x_wconf 86' lang='lat' dir='ltr'><strong>certe</strong></span> <span class='ocrx_word' id='word_1_746' title='bbox 3480 4467 3536 4523; x_wconf 90' lang='lat' dir='ltr'><strong>in</strong></span> 
     </span>
    </p>
   </div>
   <div class='ocr_carea' id='block_1_99' title="bbox 1958 4560 3543 4657">
    <p class='ocr_par' dir='ltr' id='par_1_99' title="bbox 1958 4560 3543 4657">
     <span class='ocr_line' id='line_1_99' title="bbox 1958 4560 3543 4657; baseline -0.011 -26"><span class='ocrx_word' id='word_1_747' title='bbox 1958 4573 2133 4647; x_wconf 86' lang='lat' dir='ltr'><strong>ipsum</strong></span> <span class='ocrx_word' id='word_1_748' title='bbox 2182 4571 2497 4635; x_wconf 87' lang='lat' dir='ltr'><strong>Creatorem</strong></span> <span class='ocrx_word' id='word_1_749' title='bbox 2545 4581 2827 4657; x_wconf 75' lang='lat' dir='ltr'><strong>remqvere</strong></span> <span class='ocrx_word' id='word_1_750' title='bbox 2864 4564 3118 4627; x_wconf 82' lang='lat' dir='ltr'><strong>conaris?</strong></span> <span class='ocrx_word' id='word_1_751' title='bbox 3171 4561 3319 4619; x_wconf 88' lang='lat' dir='ltr'><strong>Talis</strong></span> <span class='ocrx_word' id='word_1_752' title='bbox 3363 4560 3543 4657; x_wconf 73' lang='lat' dir='ltr'><strong>itaque</strong></span> 
     </span>
    </p>
   </div>
   <div class='ocr_carea' id='block_1_100' title="bbox 1960 4653 3623 4731">
    <p class='ocr_par' dir='ltr' id='par_1_100' title="bbox 1960 4653 3623 4731">
     <span class='ocr_line' id='line_1_100' title="bbox 1960 4653 3623 4731; baseline -0.012 -6"><span class='ocrx_word' id='word_1_753' title='bbox 1960 4668 2189 4725; x_wconf 89' lang='lat' dir='ltr'><strong>remotio</strong></span> <span class='ocrx_word' id='word_1_754' title='bbox 2225 4665 2470 4722; x_wconf 88' lang='lat' dir='ltr'><strong>criminis</strong></span> <span class='ocrx_word' id='word_1_755' title='bbox 2503 4662 2581 4731; x_wconf 88' lang='lat' dir='ltr'><strong>nil</strong></span> <span class='ocrx_word' id='word_1_756' title='bbox 2618 4653 2948 4729; x_wconf 84' lang='lat' dir='ltr'><strong>defensionis</strong></span> <span class='ocrx_word' id='word_1_757' title='bbox 2980 4656 3232 4724; x_wconf 83' lang='lat' dir='ltr'><strong>contulit,</strong></span> <span class='ocrx_word' id='word_1_758' title='bbox 3260 4653 3537 4712; x_wconf 89' lang='lat' dir='ltr'><strong>cumulum</strong></span> <span class='ocrx_word' id='word_1_759' title='bbox 3613 4684 3623 4711; x_wconf 63' lang='lat'><strong>,</strong></span> 
     </span>
    </p>
   </div>
   <div class='ocr_carea' id='block_1_101' title="bbox 1960 4747 3544 4829">
    <p class='ocr_par' dir='ltr' id='par_1_101' title="bbox 1960 4747 3544 4829">
     <span class='ocr_line' id='line_1_101' title="bbox 1960 4747 3544 4829; baseline -0.01 -11"><span class='ocrx_word' id='word_1_760' title='bbox 1960 4778 2088 4829; x_wconf 86' lang='lat' dir='ltr'><strong>vero</strong></span> <span class='ocrx_word' id='word_1_761' title='bbox 2128 4759 2492 4819; x_wconf 87' lang='lat' dir='ltr'><strong>damnationis</strong></span> <span class='ocrx_word' id='word_1_762' title='bbox 2538 4754 2900 4828; x_wconf 75' lang='lat' dir='ltr'><strong>exaggeravit.</strong></span> <span class='ocrx_word' id='word_1_763' title='bbox 2962 4752 3070 4809; x_wconf 90' lang='lat' dir='ltr'><strong>Sed</strong></span> <span class='ocrx_word' id='word_1_764' title='bbox 3122 4748 3375 4808; x_wconf 81' lang='lat' dir='ltr'><strong>fortassis</strong></span> <span class='ocrx_word' id='word_1_765' title='bbox 3421 4747 3544 4820; x_wconf 88' lang='lat' dir='ltr'><strong>quis</strong></span> 
     </span>
    </p>
   </div>
   <div class='ocr_carea' id='block_1_102' title="bbox 1955 4844 3544 4927">
    <p class='ocr_par' dir='ltr' id='par_1_102' title="bbox 1955 4844 3544 4927">
     <span class='ocr_line' id='line_1_102' title="bbox 1955 4844 3544 4927; baseline -0.008 -14"><span class='ocrx_word' id='word_1_766' title='bbox 1955 4856 2118 4922; x_wconf 86' lang='lat' dir='ltr'><strong>dicat,</strong></span> <span class='ocrx_word' id='word_1_767' title='bbox 2141 4854 2284 4927; x_wconf 88' lang='lat' dir='ltr'><strong>quod</strong></span> <span class='ocrx_word' id='word_1_768' title='bbox 2304 4868 2403 4911; x_wconf 89' lang='lat' dir='ltr'><strong>nos</strong></span> <span class='ocrx_word' id='word_1_769' title='bbox 2427 4852 2469 4884; x_wconf 67' lang='grc' dir='ltr'>ιδ</span> <span class='ocrx_word' id='word_1_770' title='bbox 2492 4850 2796 4923; x_wconf 86' lang='lat' dir='ltr'><strong>coniugium</strong></span> <span class='ocrx_word' id='word_1_771' title='bbox 2816 4848 3091 4922; x_wconf 85' lang='lat' dir='ltr'><strong>prolisque</strong></span> <span class='ocrx_word' id='word_1_772' title='bbox 3109 4844 3544 4920; x_wconf 85' lang='lat' dir='ltr'><strong>procreationem</strong></span> 
     </span>
    </p>
   </div>
   <div class='ocr_carea' id='block_1_103' title="bbox 1912 4928 3585 5018">
    <p class='ocr_par' dir='ltr' id='par_1_103' title="bbox 1912 4928 3585 5018">
     <span class='ocr_line' id='line_1_103' title="bbox 1912 4928 3585 5018; baseline -0.006 -20"><span class='ocrx_word' id='word_1_773' title='bbox 1912 4992 1917 4998; x_wconf 89' lang='lat'><strong>.</strong></span> <span class='ocrx_word' id='word_1_774' title='bbox 1955 4946 2418 5018; x_wconf 88' lang='lat' dir='ltr'><strong>reprehendimus,</strong></span> <span class='ocrx_word' id='word_1_775' title='bbox 2442 4943 2571 4999; x_wconf 89' lang='lat' dir='ltr'><strong>dum</strong></span> <span class='ocrx_word' id='word_1_776' title='bbox 2593 4941 2911 4998; x_wconf 87' lang='lat' dir='ltr'><strong>divisionem</strong></span> <span class='ocrx_word' id='word_1_777' title='bbox 2946 4950 3174 4996; x_wconf 90' lang='lat' dir='ltr'><strong>naturae</strong></span> <span class='ocrx_word' id='word_1_778' title='bbox 3198 4939 3464 4994; x_wconf 89' lang='lat' dir='ltr'><strong>humanae</strong></span> <span class='ocrx_word' id='word_1_779' title='bbox 3487 4933 3541 4988; x_wconf 91' lang='lat' dir='ltr'><strong>in</strong></span> <span class='ocrx_word' id='word_1_780' title='bbox 3575 4928 3585 5007; x_wconf 57' lang='grc' dir='ltr'>ἦ</span> 
     </span>
    </p>
   </div>
   <div class='ocr_carea' id='block_1_104' title="bbox 1955 5027 3537 5108">
    <p class='ocr_par' dir='ltr' id='par_1_104' title="bbox 1955 5027 3537 5108">
     <span class='ocr_line' id='line_1_104' title="bbox 1955 5027 3537 5108; baseline -0.011 -11"><span class='ocrx_word' id='word_1_781' title='bbox 1955 5040 2254 5108; x_wconf 85' lang='lat' dir='ltr'><strong>masculum</strong></span> <span class='ocrx_word' id='word_1_782' title='bbox 2281 5045 2335 5092; x_wconf 91' lang='lat' dir='ltr'><strong>et</strong></span> <span class='ocrx_word' id='word_1_783' title='bbox 2361 5036 2636 5102; x_wconf 89' lang='lat' dir='ltr'><strong>feminam,</strong></span> <span class='ocrx_word' id='word_1_784' title='bbox 2668 5048 2898 5105; x_wconf 90' lang='lat' dir='ltr'><strong>quorum</strong></span> <span class='ocrx_word' id='word_1_785' title='bbox 2923 5032 3110 5104; x_wconf 91' lang='lat' dir='ltr'><strong>copula</strong></span> <span class='ocrx_word' id='word_1_786' title='bbox 3137 5038 3192 5087; x_wconf 90' lang='lat' dir='ltr'><strong>et</strong></span> <span class='ocrx_word' id='word_1_787' title='bbox 3229 5027 3537 5100; x_wconf 89' lang='lat' dir='ltr'><strong>coniugium</strong></span> 
     </span>
    </p>
   </div>
   <div class='ocr_carea' id='block_1_105' title="bbox 1954 5121 3539 5205">
    <p class='ocr_par' dir='ltr' id='par_1_105' title="bbox 1954 5121 3539 5205">
     <span class='ocr_line' id='line_1_105' title="bbox 1954 5121 3539 5205; baseline -0.013 -11"><span class='ocrx_word' id='word_1_788' title='bbox 1954 5148 2009 5194; x_wconf 93' lang='lat' dir='ltr'><strong>et</strong></span> <span class='ocrx_word' id='word_1_789' title='bbox 2035 5136 2266 5192; x_wconf 84' lang='lat' dir='ltr'><strong>filiorum</strong></span> <span class='ocrx_word' id='word_1_790' title='bbox 2291 5132 2607 5205; x_wconf 88' lang='lat' dir='ltr'><strong>propagatio</strong></span> <span class='ocrx_word' id='word_1_791' title='bbox 2641 5138 2979 5200; x_wconf 87' lang='lat' dir='ltr'><strong>naturaeque</strong></span> <span class='ocrx_word' id='word_1_792' title='bbox 3020 5121 3389 5198; x_wconf 82' lang='lat' dir='ltr'><strong>augmentatio</strong></span> <span class='ocrx_word' id='word_1_793' title='bbox 3415 5134 3539 5190; x_wconf 89' lang='lat' dir='ltr'><strong>per-</strong></span> 
     </span>
    </p>
   </div>
   <div class='ocr_carea' id='block_1_106' title="bbox 1956 5215 3537 5296">
    <p class='ocr_par' dir='ltr' id='par_1_106' title="bbox 1956 5215 3537 5296">
     <span class='ocr_line' id='line_1_106' title="bbox 1956 5215 3537 5296; baseline -0.012 -10"><span class='ocrx_word' id='word_1_794' title='bbox 1956 5227 2159 5295; x_wconf 84' lang='lat' dir='ltr'><strong>ficitur,</strong></span> <span class='ocrx_word' id='word_1_795' title='bbox 2183 5226 2376 5283; x_wconf 90' lang='lat' dir='ltr'><strong>merito</strong></span> <span class='ocrx_word' id='word_1_796' title='bbox 2398 5223 2605 5296; x_wconf 90' lang='lat' dir='ltr'><strong>peccati</strong></span> <span class='ocrx_word' id='word_1_797' title='bbox 2628 5221 2794 5279; x_wconf 89' lang='lat' dir='ltr'><strong>fuisse</strong></span> <span class='ocrx_word' id='word_1_798' title='bbox 2822 5218 3172 5277; x_wconf 83' lang='lat' dir='ltr'><strong>allirmamus.</strong></span> <span class='ocrx_word' id='word_1_799' title='bbox 3192 5215 3292 5279; x_wconf 89' lang='lat' dir='ltr'><strong>Cui</strong></span> <span class='ocrx_word' id='word_1_800' title='bbox 3310 5228 3537 5285; x_wconf 89' lang='lat' dir='ltr'><strong>respon-</strong></span> 
     </span>
    </p>
   </div>
   <div class='ocr_carea' id='block_1_107' title="bbox 1958 5307 3539 5391">
    <p class='ocr_par' dir='ltr' id='par_1_107' title="bbox 1958 5307 3539 5391">
     <span class='ocr_line' id='line_1_107' title="bbox 1958 5307 3539 5391; baseline -0.013 -10"><span class='ocrx_word' id='word_1_801' title='bbox 1958 5321 2204 5381; x_wconf 88' lang='lat' dir='ltr'><strong>debimus</strong></span> <span class='ocrx_word' id='word_1_802' title='bbox 2232 5335 2247 5375; x_wconf 87' lang='lat'><strong>:</strong></span> <span class='ocrx_word' id='word_1_803' title='bbox 2274 5317 2532 5391; x_wconf 87' lang='lat' dir='ltr'><strong>Coniugia</strong></span> <span class='ocrx_word' id='word_1_804' title='bbox 2564 5332 2670 5375; x_wconf 90' lang='lat' dir='ltr'><strong>non</strong></span> <span class='ocrx_word' id='word_1_805' title='bbox 2707 5314 3175 5387; x_wconf 84' lang='lat' dir='ltr'><strong>reprehendimus,</strong></span> <span class='ocrx_word' id='word_1_806' title='bbox 3220 5310 3267 5377; x_wconf 87' lang='lat' dir='ltr'><strong>si</strong></span> <span class='ocrx_word' id='word_1_807' title='bbox 3294 5307 3539 5381; x_wconf 85' lang='lat' dir='ltr'><strong>legitima</strong></span> 
     </span>
    </p>
   </div>
   <div class='ocr_carea' id='block_1_108' title="bbox 1571 5456 2253 5518">
    <p class='ocr_par' dir='ltr' id='par_1_108' title="bbox 1571 5456 2253 5518">
     <span class='ocr_line' id='line_1_108' title="bbox 1571 5456 2253 5518; baseline -0.006 -2"><span class='ocrx_word' id='word_1_808' title='bbox 1571 5459 1823 5517; x_wconf 82' lang='lat' dir='ltr'><strong>VARIAE</strong></span> <span class='ocrx_word' id='word_1_809' title='bbox 1855 5456 2253 5518; x_wconf 84' lang='lat' dir='ltr'><strong>LECTIONES.</strong></span> 
     </span>
    </p>
   </div>
   <div class='ocr_carea' id='block_1_109' title="bbox 338 5583 3533 5672">
    <p class='ocr_par' dir='ltr' id='par_1_109' title="bbox 338 5583 3533 5672">
     <span class='ocr_line' id='line_1_109' title="bbox 338 5583 3533 5672; baseline -0.006 -20"><span class='ocrx_word' id='word_1_810' title='bbox 338 5600 359 5636; x_wconf 76' lang='grc' dir='ltr'>ι</span> <span class='ocrx_word' id='word_1_811' title='bbox 392 5594 486 5654; x_wconf 92' lang='lat' dir='ltr'><strong>Sic</strong></span> <span class='ocrx_word' id='word_1_812' title='bbox 520 5596 635 5666; x_wconf 88' lang='lat' dir='ltr'><strong>CF;</strong></span> <span class='ocrx_word' id='word_1_813' title='bbox 686 5598 735 5656; x_wconf 84' lang='lat' dir='ltr'><strong>A</strong></span> <span class='ocrx_word' id='word_1_814' title='bbox 789 5614 912 5655; x_wconf 88' lang='lat' dir='ltr'><strong>nam</strong></span> <span class='ocrx_word' id='word_1_815' title='bbox 960 5598 1025 5654; x_wconf 84' lang='lat' dir='ltr'><strong>de</strong></span> <span class='ocrx_word' id='word_1_816' title='bbox 1075 5597 1355 5672; x_wconf 76' lang='lat' dir='ltr'><strong>remotione</strong></span> <span class='ocrx_word' id='word_1_817' title='bbox 1396 5597 1632 5651; x_wconf 83' lang='lat' dir='ltr'><strong>criminis</strong></span> <span class='ocrx_word' id='word_1_818' title='bbox 1672 5611 1778 5666; x_wconf 89' lang='lat' dir='ltr'><strong>qua</strong></span> <span class='ocrx_word' id='word_1_819' title='bbox 1804 5668 1814 5672; x_wconf 89' lang='lat'><strong>_</strong></span> <span class='ocrx_word' id='word_1_820' title='bbox 1841 5593 2152 5672; x_wconf 73' lang='lat' dir='ltr'><strong>objurgatur</strong></span> <span class='ocrx_word' id='word_1_821' title='bbox 2182 5590 2371 5672; x_wconf 74' lang='lat' dir='ltr'><strong>divina</strong></span> <span class='ocrx_word' id='word_1_822' title='bbox 2388 5587 2743 5672; x_wconf 44' lang='lat' dir='ltr'><strong>&quot;uocenildain</strong></span> <span class='ocrx_word' id='word_1_823' title='bbox 2796 5583 3362 5672; x_wconf 49' lang='lat' dir='ltr'><strong>culpam‘_remo::itnin</strong></span> <span class='ocrx_word' id='word_1_824' title='bbox 3406 5594 3533 5672; x_wconf 43' lang='lat' dir='ltr'><strong>[mgf</strong></span> 
     </span>
    </p>
   </div>
   <div class='ocr_carea' id='block_1_110' title="bbox 258 5664 2213 5738">
    <p class='ocr_par' dir='ltr' id='par_1_110' title="bbox 258 5664 2213 5738">
     <span class='ocr_line' id='line_1_110' title="bbox 258 5664 2213 5738; baseline -0.003 -15"><span class='ocrx_word' id='word_1_825' title='bbox 258 5665 469 5736; x_wconf 82' lang='lat' dir='ltr'><strong>lierem,</strong></span> <span class='ocrx_word' id='word_1_826' title='bbox 511 5682 579 5738; x_wconf 86' lang='lat' dir='ltr'><strong>et,</strong></span> <span class='ocrx_word' id='word_1_827' title='bbox 609 5664 665 5726; x_wconf 87' lang='lat' dir='ltr'><strong>ut</strong></span> <span class='ocrx_word' id='word_1_828' title='bbox 713 5680 1007 5726; x_wconf 80' lang='lat' dir='ltr'><strong>attenuaret</strong></span> <span class='ocrx_word' id='word_1_829' title='bbox 1060 5669 1295 5725; x_wconf 82' lang='lat' dir='ltr'><strong>mulieris</strong></span> <span class='ocrx_word' id='word_1_830' title='bbox 1344 5684 1581 5732; x_wconf 88' lang='lat' dir='ltr'><strong>causam,</strong></span> <span class='ocrx_word' id='word_1_831' title='bbox 1622 5664 1838 5738; x_wconf 76' lang='lat' dir='ltr'><strong>removit</strong></span> <span class='ocrx_word' id='word_1_832' title='bbox 1862 5664 2086 5738; x_wconf 80' lang='lat' dir='ltr'><strong>culpanr</strong></span> <span class='ocrx_word' id='word_1_833' title='bbox 2109 5671 2213 5738; x_wconf 76' lang='lat' dir='ltr'><strong>cet.</strong></span> 
     </span>
    </p>
   </div>
   <div class='ocr_carea' id='block_1_111' title="bbox 932 5737 1883 5810">
    <p class='ocr_par' dir='ltr' id='par_1_111' title="bbox 932 5737 1883 5810">
     <span class='ocr_line' id='line_1_111' title="bbox 932 5737 1883 5810; baseline -0.006 -12"><span class='ocrx_word' id='word_1_834' title='bbox 932 5742 956 5773; x_wconf 75' lang='grc'><strong><em>⁵</em></strong></span> <span class='ocrx_word' id='word_1_835' title='bbox 1002 5740 1094 5797; x_wconf 73' lang='lat' dir='ltr'><strong>Sic</strong></span> <span class='ocrx_word' id='word_1_836' title='bbox 1144 5739 1262 5807; x_wconf 83' lang='lat' dir='ltr'><strong>CF;</strong></span> <span class='ocrx_word' id='word_1_837' title='bbox 1304 5739 1606 5810; x_wconf 79' lang='lat' dir='ltr'><strong>insipientia</strong></span> <span class='ocrx_word' id='word_1_838' title='bbox 1651 5754 1761 5793; x_wconf 89' lang='lat' dir='ltr'><strong>om.</strong></span> <span class='ocrx_word' id='word_1_839' title='bbox 1816 5737 1883 5793; x_wconf 84' lang='lat' dir='ltr'><strong>A.</strong></span> 
     </span>
    </p>
   </div>
   <div class='ocr_carea' id='block_1_112' title="bbox 258 5738 836 5798">
    <p class='ocr_par' dir='ltr' id='par_1_112' title="bbox 258 5738 836 5798">
     <span class='ocr_line' id='line_1_112' title="bbox 258 5738 836 5798; baseline 0.003 -4"><span class='ocrx_word' id='word_1_840' title='bbox 258 5738 313 5794; x_wconf 79' lang='grc' dir='ltr'><strong>Δ</strong></span> <span class='ocrx_word' id='word_1_841' title='bbox 366 5741 432 5795; x_wconf 88' lang='lat' dir='ltr'><strong>de</strong></span> <span class='ocrx_word' id='word_1_842' title='bbox 459 5750 660 5798; x_wconf 76' lang='lat' dir='ltr'><strong>terreno</strong></span> <span class='ocrx_word' id='word_1_843' title='bbox 690 5741 836 5797; x_wconf 78' lang='lat' dir='ltr'><strong>limo.</strong></span> 
     </span>
    </p>
   </div>
   <div class='ocr_carea' id='block_1_113' title="bbox 2317 5649 3530 5723">
    <p class='ocr_par' dir='ltr' id='par_1_113' title="bbox 2317 5649 3530 5723">
     <span class='ocr_line' id='line_1_113' title="bbox 2317 5649 3530 5723; baseline 0.009 -10"><span class='ocrx_word' id='word_1_844' title='bbox 2317 5662 2338 5692; x_wconf 83' lang='grc'>¹</span> <span class='ocrx_word' id='word_1_845' title='bbox 2388 5660 2479 5715; x_wconf 90' lang='lat' dir='ltr'><strong>Sic</strong></span> <span class='ocrx_word' id='word_1_846' title='bbox 2515 5659 2633 5723; x_wconf 87' lang='lat' dir='ltr'><strong>CF;</strong></span> <span class='ocrx_word' id='word_1_847' title='bbox 2680 5658 2723 5711; x_wconf 83' lang='lat' dir='ltr'><strong>A</strong></span> <span class='ocrx_word' id='word_1_848' title='bbox 2763 5649 3101 5710; x_wconf 73' lang='lat' dir='ltr'><strong>conuertentc.</strong></span> <span class='ocrx_word' id='word_1_849' title='bbox 3196 5653 3218 5684; x_wconf 88' lang='grc'><em>³</em></span> <span class='ocrx_word' id='word_1_850' title='bbox 3274 5652 3364 5708; x_wconf 88' lang='lat' dir='ltr'><strong>Sic</strong></span> <span class='ocrx_word' id='word_1_851' title='bbox 3405 5649 3530 5723; x_wconf 57' lang='grc' dir='ltr'><strong>(ἶ,ξὶ</strong></span> 
     </span>
    </p>
   </div>
   <div class='ocr_carea' id='block_1_114' title="bbox 1962 5718 3531 5799">
    <p class='ocr_par' dir='ltr' id='par_1_114' title="bbox 1962 5718 3531 5799">
     <span class='ocr_line' id='line_1_114' title="bbox 1962 5718 3531 5799; baseline 0.011 -31"><span class='ocrx_word' id='word_1_852' title='bbox 1962 5718 1999 5768; x_wconf 64' lang='grc'>3</span> <span class='ocrx_word' id='word_1_853' title='bbox 2030 5736 2076 5790; x_wconf 68' lang='grc' dir='ltr'>Α</span> <span class='ocrx_word' id='word_1_854' title='bbox 2124 5718 2266 5791; x_wconf 61' lang='grc' dir='ltr'><strong>εαξη</strong></span> <span class='ocrx_word' id='word_1_855' title='bbox 2304 5740 2406 5788; x_wconf 68' lang='grc' dir='ltr'><strong>εει,</strong></span> <span class='ocrx_word' id='word_1_856' title='bbox 2485 5729 2506 5763; x_wconf 77' lang='grc'><strong><em>⁸</em></strong></span> <span class='ocrx_word' id='word_1_857' title='bbox 2538 5740 2585 5784; x_wconf 84' lang='lat' dir='ltr'><strong>et</strong></span> <span class='ocrx_word' id='word_1_858' title='bbox 2613 5718 2825 5799; x_wconf 74' lang='lat' dir='ltr'><strong>futurus</strong></span> <span class='ocrx_word' id='word_1_859' title='bbox 2862 5742 2972 5782; x_wconf 91' lang='lat' dir='ltr'><strong>om.</strong></span> <span class='ocrx_word' id='word_1_860' title='bbox 2996 5726 3063 5799; x_wconf 72' lang='grc' dir='ltr'><strong>Α.</strong></span> <span class='ocrx_word' id='word_1_861' title='bbox 3139 5726 3160 5758; x_wconf 80' lang='grc'>²</span> <span class='ocrx_word' id='word_1_862' title='bbox 3195 5734 3243 5780; x_wconf 85' lang='lat' dir='ltr'><strong>et</strong></span> <span class='ocrx_word' id='word_1_863' title='bbox 3283 5739 3401 5799; x_wconf 46' lang='lat' dir='ltr'><strong>om:</strong></span> 
     </span>
    </p>
   </div>
   <div class='ocr_carea' id='block_1_115' title="bbox 260 5791 3536 5884">
    <p class='ocr_par' dir='ltr' id='par_1_115' title="bbox 260 5791 3536 5884">
     <span class='ocr_line' id='line_1_115' title="bbox 260 5791 3536 5884; baseline -0.006 -17"><span class='ocrx_word' id='word_1_864' title='bbox 260 5791 426 5884; x_wconf 49' lang='lat' dir='ltr'><strong>{Sic</strong></span> <span class='ocrx_word' id='word_1_865' title='bbox 452 5791 654 5881; x_wconf 25' lang='lat' dir='ltr'><strong>Civis&quot;;</strong></span> <span class='ocrx_word' id='word_1_866' title='bbox 670 5791 955 5884; x_wconf 70' lang='lat' dir='ltr'><strong>aptissime.</strong></span> <span class='ocrx_word' id='word_1_867' title='bbox 1004 5791 1878 5884; x_wconf 48' lang='lat' dir='ltr'><strong>‘i&#39;cr&#39;.6ti}iiia}iiiium‘esse?</strong></span> <span class='ocrx_word' id='word_1_868' title='bbox 1910 5807 1955 5841; x_wconf 80' lang='lat'><strong>“</strong></span> <span class='ocrx_word' id='word_1_869' title='bbox 1982 5808 2093 5862; x_wconf 80' lang='lat' dir='ltr'><strong>sine</strong></span> <span class='ocrx_word' id='word_1_870' title='bbox 2123 5821 2232 5863; x_wconf 89' lang='lat' dir='ltr'><strong>om.</strong></span> <span class='ocrx_word' id='word_1_871' title='bbox 2263 5803 2369 5862; x_wconf 77' lang='lat' dir='ltr'><strong>CF.</strong></span> <span class='ocrx_word' id='word_1_872' title='bbox 2444 5802 2485 5835; x_wconf 82' lang='grc'><strong>¹¹</strong></span> <span class='ocrx_word' id='word_1_873' title='bbox 2526 5791 2624 5857; x_wconf 43' lang='lat' dir='ltr'><strong>Sic&quot;</strong></span> <span class='ocrx_word' id='word_1_874' title='bbox 2653 5798 2736 5855; x_wconf 81' lang='lat' dir='ltr'><strong>CF</strong></span> <span class='ocrx_word' id='word_1_875' title='bbox 2760 5815 2775 5866; x_wconf 89' lang='lat'><strong>;</strong></span> <span class='ocrx_word' id='word_1_876' title='bbox 2817 5798 2863 5853; x_wconf 78' lang='grc' dir='ltr'>Α</span> <span class='ocrx_word' id='word_1_877' title='bbox 2884 5797 3281 5868; x_wconf 80' lang='lat' dir='ltr'><strong>procliuemque.</strong></span> <span class='ocrx_word' id='word_1_878' title='bbox 3358 5794 3403 5831; x_wconf 83' lang='grc'>¹¹</span> <span class='ocrx_word' id='word_1_879' title='bbox 3443 5791 3536 5847; x_wconf 81' lang='lat' dir='ltr'><strong>Sic</strong></span> 
     </span>
    </p>
   </div>
   <div class='ocr_carea' id='block_1_116' title="bbox 261 5877 1685 5947">
    <p class='ocr_par' dir='ltr' id='par_1_116' title="bbox 261 5877 1685 5947">
     <span class='ocr_line' id='line_1_116' title="bbox 261 5877 1685 5947; baseline 0 -10"><span class='ocrx_word' id='word_1_880' title='bbox 261 5877 391 5947; x_wconf 80' lang='lat' dir='ltr'><strong>CF;</strong></span> <span class='ocrx_word' id='word_1_881' title='bbox 429 5884 473 5940; x_wconf 75' lang='grc' dir='ltr'><strong>Α</strong></span> <span class='ocrx_word' id='word_1_882' title='bbox 514 5877 715 5947; x_wconf 54' lang='grc' dir='ltr'><em>δέδι’</em></span> <span class='ocrx_word' id='word_1_883' title='bbox 756 5884 802 5919; x_wconf 79' lang='grc'><strong>⁸³</strong></span> <span class='ocrx_word' id='word_1_884' title='bbox 841 5884 887 5940; x_wconf 80' lang='grc' dir='ltr'>Α</span> <span class='ocrx_word' id='word_1_885' title='bbox 926 5884 1177 5941; x_wconf 80' lang='lat' dir='ltr'><strong>comatis.</strong></span> <span class='ocrx_word' id='word_1_886' title='bbox 1256 5884 1298 5916; x_wconf 75' lang='lat'>&quot;</span> <span class='ocrx_word' id='word_1_887' title='bbox 1338 5899 1431 5938; x_wconf 80' lang='lat' dir='ltr'><strong>nos</strong></span> <span class='ocrx_word' id='word_1_888' title='bbox 1470 5896 1578 5939; x_wconf 83' lang='lat' dir='ltr'><strong>om.</strong></span> <span class='ocrx_word' id='word_1_889' title='bbox 1619 5882 1685 5937; x_wconf 84' lang='lat' dir='ltr'><strong>A.</strong></span> 
     </span>
    </p>
   </div>
  </div>
