  <div class='ocr_page' id='page_1' title='image "/cluster/home/n/w/nwhite01/storage/ocr_20150623/122/hvd.32044015471659/461.png"; bbox 0 0 4028 6282; ppageno 0'>
   <div class='ocr_carea' id='block_1_1' title="bbox 491 418 593 478">
    <p class='ocr_par' dir='ltr' id='par_1_1' title="bbox 491 418 593 478">
     <span class='ocr_line' id='line_1_1' title="bbox 491 418 593 478; baseline -0.049 -1"><span class='ocrx_word' id='word_1_1' title='bbox 491 418 593 478; x_wconf 64' lang='grc' dir='ltr'><strong>8ὲ7</strong></span> 
     </span>
    </p>
   </div>
   <div class='ocr_carea' id='block_1_2' title="bbox 1852 409 2371 469">
    <p class='ocr_par' dir='ltr' id='par_1_2' title="bbox 1852 409 2371 469">
     <span class='ocr_line' id='line_1_2' title="bbox 1852 409 2371 469; baseline 0 -1"><span class='ocrx_word' id='word_1_2' title='bbox 1852 409 2134 469; x_wconf 81' lang='lat' dir='ltr'><strong>JOANNIS</strong></span> <span class='ocrx_word' id='word_1_3' title='bbox 2172 409 2371 468; x_wconf 86' lang='lat' dir='ltr'><strong>SCOTl</strong></span> 
     </span>
    </p>
   </div>
   <div class='ocr_carea' id='block_1_3' title="bbox 3664 409 3777 466">
    <p class='ocr_par' dir='ltr' id='par_1_3' title="bbox 3664 409 3777 466">
     <span class='ocr_line' id='line_1_3' title="bbox 3664 409 3777 466; baseline 0.027 -4"><span class='ocrx_word' id='word_1_4' title='bbox 3664 409 3777 466; x_wconf 69' lang='lat' dir='ltr'><strong>85‘s</strong></span> 
     </span>
    </p>
   </div>
   <div class='ocr_carea' id='block_1_4' title="bbox 492 502 3785 603">
    <p class='ocr_par' dir='ltr' id='par_1_4' title="bbox 492 502 3785 603">
     <span class='ocr_line' id='line_1_4' title="bbox 492 502 3785 603; baseline -0.002 -14"><span class='ocrx_word' id='word_1_5' title='bbox 492 509 623 599; x_wconf 85' lang='lat' dir='ltr'><strong>sint,</strong></span> <span class='ocrx_word' id='word_1_6' title='bbox 674 502 951 603; x_wconf 86' lang='lat' dir='ltr'><strong>prolisque</strong></span> <span class='ocrx_word' id='word_1_7' title='bbox 990 530 1379 603; x_wconf 86' lang='lat' dir='ltr'><strong>procreandac,</strong></span> <span class='ocrx_word' id='word_1_8' title='bbox 1438 546 1546 587; x_wconf 91' lang='lat' dir='ltr'><strong>non</strong></span> <span class='ocrx_word' id='word_1_9' title='bbox 1590 529 1833 587; x_wconf 81' lang='lat' dir='ltr'><strong>libidinis</strong></span> <span class='ocrx_word' id='word_1_10' title='bbox 1880 545 2073 603; x_wconf 87' lang='lat' dir='ltr'><strong>perpe-</strong></span> <span class='ocrx_word' id='word_1_11' title='bbox 2103 536 2153 599; x_wconf 82' lang='grc' dir='ltr'><strong>Α</strong></span> <span class='ocrx_word' id='word_1_12' title='bbox 2178 547 2283 588; x_wconf 92' lang='lat' dir='ltr'><strong>non</strong></span> <span class='ocrx_word' id='word_1_13' title='bbox 2312 532 2684 603; x_wconf 79' lang='lat' dir='ltr'><strong>praecederet.</strong></span> <span class='ocrx_word' id='word_1_14' title='bbox 2718 530 2981 603; x_wconf 81' lang='lat' dir='ltr'><strong>Superbia</strong></span> <span class='ocrx_word' id='word_1_15' title='bbox 3008 530 3192 602; x_wconf 85' lang='lat' dir='ltr'><strong>itaque</strong></span> <span class='ocrx_word' id='word_1_16' title='bbox 3213 529 3404 595; x_wconf 87' lang='lat' dir='ltr'><strong>animi,</strong></span> <span class='ocrx_word' id='word_1_17' title='bbox 3428 527 3785 600; x_wconf 74' lang='lat' dir='ltr'><strong>camelisque</strong></span> 
     </span>
    </p>
   </div>
   <div class='ocr_carea' id='block_1_5' title="bbox 493 621 2083 694">
    <p class='ocr_par' dir='ltr' id='par_1_5' title="bbox 493 621 2083 694">
     <span class='ocr_line' id='line_1_5' title="bbox 493 621 2083 694; baseline 0.001 -16"><span class='ocrx_word' id='word_1_18' title='bbox 493 622 721 678; x_wconf 87' lang='lat' dir='ltr'><strong>trandae</strong></span> <span class='ocrx_word' id='word_1_19' title='bbox 776 623 1015 694; x_wconf 90' lang='lat' dir='ltr'><strong>appetitu</strong></span> <span class='ocrx_word' id='word_1_20' title='bbox 1069 621 1355 693; x_wconf 89' lang='lat' dir='ltr'><strong>copulata,</strong></span> <span class='ocrx_word' id='word_1_21' title='bbox 1410 623 1695 693; x_wconf 91' lang='lat' dir='ltr'><strong>utriusque</strong></span> <span class='ocrx_word' id='word_1_22' title='bbox 1759 637 1922 679; x_wconf 77' lang='lat' dir='ltr'><strong>sexus</strong></span> <span class='ocrx_word' id='word_1_23' title='bbox 1977 623 2083 679; x_wconf 85' lang='lat' dir='ltr'><strong>ﬁde</strong></span> 
     </span>
    </p>
   </div>
   <div class='ocr_carea' id='block_1_6' title="bbox 492 713 2081 785">
    <p class='ocr_par' dir='ltr' id='par_1_6' title="bbox 492 713 2081 785">
     <span class='ocr_line' id='line_1_6' title="bbox 492 713 2081 785; baseline 0.001 -15"><span class='ocrx_word' id='word_1_24' title='bbox 492 724 755 785; x_wconf 86' lang='lat' dir='ltr'><strong>castaque</strong></span> <span class='ocrx_word' id='word_1_25' title='bbox 788 713 1048 784; x_wconf 78' lang='lat' dir='ltr'><strong>pudicitia</strong></span> <span class='ocrx_word' id='word_1_26' title='bbox 1097 722 1310 769; x_wconf 89' lang='lat' dir='ltr'><strong>servata</strong></span> <span class='ocrx_word' id='word_1_27' title='bbox 1343 715 1359 745; x_wconf 84' lang='grc'>¹</span> <span class='ocrx_word' id='word_1_28' title='bbox 1395 732 1408 768; x_wconf 92' lang='lat'>:</span> <span class='ocrx_word' id='word_1_29' title='bbox 1444 714 1553 770; x_wconf 92' lang='lat' dir='ltr'><strong>imo</strong></span> <span class='ocrx_word' id='word_1_30' title='bbox 1587 715 1749 769; x_wconf 89' lang='lat' dir='ltr'><strong>etiam</strong></span> <span class='ocrx_word' id='word_1_31' title='bbox 1778 714 2081 781; x_wconf 80' lang='lat' dir='ltr'><strong>laudamus,</strong></span> 
     </span>
    </p>
   </div>
   <div class='ocr_carea' id='block_1_7' title="bbox 495 805 2079 879">
    <p class='ocr_par' dir='ltr' id='par_1_7' title="bbox 495 805 2079 879">
     <span class='ocr_line' id='line_1_7' title="bbox 495 805 2079 879; baseline 0.003 -18"><span class='ocrx_word' id='word_1_32' title='bbox 495 807 623 877; x_wconf 86' lang='lat' dir='ltr'><strong>quia</strong></span> <span class='ocrx_word' id='word_1_33' title='bbox 649 815 706 863; x_wconf 86' lang='lat' dir='ltr'><strong>et</strong></span> <span class='ocrx_word' id='word_1_34' title='bbox 730 821 760 861; x_wconf 90' lang='lat' dir='ltr'><strong>a</strong></span> <span class='ocrx_word' id='word_1_35' title='bbox 787 805 898 862; x_wconf 90' lang='lat' dir='ltr'><strong>Deo</strong></span> <span class='ocrx_word' id='word_1_36' title='bbox 926 822 1186 863; x_wconf 89' lang='lat' dir='ltr'><strong>concessa</strong></span> <span class='ocrx_word' id='word_1_37' title='bbox 1218 818 1344 864; x_wconf 90' lang='lat' dir='ltr'><strong>sunt</strong></span> <span class='ocrx_word' id='word_1_38' title='bbox 1379 818 1434 864; x_wconf 87' lang='lat' dir='ltr'><strong>et</strong></span> <span class='ocrx_word' id='word_1_39' title='bbox 1455 810 1640 879; x_wconf 86' lang='lat' dir='ltr'><strong>jussa;</strong></span> <span class='ocrx_word' id='word_1_40' title='bbox 1675 811 1888 865; x_wconf 89' lang='lat' dir='ltr'><strong>crescite</strong></span> <span class='ocrx_word' id='word_1_41' title='bbox 1913 810 2079 878; x_wconf 89' lang='lat' dir='ltr'><strong>enim,</strong></span> 
     </span>
    </p>
   </div>
   <div class='ocr_carea' id='block_1_8' title="bbox 476 894 2082 973">
    <p class='ocr_par' dir='ltr' id='par_1_8' title="bbox 476 894 2082 973">
     <span class='ocr_line' id='line_1_8' title="bbox 476 894 2082 973; baseline 0.004 -21"><span class='ocrx_word' id='word_1_42' title='bbox 476 894 690 968; x_wconf 81' lang='lat' dir='ltr'><strong>inquit,</strong></span> <span class='ocrx_word' id='word_1_43' title='bbox 721 907 770 953; x_wconf 91' lang='lat' dir='ltr'><strong>et</strong></span> <span class='ocrx_word' id='word_1_44' title='bbox 797 899 1242 970; x_wconf 75' lang='lat' dir='ltr'><strong>multiplicamini,</strong></span> <span class='ocrx_word' id='word_1_45' title='bbox 1269 910 1317 955; x_wconf 90' lang='lat' dir='ltr'><strong>et</strong></span> <span class='ocrx_word' id='word_1_46' title='bbox 1344 901 1554 973; x_wconf 75' lang='lat' dir='ltr'><strong>implete</strong></span> <span class='ocrx_word' id='word_1_47' title='bbox 1579 911 1793 958; x_wconf 87' lang='lat' dir='ltr'><strong>terram.</strong></span> <span class='ocrx_word' id='word_1_48' title='bbox 1843 901 2082 973; x_wconf 87' lang='lat' dir='ltr'><strong>Uterque</strong></span> 
     </span>
    </p>
   </div>
   <div class='ocr_carea' id='block_1_9' title="bbox 492 991 2082 1064">
    <p class='ocr_par' dir='ltr' id='par_1_9' title="bbox 492 991 2082 1064">
     <span class='ocr_line' id='line_1_9' title="bbox 492 991 2082 1064; baseline 0.007 -23"><span class='ocrx_word' id='word_1_49' title='bbox 492 1005 709 1060; x_wconf 87' lang='lat' dir='ltr'><strong>quoque</strong></span> <span class='ocrx_word' id='word_1_50' title='bbox 732 1006 913 1057; x_wconf 83' lang='lat' dir='ltr'><strong>sexus,</strong></span> <span class='ocrx_word' id='word_1_51' title='bbox 945 991 1064 1048; x_wconf 87' lang='lat' dir='ltr'><strong>sine</strong></span> <span class='ocrx_word' id='word_1_52' title='bbox 1092 1007 1199 1064; x_wconf 89' lang='lat' dir='ltr'><strong>quo</strong></span> <span class='ocrx_word' id='word_1_53' title='bbox 1223 994 1439 1050; x_wconf 82' lang='lat' dir='ltr'><strong>carnale</strong></span> <span class='ocrx_word' id='word_1_54' title='bbox 1470 994 1794 1051; x_wconf 90' lang='lat' dir='ltr'><strong>connubium</strong></span> <span class='ocrx_word' id='word_1_55' title='bbox 1821 995 1936 1052; x_wconf 84' lang='lat' dir='ltr'><strong>ﬁeri</strong></span> <span class='ocrx_word' id='word_1_56' title='bbox 1974 1011 2082 1052; x_wconf 92' lang='lat' dir='ltr'><strong>non</strong></span> 
     </span>
    </p>
   </div>
   <div class='ocr_carea' id='block_1_10' title="bbox 490 1078 2081 1152">
    <p class='ocr_par' dir='ltr' id='par_1_10' title="bbox 490 1078 2081 1152">
     <span class='ocr_line' id='line_1_10' title="bbox 490 1078 2081 1152; baseline 0.004 -17"><span class='ocrx_word' id='word_1_57' title='bbox 490 1089 691 1151; x_wconf 93' lang='lat' dir='ltr'><strong>potest,</strong></span> <span class='ocrx_word' id='word_1_58' title='bbox 741 1082 886 1152; x_wconf 90' lang='lat' dir='ltr'><strong>quod</strong></span> <span class='ocrx_word' id='word_1_59' title='bbox 913 1096 943 1135; x_wconf 89' lang='lat' dir='ltr'><strong>a</strong></span> <span class='ocrx_word' id='word_1_60' title='bbox 974 1083 1083 1138; x_wconf 90' lang='lat' dir='ltr'><strong>Deo</strong></span> <span class='ocrx_word' id='word_1_61' title='bbox 1125 1078 1300 1139; x_wconf 81' lang='lat' dir='ltr'><strong>factus</strong></span> <span class='ocrx_word' id='word_1_62' title='bbox 1344 1085 1433 1151; x_wconf 88' lang='lat' dir='ltr'><strong>sit,</strong></span> <span class='ocrx_word' id='word_1_63' title='bbox 1483 1084 1664 1141; x_wconf 89' lang='lat' dir='ltr'><strong>nullus</strong></span> <span class='ocrx_word' id='word_1_64' title='bbox 1690 1085 2081 1144; x_wconf 89' lang='lat' dir='ltr'><strong>catholicorum</strong></span> 
     </span>
    </p>
   </div>
   <div class='ocr_carea' id='block_1_11' title="bbox 497 1174 2082 1250">
    <p class='ocr_par' dir='ltr' id='par_1_11' title="bbox 497 1174 2082 1250">
     <span class='ocr_line' id='line_1_11' title="bbox 497 1174 2082 1250; baseline 0.004 -22"><span class='ocrx_word' id='word_1_65' title='bbox 497 1174 745 1246; x_wconf 81' lang='lat' dir='ltr'><strong>ambigit.</strong></span> <span class='ocrx_word' id='word_1_66' title='bbox 773 1174 863 1229; x_wconf 82' lang='lat' dir='ltr'><strong>Ait</strong></span> <span class='ocrx_word' id='word_1_67' title='bbox 897 1175 1041 1230; x_wconf 89' lang='lat' dir='ltr'><strong>enim</strong></span> <span class='ocrx_word' id='word_1_68' title='bbox 1079 1174 1356 1248; x_wconf 90' lang='lat' dir='ltr'><strong>Scriptura</strong></span> <span class='ocrx_word' id='word_1_69' title='bbox 1384 1197 1396 1232; x_wconf 90' lang='lat'><strong>:</strong></span> <span class='ocrx_word' id='word_1_70' title='bbox 1428 1177 1725 1234; x_wconf 78' lang='lat' dir='ltr'><strong>Masculum</strong></span> <span class='ocrx_word' id='word_1_71' title='bbox 1758 1189 1805 1235; x_wconf 88' lang='lat' dir='ltr'><strong>et</strong></span> <span class='ocrx_word' id='word_1_72' title='bbox 1833 1180 2082 1250; x_wconf 78' lang='lat' dir='ltr'><strong>feminam</strong></span> 
     </span>
    </p>
   </div>
   <div class='ocr_carea' id='block_1_12' title="bbox 495 1265 2082 1341">
    <p class='ocr_par' dir='ltr' id='par_1_12' title="bbox 495 1265 2082 1341">
     <span class='ocr_line' id='line_1_12' title="bbox 495 1265 2082 1341; baseline 0.006 -24"><span class='ocrx_word' id='word_1_73' title='bbox 495 1265 617 1335; x_wconf 77' lang='lat' dir='ltr'><strong>fecit</strong></span> <span class='ocrx_word' id='word_1_74' title='bbox 667 1282 774 1320; x_wconf 88' lang='lat' dir='ltr'><strong>eos.</strong></span> <span class='ocrx_word' id='word_1_75' title='bbox 820 1265 951 1321; x_wconf 88' lang='lat' dir='ltr'><strong>Item</strong></span> <span class='ocrx_word' id='word_1_76' title='bbox 989 1266 1114 1322; x_wconf 80' lang='lat' dir='ltr'><strong>alibi</strong></span> <span class='ocrx_word' id='word_1_77' title='bbox 1156 1285 1169 1323; x_wconf 89' lang='lat'><strong>:</strong></span> <span class='ocrx_word' id='word_1_78' title='bbox 1212 1267 1365 1335; x_wconf 83' lang='lat' dir='ltr'><strong>Quod</strong></span> <span class='ocrx_word' id='word_1_79' title='bbox 1394 1269 1534 1324; x_wconf 88' lang='lat' dir='ltr'><strong>Deus</strong></span> <span class='ocrx_word' id='word_1_80' title='bbox 1590 1271 1884 1341; x_wconf 77' lang='lat' dir='ltr'><strong>conjunxit,</strong></span> <span class='ocrx_word' id='word_1_81' title='bbox 1930 1272 2082 1326; x_wconf 78' lang='lat' dir='ltr'><strong>homo</strong></span> 
     </span>
    </p>
   </div>
   <div class='ocr_carea' id='block_1_13' title="bbox 495 1357 2084 1434">
    <p class='ocr_par' dir='ltr' id='par_1_13' title="bbox 495 1357 2084 1434">
     <span class='ocr_line' id='line_1_13' title="bbox 495 1357 2084 1434; baseline 0.004 -22"><span class='ocrx_word' id='word_1_82' title='bbox 495 1375 601 1412; x_wconf 87' lang='lat' dir='ltr'><strong>non</strong></span> <span class='ocrx_word' id='word_1_83' title='bbox 647 1360 669 1391; x_wconf 80' lang='grc'><strong><em>²</em></strong></span> <span class='ocrx_word' id='word_1_84' title='bbox 700 1367 922 1429; x_wconf 84' lang='lat' dir='ltr'><strong>separet.</strong></span> <span class='ocrx_word' id='word_1_85' title='bbox 953 1357 1205 1415; x_wconf 87' lang='lat' dir='ltr'><strong>Carnalia</strong></span> <span class='ocrx_word' id='word_1_86' title='bbox 1244 1376 1373 1418; x_wconf 86' lang='lat' dir='ltr'><strong>vero</strong></span> <span class='ocrx_word' id='word_1_87' title='bbox 1402 1360 1671 1434; x_wconf 84' lang='lat' dir='ltr'><strong>conjugia,</strong></span> <span class='ocrx_word' id='word_1_88' title='bbox 1713 1363 1814 1419; x_wconf 86' lang='lat' dir='ltr'><strong>etsi</strong></span> <span class='ocrx_word' id='word_1_89' title='bbox 1847 1363 2084 1434; x_wconf 86' lang='lat' dir='ltr'><strong>legitima</strong></span> 
     </span>
    </p>
   </div>
   <div class='ocr_carea' id='block_1_14' title="bbox 479 1449 2086 1525">
    <p class='ocr_par' dir='ltr' id='par_1_14' title="bbox 479 1449 2086 1525">
     <span class='ocr_line' id='line_1_14' title="bbox 479 1449 2086 1525; baseline 0.006 -23"><span class='ocrx_word' id='word_1_90' title='bbox 479 1449 606 1503; x_wconf 79' lang='lat' dir='ltr'><strong>‘sint</strong></span> <span class='ocrx_word' id='word_1_91' title='bbox 663 1457 718 1504; x_wconf 89' lang='lat' dir='ltr'><strong>et</strong></span> <span class='ocrx_word' id='word_1_92' title='bbox 757 1449 1022 1521; x_wconf 81' lang='lat' dir='ltr'><strong>religiosis</strong></span> <span class='ocrx_word' id='word_1_93' title='bbox 1060 1451 1433 1517; x_wconf 76' lang='lat' dir='ltr'><strong>&#39;_hominibus</strong></span> <span class='ocrx_word' id='word_1_94' title='bbox 1466 1453 1771 1525; x_wconf 87' lang='lat' dir='ltr'><strong>conjuncta,</strong></span> <span class='ocrx_word' id='word_1_95' title='bbox 1803 1455 2086 1511; x_wconf 88' lang='lat' dir='ltr'><strong>libidinoso</strong></span> 
     </span>
    </p>
   </div>
   <div class='ocr_carea' id='block_1_15' title="bbox 493 1541 2087 1617">
    <p class='ocr_par' dir='ltr' id='par_1_15' title="bbox 493 1541 2087 1617">
     <span class='ocr_line' id='line_1_15' title="bbox 493 1541 2087 1617; baseline 0.004 -21"><span class='ocrx_word' id='word_1_96' title='bbox 493 1548 675 1596; x_wconf 78' lang='lat' dir='ltr'><strong>tamen</strong></span> <span class='ocrx_word' id='word_1_97' title='bbox 719 1541 742 1571; x_wconf 72' lang='grc'>⁸</span> <span class='ocrx_word' id='word_1_98' title='bbox 789 1541 1081 1613; x_wconf 87' lang='lat' dir='ltr'><strong>illicitoque</strong></span> <span class='ocrx_word' id='word_1_99' title='bbox 1127 1552 1277 1599; x_wconf 90' lang='lat' dir='ltr'><strong>motu</strong></span> <span class='ocrx_word' id='word_1_100' title='bbox 1320 1546 1556 1602; x_wconf 87' lang='lat' dir='ltr'><strong>carnalis</strong></span> <span class='ocrx_word' id='word_1_101' title='bbox 1601 1547 1843 1617; x_wconf 90' lang='lat' dir='ltr'><strong>pruritus</strong></span> <span class='ocrx_word' id='word_1_102' title='bbox 1899 1562 2087 1602; x_wconf 89' lang='lat' dir='ltr'><strong>carere</strong></span> 
     </span>
    </p>
   </div>
   <div class='ocr_carea' id='block_1_16' title="bbox 492 1633 2084 1703">
    <p class='ocr_par' dir='ltr' id='par_1_16' title="bbox 492 1633 2084 1703">
     <span class='ocr_line' id='line_1_16' title="bbox 492 1633 2084 1703; baseline 0.003 -17"><span class='ocrx_word' id='word_1_103' title='bbox 492 1648 602 1687; x_wconf 88' lang='lat' dir='ltr'><strong>non</strong></span> <span class='ocrx_word' id='word_1_104' title='bbox 671 1646 828 1703; x_wconf 84' lang='lat' dir='ltr'><strong>posse</strong></span> <span class='ocrx_word' id='word_1_105' title='bbox 895 1633 1275 1691; x_wconf 90' lang='lat' dir='ltr'><strong>incunctanter</strong></span> <span class='ocrx_word' id='word_1_106' title='bbox 1343 1634 1694 1693; x_wconf 84' lang='lat' dir='ltr'><strong>allirmamus.</strong></span> <span class='ocrx_word' id='word_1_107' title='bbox 1762 1636 1878 1694; x_wconf 87' lang='lat' dir='ltr'><strong>Non</strong></span> <span class='ocrx_word' id='word_1_108' title='bbox 1940 1637 2084 1692; x_wconf 89' lang='lat' dir='ltr'><strong>enim</strong></span> 
     </span>
    </p>
   </div>
   <div class='ocr_carea' id='block_1_17' title="bbox 496 1710 2088 1805">
    <p class='ocr_par' dir='ltr' id='par_1_17' title="bbox 496 1710 2088 1805">
     <span class='ocr_line' id='line_1_17' title="bbox 496 1710 2088 1805; baseline 0.006 -29"><span class='ocrx_word' id='word_1_109' title='bbox 496 1722 712 1778; x_wconf 87' lang='lat' dir='ltr'><strong>aliunde</strong></span> <span class='ocrx_word' id='word_1_110' title='bbox 732 1731 1015 1780; x_wconf 86' lang='lat' dir='ltr'><strong>nascentes</strong></span> <span class='ocrx_word' id='word_1_111' title='bbox 1033 1725 1087 1781; x_wconf 90' lang='lat' dir='ltr'><strong>in</strong></span> <span class='ocrx_word' id='word_1_112' title='bbox 1106 1740 1270 1781; x_wconf 89' lang='lat' dir='ltr'><strong>carne</strong></span> <span class='ocrx_word' id='word_1_113' title='bbox 1291 1727 1521 1798; x_wconf 85' lang='lat' dir='ltr'><strong>parvuli,</strong></span> <span class='ocrx_word' id='word_1_114' title='bbox 1538 1729 1640 1783; x_wconf 89' lang='lat' dir='ltr'><strong>nisi</strong></span> <span class='ocrx_word' id='word_1_115' title='bbox 1669 1710 1813 1805; x_wconf 79' lang='lat' dir='ltr'><strong>inde,</strong></span> <span class='ocrx_word' id='word_1_116' title='bbox 1832 1738 2088 1785; x_wconf 88' lang='lat' dir='ltr'><strong>aeternae</strong></span> 
     </span>
    </p>
   </div>
   <div class='ocr_carea' id='block_1_18' title="bbox 494 1816 2088 1890">
    <p class='ocr_par' dir='ltr' id='par_1_18' title="bbox 494 1816 2088 1890">
     <span class='ocr_line' id='line_1_18' title="bbox 494 1816 2088 1890; baseline 0.008 -24"><span class='ocrx_word' id='word_1_117' title='bbox 494 1816 687 1871; x_wconf 82' lang='lat' dir='ltr'><strong>mortis</strong></span> <span class='ocrx_word' id='word_1_118' title='bbox 717 1824 924 1871; x_wconf 88' lang='lat' dir='ltr'><strong>reatum</strong></span> <span class='ocrx_word' id='word_1_119' title='bbox 958 1817 1239 1873; x_wconf 88' lang='lat' dir='ltr'><strong>attrahunt</strong></span> <span class='ocrx_word' id='word_1_120' title='bbox 1262 1832 1313 1885; x_wconf 79' lang='grc' dir='ltr'><strong>ο,</strong></span> <span class='ocrx_word' id='word_1_121' title='bbox 1357 1835 1493 1890; x_wconf 91' lang='lat' dir='ltr'><strong>quos</strong></span> <span class='ocrx_word' id='word_1_122' title='bbox 1520 1821 1693 1876; x_wconf 83' lang='lat' dir='ltr'><strong>solum</strong></span> <span class='ocrx_word' id='word_1_123' title='bbox 1741 1821 1763 1854; x_wconf 83' lang='lat'><strong>&#39;</strong></span> <span class='ocrx_word' id='word_1_124' title='bbox 1790 1821 2088 1878; x_wconf 83' lang='lat' dir='ltr'><strong>catholicae</strong></span> 
     </span>
    </p>
   </div>
   <div class='ocr_carea' id='block_1_19' title="bbox 2185 621 3781 692">
    <p class='ocr_par' dir='ltr' id='par_1_19' title="bbox 2185 621 3781 692">
     <span class='ocr_line' id='line_1_19' title="bbox 2185 621 3781 692; baseline -0.003 -10"><span class='ocrx_word' id='word_1_125' title='bbox 2185 641 2378 682; x_wconf 87' lang='lat' dir='ltr'><strong>sensus</strong></span> <span class='ocrx_word' id='word_1_126' title='bbox 2433 625 2621 681; x_wconf 88' lang='lat' dir='ltr'><strong>illicita</strong></span> <span class='ocrx_word' id='word_1_127' title='bbox 2667 624 2982 689; x_wconf 88' lang='lat' dir='ltr'><strong>delectatio,</strong></span> <span class='ocrx_word' id='word_1_128' title='bbox 3036 624 3138 680; x_wconf 89' lang='lat' dir='ltr'><strong>sibi</strong></span> <span class='ocrx_word' id='word_1_129' title='bbox 3187 623 3417 679; x_wconf 82' lang='lat' dir='ltr'><strong>invicem</strong></span> <span class='ocrx_word' id='word_1_130' title='bbox 3463 621 3781 692; x_wconf 83' lang='lat' dir='ltr'><strong>copulatae,</strong></span> 
     </span>
    </p>
   </div>
   <div class='ocr_carea' id='block_1_20' title="bbox 2182 710 3777 773">
    <p class='ocr_par' dir='ltr' id='par_1_20' title="bbox 2182 710 3777 773">
     <span class='ocr_line' id='line_1_20' title="bbox 2182 710 3777 773; baseline -0.001 -2"><span class='ocrx_word' id='word_1_131' title='bbox 2182 724 2433 771; x_wconf 87' lang='lat' dir='ltr'><strong>naturam</strong></span> <span class='ocrx_word' id='word_1_132' title='bbox 2473 716 2767 771; x_wconf 90' lang='lat' dir='ltr'><strong>humanam</strong></span> <span class='ocrx_word' id='word_1_133' title='bbox 2796 714 2989 773; x_wconf 89' lang='lat' dir='ltr'><strong>mortis</strong></span> <span class='ocrx_word' id='word_1_134' title='bbox 3021 710 3353 770; x_wconf 87' lang='lat' dir='ltr'><strong>damnationi</strong></span> <span class='ocrx_word' id='word_1_135' title='bbox 3380 713 3777 770; x_wconf 88' lang='lat' dir='ltr'><strong>tradiderunt:</strong></span> 
     </span>
    </p>
   </div>
   <div class='ocr_carea' id='block_1_21' title="bbox 2182 806 3778 880">
    <p class='ocr_par' dir='ltr' id='par_1_21' title="bbox 2182 806 3778 880">
     <span class='ocr_line' id='line_1_21' title="bbox 2182 806 3778 880; baseline -0.001 -16"><span class='ocrx_word' id='word_1_136' title='bbox 2182 809 2248 864; x_wconf 91' lang='lat' dir='ltr'><strong>de</strong></span> <span class='ocrx_word' id='word_1_137' title='bbox 2278 825 2382 880; x_wconf 91' lang='lat' dir='ltr'><strong>qua</strong></span> <span class='ocrx_word' id='word_1_138' title='bbox 2414 809 2527 865; x_wconf 90' lang='lat' dir='ltr'><strong>sola</strong></span> <span class='ocrx_word' id='word_1_139' title='bbox 2551 808 2753 865; x_wconf 87' lang='lat' dir='ltr'><strong>Christi</strong></span> <span class='ocrx_word' id='word_1_140' title='bbox 2777 806 3080 874; x_wconf 75' lang='lat' dir='ltr'><strong>humilitas,</strong></span> <span class='ocrx_word' id='word_1_141' title='bbox 3116 816 3169 863; x_wconf 90' lang='lat' dir='ltr'><strong>et</strong></span> <span class='ocrx_word' id='word_1_142' title='bbox 3198 806 3562 879; x_wconf 78' lang='lat' dir='ltr'><strong>Spiritualium</strong></span> <span class='ocrx_word' id='word_1_143' title='bbox 3590 823 3778 864; x_wconf 88' lang='lat' dir='ltr'><strong>reru</strong></span> 
     </span>
    </p>
   </div>
   <div class='ocr_carea' id='block_1_22' title="bbox 2183 898 3783 964">
    <p class='ocr_par' dir='ltr' id='par_1_22' title="bbox 2183 898 3783 964">
     <span class='ocr_line' id='line_1_22' title="bbox 2183 898 3783 964; baseline -0.001 -7"><span class='ocrx_word' id='word_1_144' title='bbox 2183 901 2237 957; x_wconf 88' lang='lat' dir='ltr'><strong>in</strong></span> <span class='ocrx_word' id='word_1_145' title='bbox 2280 901 2566 956; x_wconf 89' lang='lat' dir='ltr'><strong>animabus</strong></span> <span class='ocrx_word' id='word_1_146' title='bbox 2612 899 2851 955; x_wconf 83' lang='lat' dir='ltr'><strong>ﬁdelium</strong></span> <span class='ocrx_word' id='word_1_147' title='bbox 2904 898 3226 964; x_wconf 86' lang='lat' dir='ltr'><strong>delectatio,</strong></span> <span class='ocrx_word' id='word_1_148' title='bbox 3278 900 3508 953; x_wconf 85' lang='lat' dir='ltr'><strong>eandem</strong></span> <span class='ocrx_word' id='word_1_149' title='bbox 3554 907 3783 955; x_wconf 76' lang='lat' dir='ltr'><strong>revocat</strong></span> 
     </span>
    </p>
   </div>
   <div class='ocr_carea' id='block_1_23' title="bbox 2182 990 3781 1064">
    <p class='ocr_par' dir='ltr' id='par_1_23' title="bbox 2182 990 3781 1064">
     <span class='ocr_line' id='line_1_23' title="bbox 2182 990 3781 1064; baseline 0 -16"><span class='ocrx_word' id='word_1_150' title='bbox 2182 993 2484 1064; x_wconf 86' lang='lat' dir='ltr'><strong>liberatque</strong></span> <span class='ocrx_word' id='word_1_151' title='bbox 2514 1002 2789 1048; x_wconf 87' lang='lat' dir='ltr'><strong>naturam.</strong></span> <span class='ocrx_word' id='word_1_152' title='bbox 2843 990 2958 1047; x_wconf 58' lang='lat' dir='ltr'><strong>Non</strong></span> <span class='ocrx_word' id='word_1_153' title='bbox 2993 991 3161 1046; x_wconf 89' lang='lat' dir='ltr'><strong>babes</strong></span> <span class='ocrx_word' id='word_1_154' title='bbox 3211 990 3416 1061; x_wconf 86' lang='lat' dir='ltr'><strong>itaque,</strong></span> <span class='ocrx_word' id='word_1_155' title='bbox 3468 990 3691 1056; x_wconf 85' lang='lat' dir='ltr'><strong>mulier,</strong></span> <span class='ocrx_word' id='word_1_156' title='bbox 3723 992 3781 1048; x_wconf 90' lang='lat' dir='ltr'><strong>in</strong></span> 
     </span>
    </p>
   </div>
   <div class='ocr_carea' id='block_1_24' title="bbox 2184 1085 3779 1159">
    <p class='ocr_par' dir='ltr' id='par_1_24' title="bbox 2184 1085 3779 1159">
     <span class='ocr_line' id='line_1_24' title="bbox 2184 1085 3779 1159; baseline -0.001 -17"><span class='ocrx_word' id='word_1_157' title='bbox 2184 1087 2313 1159; x_wconf 89' lang='lat' dir='ltr'><strong>quid</strong></span> <span class='ocrx_word' id='word_1_158' title='bbox 2360 1089 2381 1121; x_wconf 83' lang='grc'><strong>⁹</strong></span> <span class='ocrx_word' id='word_1_159' title='bbox 2411 1085 2493 1141; x_wconf 89' lang='lat' dir='ltr'><strong>vel</strong></span> <span class='ocrx_word' id='word_1_160' title='bbox 2524 1086 2577 1141; x_wconf 93' lang='lat' dir='ltr'><strong>in</strong></span> <span class='ocrx_word' id='word_1_161' title='bbox 2610 1101 2769 1157; x_wconf 90' lang='lat' dir='ltr'><strong>quem</strong></span> <span class='ocrx_word' id='word_1_162' title='bbox 2797 1085 3009 1156; x_wconf 90' lang='lat' dir='ltr'><strong>culpam</strong></span> <span class='ocrx_word' id='word_1_163' title='bbox 3046 1094 3194 1140; x_wconf 86' lang='lat' dir='ltr'><strong>tuam</strong></span> <span class='ocrx_word' id='word_1_164' title='bbox 3220 1100 3539 1151; x_wconf 83' lang='lat' dir='ltr'><strong>removeas,</strong></span> <span class='ocrx_word' id='word_1_165' title='bbox 3582 1086 3691 1141; x_wconf 87' lang='lat' dir='ltr'><strong>nisi</strong></span> <span class='ocrx_word' id='word_1_166' title='bbox 3724 1086 3779 1141; x_wconf 91' lang='lat' dir='ltr'><strong>in</strong></span> 
     </span>
    </p>
   </div>
   <div class='ocr_carea' id='block_1_25' title="bbox 2184 1175 3781 1248">
    <p class='ocr_par' dir='ltr' id='par_1_25' title="bbox 2184 1175 3781 1248">
     <span class='ocr_line' id='line_1_25' title="bbox 2184 1175 3781 1248; baseline -0.001 -15"><span class='ocrx_word' id='word_1_167' title='bbox 2184 1187 2237 1233; x_wconf 91' lang='lat' dir='ltr'><strong>te</strong></span> <span class='ocrx_word' id='word_1_168' title='bbox 2259 1177 2453 1248; x_wconf 89' lang='lat' dir='ltr'><strong>ipsam,</strong></span> <span class='ocrx_word' id='word_1_169' title='bbox 2495 1176 2622 1232; x_wconf 91' lang='lat' dir='ltr'><strong>dum</strong></span> <span class='ocrx_word' id='word_1_170' title='bbox 2662 1175 2883 1232; x_wconf 87' lang='lat' dir='ltr'><strong>illicitae</strong></span> <span class='ocrx_word' id='word_1_171' title='bbox 2919 1175 3294 1231; x_wconf 82' lang='lat' dir='ltr'><strong>delectationis</strong></span> <span class='ocrx_word' id='word_1_172' title='bbox 3327 1184 3477 1241; x_wconf 88' lang='lat' dir='ltr'><strong>tuae,</strong></span> <span class='ocrx_word' id='word_1_173' title='bbox 3515 1176 3571 1231; x_wconf 89' lang='lat' dir='ltr'><strong>in</strong></span> <span class='ocrx_word' id='word_1_174' title='bbox 3615 1192 3781 1246; x_wconf 87' lang='lat' dir='ltr'><strong>quam</strong></span> 
     </span>
    </p>
   </div>
   <div class='ocr_carea' id='block_1_26' title="bbox 2185 1265 3785 1338">
    <p class='ocr_par' dir='ltr' id='par_1_26' title="bbox 2185 1265 3785 1338">
     <span class='ocr_line' id='line_1_26' title="bbox 2185 1265 3785 1338; baseline -0.001 -16"><span class='ocrx_word' id='word_1_175' title='bbox 2185 1267 2397 1338; x_wconf 87' lang='lat' dir='ltr'><strong>culpam</strong></span> <span class='ocrx_word' id='word_1_176' title='bbox 2447 1266 2491 1299; x_wconf 80' lang='grc'><strong>¹⁰</strong></span> <span class='ocrx_word' id='word_1_177' title='bbox 2524 1266 2737 1321; x_wconf 90' lang='lat' dir='ltr'><strong>conaris</strong></span> <span class='ocrx_word' id='word_1_178' title='bbox 2777 1280 3054 1320; x_wconf 89' lang='lat' dir='ltr'><strong>removere</strong></span> <span class='ocrx_word' id='word_1_179' title='bbox 3104 1265 3167 1331; x_wconf 83' lang='lat'><strong>“,</strong></span> <span class='ocrx_word' id='word_1_180' title='bbox 3213 1267 3558 1320; x_wconf 87' lang='lat' dir='ltr'><strong>convinceris</strong></span> <span class='ocrx_word' id='word_1_181' title='bbox 3588 1276 3785 1320; x_wconf 85' lang='lat' dir='ltr'><strong>auctor</strong></span> 
     </span>
    </p>
   </div>
   <div class='ocr_carea' id='block_1_27' title="bbox 2184 1358 3787 1430">
    <p class='ocr_par' dir='ltr' id='par_1_27' title="bbox 2184 1358 3787 1430">
     <span class='ocr_line' id='line_1_27' title="bbox 2184 1358 3787 1430; baseline -0.003 -12"><span class='ocrx_word' id='word_1_182' title='bbox 2184 1376 2324 1417; x_wconf 89' lang='lat' dir='ltr'><strong>esse.</strong></span> <span class='ocrx_word' id='word_1_183' title='bbox 2359 1358 2460 1415; x_wconf 89' lang='lat' dir='ltr'><strong>Ubi</strong></span> <span class='ocrx_word' id='word_1_184' title='bbox 2505 1360 2731 1430; x_wconf 85' lang='lat' dir='ltr'><strong>pulchre</strong></span> <span class='ocrx_word' id='word_1_185' title='bbox 2758 1359 3062 1414; x_wconf 89' lang='lat' dir='ltr'><strong>divinorum</strong></span> <span class='ocrx_word' id='word_1_186' title='bbox 3089 1361 3379 1415; x_wconf 79' lang='lat' dir='ltr'><strong>verborum</strong></span> <span class='ocrx_word' id='word_1_187' title='bbox 3420 1368 3637 1414; x_wconf 79' lang='lat' dir='ltr'><strong>textum</strong></span> <span class='ocrx_word' id='word_1_188' title='bbox 3668 1359 3787 1413; x_wconf 79' lang='lat' dir='ltr'><strong>ani-</strong></span> 
     </span>
    </p>
   </div>
   <div class='ocr_carea' id='block_1_28' title="bbox 2185 1450 3782 1522">
    <p class='ocr_par' dir='ltr' id='par_1_28' title="bbox 2185 1450 3782 1522">
     <span class='ocr_line' id='line_1_28' title="bbox 2185 1450 3782 1522; baseline -0.001 -16"><span class='ocrx_word' id='word_1_189' title='bbox 2185 1452 2529 1507; x_wconf 84' lang='lat' dir='ltr'><strong>madvertcre</strong></span> <span class='ocrx_word' id='word_1_190' title='bbox 2571 1450 2849 1506; x_wconf 86' lang='lat' dir='ltr'><strong>debemus.</strong></span> <span class='ocrx_word' id='word_1_191' title='bbox 2881 1452 2955 1505; x_wconf 83' lang='lat' dir='ltr'><strong>Ea</strong></span> <span class='ocrx_word' id='word_1_192' title='bbox 2981 1451 3273 1521; x_wconf 89' lang='lat' dir='ltr'><strong>siquidem,</strong></span> <span class='ocrx_word' id='word_1_193' title='bbox 3299 1467 3436 1522; x_wconf 88' lang='lat' dir='ltr'><strong>quae</strong></span> <span class='ocrx_word' id='word_1_194' title='bbox 3452 1451 3620 1507; x_wconf 89' lang='lat' dir='ltr'><strong>simul</strong></span> <span class='ocrx_word' id='word_1_195' title='bbox 3644 1451 3782 1506; x_wconf 80' lang='lat' dir='ltr'><strong>facta</strong></span> 
     </span>
    </p>
   </div>
   <div class='ocr_carea' id='block_1_29' title="bbox 2187 1542 3782 1613">
    <p class='ocr_par' dir='ltr' id='par_1_29' title="bbox 2187 1542 3782 1613">
     <span class='ocr_line' id='line_1_29' title="bbox 2187 1542 3782 1613; baseline -0.001 -15"><span class='ocrx_word' id='word_1_196' title='bbox 2187 1551 2332 1606; x_wconf 91' lang='lat' dir='ltr'><strong>sunt,</strong></span> <span class='ocrx_word' id='word_1_197' title='bbox 2388 1543 2595 1611; x_wconf 85' lang='lat' dir='ltr'><strong>absque</strong></span> <span class='ocrx_word' id='word_1_198' title='bbox 2635 1542 3011 1613; x_wconf 88' lang='lat' dir='ltr'><strong>temporalium</strong></span> <span class='ocrx_word' id='word_1_199' title='bbox 3055 1542 3386 1598; x_wconf 90' lang='lat' dir='ltr'><strong>morularum</strong></span> <span class='ocrx_word' id='word_1_200' title='bbox 3431 1544 3782 1606; x_wconf 88' lang='lat' dir='ltr'><strong>interstitiis,</strong></span> 
     </span>
    </p>
   </div>
   <div class='ocr_carea' id='block_1_30' title="bbox 2185 1615 3781 1706">
    <p class='ocr_par' dir='ltr' id='par_1_30' title="bbox 2185 1615 3781 1706">
     <span class='ocr_line' id='line_1_30' title="bbox 2185 1615 3781 1706; baseline -0.001 -18"><span class='ocrx_word' id='word_1_201' title='bbox 2185 1644 2411 1706; x_wconf 85' lang='lat' dir='ltr'><strong>propter</strong></span> <span class='ocrx_word' id='word_1_202' title='bbox 2468 1642 2711 1688; x_wconf 85' lang='lat' dir='ltr'><strong>nostram</strong></span> <span class='ocrx_word' id='word_1_203' title='bbox 2782 1615 3114 1689; x_wconf 36' lang='lat' dir='ltr'><strong>tarditatem.</strong></span> <span class='ocrx_word' id='word_1_204' title='bbox 3147 1634 3504 1705; x_wconf 88' lang='lat' dir='ltr'><strong>carnalesque</strong></span> <span class='ocrx_word' id='word_1_205' title='bbox 3566 1650 3781 1697; x_wconf 76' lang='lat' dir='ltr'><strong>sensus,</strong></span> 
     </span>
    </p>
   </div>
   <div class='ocr_carea' id='block_1_31' title="bbox 2188 1725 3789 1799">
    <p class='ocr_par' dir='ltr' id='par_1_31' title="bbox 2188 1725 3789 1799">
     <span class='ocr_line' id='line_1_31' title="bbox 2188 1725 3789 1799; baseline 0 -18"><span class='ocrx_word' id='word_1_206' title='bbox 2188 1726 2384 1798; x_wconf 89' lang='lat' dir='ltr'><strong>quibus</strong></span> <span class='ocrx_word' id='word_1_207' title='bbox 2413 1726 2658 1798; x_wconf 81' lang='lat' dir='ltr'><strong>originali</strong></span> <span class='ocrx_word' id='word_1_208' title='bbox 2688 1735 2910 1796; x_wconf 90' lang='lat' dir='ltr'><strong>peccato</strong></span> <span class='ocrx_word' id='word_1_209' title='bbox 2935 1728 3171 1799; x_wconf 87' lang='lat' dir='ltr'><strong>corrupti</strong></span> <span class='ocrx_word' id='word_1_210' title='bbox 3197 1728 3238 1759; x_wconf 84' lang='grc'>¹¹</span> <span class='ocrx_word' id='word_1_211' title='bbox 3265 1725 3395 1784; x_wconf 90' lang='lat' dir='ltr'><strong>locis</strong></span> <span class='ocrx_word' id='word_1_212' title='bbox 3418 1728 3789 1797; x_wconf 81' lang='lat' dir='ltr'><strong>temporibus-</strong></span> 
     </span>
    </p>
   </div>
   <div class='ocr_carea' id='block_1_32' title="bbox 2189 1817 3789 1889">
    <p class='ocr_par' dir='ltr' id='par_1_32' title="bbox 2189 1817 3789 1889">
     <span class='ocr_line' id='line_1_32' title="bbox 2189 1817 3789 1889; baseline -0.001 -17"><span class='ocrx_word' id='word_1_213' title='bbox 2189 1832 2295 1887; x_wconf 91' lang='lat' dir='ltr'><strong>que</strong></span> <span class='ocrx_word' id='word_1_214' title='bbox 2317 1817 2362 1849; x_wconf 86' lang='grc'><strong>¹³</strong></span> <span class='ocrx_word' id='word_1_215' title='bbox 2383 1818 2802 1881; x_wconf 87' lang='lat' dir='ltr'><strong>succumbimus,</strong></span> <span class='ocrx_word' id='word_1_216' title='bbox 2829 1819 3019 1873; x_wconf 89' lang='lat' dir='ltr'><strong>ordine</strong></span> <span class='ocrx_word' id='word_1_217' title='bbox 3042 1819 3273 1889; x_wconf 92' lang='lat' dir='ltr'><strong>quodam</strong></span> <span class='ocrx_word' id='word_1_218' title='bbox 3313 1818 3576 1886; x_wconf 85' lang='lat' dir='ltr'><strong>mirabili,</strong></span> <span class='ocrx_word' id='word_1_219' title='bbox 3599 1819 3789 1888; x_wconf 80' lang='lat' dir='ltr'><strong>mysti-</strong></span> 
     </span>
    </p>
   </div>
   <div class='ocr_carea' id='block_1_33' title="bbox 493 1897 3787 1981">
    <p class='ocr_par' dir='ltr' id='par_1_33' title="bbox 493 1897 3787 1981">
     <span class='ocr_line' id='line_1_33' title="bbox 493 1897 3787 1981; baseline 0.002 -24"><span class='ocrx_word' id='word_1_220' title='bbox 493 1903 773 1961; x_wconf 85' lang='lat' dir='ltr'><strong>Ecclesiae</strong></span> <span class='ocrx_word' id='word_1_221' title='bbox 802 1897 1071 1978; x_wconf 86' lang='lat' dir='ltr'><strong>baptisma</strong></span> <span class='ocrx_word' id='word_1_222' title='bbox 1109 1909 1178 1964; x_wconf 89' lang='lat' dir='ltr'><strong>ab</strong></span> <span class='ocrx_word' id='word_1_223' title='bbox 1206 1909 1323 1981; x_wconf 89' lang='lat' dir='ltr'><strong>ipso</strong></span> <span class='ocrx_word' id='word_1_224' title='bbox 1355 1921 1507 1967; x_wconf 89' lang='lat' dir='ltr'><strong>reatu</strong></span> <span class='ocrx_word' id='word_1_225' title='bbox 1532 1912 1747 1968; x_wconf 86' lang='lat' dir='ltr'><strong>liberat.</strong></span> <span class='ocrx_word' id='word_1_226' title='bbox 1777 1912 2088 1969; x_wconf 86' lang='lat' dir='ltr'><strong>Asserimus</strong></span> <span class='ocrx_word' id='word_1_227' title='bbox 2120 1899 2165 1961; x_wconf 89' lang='lat' dir='ltr'><strong>B</strong></span> <span class='ocrx_word' id='word_1_228' title='bbox 2195 1924 2382 1965; x_wconf 88' lang='lat' dir='ltr'><strong>eorum</strong></span> <span class='ocrx_word' id='word_1_229' title='bbox 2410 1924 2669 1965; x_wconf 90' lang='lat' dir='ltr'><strong>sensuum</strong></span> <span class='ocrx_word' id='word_1_230' title='bbox 2692 1909 3034 1979; x_wconf 89' lang='lat' dir='ltr'><strong>plenissimo,</strong></span> <span class='ocrx_word' id='word_1_231' title='bbox 3066 1909 3233 1967; x_wconf 83' lang='lat' dir='ltr'><strong>veluti</strong></span> <span class='ocrx_word' id='word_1_232' title='bbox 3254 1909 3391 1966; x_wconf 92' lang='lat' dir='ltr'><strong>locis</strong></span> <span class='ocrx_word' id='word_1_233' title='bbox 3415 1910 3787 1980; x_wconf 81' lang='lat' dir='ltr'><strong>temporibus-</strong></span> 
     </span>
    </p>
   </div>
   <div class='ocr_carea' id='block_1_34' title="bbox 494 1998 2090 2074">
    <p class='ocr_par' dir='ltr' id='par_1_34' title="bbox 494 1998 2090 2074">
     <span class='ocr_line' id='line_1_34' title="bbox 494 1998 2090 2074; baseline 0.008 -25"><span class='ocrx_word' id='word_1_234' title='bbox 494 2012 726 2068; x_wconf 87' lang='lat' dir='ltr'><strong>quoque,</strong></span> <span class='ocrx_word' id='word_1_235' title='bbox 757 1998 979 2069; x_wconf 90' lang='lat' dir='ltr'><strong>copulas</strong></span> <span class='ocrx_word' id='word_1_236' title='bbox 1011 1999 1130 2054; x_wconf 89' lang='lat' dir='ltr'><strong>illas</strong></span> <span class='ocrx_word' id='word_1_237' title='bbox 1154 2002 1419 2069; x_wconf 89' lang='lat' dir='ltr'><strong>carnales,</strong></span> <span class='ocrx_word' id='word_1_238' title='bbox 1452 2003 1649 2074; x_wconf 90' lang='lat' dir='ltr'><strong>quibus</strong></span> <span class='ocrx_word' id='word_1_239' title='bbox 1679 2004 1915 2059; x_wconf 90' lang='lat' dir='ltr'><strong>humana</strong></span> <span class='ocrx_word' id='word_1_240' title='bbox 1946 2003 2090 2061; x_wconf 87' lang='lat' dir='ltr'><strong>loca-</strong></span> 
     </span>
    </p>
   </div>
   <div class='ocr_carea' id='block_1_35' title="bbox 495 2085 2086 2167">
    <p class='ocr_par' dir='ltr' id='par_1_35' title="bbox 495 2085 2086 2167">
     <span class='ocr_line' id='line_1_35' title="bbox 495 2085 2086 2167; baseline 0.009 -29"><span class='ocrx_word' id='word_1_241' title='bbox 495 2085 622 2141; x_wconf 90' lang='lat' dir='ltr'><strong>liter</strong></span> <span class='ocrx_word' id='word_1_242' title='bbox 645 2095 701 2143; x_wconf 91' lang='lat' dir='ltr'><strong>et</strong></span> <span class='ocrx_word' id='word_1_243' title='bbox 732 2090 1105 2159; x_wconf 88' lang='lat' dir='ltr'><strong>temporaliter</strong></span> <span class='ocrx_word' id='word_1_244' title='bbox 1131 2101 1328 2147; x_wconf 90' lang='lat' dir='ltr'><strong>natura</strong></span> <span class='ocrx_word' id='word_1_245' title='bbox 1369 2102 1715 2167; x_wconf 83' lang='lat' dir='ltr'><strong>propagatur,</strong></span> <span class='ocrx_word' id='word_1_246' title='bbox 1750 2111 1858 2150; x_wconf 92' lang='lat' dir='ltr'><strong>non</strong></span> <span class='ocrx_word' id='word_1_247' title='bbox 1895 2110 2086 2152; x_wconf 89' lang='lat' dir='ltr'><strong>neces-</strong></span> 
     </span>
    </p>
   </div>
   <div class='ocr_carea' id='block_1_36' title="bbox 496 2178 2088 2256">
    <p class='ocr_par' dir='ltr' id='par_1_36' title="bbox 496 2178 2088 2256">
     <span class='ocr_line' id='line_1_36' title="bbox 496 2178 2088 2256; baseline 0.008 -25"><span class='ocrx_word' id='word_1_248' title='bbox 496 2178 672 2233; x_wconf 89' lang='lat' dir='ltr'><strong>sarias</strong></span> <span class='ocrx_word' id='word_1_249' title='bbox 698 2178 832 2247; x_wconf 82' lang='lat' dir='ltr'><strong>fore,</strong></span> <span class='ocrx_word' id='word_1_250' title='bbox 852 2181 896 2236; x_wconf 92' lang='lat' dir='ltr'><strong>si</strong></span> <span class='ocrx_word' id='word_1_251' title='bbox 911 2181 1075 2238; x_wconf 88' lang='lat' dir='ltr'><strong>homo</strong></span> <span class='ocrx_word' id='word_1_252' title='bbox 1096 2198 1225 2239; x_wconf 92' lang='lat' dir='ltr'><strong>suae</strong></span> <span class='ocrx_word' id='word_1_253' title='bbox 1246 2194 1473 2240; x_wconf 88' lang='lat' dir='ltr'><strong>naturae</strong></span> <span class='ocrx_word' id='word_1_254' title='bbox 1494 2185 1994 2256; x_wconf 86' lang='lat' dir='ltr'><strong>multiplicationem</strong></span> <span class='ocrx_word' id='word_1_255' title='bbox 2021 2188 2088 2244; x_wconf 86' lang='lat' dir='ltr'><strong>ad</strong></span> 
     </span>
    </p>
   </div>
   <div class='ocr_carea' id='block_1_37' title="bbox 497 2271 2087 2345">
    <p class='ocr_par' dir='ltr' id='par_1_37' title="bbox 497 2271 2087 2345">
     <span class='ocr_line' id='line_1_37' title="bbox 497 2271 2087 2345; baseline 0.007 -22"><span class='ocrx_word' id='word_1_256' title='bbox 497 2271 903 2329; x_wconf 87' lang='lat' dir='ltr'><strong>similitudinem</strong></span> <span class='ocrx_word' id='word_1_257' title='bbox 947 2289 1205 2345; x_wconf 87' lang='lat' dir='ltr'><strong>pecorum</strong></span> <span class='ocrx_word' id='word_1_258' title='bbox 1248 2277 1389 2343; x_wconf 83' lang='lat' dir='ltr'><strong>ﬁeri,</strong></span> <span class='ocrx_word' id='word_1_259' title='bbox 1428 2278 1740 2333; x_wconf 90' lang='lat' dir='ltr'><strong>caelestium</strong></span> <span class='ocrx_word' id='word_1_260' title='bbox 1782 2278 2087 2334; x_wconf 87' lang='lat' dir='ltr'><strong>numerosi-</strong></span> 
     </span>
    </p>
   </div>
   <div class='ocr_carea' id='block_1_38' title="bbox 497 2366 2086 2438">
    <p class='ocr_par' dir='ltr' id='par_1_38' title="bbox 497 2366 2086 2438">
     <span class='ocr_line' id='line_1_38' title="bbox 497 2366 2086 2438; baseline 0.006 -21"><span class='ocrx_word' id='word_1_261' title='bbox 497 2372 608 2418; x_wconf 89' lang='lat' dir='ltr'><strong>tate</strong></span> <span class='ocrx_word' id='word_1_262' title='bbox 650 2366 886 2431; x_wconf 87' lang='lat' dir='ltr'><strong>deserta,</strong></span> <span class='ocrx_word' id='word_1_263' title='bbox 916 2382 1023 2422; x_wconf 92' lang='lat' dir='ltr'><strong>non</strong></span> <span class='ocrx_word' id='word_1_264' title='bbox 1074 2367 1316 2438; x_wconf 83' lang='lat' dir='ltr'><strong>eligeret.</strong></span> <span class='ocrx_word' id='word_1_265' title='bbox 1365 2368 1517 2424; x_wconf 89' lang='lat' dir='ltr'><strong>Sicut</strong></span> <span class='ocrx_word' id='word_1_266' title='bbox 1557 2370 1633 2426; x_wconf 87' lang='lat' dir='ltr'><strong>ait</strong></span> <span class='ocrx_word' id='word_1_267' title='bbox 1658 2370 1826 2426; x_wconf 87' lang='lat' dir='ltr'><strong>David</strong></span> <span class='ocrx_word' id='word_1_268' title='bbox 1864 2386 1879 2426; x_wconf 88' lang='lat'><strong>:</strong></span> <span class='ocrx_word' id='word_1_269' title='bbox 1914 2371 2086 2427; x_wconf 85' lang='lat' dir='ltr'><strong>Homo</strong></span> 
     </span>
    </p>
   </div>
   <div class='ocr_carea' id='block_1_39' title="bbox 498 2457 2086 2534">
    <p class='ocr_par' dir='ltr' id='par_1_39' title="bbox 498 2457 2086 2534">
     <span class='ocr_line' id='line_1_39' title="bbox 498 2457 2086 2534; baseline 0.007 -26"><span class='ocrx_word' id='word_1_270' title='bbox 498 2472 617 2509; x_wconf 88' lang='lat' dir='ltr'><strong>cum</strong></span> <span class='ocrx_word' id='word_1_271' title='bbox 648 2457 703 2510; x_wconf 91' lang='lat' dir='ltr'><strong>in</strong></span> <span class='ocrx_word' id='word_1_272' title='bbox 737 2458 932 2513; x_wconf 82' lang='lat' dir='ltr'><strong>honore</strong></span> <span class='ocrx_word' id='word_1_273' title='bbox 967 2469 1118 2525; x_wconf 91' lang='lat' dir='ltr'><strong>esset,</strong></span> <span class='ocrx_word' id='word_1_274' title='bbox 1151 2477 1254 2515; x_wconf 89' lang='lat' dir='ltr'><strong>non</strong></span> <span class='ocrx_word' id='word_1_275' title='bbox 1294 2460 1585 2529; x_wconf 77' lang='lat' dir='ltr'><strong>intellexit,</strong></span> <span class='ocrx_word' id='word_1_276' title='bbox 1634 2473 1964 2534; x_wconf 85' lang='lat' dir='ltr'><strong>comparatus</strong></span> <span class='ocrx_word' id='word_1_277' title='bbox 2012 2474 2086 2519; x_wconf 89' lang='lat' dir='ltr'><strong>est</strong></span> 
     </span>
    </p>
   </div>
   <div class='ocr_carea' id='block_1_40' title="bbox 495 2545 2085 2625">
    <p class='ocr_par' dir='ltr' id='par_1_40' title="bbox 495 2545 2085 2625">
     <span class='ocr_line' id='line_1_40' title="bbox 495 2545 2085 2625; baseline 0.008 -27"><span class='ocrx_word' id='word_1_278' title='bbox 495 2545 748 2615; x_wconf 70' lang='lat' dir='ltr'><strong>iumentis</strong></span> <span class='ocrx_word' id='word_1_279' title='bbox 779 2549 1160 2620; x_wconf 79' lang='lat' dir='ltr'><strong>insipientibus,</strong></span> <span class='ocrx_word' id='word_1_280' title='bbox 1201 2563 1248 2607; x_wconf 88' lang='lat' dir='ltr'><strong>et</strong></span> <span class='ocrx_word' id='word_1_281' title='bbox 1276 2553 1464 2608; x_wconf 87' lang='lat' dir='ltr'><strong>similis</strong></span> <span class='ocrx_word' id='word_1_282' title='bbox 1498 2554 1669 2625; x_wconf 79' lang='lat' dir='ltr'><strong>[actus</strong></span> <span class='ocrx_word' id='word_1_283' title='bbox 1696 2564 1773 2609; x_wconf 87' lang='lat' dir='ltr'><strong>est</strong></span> <span class='ocrx_word' id='word_1_284' title='bbox 1818 2554 1945 2610; x_wconf 88' lang='lat' dir='ltr'><strong>illis.</strong></span> <span class='ocrx_word' id='word_1_285' title='bbox 1980 2554 2085 2611; x_wconf 88' lang='lat' dir='ltr'><strong>Sed</strong></span> 
     </span>
    </p>
   </div>
   <div class='ocr_carea' id='block_1_41' title="bbox 501 2640 2085 2719">
    <p class='ocr_par' dir='ltr' id='par_1_41' title="bbox 501 2640 2085 2719">
     <span class='ocr_line' id='line_1_41' title="bbox 501 2640 2085 2719; baseline 0.008 -27"><span class='ocrx_word' id='word_1_286' title='bbox 501 2640 789 2699; x_wconf 89' lang='lat' dir='ltr'><strong>redeamus</strong></span> <span class='ocrx_word' id='word_1_287' title='bbox 813 2644 881 2698; x_wconf 89' lang='lat' dir='ltr'><strong>ad</strong></span> <span class='ocrx_word' id='word_1_288' title='bbox 904 2659 1222 2715; x_wconf 88' lang='lat' dir='ltr'><strong>responsum</strong></span> <span class='ocrx_word' id='word_1_289' title='bbox 1260 2647 1520 2712; x_wconf 87' lang='lat' dir='ltr'><strong>mulieris,</strong></span> <span class='ocrx_word' id='word_1_290' title='bbox 1549 2648 1736 2719; x_wconf 89' lang='lat' dir='ltr'><strong>culpae</strong></span> <span class='ocrx_word' id='word_1_291' title='bbox 1765 2663 1895 2705; x_wconf 90' lang='lat' dir='ltr'><strong>suae</strong></span> <span class='ocrx_word' id='word_1_292' title='bbox 1923 2664 2085 2705; x_wconf 84' lang='lat' dir='ltr'><strong>occa-</strong></span> 
     </span>
    </p>
   </div>
   <div class='ocr_carea' id='block_1_42' title="bbox 499 2728 2086 2810">
    <p class='ocr_par' dir='ltr' id='par_1_42' title="bbox 499 2728 2086 2810">
     <span class='ocr_line' id='line_1_42' title="bbox 499 2728 2086 2810; baseline 0.004 -19"><span class='ocrx_word' id='word_1_293' title='bbox 499 2736 707 2793; x_wconf 90' lang='lat' dir='ltr'><strong>sionem</strong></span> <span class='ocrx_word' id='word_1_294' title='bbox 756 2728 813 2793; x_wconf 88' lang='lat' dir='ltr'><strong>in</strong></span> <span class='ocrx_word' id='word_1_295' title='bbox 878 2749 1183 2810; x_wconf 87' lang='lat' dir='ltr'><strong>serpentem</strong></span> <span class='ocrx_word' id='word_1_296' title='bbox 1226 2741 1574 2797; x_wconf 87' lang='lat' dir='ltr'><strong>removentis.</strong></span> <span class='ocrx_word' id='word_1_297' title='bbox 1632 2742 1778 2796; x_wconf 75' lang='lat' dir='ltr'><strong>Dixit</strong></span> <span class='ocrx_word' id='word_1_298' title='bbox 1832 2741 2086 2798; x_wconf 85' lang='lat' dir='ltr'><strong>Dominus</strong></span> 
     </span>
    </p>
   </div>
   <div class='ocr_carea' id='block_1_43' title="bbox 486 2822 2087 2908">
    <p class='ocr_par' dir='ltr' id='par_1_43' title="bbox 486 2822 2087 2908">
     <span class='ocr_line' id='line_1_43' title="bbox 486 2822 2087 2908; baseline 0.004 -24"><span class='ocrx_word' id='word_1_299' title='bbox 486 2829 642 2886; x_wconf 86' lang='lat' dir='ltr'><strong>&#39;Deus</strong></span> <span class='ocrx_word' id='word_1_300' title='bbox 670 2833 738 2886; x_wconf 87' lang='lat' dir='ltr'><strong>ad</strong></span> <span class='ocrx_word' id='word_1_301' title='bbox 768 2822 1038 2887; x_wconf 87' lang='lat' dir='ltr'><strong>mulierem</strong></span> <span class='ocrx_word' id='word_1_302' title='bbox 1063 2848 1080 2885; x_wconf 83' lang='lat'><strong>.&#39;</strong></span> <span class='ocrx_word' id='word_1_303' title='bbox 1114 2833 1411 2907; x_wconf 83' lang='lat' dir='ltr'><strong>Quarehoc</strong></span> <span class='ocrx_word' id='word_1_304' title='bbox 1437 2835 1652 2905; x_wconf 77' lang='lat' dir='ltr'><strong>fecisti?</strong></span> <span class='ocrx_word' id='word_1_305' title='bbox 1681 2835 1831 2903; x_wconf 81' lang='lat' dir='ltr'><strong>Quae</strong></span> <span class='ocrx_word' id='word_1_306' title='bbox 1874 2853 2087 2908; x_wconf 64' lang='lat' dir='ltr'><strong>respon«</strong></span> 
     </span>
    </p>
   </div>
   <div class='ocr_carea' id='block_1_44' title="bbox 499 2922 2085 2997">
    <p class='ocr_par' dir='ltr' id='par_1_44' title="bbox 499 2922 2085 2997">
     <span class='ocr_line' id='line_1_44' title="bbox 499 2922 2085 2997; baseline 0.006 -22"><span class='ocrx_word' id='word_1_307' title='bbox 499 2922 577 2976; x_wconf 82' lang='lat' dir='ltr'><strong>dit</strong></span> <span class='ocrx_word' id='word_1_308' title='bbox 614 2939 632 2977; x_wconf 92' lang='lat'><strong><em>:</em></strong></span> <span class='ocrx_word' id='word_1_309' title='bbox 674 2923 897 2994; x_wconf 89' lang='lat' dir='ltr'><strong>Serpens</strong></span> <span class='ocrx_word' id='word_1_310' title='bbox 931 2924 1126 2997; x_wconf 81' lang='lat' dir='ltr'><strong>decepit</strong></span> <span class='ocrx_word' id='word_1_311' title='bbox 1166 2944 1274 2992; x_wconf 90' lang='lat' dir='ltr'><strong>me,</strong></span> <span class='ocrx_word' id='word_1_312' title='bbox 1316 2936 1363 2981; x_wconf 90' lang='lat' dir='ltr'><strong>et</strong></span> <span class='ocrx_word' id='word_1_313' title='bbox 1405 2928 1628 2982; x_wconf 83' lang='lat' dir='ltr'><strong>comedi.</strong></span> <span class='ocrx_word' id='word_1_314' title='bbox 1672 2927 1739 2982; x_wconf 83' lang='lat' dir='ltr'><strong>Et</strong></span> <span class='ocrx_word' id='word_1_315' title='bbox 1770 2936 1827 2983; x_wconf 90' lang='lat' dir='ltr'><strong>tu</strong></span> <span class='ocrx_word' id='word_1_316' title='bbox 1866 2929 2085 2995; x_wconf 86' lang='lat' dir='ltr'><strong>mulier,</strong></span> 
     </span>
    </p>
   </div>
   <div class='ocr_carea' id='block_1_45' title="bbox 500 3016 2085 3090">
    <p class='ocr_par' dir='ltr' id='par_1_45' title="bbox 500 3016 2085 3090">
     <span class='ocr_line' id='line_1_45' title="bbox 500 3016 2085 3090; baseline 0.004 -24"><span class='ocrx_word' id='word_1_317' title='bbox 500 3028 669 3083; x_wconf 90' lang='lat' dir='ltr'><strong>quare</strong></span> <span class='ocrx_word' id='word_1_318' title='bbox 712 3030 960 3071; x_wconf 87' lang='lat' dir='ltr'><strong>removes</strong></span> <span class='ocrx_word' id='word_1_319' title='bbox 1003 3016 1207 3072; x_wconf 89' lang='lat' dir='ltr'><strong>crimen</strong></span> <span class='ocrx_word' id='word_1_320' title='bbox 1256 3026 1404 3073; x_wconf 91' lang='lat' dir='ltr'><strong>tuum</strong></span> <span class='ocrx_word' id='word_1_321' title='bbox 1454 3018 1508 3072; x_wconf 90' lang='lat' dir='ltr'><strong>in</strong></span> <span class='ocrx_word' id='word_1_322' title='bbox 1556 3026 1903 3090; x_wconf 90' lang='lat' dir='ltr'><strong>serpentem,</strong></span> <span class='ocrx_word' id='word_1_323' title='bbox 1963 3035 2085 3075; x_wconf 88' lang='lat' dir='ltr'><strong>cum</strong></span> 
     </span>
    </p>
   </div>
   <div class='ocr_carea' id='block_1_46' title="bbox 501 3109 2087 3182">
    <p class='ocr_par' dir='ltr' id='par_1_46' title="bbox 501 3109 2087 3182">
     <span class='ocr_line' id='line_1_46' title="bbox 501 3109 2087 3182; baseline 0.004 -21"><span class='ocrx_word' id='word_1_324' title='bbox 501 3117 557 3161; x_wconf 89' lang='lat' dir='ltr'><strong>tu</strong></span> <span class='ocrx_word' id='word_1_325' title='bbox 582 3109 698 3179; x_wconf 87' lang='lat' dir='ltr'><strong>ipsa</strong></span> <span class='ocrx_word' id='word_1_326' title='bbox 742 3110 817 3166; x_wconf 90' lang='lat' dir='ltr'><strong>sis</strong></span> <span class='ocrx_word' id='word_1_327' title='bbox 844 3118 967 3166; x_wconf 91' lang='lat' dir='ltr'><strong>tuae</strong></span> <span class='ocrx_word' id='word_1_328' title='bbox 995 3111 1183 3181; x_wconf 90' lang='lat' dir='ltr'><strong>culpae</strong></span> <span class='ocrx_word' id='word_1_329' title='bbox 1211 3111 1233 3143; x_wconf 79' lang='lat'><strong><em>°</em></strong></span> <span class='ocrx_word' id='word_1_330' title='bbox 1276 3111 1553 3167; x_wconf 78' lang='lat' dir='ltr'><strong>creatrix?</strong></span> <span class='ocrx_word' id='word_1_331' title='bbox 1589 3110 1825 3182; x_wconf 90' lang='lat' dir='ltr'><strong>Serpens</strong></span> <span class='ocrx_word' id='word_1_332' title='bbox 1854 3112 1989 3182; x_wconf 90' lang='lat' dir='ltr'><strong>ipse,</strong></span> <span class='ocrx_word' id='word_1_333' title='bbox 2032 3112 2087 3167; x_wconf 90' lang='lat' dir='ltr'><strong>in</strong></span> 
     </span>
    </p>
   </div>
   <div class='ocr_carea' id='block_1_47' title="bbox 502 3201 2088 3274">
    <p class='ocr_par' dir='ltr' id='par_1_47' title="bbox 502 3201 2088 3274">
     <span class='ocr_line' id='line_1_47' title="bbox 502 3201 2088 3274; baseline 0.003 -19"><span class='ocrx_word' id='word_1_334' title='bbox 502 3216 661 3269; x_wconf 91' lang='lat' dir='ltr'><strong>quem</strong></span> <span class='ocrx_word' id='word_1_335' title='bbox 694 3201 903 3273; x_wconf 85' lang='lat' dir='ltr'><strong>culpam</strong></span> <span class='ocrx_word' id='word_1_336' title='bbox 928 3203 1189 3269; x_wconf 84' lang='lat' dir='ltr'><strong>refundis,</strong></span> <span class='ocrx_word' id='word_1_337' title='bbox 1221 3204 1272 3259; x_wconf 90' lang='lat' dir='ltr'><strong>in</strong></span> <span class='ocrx_word' id='word_1_338' title='bbox 1296 3211 1348 3259; x_wconf 89' lang='lat' dir='ltr'><strong>te</strong></span> <span class='ocrx_word' id='word_1_339' title='bbox 1370 3204 1484 3274; x_wconf 92' lang='lat' dir='ltr'><strong>ipsa</strong></span> <span class='ocrx_word' id='word_1_340' title='bbox 1515 3204 1694 3274; x_wconf 81' lang='lat' dir='ltr'><strong>repit:</strong></span> <span class='ocrx_word' id='word_1_341' title='bbox 1720 3217 1940 3274; x_wconf 83' lang='lat' dir='ltr'><strong>serpens</strong></span> <span class='ocrx_word' id='word_1_342' title='bbox 1964 3212 2088 3260; x_wconf 90' lang='lat' dir='ltr'><strong>tuus</strong></span> 
     </span>
    </p>
   </div>
   <div class='ocr_carea' id='block_1_48' title="bbox 2193 2001 3789 2072">
    <p class='ocr_par' dir='ltr' id='par_1_48' title="bbox 2193 2001 3789 2072">
     <span class='ocr_line' id='line_1_48' title="bbox 2193 2001 3789 2072; baseline 0.001 -18"><span class='ocrx_word' id='word_1_343' title='bbox 2193 2016 2298 2070; x_wconf 91' lang='lat' dir='ltr'><strong>que</strong></span> <span class='ocrx_word' id='word_1_344' title='bbox 2323 2008 2543 2072; x_wconf 88' lang='lat' dir='ltr'><strong>peracta</strong></span> <span class='ocrx_word' id='word_1_345' title='bbox 2574 2001 2875 2057; x_wconf 79' lang='lat' dir='ltr'><strong>contexuit.</strong></span> <span class='ocrx_word' id='word_1_346' title='bbox 2905 2001 3090 2057; x_wconf 83' lang='lat' dir='ltr'><strong>Primo</strong></span> <span class='ocrx_word' id='word_1_347' title='bbox 3116 2001 3300 2072; x_wconf 89' lang='lat' dir='ltr'><strong>itaque</strong></span> <span class='ocrx_word' id='word_1_348' title='bbox 3341 2002 3721 2072; x_wconf 80' lang='lat' dir='ltr'><strong>interrogatur</strong></span> <span class='ocrx_word' id='word_1_349' title='bbox 3744 2001 3789 2032; x_wconf 79' lang='lat'>&quot;</span> 
     </span>
    </p>
   </div>
   <div class='ocr_carea' id='block_1_49' title="bbox 2189 2090 3788 2164">
    <p class='ocr_par' dir='ltr' id='par_1_49' title="bbox 2189 2090 3788 2164">
     <span class='ocr_line' id='line_1_49' title="bbox 2189 2090 3788 2164; baseline 0.001 -18"><span class='ocrx_word' id='word_1_350' title='bbox 2189 2093 2297 2159; x_wconf 93' lang='lat' dir='ltr'><strong>vir,</strong></span> <span class='ocrx_word' id='word_1_351' title='bbox 2337 2092 2440 2147; x_wconf 90' lang='lat' dir='ltr'><strong>hoc</strong></span> <span class='ocrx_word' id='word_1_352' title='bbox 2459 2101 2542 2147; x_wconf 90' lang='lat' dir='ltr'><strong>est</strong></span> <span class='ocrx_word' id='word_1_353' title='bbox 2566 2090 2798 2146; x_wconf 90' lang='lat' dir='ltr'><strong>animus.</strong></span> <span class='ocrx_word' id='word_1_354' title='bbox 2831 2090 2943 2147; x_wconf 88' lang='lat' dir='ltr'><strong>Nec</strong></span> <span class='ocrx_word' id='word_1_355' title='bbox 2968 2092 3262 2160; x_wconf 90' lang='lat' dir='ltr'><strong>immerito,</strong></span> <span class='ocrx_word' id='word_1_356' title='bbox 3292 2094 3419 2148; x_wconf 92' lang='lat' dir='ltr'><strong>dum</strong></span> <span class='ocrx_word' id='word_1_357' title='bbox 3449 2093 3601 2148; x_wconf 91' lang='lat' dir='ltr'><strong>omni</strong></span> <span class='ocrx_word' id='word_1_358' title='bbox 3631 2108 3788 2164; x_wconf 74' lang='lat' dir='ltr'><strong>para-</strong></span> 
     </span>
    </p>
   </div>
   <div class='ocr_carea' id='block_1_50' title="bbox 2190 2183 3789 2254">
    <p class='ocr_par' dir='ltr' id='par_1_50' title="bbox 2190 2183 3789 2254">
     <span class='ocr_line' id='line_1_50' title="bbox 2190 2183 3789 2254; baseline 0.001 -15"><span class='ocrx_word' id='word_1_359' title='bbox 2190 2184 2308 2239; x_wconf 92' lang='lat' dir='ltr'><strong>diso</strong></span> <span class='ocrx_word' id='word_1_360' title='bbox 2340 2184 2610 2239; x_wconf 89' lang='lat' dir='ltr'><strong>humanae</strong></span> <span class='ocrx_word' id='word_1_361' title='bbox 2640 2191 2869 2239; x_wconf 91' lang='lat' dir='ltr'><strong>naturae</strong></span> <span class='ocrx_word' id='word_1_362' title='bbox 2894 2183 3117 2254; x_wconf 88' lang='lat' dir='ltr'><strong>praesit,</strong></span> <span class='ocrx_word' id='word_1_363' title='bbox 3138 2197 3371 2254; x_wconf 83' lang='lat' dir='ltr'><strong>eumque</strong></span> <span class='ocrx_word' id='word_1_364' title='bbox 3394 2185 3698 2249; x_wconf 88' lang='lat' dir='ltr'><strong>custodire,</strong></span> <span class='ocrx_word' id='word_1_365' title='bbox 3722 2201 3789 2240; x_wconf 89' lang='lat' dir='ltr'><strong>ne</strong></span> 
     </span>
    </p>
   </div>
   <div class='ocr_carea' id='block_1_51' title="bbox 2190 2278 3786 2350">
    <p class='ocr_par' dir='ltr' id='par_1_51' title="bbox 2190 2278 3786 2350">
     <span class='ocr_line' id='line_1_51' title="bbox 2190 2278 3786 2350; baseline -0.001 -15"><span class='ocrx_word' id='word_1_366' title='bbox 2190 2282 2244 2335; x_wconf 91' lang='lat' dir='ltr'><strong>in</strong></span> <span class='ocrx_word' id='word_1_367' title='bbox 2274 2294 2339 2335; x_wconf 88' lang='lat' dir='ltr'><strong>eo</strong></span> <span class='ocrx_word' id='word_1_368' title='bbox 2369 2279 2609 2334; x_wconf 90' lang='lat' dir='ltr'><strong>divinum</strong></span> <span class='ocrx_word' id='word_1_369' title='bbox 2636 2286 2985 2350; x_wconf 89' lang='lat' dir='ltr'><strong>praeceptum</strong></span> <span class='ocrx_word' id='word_1_370' title='bbox 3028 2278 3074 2311; x_wconf 86' lang='grc'><strong>¹⁸</strong></span> <span class='ocrx_word' id='word_1_371' title='bbox 3113 2278 3431 2342; x_wconf 85' lang='lat' dir='ltr'><strong>violaretur,</strong></span> <span class='ocrx_word' id='word_1_372' title='bbox 3468 2278 3680 2332; x_wconf 87' lang='lat' dir='ltr'><strong>debuit.</strong></span> <span class='ocrx_word' id='word_1_373' title='bbox 3709 2279 3786 2333; x_wconf 78' lang='lat' dir='ltr'><strong>Ac</strong></span> 
     </span>
    </p>
   </div>
   <div class='ocr_carea' id='block_1_52' title="bbox 2191 2369 3782 2441">
    <p class='ocr_par' dir='ltr' id='par_1_52' title="bbox 2191 2369 3782 2441">
     <span class='ocr_line' id='line_1_52' title="bbox 2191 2369 3782 2441; baseline -0.001 -15"><span class='ocrx_word' id='word_1_374' title='bbox 2191 2370 2270 2426; x_wconf 89' lang='lat' dir='ltr'><strong>sic</strong></span> <span class='ocrx_word' id='word_1_375' title='bbox 2303 2370 2701 2441; x_wconf 76' lang='lat' dir='ltr'><strong>interrogatur:</strong></span> <span class='ocrx_word' id='word_1_376' title='bbox 2732 2369 2927 2437; x_wconf 84' lang='lat' dir='ltr'><strong>Adam,</strong></span> <span class='ocrx_word' id='word_1_377' title='bbox 2966 2370 3057 2425; x_wconf 89' lang='lat' dir='ltr'><strong>ubi</strong></span> <span class='ocrx_word' id='word_1_378' title='bbox 3085 2370 3188 2425; x_wconf 87' lang='lat' dir='ltr'><strong>es?</strong></span> <span class='ocrx_word' id='word_1_379' title='bbox 3232 2371 3311 2425; x_wconf 82' lang='lat' dir='ltr'><strong>Ac</strong></span> <span class='ocrx_word' id='word_1_380' title='bbox 3359 2370 3409 2426; x_wconf 90' lang='lat' dir='ltr'><strong>si</strong></span> <span class='ocrx_word' id='word_1_381' title='bbox 3454 2370 3664 2426; x_wconf 88' lang='lat' dir='ltr'><strong>diceret</strong></span> <span class='ocrx_word' id='word_1_382' title='bbox 3707 2370 3782 2424; x_wconf 88' lang='lat'><strong>&quot;:</strong></span> 
     </span>
    </p>
   </div>
   <div class='ocr_carea' id='block_1_53' title="bbox 2189 2460 3785 2534">
    <p class='ocr_par' dir='ltr' id='par_1_53' title="bbox 2189 2460 3785 2534">
     <span class='ocr_line' id='line_1_53' title="bbox 2189 2460 3785 2534; baseline -0.003 -16"><span class='ocrx_word' id='word_1_383' title='bbox 2189 2461 2382 2528; x_wconf 82' lang='lat' dir='ltr'><strong>Adam,</strong></span> <span class='ocrx_word' id='word_1_384' title='bbox 2416 2463 2531 2532; x_wconf 91' lang='lat' dir='ltr'><strong>qui,</strong></span> <span class='ocrx_word' id='word_1_385' title='bbox 2561 2462 2876 2534; x_wconf 86' lang='lat' dir='ltr'><strong>priusquam</strong></span> <span class='ocrx_word' id='word_1_386' title='bbox 2905 2476 3222 2532; x_wconf 84' lang='lat' dir='ltr'><strong>peccasses,</strong></span> <span class='ocrx_word' id='word_1_387' title='bbox 3269 2461 3410 2516; x_wconf 91' lang='lat' dir='ltr'><strong>ultra</strong></span> <span class='ocrx_word' id='word_1_388' title='bbox 3455 2462 3642 2517; x_wconf 87' lang='lat' dir='ltr'><strong>omnia</strong></span> <span class='ocrx_word' id='word_1_389' title='bbox 3669 2460 3785 2515; x_wconf 84' lang='lat' dir='ltr'><strong>loca</strong></span> 
     </span>
    </p>
   </div>
   <div class='ocr_carea' id='block_1_54' title="bbox 2189 2554 3788 2625">
    <p class='ocr_par' dir='ltr' id='par_1_54' title="bbox 2189 2554 3788 2625">
     <span class='ocr_line' id='line_1_54' title="bbox 2189 2554 3788 2625; baseline -0.003 -15"><span class='ocrx_word' id='word_1_390' title='bbox 2189 2565 2246 2611; x_wconf 89' lang='lat' dir='ltr'><strong>et</strong></span> <span class='ocrx_word' id='word_1_391' title='bbox 2274 2564 2517 2625; x_wconf 89' lang='lat' dir='ltr'><strong>tempora</strong></span> <span class='ocrx_word' id='word_1_392' title='bbox 2553 2554 2878 2611; x_wconf 91' lang='lat' dir='ltr'><strong>constitutus</strong></span> <span class='ocrx_word' id='word_1_393' title='bbox 2904 2554 3093 2619; x_wconf 73' lang='lat' dir='ltr'><strong>fueris,</strong></span> <span class='ocrx_word' id='word_1_394' title='bbox 3121 2554 3388 2625; x_wconf 90' lang='lat' dir='ltr'><strong>responde</strong></span> <span class='ocrx_word' id='word_1_395' title='bbox 3427 2569 3600 2619; x_wconf 92' lang='lat' dir='ltr'><strong>nunc,</strong></span> <span class='ocrx_word' id='word_1_396' title='bbox 3631 2567 3788 2625; x_wconf 82' lang='lat' dir='ltr'><strong>prae-</strong></span> 
     </span>
    </p>
   </div>
   <div class='ocr_carea' id='block_1_55' title="bbox 2189 2646 3789 2719">
    <p class='ocr_par' dir='ltr' id='par_1_55' title="bbox 2189 2646 3789 2719">
     <span class='ocr_line' id='line_1_55' title="bbox 2189 2646 3789 2719; baseline -0.002 -16"><span class='ocrx_word' id='word_1_397' title='bbox 2189 2651 2482 2716; x_wconf 86' lang='lat' dir='ltr'><strong>varicator,</strong></span> <span class='ocrx_word' id='word_1_398' title='bbox 2508 2647 2599 2704; x_wconf 91' lang='lat' dir='ltr'><strong>ubi</strong></span> <span class='ocrx_word' id='word_1_399' title='bbox 2622 2650 2718 2705; x_wconf 87' lang='lat' dir='ltr'><strong>es?</strong></span> <span class='ocrx_word' id='word_1_400' title='bbox 2746 2648 2883 2704; x_wconf 89' lang='lat' dir='ltr'><strong>Eras</strong></span> <span class='ocrx_word' id='word_1_401' title='bbox 2907 2649 2961 2702; x_wconf 93' lang='lat' dir='ltr'><strong>in</strong></span> <span class='ocrx_word' id='word_1_402' title='bbox 2987 2646 3155 2711; x_wconf 87' lang='lat' dir='ltr'><strong>caelo,</strong></span> <span class='ocrx_word' id='word_1_403' title='bbox 3189 2648 3330 2703; x_wconf 90' lang='lat' dir='ltr'><strong>sicut</strong></span> <span class='ocrx_word' id='word_1_404' title='bbox 3360 2647 3608 2719; x_wconf 87' lang='lat' dir='ltr'><strong>angelica</strong></span> <span class='ocrx_word' id='word_1_405' title='bbox 3634 2663 3789 2701; x_wconf 85' lang='lat' dir='ltr'><strong>crea-</strong></span> 
     </span>
    </p>
   </div>
   <div class='ocr_carea' id='block_1_56' title="bbox 2192 2738 3785 2811">
    <p class='ocr_par' dir='ltr' id='par_1_56' title="bbox 2192 2738 3785 2811">
     <span class='ocr_line' id='line_1_56' title="bbox 2192 2738 3785 2811; baseline -0.002 -16"><span class='ocrx_word' id='word_1_406' title='bbox 2192 2750 2334 2808; x_wconf 89' lang='lat' dir='ltr'><strong>tura,</strong></span> <span class='ocrx_word' id='word_1_407' title='bbox 2362 2741 2586 2808; x_wconf 87' lang='lat' dir='ltr'><strong>beatus;</strong></span> <span class='ocrx_word' id='word_1_408' title='bbox 2631 2756 2775 2796; x_wconf 90' lang='lat' dir='ltr'><strong>nunc</strong></span> <span class='ocrx_word' id='word_1_409' title='bbox 2802 2741 2855 2795; x_wconf 91' lang='lat' dir='ltr'><strong>in</strong></span> <span class='ocrx_word' id='word_1_410' title='bbox 2888 2740 3049 2795; x_wconf 89' lang='lat' dir='ltr'><strong>terris</strong></span> <span class='ocrx_word' id='word_1_411' title='bbox 3078 2754 3173 2811; x_wconf 76' lang='lat' dir='ltr'><strong>es,</strong></span> <span class='ocrx_word' id='word_1_412' title='bbox 3214 2739 3354 2794; x_wconf 89' lang='lat' dir='ltr'><strong>sicut</strong></span> <span class='ocrx_word' id='word_1_413' title='bbox 3378 2739 3539 2793; x_wconf 90' lang='lat' dir='ltr'><strong>bruta</strong></span> <span class='ocrx_word' id='word_1_414' title='bbox 3576 2738 3785 2793; x_wconf 83' lang='lat' dir='ltr'><strong>anima-</strong></span> 
     </span>
    </p>
   </div>
   <div class='ocr_carea' id='block_1_57' title="bbox 2191 2829 3784 2902">
    <p class='ocr_par' dir='ltr' id='par_1_57' title="bbox 2191 2829 3784 2902">
     <span class='ocr_line' id='line_1_57' title="bbox 2191 2829 3784 2902; baseline -0.003 -15"><span class='ocrx_word' id='word_1_415' title='bbox 2191 2832 2284 2898; x_wconf 90' lang='lat' dir='ltr'><strong>lia,</strong></span> <span class='ocrx_word' id='word_1_416' title='bbox 2315 2832 2601 2902; x_wconf 90' lang='lat' dir='ltr'><strong>superbus.</strong></span> <span class='ocrx_word' id='word_1_417' title='bbox 2642 2830 2835 2887; x_wconf 86' lang='lat' dir='ltr'><strong>Sermo</strong></span> <span class='ocrx_word' id='word_1_418' title='bbox 2878 2830 3213 2886; x_wconf 90' lang='lat' dir='ltr'><strong>convertitur</strong></span> <span class='ocrx_word' id='word_1_419' title='bbox 3259 2829 3325 2885; x_wconf 90' lang='lat' dir='ltr'><strong>ad</strong></span> <span class='ocrx_word' id='word_1_420' title='bbox 3368 2829 3679 2894; x_wconf 89' lang='lat' dir='ltr'><strong>mulierem,</strong></span> <span class='ocrx_word' id='word_1_421' title='bbox 3731 2839 3784 2884; x_wconf 90' lang='lat' dir='ltr'><strong>et</strong></span> 
     </span>
    </p>
   </div>
   <div class='ocr_carea' id='block_1_58' title="bbox 2193 2911 3781 2993">
    <p class='ocr_par' dir='ltr' id='par_1_58' title="bbox 2193 2911 3781 2993">
     <span class='ocr_line' id='line_1_58' title="bbox 2193 2911 3781 2993; baseline -0.003 -15"><span class='ocrx_word' id='word_1_422' title='bbox 2193 2923 2258 2978; x_wconf 87' lang='lat' dir='ltr'><strong>ab</strong></span> <span class='ocrx_word' id='word_1_423' title='bbox 2307 2937 2368 2977; x_wconf 89' lang='lat' dir='ltr'><strong>ea</strong></span> <span class='ocrx_word' id='word_1_424' title='bbox 2406 2923 2707 2993; x_wconf 89' lang='lat' dir='ltr'><strong>quaeritur,</strong></span> <span class='ocrx_word' id='word_1_425' title='bbox 2743 2911 2856 2978; x_wconf 52' lang='lat' dir='ltr'><strong>&#39;cur</strong></span> <span class='ocrx_word' id='word_1_426' title='bbox 2903 2922 2985 2977; x_wconf 91' lang='lat' dir='ltr'><strong>sic</strong></span> <span class='ocrx_word' id='word_1_427' title='bbox 3032 2920 3259 2977; x_wconf 80' lang='lat' dir='ltr'><strong>fecerit?</strong></span> <span class='ocrx_word' id='word_1_428' title='bbox 3304 2917 3408 2974; x_wconf 89' lang='lat' dir='ltr'><strong>Ubi</strong></span> <span class='ocrx_word' id='word_1_429' title='bbox 3458 2920 3781 2982; x_wconf 86' lang='lat' dir='ltr'><strong>notandum,</strong></span> 
     </span>
    </p>
   </div>
   <div class='ocr_carea' id='block_1_59' title="bbox 2192 3009 3784 3087">
    <p class='ocr_par' dir='ltr' id='par_1_59' title="bbox 2192 3009 3784 3087">
     <span class='ocr_line' id='line_1_59' title="bbox 2192 3009 3784 3087; baseline -0.003 -19"><span class='ocrx_word' id='word_1_430' title='bbox 2192 3013 2337 3085; x_wconf 88' lang='lat' dir='ltr'><strong>quod</strong></span> <span class='ocrx_word' id='word_1_431' title='bbox 2362 3029 2467 3068; x_wconf 91' lang='lat' dir='ltr'><strong>non</strong></span> <span class='ocrx_word' id='word_1_432' title='bbox 2507 3012 2796 3070; x_wconf 84' lang='lat' dir='ltr'><strong>confestim</strong></span> <span class='ocrx_word' id='word_1_433' title='bbox 2821 3012 2939 3087; x_wconf 88' lang='lat' dir='ltr'><strong>viro</strong></span> <span class='ocrx_word' id='word_1_434' title='bbox 2973 3021 3028 3068; x_wconf 92' lang='lat' dir='ltr'><strong>et</strong></span> <span class='ocrx_word' id='word_1_435' title='bbox 3060 3012 3271 3068; x_wconf 90' lang='lat' dir='ltr'><strong>mulieri</strong></span> <span class='ocrx_word' id='word_1_436' title='bbox 3303 3011 3577 3066; x_wconf 87' lang='lat' dir='ltr'><strong>sententia</strong></span> <span class='ocrx_word' id='word_1_437' title='bbox 3608 3009 3784 3080; x_wconf 86' lang='lat' dir='ltr'><strong>inqui-</strong></span> 
     </span>
    </p>
   </div>
   <div class='ocr_carea' id='block_1_60' title="bbox 2189 3104 3785 3180">
    <p class='ocr_par' dir='ltr' id='par_1_60' title="bbox 2189 3104 3785 3180">
     <span class='ocr_line' id='line_1_60' title="bbox 2189 3104 3785 3180; baseline -0.006 -14"><span class='ocrx_word' id='word_1_438' title='bbox 2189 3112 2361 3167; x_wconf 88' lang='lat' dir='ltr'><strong>rentis</strong></span> <span class='ocrx_word' id='word_1_439' title='bbox 2380 3108 2578 3179; x_wconf 89' lang='lat' dir='ltr'><strong>judicis</strong></span> <span class='ocrx_word' id='word_1_440' title='bbox 2608 3107 2903 3180; x_wconf 79' lang='lat' dir='ltr'><strong>profertur,</strong></span> <span class='ocrx_word' id='word_1_441' title='bbox 2926 3108 3018 3163; x_wconf 91' lang='lat' dir='ltr'><strong>sed</strong></span> <span class='ocrx_word' id='word_1_442' title='bbox 3044 3107 3211 3162; x_wconf 88' lang='lat' dir='ltr'><strong>veluti</strong></span> <span class='ocrx_word' id='word_1_443' title='bbox 3234 3107 3467 3177; x_wconf 86' lang='lat' dir='ltr'><strong>spatium</strong></span> <span class='ocrx_word' id='word_1_444' title='bbox 3507 3104 3785 3174; x_wconf 88' lang='lat' dir='ltr'><strong>improbae</strong></span> 
     </span>
    </p>
   </div>
   <div class='ocr_carea' id='block_1_61' title="bbox 2190 3198 3785 3273">
    <p class='ocr_par' dir='ltr' id='par_1_61' title="bbox 2190 3198 3785 3273">
     <span class='ocr_line' id='line_1_61' title="bbox 2190 3198 3785 3273; baseline -0.008 -12"><span class='ocrx_word' id='word_1_445' title='bbox 2190 3202 2558 3260; x_wconf 81' lang='lat' dir='ltr'><strong>excusationis</strong></span> <span class='ocrx_word' id='word_1_446' title='bbox 2607 3201 2960 3273; x_wconf 84' lang='lat' dir='ltr'><strong>corrigendae</strong></span> <span class='ocrx_word' id='word_1_447' title='bbox 3008 3200 3347 3266; x_wconf 86' lang='lat' dir='ltr'><strong>conceditur,</strong></span> <span class='ocrx_word' id='word_1_448' title='bbox 3397 3198 3665 3268; x_wconf 89' lang='lat' dir='ltr'><strong>locusque</strong></span> <span class='ocrx_word' id='word_1_449' title='bbox 3706 3198 3785 3249; x_wconf 86' lang='lat' dir='ltr'><strong>in-</strong></span> 
     </span>
    </p>
   </div>
   <div class='ocr_carea' id='block_1_62' title="bbox 502 3275 3785 3382">
    <p class='ocr_par' dir='ltr' id='par_1_62' title="bbox 502 3275 3785 3382">
     <span class='ocr_line' id='line_1_62' title="bbox 502 3275 3785 3382; baseline -0.002 -37"><span class='ocrx_word' id='word_1_450' title='bbox 502 3301 595 3348; x_wconf 88' lang='lat' dir='ltr'><strong>tua</strong></span> <span class='ocrx_word' id='word_1_451' title='bbox 645 3294 879 3348; x_wconf 89' lang='lat' dir='ltr'><strong>carnalis</strong></span> <span class='ocrx_word' id='word_1_452' title='bbox 925 3295 1363 3365; x_wconf 87' lang='lat' dir='ltr'><strong>concupiscentia</strong></span> <span class='ocrx_word' id='word_1_453' title='bbox 1421 3302 1503 3349; x_wconf 91' lang='lat' dir='ltr'><strong>est</strong></span> <span class='ocrx_word' id='word_1_454' title='bbox 1568 3303 1731 3367; x_wconf 89' lang='lat' dir='ltr'><strong>atque</strong></span> <span class='ocrx_word' id='word_1_455' title='bbox 1778 3294 2083 3362; x_wconf 89' lang='lat' dir='ltr'><strong>delectatio,</strong></span> <span class='ocrx_word' id='word_1_456' title='bbox 2115 3275 2161 3339; x_wconf 76' lang='lat' dir='ltr'><strong><em>C</em></strong></span> <span class='ocrx_word' id='word_1_457' title='bbox 2194 3295 2506 3382; x_wconf 69' lang='lat' dir='ltr'><strong>dulgeutiae</strong></span> <span class='ocrx_word' id='word_1_458' title='bbox 2547 3301 2918 3365; x_wconf 87' lang='lat' dir='ltr'><strong>praeparatur.</strong></span> <span class='ocrx_word' id='word_1_459' title='bbox 2976 3293 3258 3348; x_wconf 89' lang='lat' dir='ltr'><strong>Postremo</strong></span> <span class='ocrx_word' id='word_1_460' title='bbox 3308 3305 3475 3357; x_wconf 90' lang='lat' dir='ltr'><strong>vero,</strong></span> <span class='ocrx_word' id='word_1_461' title='bbox 3539 3290 3671 3345; x_wconf 91' lang='lat' dir='ltr'><strong>dum</strong></span> <span class='ocrx_word' id='word_1_462' title='bbox 3721 3288 3785 3341; x_wconf 88' lang='lat' dir='ltr'><strong>ad</strong></span> 
     </span>
    </p>
   </div>
   <div class='ocr_carea' id='block_1_63' title="bbox 500 3386 2087 3459">
    <p class='ocr_par' dir='ltr' id='par_1_63' title="bbox 500 3386 2087 3459">
     <span class='ocr_line' id='line_1_63' title="bbox 500 3386 2087 3459; baseline 0.004 -23"><span class='ocrx_word' id='word_1_463' title='bbox 500 3400 642 3454; x_wconf 83' lang='lat' dir='ltr'><strong>quae</strong></span> <span class='ocrx_word' id='word_1_464' title='bbox 671 3402 736 3440; x_wconf 84' lang='lat' dir='ltr'><strong>ex</strong></span> <span class='ocrx_word' id='word_1_465' title='bbox 767 3386 1157 3442; x_wconf 89' lang='lat' dir='ltr'><strong>irrationabilis</strong></span> <span class='ocrx_word' id='word_1_466' title='bbox 1185 3387 1399 3442; x_wconf 84' lang='lat' dir='ltr'><strong>animae</strong></span> <span class='ocrx_word' id='word_1_467' title='bbox 1436 3396 1585 3441; x_wconf 89' lang='lat' dir='ltr'><strong>motu</strong></span> <span class='ocrx_word' id='word_1_468' title='bbox 1612 3387 1666 3441; x_wconf 90' lang='lat' dir='ltr'><strong>in</strong></span> <span class='ocrx_word' id='word_1_469' title='bbox 1700 3402 1861 3443; x_wconf 90' lang='lat' dir='ltr'><strong>sensu</strong></span> <span class='ocrx_word' id='word_1_470' title='bbox 1896 3402 2087 3459; x_wconf 86' lang='lat' dir='ltr'><strong>corpo-</strong></span> 
     </span>
    </p>
   </div>
   <div class='ocr_carea' id='block_1_64' title="bbox 500 3476 2087 3550">
    <p class='ocr_par' dir='ltr' id='par_1_64' title="bbox 500 3476 2087 3550">
     <span class='ocr_line' id='line_1_64' title="bbox 500 3476 2087 3550; baseline 0.002 -19"><span class='ocrx_word' id='word_1_471' title='bbox 500 3491 599 3532; x_wconf 85' lang='lat' dir='ltr'><strong>reo</strong></span> <span class='ocrx_word' id='word_1_472' title='bbox 619 3478 877 3549; x_wconf 87' lang='lat' dir='ltr'><strong>gignitur.</strong></span> <span class='ocrx_word' id='word_1_473' title='bbox 906 3476 1128 3533; x_wconf 85' lang='lat' dir='ltr'><strong>Frustra</strong></span> <span class='ocrx_word' id='word_1_474' title='bbox 1174 3478 1339 3550; x_wconf 86' lang='lat' dir='ltr'><strong>igitur</strong></span> <span class='ocrx_word' id='word_1_475' title='bbox 1363 3476 1575 3542; x_wconf 89' lang='lat' dir='ltr'><strong>mulier,</strong></span> <span class='ocrx_word' id='word_1_476' title='bbox 1609 3492 1802 3533; x_wconf 90' lang='lat' dir='ltr'><strong>sensus</strong></span> <span class='ocrx_word' id='word_1_477' title='bbox 1838 3478 2087 3534; x_wconf 83' lang='lat' dir='ltr'><strong>videlicet</strong></span> 
     </span>
    </p>
   </div>
   <div class='ocr_carea' id='block_1_65' title="bbox 505 3568 2086 3648">
    <p class='ocr_par' dir='ltr' id='par_1_65' title="bbox 505 3568 2086 3648">
     <span class='ocr_line' id='line_1_65' title="bbox 505 3568 2086 3648; baseline 0.002 -26"><span class='ocrx_word' id='word_1_478' title='bbox 505 3568 766 3633; x_wconf 84' lang='lat' dir='ltr'><strong>carnalis,</strong></span> <span class='ocrx_word' id='word_1_479' title='bbox 795 3568 1008 3648; x_wconf 59' lang='lat' dir='ltr'><strong>culpam</strong></span> <span class='ocrx_word' id='word_1_480' title='bbox 1035 3584 1187 3625; x_wconf 91' lang='lat' dir='ltr'><strong>suam</strong></span> <span class='ocrx_word' id='word_1_481' title='bbox 1220 3569 1275 3624; x_wconf 92' lang='lat' dir='ltr'><strong>in</strong></span> <span class='ocrx_word' id='word_1_482' title='bbox 1314 3577 1644 3639; x_wconf 75' lang='lat' dir='ltr'><strong>serpentem,</strong></span> <span class='ocrx_word' id='word_1_483' title='bbox 1676 3568 1779 3625; x_wconf 91' lang='lat' dir='ltr'><strong>hoc</strong></span> <span class='ocrx_word' id='word_1_484' title='bbox 1803 3580 1887 3623; x_wconf 84' lang='lat' dir='ltr'><strong>est</strong></span> <span class='ocrx_word' id='word_1_485' title='bbox 1909 3570 1961 3624; x_wconf 93' lang='lat' dir='ltr'><strong>in</strong></span> <span class='ocrx_word' id='word_1_486' title='bbox 1990 3571 2086 3625; x_wconf 87' lang='lat' dir='ltr'><strong>de-</strong></span> 
     </span>
    </p>
   </div>
   <div class='ocr_carea' id='block_1_66' title="bbox 502 3658 2087 3731">
    <p class='ocr_par' dir='ltr' id='par_1_66' title="bbox 502 3658 2087 3731">
     <span class='ocr_line' id='line_1_66' title="bbox 502 3658 2087 3731; baseline 0.003 -18"><span class='ocrx_word' id='word_1_487' title='bbox 502 3659 847 3715; x_wconf 88' lang='lat' dir='ltr'><strong>lectationem</strong></span> <span class='ocrx_word' id='word_1_488' title='bbox 897 3660 1353 3727; x_wconf 89' lang='lat' dir='ltr'><strong>irrationabilem,</strong></span> <span class='ocrx_word' id='word_1_489' title='bbox 1400 3660 1556 3731; x_wconf 87' lang='lat' dir='ltr'><strong>cujus</strong></span> <span class='ocrx_word' id='word_1_490' title='bbox 1608 3658 1721 3731; x_wconf 87' lang='lat' dir='ltr'><strong>ipsa</strong></span> <span class='ocrx_word' id='word_1_491' title='bbox 1750 3669 1940 3716; x_wconf 89' lang='lat' dir='ltr'><strong>auctor</strong></span> <span class='ocrx_word' id='word_1_492' title='bbox 1976 3670 2087 3729; x_wconf 82' lang='lat' dir='ltr'><strong>est,</strong></span> 
     </span>
    </p>
   </div>
   <div class='ocr_carea' id='block_1_67' title="bbox 507 3750 2088 3808">
    <p class='ocr_par' dir='ltr' id='par_1_67' title="bbox 507 3750 2088 3808">
     <span class='ocr_line' id='line_1_67' title="bbox 507 3750 2088 3808; baseline 0.003 -4"><span class='ocrx_word' id='word_1_493' title='bbox 507 3760 770 3807; x_wconf 86' lang='lat' dir='ltr'><strong>removet.</strong></span> <span class='ocrx_word' id='word_1_494' title='bbox 803 3750 918 3806; x_wconf 88' lang='lat' dir='ltr'><strong>Non</strong></span> <span class='ocrx_word' id='word_1_495' title='bbox 958 3753 1102 3807; x_wconf 89' lang='lat' dir='ltr'><strong>enim</strong></span> <span class='ocrx_word' id='word_1_496' title='bbox 1145 3751 1508 3807; x_wconf 89' lang='lat' dir='ltr'><strong>materialium</strong></span> <span class='ocrx_word' id='word_1_497' title='bbox 1551 3767 1735 3808; x_wconf 89' lang='lat' dir='ltr'><strong>rerum</strong></span> <span class='ocrx_word' id='word_1_498' title='bbox 1770 3752 1956 3808; x_wconf 90' lang='lat' dir='ltr'><strong>illicita</strong></span> <span class='ocrx_word' id='word_1_499' title='bbox 1992 3754 2088 3808; x_wconf 90' lang='lat' dir='ltr'><strong>de-</strong></span> 
     </span>
    </p>
   </div>
   <div class='ocr_carea' id='block_1_68' title="bbox 504 3840 2089 3916">
    <p class='ocr_par' dir='ltr' id='par_1_68' title="bbox 504 3840 2089 3916">
     <span class='ocr_line' id='line_1_68' title="bbox 504 3840 2089 3916; baseline 0.004 -21"><span class='ocrx_word' id='word_1_500' title='bbox 504 3840 723 3898; x_wconf 85' lang='lat' dir='ltr'><strong>lectatio</strong></span> <span class='ocrx_word' id='word_1_501' title='bbox 769 3850 949 3897; x_wconf 90' lang='lat' dir='ltr'><strong>ortum</strong></span> <span class='ocrx_word' id='word_1_502' title='bbox 980 3843 1235 3900; x_wconf 81' lang='lat' dir='ltr'><strong>duxit&#39;ex</strong></span> <span class='ocrx_word' id='word_1_503' title='bbox 1263 3852 1485 3907; x_wconf 90' lang='lat' dir='ltr'><strong>natura,</strong></span> <span class='ocrx_word' id='word_1_504' title='bbox 1532 3844 1627 3900; x_wconf 90' lang='lat' dir='ltr'><strong>sed</strong></span> <span class='ocrx_word' id='word_1_505' title='bbox 1669 3858 1735 3900; x_wconf 86' lang='lat' dir='ltr'><strong>ex</strong></span> <span class='ocrx_word' id='word_1_506' title='bbox 1771 3846 2089 3916; x_wconf 86' lang='lat' dir='ltr'><strong>peccatricis</strong></span> 
     </span>
    </p>
   </div>
   <div class='ocr_carea' id='block_1_69' title="bbox 506 3935 2092 4009">
    <p class='ocr_par' dir='ltr' id='par_1_69' title="bbox 506 3935 2092 4009">
     <span class='ocr_line' id='line_1_69' title="bbox 506 3935 2092 4009; baseline 0.001 -19"><span class='ocrx_word' id='word_1_507' title='bbox 506 3936 722 3993; x_wconf 87' lang='lat' dir='ltr'><strong>animae</strong></span> <span class='ocrx_word' id='word_1_508' title='bbox 756 3935 1092 4009; x_wconf 81' lang='lat' dir='ltr'><strong>imperfectis</strong></span> <span class='ocrx_word' id='word_1_509' title='bbox 1115 3936 1684 4009; x_wconf 88' lang='lat' dir='ltr'><strong>irrationabilibusque</strong></span> <span class='ocrx_word' id='word_1_510' title='bbox 1713 3939 1970 4005; x_wconf 88' lang='lat' dir='ltr'><strong>motibus,</strong></span> <span class='ocrx_word' id='word_1_511' title='bbox 1994 3953 2092 4009; x_wconf 90' lang='lat' dir='ltr'><strong>per</strong></span> 
     </span>
    </p>
   </div>
   <div class='ocr_carea' id='block_1_70' title="bbox 506 4031 2090 4100">
    <p class='ocr_par' dir='ltr' id='par_1_70' title="bbox 506 4031 2090 4100">
     <span class='ocr_line' id='line_1_70' title="bbox 506 4031 2090 4100; baseline 0.001 -16"><span class='ocrx_word' id='word_1_512' title='bbox 506 4044 796 4100; x_wconf 91' lang='lat' dir='ltr'><strong>corporeos</strong></span> <span class='ocrx_word' id='word_1_513' title='bbox 818 4045 1009 4086; x_wconf 88' lang='lat' dir='ltr'><strong>sensus</strong></span> <span class='ocrx_word' id='word_1_514' title='bbox 1033 4032 1085 4086; x_wconf 91' lang='lat' dir='ltr'><strong>in</strong></span> <span class='ocrx_word' id='word_1_515' title='bbox 1109 4045 1347 4086; x_wconf 91' lang='lat' dir='ltr'><strong>amorem</strong></span> <span class='ocrx_word' id='word_1_516' title='bbox 1374 4031 1706 4087; x_wconf 85' lang='lat' dir='ltr'><strong>sensibilium</strong></span> <span class='ocrx_word' id='word_1_517' title='bbox 1732 4046 1911 4086; x_wconf 90' lang='lat' dir='ltr'><strong>rerum</strong></span> <span class='ocrx_word' id='word_1_518' title='bbox 1941 4044 2090 4086; x_wconf 90' lang='lat' dir='ltr'><strong>mor-</strong></span> 
     </span>
    </p>
   </div>
   <div class='ocr_carea' id='block_1_71' title="bbox 508 4120 2094 4193">
    <p class='ocr_par' dir='ltr' id='par_1_71' title="bbox 508 4120 2094 4193">
     <span class='ocr_line' id='line_1_71' title="bbox 508 4120 2094 4193; baseline 0.001 -18"><span class='ocrx_word' id='word_1_519' title='bbox 508 4121 665 4178; x_wconf 72' lang='lat' dir='ltr'><strong>tifero</strong></span> <span class='ocrx_word' id='word_1_520' title='bbox 710 4122 947 4193; x_wconf 88' lang='lat' dir='ltr'><strong>appetitu</strong></span> <span class='ocrx_word' id='word_1_521' title='bbox 993 4120 1358 4193; x_wconf 88' lang='lat' dir='ltr'><strong>irrumpentis.</strong></span> <span class='ocrx_word' id='word_1_522' title='bbox 1406 4120 1592 4193; x_wconf 85' lang='lat' dir='ltr'><strong>Neque</strong></span> <span class='ocrx_word' id='word_1_523' title='bbox 1636 4120 1888 4191; x_wconf 87' lang='lat' dir='ltr'><strong>antiquus</strong></span> <span class='ocrx_word' id='word_1_524' title='bbox 1921 4120 2094 4177; x_wconf 85' lang='lat' dir='ltr'><strong>hostis</strong></span> 
     </span>
    </p>
   </div>
   <div class='ocr_carea' id='block_1_72' title="bbox 507 4210 2089 4284">
    <p class='ocr_par' dir='ltr' id='par_1_72' title="bbox 507 4210 2089 4284">
     <span class='ocr_line' id='line_1_72' title="bbox 507 4210 2089 4284; baseline 0 -17"><span class='ocrx_word' id='word_1_525' title='bbox 507 4213 573 4268; x_wconf 88' lang='lat' dir='ltr'><strong>ad</strong></span> <span class='ocrx_word' id='word_1_526' title='bbox 605 4213 780 4268; x_wconf 87' lang='lat' dir='ltr'><strong>virum</strong></span> <span class='ocrx_word' id='word_1_527' title='bbox 833 4213 1067 4277; x_wconf 87' lang='lat' dir='ltr'><strong>animae,</strong></span> <span class='ocrx_word' id='word_1_528' title='bbox 1111 4210 1354 4267; x_wconf 88' lang='lat' dir='ltr'><strong>animum</strong></span> <span class='ocrx_word' id='word_1_529' title='bbox 1392 4212 1515 4269; x_wconf 92' lang='lat' dir='ltr'><strong>dico</strong></span> <span class='ocrx_word' id='word_1_530' title='bbox 1555 4213 1623 4267; x_wconf 90' lang='lat' dir='ltr'><strong>ad</strong></span> <span class='ocrx_word' id='word_1_531' title='bbox 1664 4212 1952 4284; x_wconf 87' lang='lat' dir='ltr'><strong>imaginem</strong></span> <span class='ocrx_word' id='word_1_532' title='bbox 1996 4212 2089 4268; x_wconf 92' lang='lat' dir='ltr'><strong>Dei</strong></span> 
     </span>
    </p>
   </div>
   <div class='ocr_carea' id='block_1_73' title="bbox 505 4304 2091 4377">
    <p class='ocr_par' dir='ltr' id='par_1_73' title="bbox 505 4304 2091 4377">
     <span class='ocr_line' id='line_1_73' title="bbox 505 4304 2091 4377; baseline 0.002 -19"><span class='ocrx_word' id='word_1_533' title='bbox 505 4304 729 4372; x_wconf 81' lang='lat' dir='ltr'><strong>factum,</strong></span> <span class='ocrx_word' id='word_1_534' title='bbox 763 4321 1042 4362; x_wconf 89' lang='lat' dir='ltr'><strong>accessum</strong></span> <span class='ocrx_word' id='word_1_535' title='bbox 1069 4306 1319 4372; x_wconf 87' lang='lat' dir='ltr'><strong>haberet,</strong></span> <span class='ocrx_word' id='word_1_536' title='bbox 1358 4306 1462 4361; x_wconf 90' lang='lat' dir='ltr'><strong>nisi</strong></span> <span class='ocrx_word' id='word_1_537' title='bbox 1486 4306 1507 4337; x_wconf 78' lang='grc'><strong>⁷</strong></span> <span class='ocrx_word' id='word_1_538' title='bbox 1561 4305 1710 4377; x_wconf 92' lang='lat' dir='ltr'><strong>prius</strong></span> <span class='ocrx_word' id='word_1_539' title='bbox 1738 4321 1838 4376; x_wconf 90' lang='lat' dir='ltr'><strong>per</strong></span> <span class='ocrx_word' id='word_1_540' title='bbox 1873 4306 2091 4362; x_wconf 86' lang='lat' dir='ltr'><strong>insitam</strong></span> 
     </span>
    </p>
   </div>
   <div class='ocr_carea' id='block_1_74' title="bbox 508 4396 2090 4469">
    <p class='ocr_par' dir='ltr' id='par_1_74' title="bbox 508 4396 2090 4469">
     <span class='ocr_line' id='line_1_74' title="bbox 508 4396 2090 4469; baseline 0 -16"><span class='ocrx_word' id='word_1_541' title='bbox 508 4412 770 4469; x_wconf 90' lang='lat' dir='ltr'><strong>corporeo</strong></span> <span class='ocrx_word' id='word_1_542' title='bbox 820 4400 1036 4464; x_wconf 90' lang='lat' dir='ltr'><strong>sensui,</strong></span> <span class='ocrx_word' id='word_1_543' title='bbox 1081 4399 1172 4469; x_wconf 92' lang='lat' dir='ltr'><strong>qui</strong></span> <span class='ocrx_word' id='word_1_544' title='bbox 1224 4406 1309 4453; x_wconf 89' lang='lat' dir='ltr'><strong>est</strong></span> <span class='ocrx_word' id='word_1_545' title='bbox 1352 4396 1519 4452; x_wconf 90' lang='lat' dir='ltr'><strong>veluti</strong></span> <span class='ocrx_word' id='word_1_546' title='bbox 1559 4398 1821 4468; x_wconf 88' lang='lat' dir='ltr'><strong>quaedam</strong></span> <span class='ocrx_word' id='word_1_547' title='bbox 1873 4398 2090 4463; x_wconf 88' lang='lat' dir='ltr'><strong>mulier,</strong></span> 
     </span>
    </p>
   </div>
   <div class='ocr_carea' id='block_1_75' title="bbox 506 4488 2090 4559">
    <p class='ocr_par' dir='ltr' id='par_1_75' title="bbox 506 4488 2090 4559">
     <span class='ocr_line' id='line_1_75' title="bbox 506 4488 2090 4559; baseline 0.002 -16"><span class='ocrx_word' id='word_1_548' title='bbox 506 4490 675 4543; x_wconf 88' lang='lat' dir='ltr'><strong>animi</strong></span> <span class='ocrx_word' id='word_1_549' title='bbox 705 4488 1141 4556; x_wconf 86' lang='lat' dir='ltr'><strong>delectationem,</strong></span> <span class='ocrx_word' id='word_1_550' title='bbox 1172 4489 1328 4559; x_wconf 85' lang='lat' dir='ltr'><strong>quasi</strong></span> <span class='ocrx_word' id='word_1_551' title='bbox 1374 4504 1472 4559; x_wconf 92' lang='lat' dir='ltr'><strong>per</strong></span> <span class='ocrx_word' id='word_1_552' title='bbox 1508 4490 1776 4555; x_wconf 88' lang='lat' dir='ltr'><strong>quendam</strong></span> <span class='ocrx_word' id='word_1_553' title='bbox 1812 4490 2090 4546; x_wconf 88' lang='lat' dir='ltr'><strong>colubrum</strong></span> 
     </span>
    </p>
   </div>
   <div class='ocr_carea' id='block_1_76' title="bbox 504 4582 2092 4655">
    <p class='ocr_par' dir='ltr' id='par_1_76' title="bbox 504 4582 2092 4655">
     <span class='ocr_line' id='line_1_76' title="bbox 504 4582 2092 4655; baseline 0.001 -18"><span class='ocrx_word' id='word_1_554' title='bbox 504 4582 684 4653; x_wconf 88' lang='lat' dir='ltr'><strong>ipsum</strong></span> <span class='ocrx_word' id='word_1_555' title='bbox 711 4598 1029 4655; x_wconf 90' lang='lat' dir='ltr'><strong>corporeum</strong></span> <span class='ocrx_word' id='word_1_556' title='bbox 1053 4599 1269 4639; x_wconf 89' lang='lat' dir='ltr'><strong>sensum</strong></span> <span class='ocrx_word' id='word_1_557' title='bbox 1292 4583 1577 4639; x_wconf 87' lang='lat' dir='ltr'><strong>seduceret</strong></span> <span class='ocrx_word' id='word_1_558' title='bbox 1604 4602 1616 4638; x_wconf 92' lang='lat'><strong>:</strong></span> <span class='ocrx_word' id='word_1_559' title='bbox 1642 4583 2092 4653; x_wconf 86' lang='lat' dir='ltr'><strong>quemadmodum</strong></span> 
     </span>
    </p>
   </div>
   <div class='ocr_carea' id='block_1_77' title="bbox 2193 3384 3785 3460">
    <p class='ocr_par' dir='ltr' id='par_1_77' title="bbox 2193 3384 3785 3460">
     <span class='ocr_line' id='line_1_77' title="bbox 2193 3384 3785 3460; baseline -0.007 -15"><span class='ocrx_word' id='word_1_560' title='bbox 2193 3396 2505 3460; x_wconf 84' lang='lat' dir='ltr'><strong>serpentem</strong></span> <span class='ocrx_word' id='word_1_561' title='bbox 2555 3385 2892 3458; x_wconf 87' lang='lat' dir='ltr'><strong>pervenitur,</strong></span> <span class='ocrx_word' id='word_1_562' title='bbox 2941 3400 3048 3440; x_wconf 93' lang='lat' dir='ltr'><strong>non</strong></span> <span class='ocrx_word' id='word_1_563' title='bbox 3102 3384 3190 3440; x_wconf 90' lang='lat' dir='ltr'><strong>ille</strong></span> <span class='ocrx_word' id='word_1_564' title='bbox 3236 3384 3630 3453; x_wconf 83' lang='lat' dir='ltr'><strong>interrogatur,</strong></span> <span class='ocrx_word' id='word_1_565' title='bbox 3689 3394 3785 3435; x_wconf 86' lang='lat' dir='ltr'><strong>nec</strong></span> 
     </span>
    </p>
   </div>
   <div class='ocr_carea' id='block_1_78' title="bbox 2192 3472 3783 3550">
    <p class='ocr_par' dir='ltr' id='par_1_78' title="bbox 2192 3472 3783 3550">
     <span class='ocr_line' id='line_1_78' title="bbox 2192 3472 3783 3550; baseline -0.007 -13"><span class='ocrx_word' id='word_1_566' title='bbox 2192 3481 2241 3537; x_wconf 92' lang='lat' dir='ltr'><strong>ei</strong></span> <span class='ocrx_word' id='word_1_567' title='bbox 2269 3478 2501 3550; x_wconf 89' lang='lat' dir='ltr'><strong>spatium</strong></span> <span class='ocrx_word' id='word_1_568' title='bbox 2534 3477 2849 3533; x_wconf 90' lang='lat' dir='ltr'><strong>remotionis</strong></span> <span class='ocrx_word' id='word_1_569' title='bbox 2893 3476 3084 3546; x_wconf 88' lang='lat' dir='ltr'><strong>culpae</strong></span> <span class='ocrx_word' id='word_1_570' title='bbox 3123 3476 3176 3531; x_wconf 91' lang='lat' dir='ltr'><strong>in</strong></span> <span class='ocrx_word' id='word_1_571' title='bbox 3202 3473 3343 3529; x_wconf 91' lang='lat' dir='ltr'><strong>aliud</strong></span> <span class='ocrx_word' id='word_1_572' title='bbox 3366 3472 3451 3530; x_wconf 88' lang='lat' dir='ltr'><strong>vel</strong></span> <span class='ocrx_word' id='word_1_573' title='bbox 3481 3473 3719 3545; x_wconf 87' lang='lat' dir='ltr'><strong>aliquem</strong></span> <span class='ocrx_word' id='word_1_574' title='bbox 3746 3472 3783 3501; x_wconf 71' lang='grc' dir='ltr'><strong>’τ</strong></span> 
     </span>
    </p>
   </div>
   <div class='ocr_carea' id='block_1_79' title="bbox 2191 3563 3785 3645">
    <p class='ocr_par' dir='ltr' id='par_1_79' title="bbox 2191 3563 3785 3645">
     <span class='ocr_line' id='line_1_79' title="bbox 2191 3563 3785 3645; baseline -0.006 -19"><span class='ocrx_word' id='word_1_575' title='bbox 2191 3570 2504 3645; x_wconf 87' lang='lat' dir='ltr'><strong>praebetur,</strong></span> <span class='ocrx_word' id='word_1_576' title='bbox 2540 3570 2668 3640; x_wconf 90' lang='lat' dir='ltr'><strong>quia</strong></span> <span class='ocrx_word' id='word_1_577' title='bbox 2715 3584 2822 3623; x_wconf 89' lang='lat' dir='ltr'><strong>non</strong></span> <span class='ocrx_word' id='word_1_578' title='bbox 2872 3568 3066 3638; x_wconf 88' lang='lat' dir='ltr'><strong>potuit,</strong></span> <span class='ocrx_word' id='word_1_579' title='bbox 3120 3567 3374 3638; x_wconf 91' lang='lat' dir='ltr'><strong>quoniam</strong></span> <span class='ocrx_word' id='word_1_580' title='bbox 3418 3563 3785 3634; x_wconf 79' lang='lat' dir='ltr'><strong>primordialis</strong></span> 
     </span>
    </p>
   </div>
   <div class='ocr_carea' id='block_1_80' title="bbox 2194 3656 3784 3722">
    <p class='ocr_par' dir='ltr' id='par_1_80' title="bbox 2194 3656 3784 3722">
     <span class='ocr_line' id='line_1_80' title="bbox 2194 3656 3784 3722; baseline -0.004 -6"><span class='ocrx_word' id='word_1_581' title='bbox 2194 3675 2360 3716; x_wconf 88' lang='lat' dir='ltr'><strong>causa</strong></span> <span class='ocrx_word' id='word_1_582' title='bbox 2387 3661 2552 3715; x_wconf 87' lang='lat' dir='ltr'><strong>totius</strong></span> <span class='ocrx_word' id='word_1_583' title='bbox 2587 3658 2828 3714; x_wconf 89' lang='lat' dir='ltr'><strong>malitiae</strong></span> <span class='ocrx_word' id='word_1_584' title='bbox 2862 3657 2997 3722; x_wconf 78' lang='lat' dir='ltr'><strong>fuit;</strong></span> <span class='ocrx_word' id='word_1_585' title='bbox 3031 3657 3124 3714; x_wconf 90' lang='lat' dir='ltr'><strong>sed</strong></span> <span class='ocrx_word' id='word_1_586' title='bbox 3168 3657 3427 3712; x_wconf 90' lang='lat' dir='ltr'><strong>continuo</strong></span> <span class='ocrx_word' id='word_1_587' title='bbox 3459 3656 3784 3711; x_wconf 87' lang='lat' dir='ltr'><strong>sententiam</strong></span> 
     </span>
    </p>
   </div>
   <div class='ocr_carea' id='block_1_81' title="bbox 2187 3745 3783 3822">
    <p class='ocr_par' dir='ltr' id='par_1_81' title="bbox 2187 3745 3783 3822">
     <span class='ocr_line' id='line_1_81' title="bbox 2187 3745 3783 3822; baseline -0.007 -15"><span class='ocrx_word' id='word_1_588' title='bbox 2187 3750 2321 3822; x_wconf 89' lang='lat' dir='ltr'><strong>justi</strong></span> <span class='ocrx_word' id='word_1_589' title='bbox 2369 3751 2570 3821; x_wconf 90' lang='lat' dir='ltr'><strong>judieis</strong></span> <span class='ocrx_word' id='word_1_590' title='bbox 2624 3748 2902 3805; x_wconf 87' lang='lat' dir='ltr'><strong>sustinuit.</strong></span> <span class='ocrx_word' id='word_1_591' title='bbox 2972 3749 3063 3803; x_wconf 82' lang='lat' dir='ltr'><strong>Ait</strong></span> <span class='ocrx_word' id='word_1_592' title='bbox 3128 3747 3273 3804; x_wconf 90' lang='lat' dir='ltr'><strong>enim</strong></span> <span class='ocrx_word' id='word_1_593' title='bbox 3330 3745 3476 3801; x_wconf 89' lang='lat' dir='ltr'><strong>Deus</strong></span> <span class='ocrx_word' id='word_1_594' title='bbox 3537 3746 3611 3800; x_wconf 86' lang='lat' dir='ltr'><strong>ad</strong></span> <span class='ocrx_word' id='word_1_595' title='bbox 3668 3758 3783 3799; x_wconf 79' lang='lat' dir='ltr'><strong>ser-</strong></span> 
     </span>
    </p>
   </div>
   <div class='ocr_carea' id='block_1_82' title="bbox 2195 3836 3786 3916">
    <p class='ocr_par' dir='ltr' id='par_1_82' title="bbox 2195 3836 3786 3916">
     <span class='ocr_line' id='line_1_82' title="bbox 2195 3836 3786 3916; baseline -0.008 -19"><span class='ocrx_word' id='word_1_596' title='bbox 2195 3850 2410 3916; x_wconf 86' lang='lat' dir='ltr'><strong>pentem</strong></span> <span class='ocrx_word' id='word_1_597' title='bbox 2459 3859 2472 3896; x_wconf 88' lang='lat'><strong>:</strong></span> <span class='ocrx_word' id='word_1_598' title='bbox 2536 3839 2676 3907; x_wconf 84' lang='lat' dir='ltr'><strong>Quia</strong></span> <span class='ocrx_word' id='word_1_599' title='bbox 2741 3841 2910 3911; x_wconf 82' lang='lat' dir='ltr'><strong>fecisti</strong></span> <span class='ocrx_word' id='word_1_600' title='bbox 2974 3840 3108 3906; x_wconf 84' lang='lat' dir='ltr'><strong>hoc,</strong></span> <span class='ocrx_word' id='word_1_601' title='bbox 3172 3837 3482 3892; x_wconf 85' lang='lat' dir='ltr'><strong>maledictus</strong></span> <span class='ocrx_word' id='word_1_602' title='bbox 3540 3852 3601 3889; x_wconf 86' lang='lat' dir='ltr'><strong>es</strong></span> <span class='ocrx_word' id='word_1_603' title='bbox 3656 3836 3786 3888; x_wconf 81' lang='lat' dir='ltr'><strong>inter</strong></span> 
     </span>
    </p>
   </div>
   <div class='ocr_carea' id='block_1_83' title="bbox 2197 3924 3782 4000">
    <p class='ocr_par' dir='ltr' id='par_1_83' title="bbox 2197 3924 3782 4000">
     <span class='ocr_line' id='line_1_83' title="bbox 2197 3924 3782 4000; baseline -0.007 -9"><span class='ocrx_word' id='word_1_604' title='bbox 2197 3937 2372 3992; x_wconf 86' lang='lat' dir='ltr'><strong>omnia</strong></span> <span class='ocrx_word' id='word_1_605' title='bbox 2451 3924 2781 4000; x_wconf 84' lang='lat' dir='ltr'><strong>animantia,</strong></span> <span class='ocrx_word' id='word_1_606' title='bbox 2861 3943 2908 3988; x_wconf 90' lang='lat' dir='ltr'><strong>et</strong></span> <span class='ocrx_word' id='word_1_607' title='bbox 2978 3934 3168 3988; x_wconf 85' lang='lat' dir='ltr'><strong>bestias</strong></span> <span class='ocrx_word' id='word_1_608' title='bbox 3242 3940 3427 3985; x_wconf 88' lang='lat' dir='ltr'><strong>terrae.</strong></span> <span class='ocrx_word' id='word_1_609' title='bbox 3520 3928 3782 3983; x_wconf 83' lang='lat' dir='ltr'><strong>Animad-</strong></span> 
     </span>
    </p>
   </div>
   <div class='ocr_carea' id='block_1_84' title="bbox 2195 4021 3785 4101">
    <p class='ocr_par' dir='ltr' id='par_1_84' title="bbox 2195 4021 3785 4101">
     <span class='ocr_line' id='line_1_84' title="bbox 2195 4021 3785 4101; baseline -0.008 -15"><span class='ocrx_word' id='word_1_610' title='bbox 2195 4038 2370 4096; x_wconf 90' lang='lat' dir='ltr'><strong>verte,</strong></span> <span class='ocrx_word' id='word_1_611' title='bbox 2401 4031 2544 4100; x_wconf 93' lang='lat' dir='ltr'><strong>quod</strong></span> <span class='ocrx_word' id='word_1_612' title='bbox 2570 4043 2744 4101; x_wconf 89' lang='lat' dir='ltr'><strong>neque</strong></span> <span class='ocrx_word' id='word_1_613' title='bbox 2763 4028 2903 4094; x_wconf 89' lang='lat' dir='ltr'><strong>viro,</strong></span> <span class='ocrx_word' id='word_1_614' title='bbox 2930 4041 3108 4099; x_wconf 90' lang='lat' dir='ltr'><strong>neque</strong></span> <span class='ocrx_word' id='word_1_615' title='bbox 3136 4024 3370 4090; x_wconf 92' lang='lat' dir='ltr'><strong>mulieri,</strong></span> <span class='ocrx_word' id='word_1_616' title='bbox 3398 4021 3494 4078; x_wconf 90' lang='lat' dir='ltr'><strong>sed</strong></span> <span class='ocrx_word' id='word_1_617' title='bbox 3522 4021 3645 4077; x_wconf 89' lang='lat' dir='ltr'><strong>solo</strong></span> <span class='ocrx_word' id='word_1_618' title='bbox 3673 4035 3785 4075; x_wconf 87' lang='lat' dir='ltr'><strong>ser-</strong></span> 
     </span>
    </p>
   </div>
   <div class='ocr_carea' id='block_1_85' title="bbox 2194 4115 3783 4196">
    <p class='ocr_par' dir='ltr' id='par_1_85' title="bbox 2194 4115 3783 4196">
     <span class='ocr_line' id='line_1_85' title="bbox 2194 4115 3783 4196; baseline -0.008 -17"><span class='ocrx_word' id='word_1_619' title='bbox 2194 4123 2343 4196; x_wconf 84' lang='lat' dir='ltr'><strong>penti</strong></span> <span class='ocrx_word' id='word_1_620' title='bbox 2370 4122 2732 4178; x_wconf 87' lang='lat' dir='ltr'><strong>maledicitur.</strong></span> <span class='ocrx_word' id='word_1_621' title='bbox 2763 4120 2878 4177; x_wconf 86' lang='lat' dir='ltr'><strong>Non</strong></span> <span class='ocrx_word' id='word_1_622' title='bbox 2901 4120 3045 4176; x_wconf 91' lang='lat' dir='ltr'><strong>enim</strong></span> <span class='ocrx_word' id='word_1_623' title='bbox 3074 4119 3215 4176; x_wconf 88' lang='lat' dir='ltr'><strong>Deus</strong></span> <span class='ocrx_word' id='word_1_624' title='bbox 3238 4115 3514 4172; x_wconf 88' lang='lat' dir='ltr'><strong>maledicit</strong></span> <span class='ocrx_word' id='word_1_625' title='bbox 3538 4128 3629 4180; x_wconf 83' lang='lat' dir='ltr'><strong>ea,</strong></span> <span class='ocrx_word' id='word_1_626' title='bbox 3654 4128 3783 4185; x_wconf 83' lang='lat' dir='ltr'><strong>quae</strong></span> 
     </span>
    </p>
   </div>
   <div class='ocr_carea' id='block_1_86' title="bbox 2196 4212 3785 4282">
    <p class='ocr_par' dir='ltr' id='par_1_86' title="bbox 2196 4212 3785 4282">
     <span class='ocr_line' id='line_1_86' title="bbox 2196 4212 3785 4282; baseline -0.008 -11"><span class='ocrx_word' id='word_1_627' title='bbox 2196 4214 2345 4282; x_wconf 76' lang='lat' dir='ltr'><strong>fecit,</strong></span> <span class='ocrx_word' id='word_1_628' title='bbox 2378 4216 2472 4270; x_wconf 90' lang='lat' dir='ltr'><strong>sed</strong></span> <span class='ocrx_word' id='word_1_629' title='bbox 2502 4213 2807 4278; x_wconf 83' lang='lat' dir='ltr'><strong>benedicit;</strong></span> <span class='ocrx_word' id='word_1_630' title='bbox 2851 4212 3065 4267; x_wconf 90' lang='lat' dir='ltr'><strong>animus</strong></span> <span class='ocrx_word' id='word_1_631' title='bbox 3105 4219 3284 4266; x_wconf 88' lang='lat' dir='ltr'><strong>autem</strong></span> <span class='ocrx_word' id='word_1_632' title='bbox 3323 4215 3378 4262; x_wconf 90' lang='lat' dir='ltr'><strong>et</strong></span> <span class='ocrx_word' id='word_1_633' title='bbox 3418 4222 3617 4263; x_wconf 88' lang='lat' dir='ltr'><strong>sensus</strong></span> <span class='ocrx_word' id='word_1_634' title='bbox 3639 4220 3785 4261; x_wconf 84' lang='lat' dir='ltr'><strong>crea-</strong></span> 
     </span>
    </p>
   </div>
   <div class='ocr_carea' id='block_1_87' title="bbox 2198 4298 3785 4363">
    <p class='ocr_par' dir='ltr' id='par_1_87' title="bbox 2198 4298 3785 4363">
     <span class='ocr_line' id='line_1_87' title="bbox 2198 4298 3785 4363; baseline -0.008 0"><span class='ocrx_word' id='word_1_635' title='bbox 2198 4317 2319 4363; x_wconf 85' lang='lat' dir='ltr'><strong>tura</strong></span> <span class='ocrx_word' id='word_1_636' title='bbox 2348 4307 2443 4362; x_wconf 92' lang='lat' dir='ltr'><strong>Dei</strong></span> <span class='ocrx_word' id='word_1_637' title='bbox 2487 4313 2631 4361; x_wconf 92' lang='lat' dir='ltr'><strong>sunt.</strong></span> <span class='ocrx_word' id='word_1_638' title='bbox 2663 4303 2911 4360; x_wconf 90' lang='lat' dir='ltr'><strong>Carnalis</strong></span> <span class='ocrx_word' id='word_1_639' title='bbox 2953 4318 3086 4358; x_wconf 87' lang='lat' dir='ltr'><strong>vero</strong></span> <span class='ocrx_word' id='word_1_640' title='bbox 3123 4300 3409 4357; x_wconf 88' lang='lat' dir='ltr'><strong>delectatio</strong></span> <span class='ocrx_word' id='word_1_641' title='bbox 3449 4308 3609 4355; x_wconf 79' lang='lat' dir='ltr'><strong>extra</strong></span> <span class='ocrx_word' id='word_1_642' title='bbox 3650 4298 3785 4353; x_wconf 74' lang='lat' dir='ltr'><strong>divi-</strong></span> 
     </span>
    </p>
   </div>
   <div class='ocr_carea' id='block_1_88' title="bbox 2197 4391 3785 4462">
    <p class='ocr_par' dir='ltr' id='par_1_88' title="bbox 2197 4391 3785 4462">
     <span class='ocr_line' id='line_1_88' title="bbox 2197 4391 3785 4462; baseline -0.008 -7"><span class='ocrx_word' id='word_1_643' title='bbox 2197 4416 2325 4455; x_wconf 90' lang='lat' dir='ltr'><strong>nam</strong></span> <span class='ocrx_word' id='word_1_644' title='bbox 2354 4398 2741 4462; x_wconf 90' lang='lat' dir='ltr'><strong>conditionem,</strong></span> <span class='ocrx_word' id='word_1_645' title='bbox 2774 4393 3237 4451; x_wconf 87' lang='lat' dir='ltr'><strong>irrationabilibus</strong></span> <span class='ocrx_word' id='word_1_646' title='bbox 3274 4394 3546 4448; x_wconf 88' lang='lat' dir='ltr'><strong>humanae</strong></span> <span class='ocrx_word' id='word_1_647' title='bbox 3576 4391 3785 4445; x_wconf 68' lang='lat' dir='ltr'><strong>animae</strong></span> 
     </span>
    </p>
   </div>
   <div class='ocr_carea' id='block_1_89' title="bbox 2197 4486 3784 4565">
    <p class='ocr_par' dir='ltr' id='par_1_89' title="bbox 2197 4486 3784 4565">
     <span class='ocr_line' id='line_1_89' title="bbox 2197 4486 3784 4565; baseline -0.004 -21"><span class='ocrx_word' id='word_1_648' title='bbox 2197 4493 2540 4565; x_wconf 76' lang='lat' dir='ltr'><strong>passionibns</strong></span> <span class='ocrx_word' id='word_1_649' title='bbox 2564 4499 2683 4547; x_wconf 89' lang='lat' dir='ltr'><strong>orta</strong></span> <span class='ocrx_word' id='word_1_650' title='bbox 2715 4498 2815 4555; x_wconf 89' lang='lat' dir='ltr'><strong>est,</strong></span> <span class='ocrx_word' id='word_1_651' title='bbox 2850 4488 3080 4560; x_wconf 89' lang='lat' dir='ltr'><strong>ideoque</strong></span> <span class='ocrx_word' id='word_1_652' title='bbox 3104 4488 3320 4542; x_wconf 88' lang='lat' dir='ltr'><strong>divinae</strong></span> <span class='ocrx_word' id='word_1_653' title='bbox 3349 4486 3658 4541; x_wconf 89' lang='lat' dir='ltr'><strong>sententiae</strong></span> <span class='ocrx_word' id='word_1_654' title='bbox 3701 4499 3784 4538; x_wconf 86' lang='lat' dir='ltr'><strong>sc-</strong></span> 
     </span>
    </p>
   </div>
   <div class='ocr_carea' id='block_1_90' title="bbox 2198 4578 3784 4654">
    <p class='ocr_par' dir='ltr' id='par_1_90' title="bbox 2198 4578 3784 4654">
     <span class='ocr_line' id='line_1_90' title="bbox 2198 4578 3784 4654; baseline -0.006 -14"><span class='ocrx_word' id='word_1_655' title='bbox 2198 4585 2419 4642; x_wconf 86' lang='lat' dir='ltr'><strong>veritati</strong></span> <span class='ocrx_word' id='word_1_656' title='bbox 2445 4584 2775 4651; x_wconf 90' lang='lat' dir='ltr'><strong>succumbit,</strong></span> <span class='ocrx_word' id='word_1_657' title='bbox 2811 4584 2939 4654; x_wconf 89' lang='lat' dir='ltr'><strong>quia</strong></span> <span class='ocrx_word' id='word_1_658' title='bbox 2964 4589 3119 4638; x_wconf 82' lang='lat' dir='ltr'><strong>extra</strong></span> <span class='ocrx_word' id='word_1_659' title='bbox 3154 4588 3383 4636; x_wconf 88' lang='lat' dir='ltr'><strong>naturae</strong></span> <span class='ocrx_word' id='word_1_660' title='bbox 3412 4595 3444 4634; x_wconf 88' lang='lat' dir='ltr'><strong>a</strong></span> <span class='ocrx_word' id='word_1_661' title='bbox 3469 4578 3587 4634; x_wconf 86' lang='lat' dir='ltr'><strong>Deo</strong></span> <span class='ocrx_word' id='word_1_662' title='bbox 3615 4578 3784 4632; x_wconf 79' lang='lat' dir='ltr'><strong>factae</strong></span> 
     </span>
    </p>
   </div>
   <div class='ocr_carea' id='block_1_91' title="bbox 507 4666 3780 4755">
    <p class='ocr_par' dir='ltr' id='par_1_91' title="bbox 507 4666 3780 4755">
     <span class='ocr_line' id='line_1_91' title="bbox 507 4666 3780 4755; baseline -0.002 -25"><span class='ocrx_word' id='word_1_663' title='bbox 507 4690 687 4746; x_wconf 87' lang='lat' dir='ltr'><strong>neque</strong></span> <span class='ocrx_word' id='word_1_664' title='bbox 714 4675 930 4755; x_wconf 87' lang='lat' dir='ltr'><strong>animus</strong></span> <span class='ocrx_word' id='word_1_665' title='bbox 960 4675 1015 4730; x_wconf 91' lang='lat' dir='ltr'><strong>in</strong></span> <span class='ocrx_word' id='word_1_666' title='bbox 1036 4690 1219 4731; x_wconf 90' lang='lat' dir='ltr'><strong>rerum</strong></span> <span class='ocrx_word' id='word_1_667' title='bbox 1251 4675 1615 4732; x_wconf 87' lang='lat' dir='ltr'><strong>materialium</strong></span> <span class='ocrx_word' id='word_1_668' title='bbox 1654 4675 1954 4746; x_wconf 86' lang='lat' dir='ltr'><strong>perniciosa</strong></span> <span class='ocrx_word' id='word_1_669' title='bbox 1991 4675 2089 4731; x_wconf 90' lang='lat' dir='ltr'><strong>de-</strong></span> <span class='ocrx_word' id='word_1_670' title='bbox 2116 4666 2172 4728; x_wconf 85' lang='grc' dir='ltr'><strong>Ι)</strong></span> <span class='ocrx_word' id='word_1_671' title='bbox 2198 4679 2509 4751; x_wconf 87' lang='lat' dir='ltr'><strong>supervenit</strong></span> <span class='ocrx_word' id='word_1_672' title='bbox 2532 4678 2596 4732; x_wconf 72' lang='grc'><strong>⁸⁸.</strong></span> <span class='ocrx_word' id='word_1_673' title='bbox 2624 4676 2764 4745; x_wconf 85' lang='lat' dir='ltr'><strong>Quid</strong></span> <span class='ocrx_word' id='word_1_674' title='bbox 2787 4676 2931 4733; x_wconf 80' lang='lat' dir='ltr'><strong>enim</strong></span> <span class='ocrx_word' id='word_1_675' title='bbox 2962 4673 3105 4730; x_wconf 87' lang='lat' dir='ltr'><strong>aliud</strong></span> <span class='ocrx_word' id='word_1_676' title='bbox 3143 4681 3228 4731; x_wconf 89' lang='lat' dir='ltr'><strong>est</strong></span> <span class='ocrx_word' id='word_1_677' title='bbox 3249 4672 3428 4729; x_wconf 86' lang='lat' dir='ltr'><strong>divina</strong></span> <span class='ocrx_word' id='word_1_678' title='bbox 3459 4670 3780 4732; x_wconf 86' lang='lat' dir='ltr'><strong>maledictio,</strong></span> 
     </span>
    </p>
   </div>
   <div class='ocr_carea' id='block_1_92' title="bbox 505 4768 2089 4841">
    <p class='ocr_par' dir='ltr' id='par_1_92' title="bbox 505 4768 2089 4841">
     <span class='ocr_line' id='line_1_92' title="bbox 505 4768 2089 4841; baseline 0.001 -18"><span class='ocrx_word' id='word_1_679' title='bbox 505 4768 799 4825; x_wconf 90' lang='lat' dir='ltr'><strong>lectatione</strong></span> <span class='ocrx_word' id='word_1_680' title='bbox 838 4776 893 4823; x_wconf 90' lang='lat' dir='ltr'><strong>et</strong></span> <span class='ocrx_word' id='word_1_681' title='bbox 918 4768 1237 4841; x_wconf 87' lang='lat' dir='ltr'><strong>perabusiva</strong></span> <span class='ocrx_word' id='word_1_682' title='bbox 1285 4770 1308 4803; x_wconf 82' lang='grc'>⁸</span> <span class='ocrx_word' id='word_1_683' title='bbox 1336 4769 1590 4825; x_wconf 81' lang='lat' dir='ltr'><strong>fruitione</strong></span> <span class='ocrx_word' id='word_1_684' title='bbox 1617 4783 1879 4840; x_wconf 88' lang='lat' dir='ltr'><strong>corporeo</strong></span> <span class='ocrx_word' id='word_1_685' title='bbox 1906 4769 2089 4827; x_wconf 89' lang='lat' dir='ltr'><strong>sensui</strong></span> 
     </span>
    </p>
   </div>
   <div class='ocr_carea' id='block_1_93' title="bbox 505 4860 2093 4939">
    <p class='ocr_par' dir='ltr' id='par_1_93' title="bbox 505 4860 2093 4939">
     <span class='ocr_line' id='line_1_93' title="bbox 505 4860 2093 4939; baseline 0.003 -24"><span class='ocrx_word' id='word_1_686' title='bbox 505 4860 963 4939; x_wconf 5' lang='lat' dir='ltr'><strong>consentiret,gsi</strong></span> <span class='ocrx_word' id='word_1_687' title='bbox 1006 4862 1158 4933; x_wconf 89' lang='lat' dir='ltr'><strong>prius</strong></span> <span class='ocrx_word' id='word_1_688' title='bbox 1204 4864 1261 4921; x_wconf 93' lang='lat' dir='ltr'><strong>in</strong></span> <span class='ocrx_word' id='word_1_689' title='bbox 1307 4864 1423 4935; x_wconf 91' lang='lat' dir='ltr'><strong>ipso</strong></span> <span class='ocrx_word' id='word_1_690' title='bbox 1463 4862 1693 4936; x_wconf 90' lang='lat' dir='ltr'><strong>superba</strong></span> <span class='ocrx_word' id='word_1_691' title='bbox 1727 4863 2093 4934; x_wconf 89' lang='lat' dir='ltr'><strong>praesumptio</strong></span> 
     </span>
    </p>
   </div>
   <div class='ocr_carea' id='block_1_94' title="bbox 2199 4769 3782 4841">
    <p class='ocr_par' dir='ltr' id='par_1_94' title="bbox 2199 4769 3782 4841">
     <span class='ocr_line' id='line_1_94' title="bbox 2199 4769 3782 4841; baseline -0.009 -12"><span class='ocrx_word' id='word_1_692' title='bbox 2199 4772 2305 4829; x_wconf 87' lang='lat' dir='ltr'><strong>nisi</strong></span> <span class='ocrx_word' id='word_1_693' title='bbox 2332 4786 2545 4837; x_wconf 88' lang='lat' dir='ltr'><strong>eorum,</strong></span> <span class='ocrx_word' id='word_1_694' title='bbox 2572 4770 2665 4841; x_wconf 89' lang='lat' dir='ltr'><strong>qui</strong></span> <span class='ocrx_word' id='word_1_695' title='bbox 2698 4777 2851 4824; x_wconf 78' lang='lat' dir='ltr'><strong>extra</strong></span> <span class='ocrx_word' id='word_1_696' title='bbox 2884 4776 3133 4822; x_wconf 88' lang='lat' dir='ltr'><strong>naturam</strong></span> <span class='ocrx_word' id='word_1_697' title='bbox 3176 4773 3318 4828; x_wconf 93' lang='lat' dir='ltr'><strong>sunt,</strong></span> <span class='ocrx_word' id='word_1_698' title='bbox 3346 4778 3577 4835; x_wconf 88' lang='lat' dir='ltr'><strong>eamque</strong></span> <span class='ocrx_word' id='word_1_699' title='bbox 3601 4769 3782 4817; x_wconf 82' lang='lat' dir='ltr'><strong>conta-</strong></span> 
     </span>
    </p>
   </div>
   <div class='ocr_carea' id='block_1_95' title="bbox 2200 4851 3785 4933">
    <p class='ocr_par' dir='ltr' id='par_1_95' title="bbox 2200 4851 3785 4933">
     <span class='ocr_line' id='line_1_95' title="bbox 2200 4851 3785 4933; baseline -0.009 -13"><span class='ocrx_word' id='word_1_700' title='bbox 2200 4865 2435 4931; x_wconf 88' lang='lat' dir='ltr'><strong>minant,</strong></span> <span class='ocrx_word' id='word_1_701' title='bbox 2476 4861 2779 4933; x_wconf 87' lang='lat' dir='ltr'><strong>justissima</strong></span> <span class='ocrx_word' id='word_1_702' title='bbox 2808 4870 2863 4917; x_wconf 91' lang='lat' dir='ltr'><strong>et</strong></span> <span class='ocrx_word' id='word_1_703' title='bbox 2900 4857 3276 4916; x_wconf 89' lang='lat' dir='ltr'><strong>irrevocabilis</strong></span> <span class='ocrx_word' id='word_1_704' title='bbox 3300 4853 3616 4912; x_wconf 83' lang='lat' dir='ltr'><strong>damnatio?</strong></span> <span class='ocrx_word' id='word_1_705' title='bbox 3641 4851 3785 4919; x_wconf 83' lang='lat' dir='ltr'><strong>Quae</strong></span> 
     </span>
    </p>
   </div>
   <div class='ocr_carea' id='block_1_96' title="bbox 1785 5043 2471 5104">
    <p class='ocr_par' dir='ltr' id='par_1_96' title="bbox 1785 5043 2471 5104">
     <span class='ocr_line' id='line_1_96' title="bbox 1785 5043 2471 5104; baseline -0.006 0"><span class='ocrx_word' id='word_1_706' title='bbox 1785 5046 2034 5104; x_wconf 82' lang='lat' dir='ltr'><strong>VARIAE</strong></span> <span class='ocrx_word' id='word_1_707' title='bbox 2070 5043 2471 5103; x_wconf 85' lang='lat' dir='ltr'><strong>LECTIONES.</strong></span> 
     </span>
    </p>
   </div>
   <div class='ocr_carea' id='block_1_97' title="bbox 532 5178 3383 5291">
    <p class='ocr_par' dir='ltr' id='par_1_97' title="bbox 532 5178 3383 5291">
     <span class='ocr_line' id='line_1_97' title="bbox 532 5178 3383 5253; baseline -0.002 -14"><span class='ocrx_word' id='word_1_708' title='bbox 532 5213 539 5221; x_wconf 70' lang='grc' dir='ltr'><em>ι</em></span> <span class='ocrx_word' id='word_1_709' title='bbox 579 5184 595 5216; x_wconf 86' lang='grc'>¹</span> <span class='ocrx_word' id='word_1_710' title='bbox 636 5182 727 5240; x_wconf 87' lang='lat' dir='ltr'><strong>Sic</strong></span> <span class='ocrx_word' id='word_1_711' title='bbox 756 5182 872 5252; x_wconf 86' lang='lat' dir='ltr'><strong>CF;</strong></span> <span class='ocrx_word' id='word_1_712' title='bbox 913 5184 957 5241; x_wconf 78' lang='grc' dir='ltr'><strong>Δ</strong></span> <span class='ocrx_word' id='word_1_713' title='bbox 998 5184 1234 5240; x_wconf 79' lang='lat' dir='ltr'><strong>servatis.</strong></span> <span class='ocrx_word' id='word_1_714' title='bbox 1313 5185 1333 5216; x_wconf 83' lang='lat'><strong>’</strong></span> <span class='ocrx_word' id='word_1_715' title='bbox 1372 5184 1464 5241; x_wconf 88' lang='lat' dir='ltr'><strong>Sic</strong></span> <span class='ocrx_word' id='word_1_716' title='bbox 1493 5185 1611 5253; x_wconf 86' lang='lat' dir='ltr'><strong>CF;</strong></span> <span class='ocrx_word' id='word_1_717' title='bbox 1657 5187 1703 5242; x_wconf 85' lang='lat' dir='ltr'><strong>A</strong></span> <span class='ocrx_word' id='word_1_718' title='bbox 1741 5203 1823 5241; x_wconf 87' lang='lat' dir='ltr'><strong>ne.</strong></span> <span class='ocrx_word' id='word_1_719' title='bbox 1899 5185 1924 5220; x_wconf 84' lang='grc'><em>³</em></span> <span class='ocrx_word' id='word_1_720' title='bbox 1949 5186 2038 5242; x_wconf 87' lang='lat' dir='ltr'><strong>Sic</strong></span> <span class='ocrx_word' id='word_1_721' title='bbox 2067 5185 2187 5253; x_wconf 81' lang='lat' dir='ltr'><strong>CF;</strong></span> <span class='ocrx_word' id='word_1_722' title='bbox 2226 5185 2271 5240; x_wconf 81' lang='grc' dir='ltr'><strong>Α</strong></span> <span class='ocrx_word' id='word_1_723' title='bbox 2308 5194 2363 5242; x_wconf 88' lang='lat' dir='ltr'><strong>et</strong></span> <span class='ocrx_word' id='word_1_724' title='bbox 2409 5185 2467 5239; x_wconf 90' lang='lat' dir='ltr'><strong>in</strong></span> <span class='ocrx_word' id='word_1_725' title='bbox 2512 5182 2801 5253; x_wconf 81' lang='lat' dir='ltr'><strong>religiosis.</strong></span> <span class='ocrx_word' id='word_1_726' title='bbox 2876 5181 3096 5237; x_wconf 71' lang='lat' dir='ltr'><strong>‘tamen</strong></span> <span class='ocrx_word' id='word_1_727' title='bbox 3126 5193 3236 5235; x_wconf 90' lang='lat' dir='ltr'><strong>om.</strong></span> <span class='ocrx_word' id='word_1_728' title='bbox 3276 5178 3383 5233; x_wconf 83' lang='lat' dir='ltr'><strong>CF.</strong></span> 
     </span>
     <span class='ocr_line' id='line_1_98' title="bbox 565 5249 3383 5291; baseline 0 0"><span class='ocrx_word' id='word_1_729' title='bbox 565 5255 656 5291; x_wconf 65' lang='grc' dir='ltr'><strong>αξη</strong></span> <span class='ocrx_word' id='word_1_730' title='bbox 699 5254 814 5291; x_wconf 75' lang='lat' dir='ltr'><strong>mr.</strong></span> <span class='ocrx_word' id='word_1_731' title='bbox 862 5258 891 5291; x_wconf 77' lang='grc' dir='ltr'><strong>Α</strong></span> <span class='ocrx_word' id='word_1_732' title='bbox 938 5255 1120 5291; x_wconf 68' lang='lat' dir='ltr'><strong>pulum:</strong></span> <span class='ocrx_word' id='word_1_733' title='bbox 1156 5265 1276 5291; x_wconf 76' lang='grc' dir='ltr'><em>ιηηη</em></span> <span class='ocrx_word' id='word_1_734' title='bbox 1385 5257 1406 5287; x_wconf 81' lang='grc' dir='ltr'>τ</span> <span class='ocrx_word' id='word_1_735' title='bbox 1449 5256 1477 5291; x_wconf 82' lang='grc' dir='ltr'><strong>Δ</strong></span> <span class='ocrx_word' id='word_1_736' title='bbox 1526 5258 1582 5291; x_wconf 70' lang='grc' dir='ltr'><strong>..ε</strong></span> <span class='ocrx_word' id='word_1_737' title='bbox 1677 5257 1702 5291; x_wconf 75' lang='grc' dir='ltr'><strong><em>ο</em></strong></span> <span class='ocrx_word' id='word_1_738' title='bbox 1740 5257 1829 5291; x_wconf 66' lang='grc' dir='ltr'><strong>ειη</strong></span> <span class='ocrx_word' id='word_1_739' title='bbox 1863 5257 1978 5291; x_wconf 71' lang='lat' dir='ltr'><strong>np.</strong></span> <span class='ocrx_word' id='word_1_740' title='bbox 2027 5259 2238 5291; x_wconf 70' lang='grc' dir='ltr'><strong>ηιηηεωι</strong></span> <span class='ocrx_word' id='word_1_741' title='bbox 2288 5272 2376 5291; x_wconf 84' lang='lat' dir='ltr'><strong>nm</strong></span> <span class='ocrx_word' id='word_1_742' title='bbox 2462 5256 2490 5291; x_wconf 79' lang='grc' dir='ltr'><strong>Δ</strong></span> <span class='ocrx_word' id='word_1_743' title='bbox 2604 5257 2626 5290; x_wconf 76' lang='grc' dir='ltr'><strong>ο</strong></span> <span class='ocrx_word' id='word_1_744' title='bbox 2664 5257 2718 5291; x_wconf 74' lang='grc' dir='ltr'><strong>ε..</strong></span> <span class='ocrx_word' id='word_1_745' title='bbox 2740 5253 2865 5291; x_wconf 69' lang='lat' dir='ltr'><strong>num</strong></span> <span class='ocrx_word' id='word_1_746' title='bbox 2900 5268 2987 5291; x_wconf 87' lang='lat' dir='ltr'><strong>nm</strong></span> <span class='ocrx_word' id='word_1_747' title='bbox 3042 5249 3129 5291; x_wconf 70' lang='lat' dir='ltr'><strong>PF</strong></span> <span class='ocrx_word' id='word_1_748' title='bbox 3226 5251 3270 5283; x_wconf 72' lang='grc' dir='ltr'><strong>ιο</strong></span> <span class='ocrx_word' id='word_1_749' title='bbox 3309 5249 3383 5291; x_wconf 60' lang='lat' dir='ltr'><strong>Si:</strong></span> 
     </span>
    </p>
   </div>
   <div class='ocr_carea' id='block_1_98' title="bbox 1442 5256 2520 5399">
    <p class='ocr_par' dir='ltr' id='par_1_98' title="bbox 1442 5256 2520 5399">
     <span class='ocr_line' id='line_1_99' title="bbox 1442 5256 2520 5322; baseline -0.002 -12"><span class='ocrx_word' id='word_1_750' title='bbox 1442 5256 1487 5310; x_wconf 87' lang='lat' dir='ltr'><strong>A</strong></span> <span class='ocrx_word' id='word_1_751' title='bbox 1526 5258 1602 5312; x_wconf 90' lang='lat' dir='ltr'><strong>ni.</strong></span> <span class='ocrx_word' id='word_1_752' title='bbox 1677 5257 1702 5291; x_wconf 86' lang='grc'><strong><em>⁸</em></strong></span> <span class='ocrx_word' id='word_1_753' title='bbox 1740 5257 1830 5314; x_wconf 90' lang='lat' dir='ltr'><strong>Sic</strong></span> <span class='ocrx_word' id='word_1_754' title='bbox 1863 5257 1980 5322; x_wconf 89' lang='lat' dir='ltr'><strong>CF;</strong></span> <span class='ocrx_word' id='word_1_755' title='bbox 2025 5259 2240 5312; x_wconf 82' lang='lat' dir='ltr'><strong>abusira</strong></span> <span class='ocrx_word' id='word_1_756' title='bbox 2288 5272 2399 5312; x_wconf 91' lang='lat' dir='ltr'><strong>om.</strong></span> <span class='ocrx_word' id='word_1_757' title='bbox 2455 5256 2520 5309; x_wconf 83' lang='grc' dir='ltr'><strong>Α.</strong></span> 
     </span>
     <span class='ocr_line' id='line_1_100' title="bbox 1442 5326 2520 5399; baseline 0.001 -18"><span class='ocrx_word' id='word_1_758' title='bbox 1442 5344 1580 5382; x_wconf 79' lang='lat' dir='ltr'><strong>avere</strong></span> <span class='ocrx_word' id='word_1_759' title='bbox 1613 5331 1840 5384; x_wconf 89' lang='lat' dir='ltr'><strong>conaris.</strong></span> <span class='ocrx_word' id='word_1_760' title='bbox 1921 5330 1962 5361; x_wconf 82' lang='grc'>¹⁸</span> <span class='ocrx_word' id='word_1_761' title='bbox 1993 5331 2035 5382; x_wconf 86' lang='grc' dir='ltr'><strong>Δ</strong></span> <span class='ocrx_word' id='word_1_762' title='bbox 2063 5338 2329 5399; x_wconf 85' lang='lat' dir='ltr'><strong>corrupta.</strong></span> <span class='ocrx_word' id='word_1_763' title='bbox 2411 5326 2453 5399; x_wconf 16' lang='grc' dir='ltr'><strong>¹ν⁸</strong></span> <span class='ocrx_word' id='word_1_764' title='bbox 2492 5326 2520 5381; x_wconf 77' lang='lat' dir='ltr'><strong>ll</strong></span> 
     </span>
    </p>
   </div>
   <div class='ocr_carea' id='block_1_99' title="bbox 1193 5397 2317 5458">
    <p class='ocr_par' dir='ltr' id='par_1_99' title="bbox 1193 5397 2317 5458">
     <span class='ocr_line' id='line_1_101' title="bbox 1193 5397 2317 5458; baseline 0.004 -8"><span class='ocrx_word' id='word_1_765' title='bbox 1193 5398 1237 5432; x_wconf 83' lang='grc'>¹⁶</span> <span class='ocrx_word' id='word_1_766' title='bbox 1274 5397 1444 5451; x_wconf 86' lang='lat' dir='ltr'><strong>Adam</strong></span> <span class='ocrx_word' id='word_1_767' title='bbox 1471 5398 1560 5452; x_wconf 81' lang='lat' dir='ltr'><strong>ubi</strong></span> <span class='ocrx_word' id='word_1_768' title='bbox 1586 5400 1679 5455; x_wconf 86' lang='lat' dir='ltr'><strong>es?</strong></span> <span class='ocrx_word' id='word_1_769' title='bbox 1714 5402 1788 5456; x_wconf 82' lang='lat' dir='ltr'><strong>Ac</strong></span> <span class='ocrx_word' id='word_1_770' title='bbox 1817 5401 1862 5458; x_wconf 75' lang='lat' dir='ltr'><strong>si</strong></span> <span class='ocrx_word' id='word_1_771' title='bbox 1892 5400 2084 5458; x_wconf 83' lang='lat' dir='ltr'><strong>diceret</strong></span> <span class='ocrx_word' id='word_1_772' title='bbox 2115 5397 2229 5457; x_wconf 76' lang='lat' dir='ltr'><strong>om.</strong></span> <span class='ocrx_word' id='word_1_773' title='bbox 2252 5398 2317 5456; x_wconf 91' lang='lat' dir='ltr'><strong>A.</strong></span> 
     </span>
    </p>
   </div>
   <div class='ocr_carea' id='block_1_100' title="bbox 503 5254 1295 5323">
    <p class='ocr_par' dir='ltr' id='par_1_100' title="bbox 503 5254 1295 5323">
     <span class='ocr_line' id='line_1_102' title="bbox 503 5254 1295 5323; baseline -0.003 -12"><span class='ocrx_word' id='word_1_774' title='bbox 503 5254 526 5286; x_wconf 80' lang='lat'><strong><em>°</em></strong></span> <span class='ocrx_word' id='word_1_775' title='bbox 565 5255 658 5311; x_wconf 88' lang='lat' dir='ltr'><strong>Sic</strong></span> <span class='ocrx_word' id='word_1_776' title='bbox 699 5254 816 5321; x_wconf 85' lang='lat' dir='ltr'><strong>CF;</strong></span> <span class='ocrx_word' id='word_1_777' title='bbox 854 5258 900 5311; x_wconf 83' lang='grc' dir='ltr'><strong>Α</strong></span> <span class='ocrx_word' id='word_1_778' title='bbox 937 5255 1120 5323; x_wconf 83' lang='lat' dir='ltr'><strong>culpae</strong></span> <span class='ocrx_word' id='word_1_779' title='bbox 1155 5265 1295 5309; x_wconf 87' lang='lat' dir='ltr'><strong>tuae.</strong></span> 
     </span>
    </p>
   </div>
   <div class='ocr_carea' id='block_1_101' title="bbox 504 5325 1840 5397">
    <p class='ocr_par' dir='ltr' id='par_1_101' title="bbox 504 5325 1840 5397">
     <span class='ocr_line' id='line_1_103' title="bbox 504 5325 1840 5397; baseline 0.001 -16"><span class='ocrx_word' id='word_1_780' title='bbox 504 5342 627 5397; x_wconf 89' lang='lat' dir='ltr'><strong>pam</strong></span> <span class='ocrx_word' id='word_1_781' title='bbox 658 5338 822 5383; x_wconf 90' lang='lat' dir='ltr'><strong>tuam.</strong></span> <span class='ocrx_word' id='word_1_782' title='bbox 900 5329 942 5360; x_wconf 82' lang='lat'>“</span> <span class='ocrx_word' id='word_1_783' title='bbox 984 5325 1074 5380; x_wconf 89' lang='lat' dir='ltr'><strong>Sic</strong></span> <span class='ocrx_word' id='word_1_784' title='bbox 1098 5325 1215 5387; x_wconf 84' lang='lat' dir='ltr'><strong>CF;</strong></span> <span class='ocrx_word' id='word_1_785' title='bbox 1250 5328 1293 5380; x_wconf 80' lang='grc' dir='ltr'><strong>Α</strong></span> <span class='ocrx_word' id='word_1_786' title='bbox 1323 5343 1580 5382; x_wconf 87' lang='lat' dir='ltr'><strong>removere</strong></span> <span class='ocrx_word' id='word_1_787' title='bbox 1613 5331 1840 5384; x_wconf 89' lang='lat' dir='ltr'><strong>conaris.</strong></span> 
     </span>
    </p>
   </div>
   <div class='ocr_carea' id='block_1_102' title="bbox 502 5399 1114 5470">
    <p class='ocr_par' dir='ltr' id='par_1_102' title="bbox 502 5399 1114 5470">
     <span class='ocr_line' id='line_1_104' title="bbox 502 5399 1114 5470; baseline -0.002 -19"><span class='ocrx_word' id='word_1_788' title='bbox 502 5408 834 5470; x_wconf 82' lang='lat' dir='ltr'><strong>praeceptum</strong></span> <span class='ocrx_word' id='word_1_789' title='bbox 861 5399 1114 5470; x_wconf 72' lang='lat' dir='ltr'><strong>divinum.</strong></span> 
     </span>
    </p>
   </div>
   <div class='ocr_carea' id='block_1_103' title="bbox 503 5467 1638 5540">
    <p class='ocr_par' dir='ltr' id='par_1_103' title="bbox 503 5467 1638 5540">
     <span class='ocr_line' id='line_1_105' title="bbox 503 5467 1638 5540; baseline -0.001 -15"><span class='ocrx_word' id='word_1_790' title='bbox 503 5467 659 5526; x_wconf 81' lang='lat' dir='ltr'><strong>extra</strong></span> <span class='ocrx_word' id='word_1_791' title='bbox 686 5467 932 5525; x_wconf 78' lang='lat' dir='ltr'><strong>naturam</strong></span> <span class='ocrx_word' id='word_1_792' title='bbox 972 5483 1004 5524; x_wconf 85' lang='lat' dir='ltr'><strong>a</strong></span> <span class='ocrx_word' id='word_1_793' title='bbox 1048 5467 1158 5524; x_wconf 82' lang='lat' dir='ltr'><strong>Deo</strong></span> <span class='ocrx_word' id='word_1_794' title='bbox 1180 5467 1323 5539; x_wconf 81' lang='lat' dir='ltr'><strong>facta</strong></span> <span class='ocrx_word' id='word_1_795' title='bbox 1367 5469 1638 5540; x_wconf 85' lang='lat' dir='ltr'><strong>reperitur.</strong></span> 
     </span>
    </p>
   </div>
   <div class='ocr_carea' id='block_1_104' title="bbox 3460 5176 3780 5231">
    <p class='ocr_par' dir='ltr' id='par_1_104' title="bbox 3460 5176 3780 5231">
     <span class='ocr_line' id='line_1_106' title="bbox 3460 5176 3780 5231; baseline 0.003 -1"><span class='ocrx_word' id='word_1_796' title='bbox 3460 5176 3483 5209; x_wconf 82' lang='grc'><strong><em>³</em></strong></span> <span class='ocrx_word' id='word_1_797' title='bbox 3519 5176 3566 5230; x_wconf 79' lang='grc' dir='ltr'>Α</span> <span class='ocrx_word' id='word_1_798' title='bbox 3594 5194 3780 5231; x_wconf 79' lang='lat' dir='ltr'><strong>secum.</strong></span> 
     </span>
    </p>
   </div>
   <div class='ocr_carea' id='block_1_105' title="bbox 2604 5246 3784 5325">
    <p class='ocr_par' dir='ltr' id='par_1_105' title="bbox 2604 5246 3784 5325">
     <span class='ocr_line' id='line_1_107' title="bbox 2604 5246 3784 5325; baseline 0.018 -19"><span class='ocrx_word' id='word_1_799' title='bbox 2604 5246 2644 5290; x_wconf 65' lang='grc' dir='ltr'><strong><em>θ’</em></strong></span> <span class='ocrx_word' id='word_1_800' title='bbox 2664 5257 2719 5310; x_wconf 88' lang='lat' dir='ltr'><strong>in</strong></span> <span class='ocrx_word' id='word_1_801' title='bbox 2738 5253 2865 5325; x_wconf 86' lang='lat' dir='ltr'><strong>quid</strong></span> <span class='ocrx_word' id='word_1_802' title='bbox 2900 5268 3009 5307; x_wconf 91' lang='lat' dir='ltr'><strong>om.</strong></span> <span class='ocrx_word' id='word_1_803' title='bbox 3042 5249 3161 5325; x_wconf 58' lang='lat' dir='ltr'><strong>cr,</strong></span> <span class='ocrx_word' id='word_1_804' title='bbox 3222 5251 3270 5325; x_wconf 61' lang='lat'><strong>3°</strong></span> <span class='ocrx_word' id='word_1_805' title='bbox 3309 5249 3400 5304; x_wconf 83' lang='lat' dir='ltr'><strong>Sic</strong></span> <span class='ocrx_word' id='word_1_806' title='bbox 3438 5246 3557 5311; x_wconf 79' lang='lat' dir='ltr'><strong>cr;</strong></span> <span class='ocrx_word' id='word_1_807' title='bbox 3599 5250 3644 5303; x_wconf 82' lang='lat' dir='ltr'><strong>A</strong></span> <span class='ocrx_word' id='word_1_808' title='bbox 3668 5249 3784 5325; x_wconf 66' lang='lat'><strong>9&quot;.-</strong></span> 
     </span>
    </p>
   </div>
   <div class='ocr_carea' id='block_1_106' title="bbox 2411 5317 3783 5395">
    <p class='ocr_par' dir='ltr' id='par_1_106' title="bbox 2411 5317 3783 5395">
     <span class='ocr_line' id='line_1_108' title="bbox 2411 5317 3783 5395; baseline -0.009 -13"><span class='ocrx_word' id='word_1_809' title='bbox 2411 5326 2453 5360; x_wconf 80' lang='lat'>&quot;</span> <span class='ocrx_word' id='word_1_810' title='bbox 2492 5326 2537 5381; x_wconf 81' lang='grc' dir='ltr'><strong>Δ</strong></span> <span class='ocrx_word' id='word_1_811' title='bbox 2561 5335 2608 5381; x_wconf 91' lang='lat' dir='ltr'><strong>et</strong></span> <span class='ocrx_word' id='word_1_812' title='bbox 2639 5317 2975 5395; x_wconf 73' lang='lat' dir='ltr'><strong>temporibus.</strong></span> <span class='ocrx_word' id='word_1_813' title='bbox 3056 5322 3099 5353; x_wconf 73' lang='lat'>“</span> <span class='ocrx_word' id='word_1_814' title='bbox 3136 5322 3180 5377; x_wconf 82' lang='lat' dir='ltr'><strong>A</strong></span> <span class='ocrx_word' id='word_1_815' title='bbox 3215 5322 3585 5395; x_wconf 56' lang='lat' dir='ltr'><strong>interrogntus.</strong></span> <span class='ocrx_word' id='word_1_816' title='bbox 3612 5317 3711 5395; x_wconf 43' lang='grc' dir='ltr'><strong>ΑΒ</strong></span> 
     </span>
    </p>
   </div>
   <div class='ocr_carea' id='block_1_107' title="bbox 2422 5387 3779 5466">
    <p class='ocr_par' dir='ltr' id='par_1_107' title="bbox 2422 5387 3779 5466">
     <span class='ocr_line' id='line_1_109' title="bbox 2422 5387 3779 5466; baseline -0.007 -13"><span class='ocrx_word' id='word_1_817' title='bbox 2422 5398 2464 5431; x_wconf 85' lang='grc'><strong>¹⁴⁷</strong></span> <span class='ocrx_word' id='word_1_818' title='bbox 2513 5399 2567 5453; x_wconf 88' lang='lat' dir='ltr'><strong>in</strong></span> <span class='ocrx_word' id='word_1_819' title='bbox 2593 5387 2847 5452; x_wconf 65' lang='lat' dir='ltr'><strong>aliudve!</strong></span> <span class='ocrx_word' id='word_1_820' title='bbox 2875 5394 3102 5466; x_wconf 79' lang='lat' dir='ltr'><strong>aliquem</strong></span> <span class='ocrx_word' id='word_1_821' title='bbox 3129 5407 3239 5450; x_wconf 87' lang='lat' dir='ltr'><strong>om.</strong></span> <span class='ocrx_word' id='word_1_822' title='bbox 3268 5392 3335 5447; x_wconf 84' lang='lat' dir='ltr'><strong>A.</strong></span> <span class='ocrx_word' id='word_1_823' title='bbox 3413 5387 3458 5423; x_wconf 80' lang='lat'><strong>&quot;</strong></span> <span class='ocrx_word' id='word_1_824' title='bbox 3488 5388 3583 5445; x_wconf 86' lang='lat' dir='ltr'><strong>Sic</strong></span> <span class='ocrx_word' id='word_1_825' title='bbox 3603 5387 3720 5455; x_wconf 77' lang='lat' dir='ltr'><strong>CF;</strong></span> <span class='ocrx_word' id='word_1_826' title='bbox 3741 5389 3779 5442; x_wconf 84' lang='grc' dir='ltr'><strong>Δ</strong></span> 
     </span>
    </p>
   </div>
   <div class='ocr_carea' id='block_1_108' title="bbox 2040 5607 2291 5669">
    <p class='ocr_par' dir='ltr' id='par_1_108' title="bbox 2040 5607 2291 5669">
     <span class='ocr_line' id='line_1_110' title="bbox 2040 5607 2291 5669; baseline -0.004 -3"><span class='ocrx_word' id='word_1_827' title='bbox 2040 5607 2291 5669; x_wconf 82' lang='lat' dir='ltr'><strong>NOTAE.</strong></span> 
     </span>
    </p>
   </div>
   <div class='ocr_carea' id='block_1_109' title="bbox 579 5726 2091 5797">
    <p class='ocr_par' dir='ltr' id='par_1_109' title="bbox 579 5726 2091 5797">
     <span class='ocr_line' id='line_1_111' title="bbox 579 5726 2091 5797; baseline 0 -15"><span class='ocrx_word' id='word_1_828' title='bbox 579 5739 606 5768; x_wconf 82' lang='grc' dir='ltr'>ι</span> <span class='ocrx_word' id='word_1_829' title='bbox 644 5726 943 5783; x_wconf 88' lang='lat' dir='ltr'><strong>Pessimam</strong></span> <span class='ocrx_word' id='word_1_830' title='bbox 969 5726 1020 5783; x_wconf 74' lang='grc' dir='ltr'><strong>Ι.</strong></span> <span class='ocrx_word' id='word_1_831' title='bbox 1051 5726 1199 5783; x_wconf 87' lang='lat' dir='ltr'><strong>Scoti</strong></span> <span class='ocrx_word' id='word_1_832' title='bbox 1227 5726 1295 5781; x_wconf 90' lang='lat' dir='ltr'><strong>de</strong></span> <span class='ocrx_word' id='word_1_833' title='bbox 1323 5733 1467 5782; x_wconf 88' lang='lat' dir='ltr'><strong>statu</strong></span> <span class='ocrx_word' id='word_1_834' title='bbox 1510 5726 1994 5797; x_wconf 84' lang='lat' dir='ltr'><strong>primoparentnm,</strong></span> <span class='ocrx_word' id='word_1_835' title='bbox 2023 5726 2091 5782; x_wconf 89' lang='lat' dir='ltr'><strong>de</strong></span> 
     </span>
    </p>
   </div>
   <div class='ocr_carea' id='block_1_110' title="bbox 509 5797 2146 5868">
    <p class='ocr_par' dir='ltr' id='par_1_110' title="bbox 509 5797 2146 5868">
     <span class='ocr_line' id='line_1_112' title="bbox 509 5797 2146 5868; baseline 0.001 -15"><span class='ocrx_word' id='word_1_836' title='bbox 509 5813 640 5853; x_wconf 74' lang='lat' dir='ltr'><strong>sexu</strong></span> <span class='ocrx_word' id='word_1_837' title='bbox 680 5799 907 5868; x_wconf 89' lang='lat' dir='ltr'><strong>duplici,</strong></span> <span class='ocrx_word' id='word_1_838' title='bbox 938 5807 995 5853; x_wconf 88' lang='lat' dir='ltr'><strong>et</strong></span> <span class='ocrx_word' id='word_1_839' title='bbox 1048 5797 1115 5852; x_wconf 88' lang='lat' dir='ltr'><strong>de</strong></span> <span class='ocrx_word' id='word_1_840' title='bbox 1169 5798 1518 5863; x_wconf 78' lang='lat' dir='ltr'><strong>generatione</strong></span> <span class='ocrx_word' id='word_1_841' title='bbox 1558 5797 1890 5862; x_wconf 89' lang='lat' dir='ltr'><strong>doctrinam,</strong></span> <span class='ocrx_word' id='word_1_842' title='bbox 1931 5813 2091 5866; x_wconf 88' lang='lat' dir='ltr'><strong>quam</strong></span> <span class='ocrx_word' id='word_1_843' title='bbox 2141 5841 2146 5845; x_wconf 84' lang='lat'><strong>.</strong></span> 
     </span>
    </p>
   </div>
   <div class='ocr_carea' id='block_1_111' title="bbox 509 5868 2091 5939">
    <p class='ocr_par' dir='ltr' id='par_1_111' title="bbox 509 5868 2091 5939">
     <span class='ocr_line' id='line_1_113' title="bbox 509 5868 2091 5939; baseline -0.002 -14"><span class='ocrx_word' id='word_1_844' title='bbox 509 5870 595 5925; x_wconf 83' lang='lat' dir='ltr'><strong>his</strong></span> <span class='ocrx_word' id='word_1_845' title='bbox 626 5868 775 5923; x_wconf 88' lang='lat' dir='ltr'><strong>libris</strong></span> <span class='ocrx_word' id='word_1_846' title='bbox 800 5870 1019 5925; x_wconf 89' lang='lat' dir='ltr'><strong>uberius</strong></span> <span class='ocrx_word' id='word_1_847' title='bbox 1050 5869 1314 5939; x_wconf 81' lang='lat' dir='ltr'><strong>explicat,</strong></span> <span class='ocrx_word' id='word_1_848' title='bbox 1346 5868 1635 5924; x_wconf 88' lang='lat' dir='ltr'><strong>identidem</strong></span> <span class='ocrx_word' id='word_1_849' title='bbox 1669 5870 2091 5937; x_wconf 84' lang='lat' dir='ltr'><strong>percensuimus.</strong></span> 
     </span>
    </p>
   </div>
   <div class='ocr_carea' id='block_1_112' title="bbox 2193 5716 3778 5809">
    <p class='ocr_par' dir='ltr' id='par_1_112' title="bbox 2193 5716 3778 5809">
     <span class='ocr_line' id='line_1_114' title="bbox 2193 5716 3778 5809; baseline -0.008 -26"><span class='ocrx_word' id='word_1_850' title='bbox 2193 5726 2418 5809; x_wconf 71' lang='lat' dir='ltr'><strong>Accedit</strong></span> <span class='ocrx_word' id='word_1_851' title='bbox 2444 5723 2946 5809; x_wconf 64' lang='lat' dir='ltr'><strong>saeraescripturae</strong></span> <span class='ocrx_word' id='word_1_852' title='bbox 2976 5727 3161 5809; x_wconf 62' lang='lat' dir='ltr'><strong>aperta</strong></span> <span class='ocrx_word' id='word_1_853' title='bbox 3214 5717 3510 5809; x_wconf 60' lang='lat' dir='ltr'><strong>ludiﬁcatio</strong></span> <span class='ocrx_word' id='word_1_854' title='bbox 3555 5716 3778 5809; x_wconf 64' lang='lat' dir='ltr'><strong>et_l&#39;alsa</strong></span> 
     </span>
    </p>
   </div>
   <div class='ocr_carea' id='block_1_113' title="bbox 2194 5788 3781 5936">
    <p class='ocr_par' dir='ltr' id='par_1_113' title="bbox 2194 5788 3781 5936">
     <span class='ocr_line' id='line_1_115' title="bbox 2194 5788 3781 5867; baseline -0.006 -15"><span class='ocrx_word' id='word_1_855' title='bbox 2194 5798 2401 5867; x_wconf 86' lang='lat' dir='ltr'><strong>peccati</strong></span> <span class='ocrx_word' id='word_1_856' title='bbox 2456 5796 2734 5867; x_wconf 85' lang='lat' dir='ltr'><strong>originalis</strong></span> <span class='ocrx_word' id='word_1_857' title='bbox 2759 5788 3171 5864; x_wconf 62' lang='lat' dir='ltr'><strong>interpretatio.</strong></span> <span class='ocrx_word' id='word_1_858' title='bbox 3222 5790 3304 5848; x_wconf 82' lang='lat' dir='ltr'><strong>Cf.</strong></span> <span class='ocrx_word' id='word_1_859' title='bbox 3363 5790 3666 5846; x_wconf 88' lang='lat' dir='ltr'><strong>Comment.</strong></span> <span class='ocrx_word' id='word_1_860' title='bbox 3720 5788 3781 5843; x_wconf 84' lang='lat' dir='ltr'><strong>de</strong></span> 
     </span>
     <span class='ocr_line' id='line_1_116' title="bbox 2201 5866 2917 5936; baseline -0.007 -13"><span class='ocrx_word' id='word_1_861' title='bbox 2201 5867 2251 5923; x_wconf 82' lang='lat' dir='ltr'><strong>J.</strong></span> <span class='ocrx_word' id='word_1_862' title='bbox 2285 5868 2448 5925; x_wconf 88' lang='lat' dir='ltr'><strong>Scoto</strong></span> <span class='ocrx_word' id='word_1_863' title='bbox 2478 5868 2538 5922; x_wconf 81' lang='grc' dir='ltr'><strong>Ρ.</strong></span> <span class='ocrx_word' id='word_1_864' title='bbox 2569 5867 2612 5923; x_wconf 89' lang='lat' dir='ltr'><strong>ll</strong></span> <span class='ocrx_word' id='word_1_865' title='bbox 2639 5866 2668 5936; x_wconf 85' lang='lat'><strong>§</strong></span> <span class='ocrx_word' id='word_1_866' title='bbox 2696 5867 2769 5921; x_wconf 74' lang='grc'><strong>49</strong></span> <span class='ocrx_word' id='word_1_867' title='bbox 2796 5880 2917 5935; x_wconf 88' lang='lat' dir='ltr'><strong>sqq.</strong></span> 
     </span>
    </p>
   </div>
  </div>
