4028 6282
577 351 673 408 851

1957 352 2073 409 JOA
2084 350 2239 407 NNIS
2275 352 2470 415 SCOTI

576 464 830 523 vesceris.
869 464 1083 520 Cunctis
1112 464 1292 522 diebus
1324 468 1456 523 vitae
1483 478 1632 537 tuae,
1665 471 1772 529 hoc
1803 480 1919 538 est,
1958 478 2162 542 quanto
2188 472 2235 533 A
2267 482 2372 541 tur,
2414 476 2505 547 qtti
2547 484 2676 533 ante
2709 478 2997 533 adventum
3023 477 3135 532 veri
3168 476 3416 544 luminis,
3443 478 3592 548 quod
3629 487 3724 536 est
3760 479 3852 537 υέ

579 567 821 627 tempore
868 557 925 613 in
966 557 1202 613 humana
1247 568 1441 615 natura
1483 575 1708 634 regnum
1760 569 1948 629 tuum,
1990 561 2155 618 veluti

575 652 843 722 quaedam
880 650 1012 707 falsa
1046 651 1167 718 lux,
1205 654 1455 710 arriserit
1496 665 1555 713 et
1598 657 1985 728 praevaluerit.
2038 658 2154 716 Non

570 746 716 802 enim
758 745 1115 802 aeternaliter
1169 748 1460 821 imaginem
1497 751 1591 807 Dei
1646 753 1899 824 regnabis
1951 764 2005 810 et
2039 755 2157 809 vin-

569 855 697 905 ces,
733 839 827 897 sed
862 848 957 897 aut
991 841 1300 912 specialiter
1344 844 1399 899 in
1442 845 1660 903 Christo
1706 849 2052 920 redemptore
2088 850 2155 907 de

571 944 841 1007 potestate
877 945 967 993 tua
995 937 1316 994 liberabitur
1344 940 1518 997 adhuc
1549 942 1602 997 in
1634 943 1736 999 hac
1759 943 1867 999 vita
1899 945 2114 1001 detenta
2134 985 2149 1012 ,

565 1037 661 1084 aut
708 1028 1036 1098 generaliter
1080 1030 1133 1085 in
1187 1030 1294 1089 ﬁne
1344 1034 1561 1102 mundi,
1594 1037 1810 1106 quando
1858 1038 2150 1095 novissima

570 1119 788 1175 inimica
830 1137 978 1178 mors
1013 1138 1113 1193 per
1148 1125 1379 1181 eundem
1434 1126 1707 1184 Christum
1760 1130 1853 1185 Dei
1917 1130 2150 1187 Verbum

570 1210 906 1278 destruetur,
936 1218 992 1267 et
1018 1214 1398 1271 universaliter
1428 1219 1660 1274 humana
1694 1228 1885 1276 natura
1922 1222 1976 1277 in
2010 1223 2155 1292 pris-

575 1303 742 1357 tinum
774 1313 975 1360 statum
1008 1307 1344 1363 restituetur.
1379 1310 1695 1367 Inimicitias
1722 1330 1914 1383 ponam
1942 1312 2078 1369 inter
2102 1323 2152 1370 te

567 1404 613 1447 et
644 1395 945 1464 mulierem,
989 1408 1036 1452 et
1065 1416 1238 1455 semen
1274 1411 1424 1456 tuum
1458 1414 1506 1458 et
1544 1420 1717 1460 semen
1756 1405 1917 1460 illius.
1958 1406 2152 1464 Mulier

566 1496 649 1538 est
686 1502 879 1543 sensus
918 1504 1231 1561 corporeus,
1258 1494 1580 1549 naturaliter
1613 1495 1886 1553 humanae
1924 1508 2152 1557 naturae

567 1575 791 1645 insitus,
842 1594 939 1649 per
972 1597 1134 1652 quam
1192 1584 1245 1641 in
1294 1585 1380 1640 his
1435 1587 1717 1653 videlicet,
1776 1590 1869 1661 qui
1924 1591 2150 1662 perfecti

567 1681 723 1735 sunt,
785 1673 1016 1729 visibilis
1074 1686 1359 1734 creaturae
1416 1680 1763 1750 pulchritudo
1813 1684 1879 1739 ad
1934 1684 2145 1742 laudem

565 1763 837 1821 Creatoris
885 1768 1135 1826 refertur.
1174 1770 1318 1827 Inter
1350 1789 1533 1844 quam,
1585 1774 1863 1831 mulierem
1904 1777 2054 1843 dico,
2093 1787 2147 1833 et

2261 567 2520 637 Verbum,
2572 562 2843 627 tenebrosi
2891 579 3046 631 erant
3072 611 3088 638 ,
3125 570 3357 642 caligine
3391 570 3652 630 videlicet
3690 574 3849 644 igno-

2260 663 2471 717 rantiae
2496 664 2798 733 mortisque
2817 671 3077 719 aeternae
3094 663 3419 720 densissima
3444 663 3650 721 nebula
3674 667 3850 737 sati;

2257 760 2354 815 sed
2402 775 2523 816 mox
2574 754 2893 826 humiliati,’
2932 760 3090 815 ﬁdem
3142 760 3506 831 accipientes,
3553 760 3851 818 “luminati

2256 860 2415 918 sunt,
2470 860 2528 908 et
2568 852 2939 923 spiritualibus
2986 853 3160 925 epulis
3204 852 3547 920 reﬁciuntur,
3601 868 3748 925 quas
3787 856 3851 911 de

2256 944 2525 1015 capitibus
2554 946 2805 1002 draconis
2829 945 3101 1011 contritis,
3132 946 3235 1002 hoc
3264 954 3369 1011 est,
3414 946 3585 1002 totius
3608 947 3848 1003 malitiae

2254 1036 2738 1095 nmncrositatibus
2766 1037 2994 1093 devictis
3020 1037 3200 1093 divina
3229 1047 3525 1109 praeparat
3548 1038 3844 1107 sapientia.

2255 1127 2331 1184 De
2364 1131 2463 1185 hoc
2490 1130 2725 1186 dracone
2751 1129 2893 1185 idem
2921 1128 3205 1185 Psalmista
3229 1126 3711 1199 loquitur:Draco
3737 1129 3842 1192 ists,

2251 1234 2403 1292 quem
2434 1223 2673 1292 formasti
2702 1223 2770 1278 ad
2799 1221 3127 1278 illudendum
3156 1224 3226 1278 ei.
3258 1223 3433 1279 Draco
3460 1221 3602 1289 iste,
3636 1221 3842 1295 inquit,

2256 1313 2501 1369 diabolus
2530 1312 2774 1385 profecto
2795 1355 2809 1380 ,
2841 1329 3147 1386 corpusque
3178 1314 3321 1370 illius
3360 1313 3707 1380 universale,
3747 1316 3842 1369 hoc

2251 1410 2337 1458 est
2381 1404 2543 1460 totius
2587 1404 2824 1460 malitiae
2870 1405 3179 1476 plenitudo,
3219 1406 3333 1476 ipse
3371 1414 3489 1469 est.
3531 1419 3703 1476 quem
3739 1404 3842 1460 for-

2253 1500 2448 1562 masti,
2504 1506 2564 1552 ut
2611 1497 2871 1552 illudatur
2915 1498 2965 1552 ei
3008 1512 3038 1552 a
3084 1499 3289 1554 sanctis
3328 1498 3475 1563 tuis,
3527 1498 3632 1569 qui
3681 1498 3842 1568 ipsius

2250 1588 2571 1660 perniciosis
2601 1589 2987 1660 fallacibusque
3018 1590 3226 1646 insidiis
3276 1590 3533 1656 illudunt,
3586 1589 3720 1645 dum
3759 1605 3840 1645 ar-

2252 1692 2333 1738 tes
2357 1683 2594 1738 malitiae
2616 1724 2629 1747 ,
2660 1684 2858 1753 quibus
2882 1682 3141 1738 bonitatis
3166 1683 3467 1738 munimina
3496 1683 3842 1738 machinatur

2249 1774 2559 1840 destruere,
2590 1775 2887 1846 patefactae
2924 1776 3218 1847 explodunt
3238 1774 3284 1840 ⁸,
3311 1775 3640 1845 malleisque
3681 1775 3840 1829 virtu-

564 1866 870 1924 scrpcntctn
892 1899 906 1923 ,
940 1860 1043 1915 hoc
1071 1871 1152 1916 est
1173 1902 1186 1926 ,
1217 1862 1558 1919 libidinosam
1590 1866 2000 1924 delectationem
2033 1885 2147 1924 ma-
2178 1873 2223 1933 Β
2255 1877 2364 1925 tum
2392 1870 2663 1941 principia
2694 1870 2990 1941 nequitiae,
3021 1885 3163 1940 quae
3187 1870 3256 1925 ab
3283 1883 3349 1925 eo
3376 1868 3692 1940 pullulant,
3720 1881 3841 1923 eon-

567 1949 769 2003 terialis
790 1951 1224 2021 pulclu'itudinis,
1251 1956 1682 2030 diabolicumque
1707 1960 2058 2017 calliditatem
2092 1964 2146 2018 in

562 2056 626 2094 ea
658 2044 1055 2113 possidentem,
1100 2064 1291 2119 magna
1336 2050 1615 2106 inimicitia
1659 2068 1688 2106 a
1719 2053 1830 2109 Deo
1852 2055 2146 2110 constituta

558 2145 678 2193 est:
717 2138 910 2194 mulier
947 2142 1145 2211 quippe
1167 2185 1180 2207 ,
1221 2144 1321 2198 hoc
1360 2153 1440 2200 est
1476 2145 1747 2216 perfectus
1781 2147 2146 2219 perfectorum

560 2244 781 2297 sensus,
816 2234 931 2288 odit
980 2237 1337 2292 tuaterialium
1382 2254 1562 2293 rerum
1614 2241 1886 2296 carnalem
1938 2243 2147 2313 appeti-

562 2331 675 2377 tum
695 2365 708 2387 ,
742 2339 966 2394 serpens
993 2341 1122 2382 vero
1150 2328 1507 2399 spiritualium
1536 2330 1950 2404 divinarumque
1981 2334 2147 2390 virtu-

564 2422 673 2473 tunt
708 2416 984 2472 inimicum
1014 2419 1175 2475 habet
1204 2421 1550 2478 desiderium.
1597 2423 1664 2477 Et
1702 2440 1874 2480 semen
1913 2435 2059 2480 tuum
2099 2438 2146 2482 et

559 2525 732 2565 senae»
764 2515 781 2547 ι
832 2512 1000 2570 illius.
1044 2515 1238 2571 Semen
1266 2518 1510 2573 mulieris
1538 2526 1621 2575 est
1645 2534 1825 2575 rerum
1852 2520 2144 2576 visibilium

560 2602 801 2671 perlecta
854 2608 1224 2678 naturalisque
1273 2626 1336 2666 ac
1368 2611 1645 2682 multipch
1688 2614 1955 2685 cognitio,
1994 2616 2140 2671 omni

556 2706 741 2748 errore
777 2696 1009 2753 sublato.
1055 2698 1134 2754 Ad
1173 2701 1273 2755 hoc
1307 2700 1449 2757 enim
1486 2703 1538 2758 in
1581 2702 1799 2761 homine
1849 2722 2143 2778 corporeus

557 2799 749 2841 stensus
783 2791 1107 2845 constitutus
1141 2803 1257 2859 est,
1288 2807 1347 2849 ut
1384 2797 1717 2853 sensibilium
1751 2804 1804 2854 et
1837 2799 2145 2872 iutclligibi-

554 2879 683 2935 lium
720 2897 813 2952 per
838 2885 1177 2942 medietatem
1211 2888 1618 2957 pbantasiarum
1652 2892 2015 2948 internuntius
2045 2896 2141 2949 ﬁcu

557 2983 681 3041 ret;
721 2992 909 3032 semen
964 2994 1091 3033 vero
1153 2982 1421 3051 serpentis
1475 2982 1945 3039 innumerabilium
2010 2985 2142 3040 deli-

553 3076 759 3121 ctorum
795 3070 1130 3126 mortiferum
1163 3072 1556 3153 incrementum
1591 3090 1744 3141 esse,
1788 3093 1948 3133 nemo
1988 3087 2138 3133 recte

552 3162 1040 3234 philosophantium
1079 3168 1308 3239 ignorat.
1349 3167 1472 3240 Ipsa
1508 3180 1735 3227 conteret
1766 3182 1923 3245 caput
1966 3185 2134 3230 luunt.

2249 1960 2491 2035 fringunt
2519 1961 2562 2015 ³.
2590 1961 2687 2016 Cui
2720 1962 2765 1994 ¹⁰
2792 1962 3096 2017 sententiae
3124 1962 3394 2033 congruit,
3423 1960 3576 2031 quod
3612 1960 3691 2015 ait
3717 1974 3836 2015 saa-

2248 2063 2367 2111 ctus
2397 2053 2499 2110 Job
2526 2072 2541 2109 :
2577 2053 2692 2109 Hoc
2721 2062 2798 2109 est
2833 2055 3042 2109 initium
3078 2054 3309 2125 ﬁgmenti
3336 2052 3470 2119 Dei,
3502 2053 3652 2124 quod
3685 2052 3836 2123 fecit,

2248 2156 2306 2202 ut
2335 2147 2597 2203 illudatur
2629 2147 2694 2201 ab
2721 2147 2920 2218 angelis
2959 2148 3093 2219 ejus.
3154 2147 3265 2203 Cur
3311 2155 3494 2201 autem
3532 2147 3710 2201 draco
3744 2146 3837 2201 iste

2248 2240 2543 2311 spiritualis
2578 2254 2701 2295 cum
2742 2237 2994 2293 omnibus
3032 2238 3292 2294 membris
3324 2239 3437 2293 suis
3464 2238 3528 2302 ",
3565 2252 3712 2308 quae
3732 2236 3837 2304 eius

2248 2333 2513 2389 malitiam
2545 2339 2866 2402 sequuntur,
2898 2330 3146 2387 formatio
3170 2330 3263 2386 Dei
3286 2331 3373 2385 vel
3399 2332 3731 2403 ﬁgmentum
3760 2331 3837 2385 di—

2246 2429 2411 2493 citur,
2437 2425 2646 2481 duobus
2669 2426 2845 2481 modis
2863 2424 3084 2496 intelligi
3107 2432 3304 2495 potest.
3325 2424 3575 2479 Primum
3599 2426 3835 2496 quidem,

2246 2519 2371 2588 quia
2399 2532 2589 2573 omnes
2621 2507 2903 2587 apostatae
2946 2516 3165 2586 angeli,
3205 2531 3510 2586 omnesque
3554 2518 3834 2581 homines.

2250 2625 2443 2666 eorum
2481 2624 2779 2680 sequaces,
2822 2617 3082 2680 quantum
3130 2608 3455 2663 naturaliter
3496 2608 3834 2672 subsistunt,

2246 2720 2273 2758 a
2307 2702 2420 2757 Deo
2450 2702 2650 2759 conditi
2683 2710 2841 2767 sunt,
2871 2701 3186 2773 ﬁgmentum
3225 2698 3344 2769 ejus
3385 2715 3495 2755 non
3536 2701 3836 2770 incongrue

2244 2795 2606 2865 formatioque
2632 2808 2755 2849 esse
2782 2793 3099 2848 creduntur.
3126 2792 3354 2857 Deinde,
3381 2792 3529 2862 quod
3546 2792 3837 2862 taliasymo

2248 2886 2424 2943 bolica
2453 2885 2616 2941 verba
2647 2885 2700 2939 in
2735 2882 2933 2938 talibus
2955 2882 3170 2937 divinae
3197 2879 3519 2952 Scripturae
3550 2881 3835 2937 sententiis

2246 2995 2353 3034 non
2380 2992 2600 3049 semper
2627 2987 2880 3032 naturam
2907 2975 3225 3031 daemonum
3253 2973 3643 3044 malorumque
3668 2973 3834 3029 homi-

2243 3088 2394 3137 num,
2426 3072 2480 3126 in
2510 3085 2616 3141 qua
2639 3085 2733 3126 eos
2762 3069 3011 3127 conditor
3047 3068 3287 3123 omnium
3324 3068 3599 3122 bonorum
3638 3065 3834 3121 substi-

2246 3165 2381 3232 tuit,
2414 3165 2512 3219 sed
2539 3179 2625 3230 ea,
2661 3178 2799 3234 quae
2827 3162 3023 3217 merito
3044 3161 3348 3231 utriusque,
3382 3158 3671 3231 angelicae
3697 3158 3838 3213 vide-

549 3251 722 3324 Caput
754 3254 909 3324 hujus
941 3260 1243 3328 serpentis,
1276 3262 1379 3316 hoc
1408 3270 1492 3318 est
1522 3262 1733 3318 Initium
1756 3306 1771 3331 ,
1804 3262 2013 3321 duabus
2044 3282 2135 3321 ve-
2164 3244 2209 3308 C
2241 3258 2715 3315 licet'cthumanae
2735 3260 3035 3318 creaturae,
3062 3252 3465 3308 inobedientiae
3485 3250 3833 3321 superaddita

552 3343 647 3398 luti
675 3347 921 3415 partibus
951 3351 1257 3420 conﬂatur;
1287 3355 1464 3410 omnis
1489 3354 1632 3410 enim
1660 3354 1860 3412 malitia
1889 3374 1955 3413 ex
1989 3367 2137 3414 motu

552 3438 903 3497 irrationabili
956 3446 1295 3502 rationabilis
1340 3459 1605 3517 naturae,
1654 3460 1709 3506 et
1751 3466 1816 3506 ex
1874 3450 2138 3509 invidiosa

552 3531 750 3587 diaboli
792 3539 987 3590 astutia
1025 3549 1203 3592 ortum
1241 3537 1615 3611 originetuque
1676 3543 1940 3614 sumpsit,
1992 3544 2137 3614 quod

555 3635 719 3696 caput
773 3627 825 3682 in
881 3643 1041 3685 sensu
1095 3629 1459 3702 pcrlectorum
1516 3633 1752 3689 ﬁdelium
1813 3636 2135 3692 conteritur.

552 3719 668 3773 Non
701 3721 844 3776 enim
873 3736 965 3778 eos
996 3724 1259 3780 diabolica
1290 3725 1429 3780 fallit
1463 3730 1658 3783 astutia
1681 3771 1693 3793 ,
1730 3743 1902 3800 neque
1928 3731 2139 3801 primae

551 3815 881 3884 suggestioni
916 3815 1148 3872 latenter
1176 3816 1487 3889 subrepenti
1516 3826 1796 3891 praestant
1822 3821 2099 3877 introitum
2119 3865 2132 3889 ,

554 3920 647 3960 seu
710 3905 1069 3964 irrationabili
1136 3910 1302 3966 motui
1365 3913 1780 3968 accommodant
1830 3927 2134 3969 accessum.

553 3994 727 4067 Caput
756 3999 884 4054 illud
916 4001 1042 4055 dum
1073 4018 1236 4057 unum
1271 4011 1513 4073 putatur,
1551 4003 1602 4057 in
1643 4003 1912 4058 inﬁnitum
1950 4019 2139 4058 nume-

558 4106 678 4145 rum
725 4093 1004 4161 dividitur,
1037 4095 1163 4166 quia
1207 4096 1527 4152 universalis
1570 4097 1777 4151 malitia
1828 4096 1879 4151 in
1931 4106 2134 4153 tantum

556 4180 833 4251 multiplex
870 4191 988 4249 est,
1020 4184 1246 4240 utnulla
1279 4200 1406 4256 pars
1437 4186 1605 4256 ipsius
1647 4187 1748 4248 sit,
1789 4203 1853 4242 ex
1894 4203 1999 4256 qua
2041 4206 2135 4244 vc-

556 4291 755 4329 nenosa
804 4277 1059 4333 vitiorum
1110 4280 1383 4351 genimina
1436 4282 1456 4312 ⁸
1506 4296 1610 4334 non
1669 4290 1933 4336 crescant.
1990 4281 2137 4349 Quae

555 4368 737 4421 omnia
776 4367 970 4423 mulier
1005 4369 1124 4435 illa,
1164 4372 1229 4424 de
1266 4386 1370 4439 qua
1409 4369 1661 4426 Salomon
1712 4373 1825 4427 ait:
1860 4372 2136 4428 Mulierem

554 4464 740 4532 fortem
771 4466 886 4535 quis
916 4464 1139 4519 inveniet
1167 4465 1191 4518 ?
1218 4464 1391 4519 virtus
1423 4466 1671 4521 videlicet
1699 4473 1753 4520 et
1782 4468 2041 4535 sapientia
2083 4468 2134 4521 in

551 4557 799 4612 sensibus
858 4557 1095 4611 ﬁdelium
1148 4556 1509 4629 pel-lectorum
1561 4560 1901 4615 comminuit.
1959 4560 2131 4627 Quam

2242 3362 2400 3420 sunt,
2430 3351 2702 3409 essentiae
2746 3352 2803 3407 in
2831 3352 2913 3407 eis
2959 3349 3214 3405 conditae
3251 3346 3571 3420 signiﬁcant
3612 3356 3677 3403 ut
3713 3355 3833 3403 suat

2242 3462 2468 3517 corpora
2510 3446 2671 3502 aerea
2699 3446 3019 3502 daemonum
3044 3484 3058 3510 ,
3083 3452 3297 3499 terrena
3321 3456 3543 3512 quoque
3566 3442 3837 3497 mortalis-

2241 3551 2347 3611 que
2367 3540 2646 3594 hominum
2670 3537 2932 3602 membra,
2955 3548 3095 3606 quae
3120 3536 3498 3591 incunctanter
3521 3535 3579 3590 in
3602 3549 3832 3605 poenam

2242 3629 2451 3700 peccati
2478 3628 2810 3699 simplicitati
2838 3636 3065 3682 naturae
3087 3642 3120 3682 a
3147 3624 3259 3681 Deo
3283 3626 3622 3682 constitutae
3648 3624 3832 3695 adjun-

2241 3730 2328 3781 cta
2373 3738 2493 3779 esse
2534 3723 2803 3779 credenda
2844 3729 2898 3776 et
2945 3720 3291 3792 intelligenda
3320 3728 3468 3776 sunt.
3510 3719 3628 3776 Sed
3656 3729 3831 3776 utrum

2241 3823 2436 3870 natura
2467 3814 2789 3869 daemonum
2820 3827 2849 3867 a
2878 3812 3197 3884 corporibus
3219 3813 3287 3867 ab
3311 3811 3418 3866 isto
3439 3810 3575 3866 aere
3606 3811 3710 3866 sibi
3742 3812 3830 3866 ad-

2233 3907 2436 3977 junetis
2466 3906 2800 3971 liberabitur,
2834 3906 2974 3977 sicut
3001 3906 3234 3961 humana
3264 3912 3460 3958 natura
3484 3903 3573 3959 sui
3603 3903 3833 3959 Redem.

2240 4000 2411 4070 ptoris
2439 3999 2611 4070 gratia
2643 3998 2847 4069 adjuta,
2881 3996 3295 4052 resurrectionis
3318 4003 3601 4049 momento
3628 3994 3833 4048 anima-

2240 4093 2379 4147 libus
2401 4089 2949 4160 corruptibilibusque
2983 4087 3302 4158 corporibus
3333 4085 3674 4153 absolvetur,
3704 4084 3833 4139 alius

2241 4186 2541 4244 disserendi
2582 4185 2729 4239 locus
2767 4191 2868 4238 est.

2311 4283 2371 4338 Et
2426 4298 2567 4337 nunc
2622 4278 2857 4335 breviter
2916 4277 3313 4350 colligendum,
3377 4275 3525 4345 quod
3592 4277 3829 4344 'corpora

2239 4376 2326 4432 illa
2381 4373 2690 4439 naturalia,
2750 4383 2889 4441 quae
2940 4370 2993 4425 in
3044 4370 3351 4425 conditione
3403 4365 3692 4438 angelicae
3743 4379 3835 4420 na-

2242 4479 2393 4525 turae
2455 4468 2596 4524 facta
2653 4476 2819 4530 sunt,
2877 4462 3331 4536 quemadmodum
3397 4459 3673 4515 caelestes
3728 4458 3833 4512 vir-

2243 4572 2405 4629 tutes,
2456 4578 2593 4633 quac
2629 4575 2903 4631 nunquam
2952 4558 3265 4613 Creatorem
3309 4568 3465 4608 suum
3516 4552 3828 4613 deseruere,

557 4651 833 4706 mulierum
888 4650 1152 4722 Propheta
1206 4667 1270 4721 ps
1306 4652 1654 4723 lmographus
1708 4654 2000 4719 alloquitur
2058 4656 2135 4708 di-
2167 4628 2214 4687 D
2244 4660 2317 4713 ita
2352 4657 2514 4710 etiam
2545 4663 2819 4724 apostatac
2855 4652 3083 4706 virtutes
3110 4645 3545 4719 inseparabiliter
3566 4653 3623 4699 et
3652 4652 3828 4699 aeter-

557 4760 686 4798 ccus
734 4763 747 4798 :
782 4743 859 4798 Tu
896 4744 1196 4815 confregisti
1237 4744 1407 4816 capita
1438 4747 1713 4811 draconis,
1749 4748 1938 4802 dcfisti
1968 4766 2081 4803 eum
2115 4751 2136 4781 ³

554 4853 726 4891 escam
770 4838 976 4908 populis
1023 4839 1352 4910 Aethiopum.
1398 4838 1584 4911 P0puli
1636 4840 1957 4912 Aethiopum
2010 4853 2138 4899 sunt

553 4928 924 4985 multitudines
973 4931 1241 5001 gentiam,
1296 4946 1438 5001 quae
1490 4932 1542 4986 in
1594 4930 1865 4988 Christum
1921 4936 2135 5004 pracla-

551 5029 637 5075 tae
692 5024 710 5052 "
753 5022 993 5078 mulieris
1022 5030 1145 5094 typo
1194 5025 1611 5096 praeﬁgurative
1644 5025 1666 5057 '
1704 5027 2048 5083 crediderunt.
2092 5031 2131 5085 ⁸.

555 5113 629 5167 De
658 5115 853 5185 quibus
884 5115 1049 5170 lsaias
1066 5117 1140 5170 ait
1166 5135 1177 5169 :
1202 5114 1562 5187 Populus,qui
1581 5117 1787 5173 sedebat
1819 5121 1870 5174 in
1894 5124 2135 5188 tenebris,

552 5206 678 5258 vidit
705 5206 869 5260 larem
896 5224 1160 5278 magnam.
1191 5209 1483 5278 Aethiopes
1509 5212 1651 5264 enim
1684 5213 1949 5268 tenebrosi
1982 5223 2074 5268 aut
2113 5215 2134 5247 "

558 5295 824 5351 bumiliati
878 5298 1247 5352 translationis
1295 5300 1623 5369 proprietate
1668 5301 1937 5357 dicuntur.
1989 5304 2131 5370 Quo-

552 5403 670 5443 rum
712 5390 919 5446 theoria
949 5390 1229 5461 gentilium
1259 5391 1471 5462 populis
1500 5396 1886 5450 convenienter
1916 5406 2135 5466 coapta—

2243 4750 2443 4804 nalitcr
2468 4747 2834 4817 possidebunt,
2872 4743 3129 4814 quoniam
3157 4737 3455 4812 spiritualia
3484 4749 3543 4792 et
3582 4738 3827 4791 incerru-
3854 4802 3859 4806 δ

2244 4841 2450 4912 ptibilia
2499 4847 2653 4893 sunt:
2703 4834 3045 4906 superaddita
3089 4848 3219 4889 vero
3252 4831 3332 4886 ei
3369 4845 3433 4885 ex
3474 4827 3827 4899 qualitatibus

2246 4934 2405 5003 hujus
2444 4929 2629 4986 mundi
2662 4930 2856 4984 merito
2884 4926 3160 4996 nequitiae
3195 4939 3325 4980 suae
3358 4918 3524 4976 veluti
3565 4919 3826 4991 quaedam

2246 5024 2556 5079 itulumcnta
2592 5018 2987 5076 vctcrascentia
3022 5035 3144 5073 cum
3190 5018 3336 5086 ipso,
3370 5014 3437 5070 de
3464 5028 3574 5084 quo
3618 5019 3824 5081 sumpta

2245 5127 2397 5180 sunt,
2449 5116 2650 5171 mundo
2695 5114 2968 5184 peritura,
3015 5111 3271 5167 credibile
3310 5118 3413 5164 est.
3465 5108 3621 5175 Quod
3670 5106 3827 5177 igitur

2240 5212 2507 5282 Propheta
2540 5210 2614 5263 ait
2650 5225 2663 5262 :
2700 5207 2873 5261 Draco
2905 5208 3021 5271 iste,
3052 5222 3200 5277 quem
3226 5201 3465 5274 formasti
3494 5202 3567 5255 ad
3602 5199 3826 5254 illuden-

2237 5306 2363 5360 dum
2390 5306 2470 5367 ei,
2497 5314 2785 5373 possumus
2829 5299 2908 5355 sic
2936 5297 3213 5368 accipere,
3246 5295 3372 5367 quia
3400 5310 3506 5349 non
3547 5291 3760 5347 videtur
3789 5303 3821 5343 a

2236 5397 2467 5452 veritate
2493 5394 2715 5459 distare,
2757 5398 2817 5447 ut.
2842 5392 2897 5446 in
2925 5388 3174 5444 draconis
3208 5384 3605 5459 signiﬁcatione
3633 5378 3819 5438 morti-

1840 5553 2095 5611 VAltlAE
2133 5552 2537 5613 LECTIONES.

623 5688 638 5718 ¹
686 5688 1120 5764 δοῃιαῃ-οιῃᾷΛη
1171 5692 1193 5725 ⁸
1230 5692 1319 5747 Sic
1356 5691 1440 5748 CF
1466 5709 1480 5761 ;
1509 5691 1550 5747 A
1573 5693 1829 5764 germina.

1909 5693 1929 5725 ³
1958 5691 1998 5748 Α
2030 5694 2188 5751 enim.
2266 5696 2287 5725 ἰ
2320 5692 2409 5749 Sir:
2443 5693 2526 5749 CF
2554 5711 2570 5759 ;
2602 5693 2645 5753 Α
2678 5692 2831 5763 fortis
2862 5688 3156 5762 praefatae.
3236 5687 3371 5763 '_Sic
3394 5686 3481 5743 CF
3505 5706 3521 5759 ;
3549 5689 3594 5747 Δ
3623 5688 3789 5761 ﬁgura

549 5769 680 5813 tum.
717 5761 777 5838 _‘
815 5758 904 5838 Sir
1050 5763 1143 5838 Lg}
1171 5758 1502 5838 crediderint.
1566 5758 1599 5838 77’
1643 5764 1734 5838 Sic
1762 5764 1879 5838 le;
1905 5766 1955 5838 ιλ
1978 5776 2151 5838 atque.
2226 5769 2247 5800 ⁸
2277 5765 2316 5820 F
2349 5758 2687 5837 exproduntf
2736 5763 2757 5794 ’
2791 5758 3092 5829 destruere,
3121 5758 3813 5837 patefactus—confringant

549 5845 661 5886 om.
710 5830 771 5887 C.
851 5832 894 5865 ¹⁹
928 5832 1020 5888 Sic
1048 5832 1131 5889 Cl“
1159 5851 1174 5901 ;
1208 5836 1252 5889 A
1302 5835 1485 5906 Cujus.
1562 5837 1604 5873 ¹¹
1637 5835 1729 5895 Sic
1752 5834 1880 5904 AC;
1917 5836 1957 5893 F
1986 5830 2096 5893 suis
2122 5830 2385 5894 membris.
