4028 6282
198 324 307 423 ιεὲ

1029 370 1119 426 DE
1158 370 1496 428 DIVISIONE
1536 370 1885 443 ΝΑΤΙΙΙΚΑΙΞ.
1925 400 1996 419 σ-ο
2032 369 2234 439 LIBER
2270 371 2619 442 QUARTUS.

3362 380 3467 439 856

200 480 372 534 feram
402 478 658 541 astutiam
697 479 894 549 diaboli
933 483 1405 566 membrorumque
1441 486 1560 558 ejus
1586 487 1699 543 sive
1728 488 1778 544 in
1812 496 1856 555 Α
1886 487 2126 561 Quorum
2155 488 2420 560 quaedam
2465 489 2684 563 quidem
2709 490 2730 523 ’
2763 490 2927 566 longe‘
2948 501 3101 561 extra
3126 493 3319 557 molem
3348 511 3468 553 cor-

200 570 436 644 angelis,
468 571 581 627 sive
620 572 673 629 in
706 572 1015 639 hominibus
1048 578 1225 645 malis,
1255 579 1492 659 ﬁgmenti
1521 595 1652 640 vero
1689 596 1782 638 seu

199 662 534 741 formatiouis
557 670 841 741 vocabulo,
862 672 989 743 quia
1017 673 1097 729 sic
1117 675 1404 733 diversitas
1429 676 1784 747 interpretum

198 759 478 819 Ecclesiae
509 763 694 823 usibus
721 779 787 821 ex
828 766 1083 841 hebraico
1113 764 1654 843 traustuliteloquio,
1693 779 1787 828 aut

201 862 455 909 naturam
484 870 705 922 eorum,
751 860 1044 923 secundum
1074 878 1239 932 quam
1275 880 1303 918 a
1345 864 1457 927 Deo
1495 866 1783 925 substitute

199 951 355 1012 sunt,
395 945 709 1018 priusquam
749 959 1073 1025 peccarent,
1114 962 1208 1009 aut
1243 969 1340 1021 ea,
1379 970 1519 1027 quae
1570 965 1789 1028 propter

199 1036 509 1108 superbiam
554 1055 706 1097 suam
751 1041 833 1098 eis
867 1044 1214 1114 superaddita
1268 1057 1393 1104 sunt
1430 1047 1485 1114 ί,
1525 1048 1787 1120 intelliga-

197 1146 342 1186 mus.
382 1130 487 1189 Sed
515 1134 876 1208 qualicunque
901 1139 1062 1195 modo
1099 1141 1432 1210 accipiamus
1470 1141 1785 1213 ﬁgmentum

196 1237 293 1278 seu
323 1222 723 1293 formationem,
747 1227 851 1285 hoc
876 1239 958 1287 est
985 1230 1098 1286 sive
1123 1232 1189 1286 de
1214 1241 1428 1301 natura,
1454 1234 1568 1295 sive
1596 1234 1664 1290 de
1694 1250 1787 1290 na.-

198 1324 354 1373 turae
380 1318 765 1391 superadditis,
794 1321 861 1383 ad
895 1321 1221 1383 illudcndum
1250 1326 1299 1385 ei
1327 1343 1359 1381 a
1388 1326 1590 1385 sanctis
1614 1327 1789 1385 homi-

196 1407 356 1463 nibus
388 1410 699 1482 sanctisque
728 1412 932 1485 angelis
967 1415 1213 1473 diabolus
1241 1434 1365 1473 cum
1392 1433 1491 1475 suo
1521 1426 1632 1474 toto
1669 1434 1789 1475 cor.

194 1516 328 1574 pore
368 1499 634 1565 formatus
667 1515 789 1572 est,
836 1523 943 1569 non
978 1507 1132 1578 juxta
1172 1512 1314 1587 quod
1353 1512 1674 1571 naturaliter
1706 1512 1787 1569 fa-

197 1604 349 1665 ctus,
382 1599 475 1659 sed
509 1596 670 1670 juxta
712 1602 856 1672 quod
896 1605 1259 1675 superbiendo
1294 1622 1531 1679 suaeque
1563 1616 1788 1669 naturae

198 1688 515 1760 dignitatem
545 1693 844 1751 deserendo
875 1693 1105 1755 futurus.
1135 1696 1393 1759 llludetur
1420 1701 1565 1755 enim
1596 1716 1625 1755 a
1655 1715 1785 1759 san-

196 1782 302 1838 ctis
332 1781 448 1852 ejus
474 1785 680 1856 angelis
753 1826 769 1854 ,
822 1791 1226 1847 remanentibus
1263 1792 1459 1863 quippe
1504 1792 1611 1847 illis
1647 1793 1783 1848 bona

1886 595 2110 657 porcam
2145 581 2428 641 sentientis
2463 583 2860 651 extenduntur,
2899 595 2959 641 ut
2986 586 3132 653 visus
3155 595 3211 653 et
3235 588 3465 651 auditus.

1887 672 2067 735 Solem
2108 686 2342 747 namque
2387 683 2444 733 et
2470 673 2653 731 lunam
2694 674 2759 742 η,
2799 685 3086 749 ceteraque
3111 680 3286 743 sidera
3314 679 3471 753 longe

1888 764 1956 829 ab
1982 780 2049 823 eo
2087 765 2226 837 loco,
2257 780 2365 839 quo
2404 767 2711 839 corpusculi
2745 768 2850 827 mei
2894 770 3065 831 moles
3093 771 3348 839 ambitur,
3382 788 3471 844 po-

1886 861 1990 923 sita
2030 860 2227 916 sentio.
2260 857 2360 917 Ubi
2406 861 2550 921 enim
2579 870 2725 929 sunt,
2779 862 2850 918 ibi
2878 878 2943 919 ea
2983 864 3158 921 sentio
3200 865 3255 921 in
3305 865 3473 925 radiis

1886 953 2167 1011 oculorum
2197 969 2465 1022 meorum,
2504 956 2595 1027 qui
2623 955 2750 1014 illuc
2777 956 2920 1015 nulla
2960 973 3110 1014 mora
3154 958 3473 1017 interstante

1886 1046 2188 1118 eriguntur,
2220 1046 2273 1102 in
2299 1047 2495 1118 quibus
2531 1048 2848 1118 pbantasiae
2891 1049 3287 1119 praedictorum
3332 1049 3473 1109 side-

1888 1153 2006 1205 rum
2037 1137 2360 1195 formantur.
2395 1139 2627 1196 Videsne
2648 1140 2832 1212 igitur,
2855 1155 3018 1211 quam
3054 1140 3209 1213 longe
3232 1139 3472 1211 praefata

1887 1231 2090 1295 femina
2127 1233 2436 1295 calcaneum
2472 1250 2629 1295 suum
2652 1237 2706 1293 in
2737 1251 2940 1309 organo
2967 1236 3008 1275 ¹¹
3041 1237 3253 1299 videndi
3281 1245 3473 1301 exten-

1887 1326 1982 1385 tlit.
2019 1326 2278 1391 Similiter
2299 1328 2364 1385 de
2383 1327 2488 1394 his,
2518 1342 2656 1398 quae
2683 1343 2848 1400 prope
2874 1329 2958 1384 vel
2993 1331 3036 1362 "
3064 1330 3118 1386 in
3145 1328 3337 1389 mediis
3360 1345 3475 1400 spa-

1890 1417 1977 1481 tiis
2016 1417 2287 1483 videntur,
2334 1417 2757 1489 intelligendum.
2800 1418 2924 1475 Non
2964 1420 3069 1476 alio
3096 1420 3254 1479 modo
3295 1421 3362 1477 de
3387 1436 3478 1475 au-

1888 1510 2065 1571 diendi
2097 1510 2272 1566 ollicio
2321 1511 2582 1571 naturalis
2627 1513 2813 1585 organi
2853 1513 3220 1575 consideratio
3260 1514 3471 1571 edocet.

1888 1601 2122 1661 Auditus
2153 1603 2417 1674 siquidem
2453 1613 2606 1661 extra
2638 1606 2882 1676 corporis
2908 1606 3082 1677 Spatia
3122 1605 3268 1662 foras
3294 1621 3476 1664 erum-

1887 1696 1986 1771 pit,
2017 1705 2071 1753 ttt
2106 1712 2361 1755 sonorum
2393 1712 2487 1754 seu
2534 1713 2725 1755 vocum
2777 1698 3034 1755 formulas
3078 1699 3131 1754 in
3178 1700 3356 1770 seipse
3387 1715 3477 1754 ex-

1886 1804 2101 1863 pressas
2141 1792 2381 1862 recipiat,
2412 1792 2526 1846 sive
2563 1791 2739 1863 longe,
2777 1792 2892 1848 sive
2925 1806 3093 1863 prope
3133 1791 3241 1847 ictu
3271 1792 3313 1825 "
3334 1791 3477 1849 aeris

195 1873 476 1931 voluntate
504 1884 557 1931 et
584 1877 880 1935 conditoris
918 1878 1095 1953 gratia
1125 1880 1247 1938 fixis
1285 1880 1305 1914 ³
1335 1883 1390 1939 iu
1415 1898 1479 1940 ea
1512 1882 1783 1945 felicitate.
1820 1877 1866 1951 Β
1892 1877 2132 1935 eﬂ‘ectas.
2161 1880 2389 1948 Quidam
2417 1895 2548 1937 vero
2574 1882 2715 1937 intra
2747 1881 3008 1938 terminos
3037 1882 3278 1951 corporis
3306 1881 3477 1937 couti-

198 1966 254 2021 in
283 1982 387 2037 qua
434 1970 600 2023 creati
634 1981 775 2025 sunt.
818 1970 906 2025 Ille
945 1974 1176 2042 superba
1216 1975 1551 2044 ignorantia,
1591 1992 1698 2046 qua
1729 1991 1789 2033 se

197 2073 454 2115 casurum
477 2076 583 2117 non
610 2062 995 2141 praesciverat,
1020 2078 1144 2123 nam
1176 2066 1220 2121 si
1249 2068 1566 2141 praesciret,
1595 2067 1788 2125 fortaso

196 2156 277 2215 sis
312 2156 415 2217 sibi
444 2157 786 2229 praevideret
825 2174 894 2217 ne
923 2160 1163 2229 caderet,
1199 2162 1458 2234 deceptus
1479 2201 1493 2228 ,
1525 2164 1787 2220 invidiaev

198 2262 305 2318 que
334 2248 502 2305 livore
529 2248 768 2321 inﬂatus,
799 2251 851 2306 in
880 2267 1034 2309 suam
1065 2262 1259 2325 sponte
1285 2255 1540 2327 delapsus
1572 2265 1657 2313 est
1683 2257 1787 2312 Ini-

198 2342 419 2407 seriam.
449 2340 587 2405 Justi
613 2358 743 2401 vero
774 2344 1021 2413 homines
1053 2344 1328 2409 Creatoris
1354 2347 1437 2404 sui
1467 2363 1531 2405 ac
1557 2346 1790 2407 Redemv

196 2436 376 2507 ptoris
400 2436 603 2506 pietate
633 2437 844 2497 liberati
868 2447 922 2503 et
950 2439 1262 2508 illuminati,
1298 2441 1525 2505 illudunt
1555 2442 1623 2506 ei,
1660 2443 1786 2501 dum

197 2526 376 2599 ipsum
412 2525 642 2593 latenter
680 2530 855 2591 forma
896 2532 1024 2589 boni
1063 2533 1397 2603 coloratum,
1421 2535 1790 2607 virtutumque

197 2620 553 2679 similitudine
580 2624 709 2679 vitia
754 2625 1204 2698 mortiferumque
1247 2628 1485 2693 malitiae
1521 2644 1788 2691 venenum

197 2722 576 2787 suggerentem
613 2716 943 2783 sentientes,
974 2734 1100 2775 mox
1131 2730 1292 2791 caput
1328 2718 1445 2789 ejus
1480 2728 1786 2785 conterunt.

196 2821 489 2877 escamque
510 2807 867 2878 spiritualem,
891 2808 1129 2869 divinam
1152 2810 1404 2873 videlicet
1426 2810 1787 2883 prudentiam,

195 2916 340 2979 quae
363 2902 495 2961 vitia
521 2917 552 2957 a
584 2902 872 2961 virtutibus
900 2905 1156 2973 secernit,
1189 2920 1258 2965 ne
1293 2905 1517 2966 subdola
1551 2905 1789 2961 versutia

196 3010 295 3055 eos
338 2993 530 3056 fallere
576 2997 796 3063 valeat,
846 2998 1090 3059 internae
1136 2999 1481 3065 discretionis
1538 3000 1791 3056 dentibus

194 3089 600 3157 comminuunt,
646 3091 868 3162 verique
917 3092 1044 3149 boni
1089 3091 1318 3149 sinceris
1367 3092 1591 3163 dapibus
1642 3091 1790 3153 omni

196 3182 436 3243 mixtura
494 3183 620 3245 mali
669 3185 913 3257 purgatis
978 3194 1287 3243 vescuntur.
1338 3185 1522 3258 Neque
1572 3186 1785 3242 illorum

197 3273 483 3335 mulierem
536 3277 581 3341 ⁸,
611 3252 715 3333 hoc
747 3252 833 3341 est
867 3290 1084 3335 sensum
1122 3278 1162 3343 ',
1204 3252 1564 3335 materialium
1601 3292 1784 3335 rerum
1815 3252 1862 3319 (ἶ

196 3366 546 3438 pulchritudo
574 3369 804 3440 decipit,
844 3386 942 3441 per
966 3386 1126 3441 quam
1160 3372 1415 3442 antiquus
1453 3371 1693 3438 coluber,
1725 3370 1787 3429 liv

196 3458 446 3519 bidinosa
484 3461 842 3527 delectatione
880 3463 1155 3521 mediante
1180 3505 1195 3532 ,
1223 3464 1504 3521 mortifera
1532 3463 1787 3531 vitiorum

195 3566 404 3611 venena
446 3554 501 3619 in
548 3554 967 3627 imprudentium
999 3558 1210 3615 animos
1246 3556 1266 3587 ⁶
1298 3555 1565 3625 diﬁ‘nndit,
1594 3556 1790 3612 Contee

198 3644 270 3703 rit
305 3660 436 3719 ergo
479 3648 708 3713 mulier,
736 3649 839 3704 hoc
866 3658 951 3707 est
983 3665 1202 3712 sensus,
1243 3650 1502 3706 malitiam
1548 3650 1789 3707 bonitate

197 3736 516 3796 discernens
580 3739 635 3806 ⁷,
685 3738 925 3799 fortioris
971 3740 1245 3809 mulieris,
1288 3741 1382 3801 Dei
1432 3741 1595 3799 Verbi
1646 3742 1785 3810 dico,

196 3827 493 3886 virtutibus
538 3830 787 3903 incitata,
826 3840 995 3898 mota,
1042 3833 1249 3905 adiuta,
1304 3831 1576 3901 roborata,
1627 3839 1681 3889 et
1719 3832 1789 3891 ad

195 3920 582 3992 perfectionem
631 3923 859 3981 actionis
897 3932 953 3982 et
992 3923 1462 3997 contemplationis
1505 3925 1787 3994 perducta,

196 4020 360 4080 caput
388 4014 654 4083 serpentis
680 4023 733 4070 et
764 4016 940 4089 capita
971 4015 1270 4073 diabolicae
1313 4015 1562 4071 videlicet
1590 4030 1785 4087 sugge-

192 4103 388 4161 stionis
418 4103 873 4179 illecebrosaeque
901 4106 1275 4165 delectationis
1301 4107 1613 4179 primordia,
1645 4108 1787 4165 unde

188 4199 274 4254 eis
301 4200 506 4255 laetitia
534 4200 818 4273 divinaque
839 4199 1067 4259 edicitur
1096 4199 1319 4257 refectio
1360 4200 1402 4254 ⁸.
1426 4200 1614 4268 Qualis
1642 4201 1789 4259 enim

190 4288 371 4369 major
414 4289 618 4349 laetitia
656 4301 737 4348 est
781 4292 1136 4369 spiritualiter
1174 4293 1225 4353 in
1267 4292 1370 4349 bac
1396 4293 1507 4347 vita
1547 4292 1789 4362 degenti~

188 4380 319 4447 btts,
348 4396 513 4453 quam
541 4382 881 4457 serpentinas
905 4383 1328 4455 libidinosasque
1362 4382 1558 4441 diaboli
1596 4399 1787 4445 versu-

189 4476 302 4533 tias
348 4474 403 4533 in
431 4476 623 4547 seipsis
652 4478 829 4548 primo
859 4479 1207 4542 convincere,
1239 4494 1305 4536 ac
1347 4479 1538 4535 deinde
1577 4478 1784 4550 simpli-

1892 1979 2110 2038 nentur,
2138 1979 2198 2026 ut
2218 1981 2303 2028 est
2322 1971 2553 2029 olfactus
2576 1982 2631 2029 et
2651 1983 2861 2044 gustus,
2891 1982 2949 2028 ut
2975 1973 3156 2030 multis
3185 1975 3251 2029 de
3279 1984 3476 2033 natura

1890 2080 2140 2131 sensuum
2168 2068 2565 2138 disputantibns
2594 2068 2639 2100 ”
2663 2068 2894 2124 videtur.
2916 2067 3032 2124 Non
3056 2068 3248 2125 desunt
3274 2077 3473 2136 tamen,

1890 2156 1983 2227 qui
2014 2171 2234 2213 sensum
2258 2156 2544 2213 olfaciendi
2575 2156 2722 2214 foras
2743 2166 3027 2213 autumant
3052 2158 3319 2230 prosilire,
3346 2173 3476 2230 quo-

1891 2266 2012 2309 rum
2038 2252 2347 2323 opinionem
2372 2268 2478 2311 non
2506 2268 2798 2324 possumus
2822 2267 3077 2323 spernere
3101 2270 3116 2319 ;
3147 2252 3479 2325 longiuscule

1890 2344 2033 2403 enim
2086 2361 2117 2401 a
2166 2345 2485 2415 corporibus
2531 2346 2733 2405 nostris
2767 2346 2906 2401 bene
2940 2361 3037 2402 seu
3085 2346 3243 2405 aliter
3277 2346 3477 2402 olentia

1854 2439 2177 2499 -s_entimus.
2226 2440 2303 2497 De
2350 2447 2495 2499 tactu
2543 2449 2719 2495 autent
2761 2455 2923 2497 nemo
2948 2441 3299 2514 physicorum
3330 2441 3477 2499 dubi-

1893 2541 1994 2599 tat,
2033 2534 2177 2606 quod
2207 2543 2261 2589 et
2282 2534 2424 2590 intra
2452 2549 2649 2606 corpus
2673 2543 2728 2591 et
2749 2544 2905 2591 extra
2936 2552 3094 2595 suum
3120 2546 3341 2608 peragat
3371 2534 3480 2591 om.

1892 2624 2057 2681 cium.
2091 2625 2251 2681 Solus
2294 2626 2436 2683 enim
2480 2634 2535 2681 et
2585 2625 2703 2682 sine
2741 2626 2862 2682 aliis
2897 2627 3143 2684 sensibus
3171 2628 3278 2682 vim
3321 2643 3479 2683 suam

1892 2726 2158 2775 cxcercet.
2185 2716 2371 2775 Nullus
2399 2732 2528 2773 vero
2558 2716 2784 2773 aliorum
2813 2726 3069 2788 quattuor
3105 2718 3308 2787 absque
3336 2717 3480 2773 illius

1893 2808 2273 2880 cooperatione
2288 2809 2645 2867 ministerium
2667 2824 2826 2865 suum
2848 2809 2992 2866 valet
3013 2809 3324 2880 adimplere.
3340 2808 3476 2866 Nam

1891 2908 1947 2957 et
1975 2901 2122 2957 visus
2149 2916 2255 2957 non
2281 2909 2458 2971 porest
2484 2901 2687 2967 videre,
2717 2901 2819 2959 nisi
2850 2901 3106 2972 tetigerit,
3133 2900 3275 2972 quod
3300 2900 3472 2966 videt;

1892 3010 1993 3051 nec
2024 2994 2239 3050 auditus
2276 2994 2496 3063 audire,
2537 2995 2639 3051 nisi
2678 2994 2945 3066 tetigerit,
2977 2994 3119 3066 quod
3159 2994 3335 3061 audit;
3379 3009 3481 3051 nec
3542 2994 3552 3003 ”

1894 3085 2123 3143 olfactus
2151 3086 2418 3154 olfacere,
2453 3087 2497 3141 si
2526 3104 2632 3147 non
2668 3087 2938 3159 tetigerit,
2965 3087 3106 3159 quod
3132 3087 3272 3153 olet;
3303 3102 3480 3156 neque

1893 3190 2081 3250 gustus
2110 3190 2348 3251 gustare,
2372 3180 2418 3235 si
2440 3194 2545 3235 non
2570 3179 2825 3251 tetigerit,
2841 3180 2981 3251 quod
3003 3188 3203 3252 gustat.
3227 3179 3481 3234 Animad-

1894 3283 2044 3330 verte
2079 3275 2262 3345 itaque
2299 3273 2543 3330 mulieris
2583 3273 2896 3333 calcaneum
2941 3273 2985 3305 ”
3018 3313 3034 3339 ,
3075 3271 3481 3343 quinqueperti-

1895 3372 2006 3419 tum
2034 3378 2250 3421 sensum
2272 3363 2606 3421 sensibilium
2639 3380 2819 3423 rerum
2849 3364 3147 3434 pbantasiis
3167 3362 3478 3433 formatum,

1893 3458 1979 3517 cui
2012 3473 2236 3528 serpens
2268 3456 2495 3514 callidus
2532 3457 2837 3523 insidiatur.
2868 3456 3157 3515 lnsidiatur
3183 3455 3327 3515 enim
3351 3469 3477 3510 seu,

1890 3553 1971 3609 sui
1996 3552 2233 3617 videndi,
2260 3553 2385 3608 dum
2408 3551 2861 3622 pulchritudinem
2891 3550 3184 3609 formarum
3210 3547 3480 3605 colorum«

1889 3659 1995 3715 que
2023 3645 2253 3703 incautis
2295 3644 2580 3699 animabus
2626 3642 2931 3713 perniciose
2975 3642 3163 3698 suadet
3190 3640 3475 3713 concupis-

1891 3749 2034 3793 cere.
2056 3734 2258 3791 Eadem
2283 3735 2492 3791 ratione
2515 3734 2583 3789 de
2598 3733 2879 3793 harmonia
2900 3748 3116 3797 vocum,
3132 3731 3199 3788 de
3212 3731 3481 3793 suavitate

1890 3829 2149 3894 odorum,
2190 3830 2257 3883 de
2296 3844 2547 3900 saporum
2582 3844 2905 3899 eorumque,
2936 3844 3073 3901 quae
3115 3836 3291 3885 tat-tus
3316 3827 3479 3881 attins

1888 3923 1985 3995 git.
2008 3921 2461 3978 delectationibus
2484 3922 2887 3992 intelligendum
2910 3922 3164 3977 arbitror.
3190 3919 3339 3987 Quae
3361 3935 3478 3972 om-

1891 4017 2002 4085 nia,
2030 4017 2156 4073 dum
2189 4015 2488 4086 improvide
2507 4057 2522 4081 ,
2556 4016 2658 4073 hoc
2681 4023 2765 4070 est
2790 4015 2993 4071 carnali
3030 4014 3323 4085 cupiditate
3348 4028 3479 4071 con-

1889 4111 2103 4181 cupita,
2142 4125 2236 4180 per
2273 4124 2596 4180 corporeum
2634 4123 2851 4165 sensum
2889 4106 2957 4161 ab
2998 4106 3178 4165 anima
3218 4106 3260 4138 ¹⁶
3297 4104 3475 4176 perci-

1888 4205 2139 4276 piuntur,
2174 4201 2514 4273 mortiferum
2551 4201 2855 4257 divinorum
2887 4201 3260 4255 mandatorum
3294 4207 3474 4255 trans-2

1887 4294 2182 4367 gressionis
2200 4292 2438 4351 elliciunt
2463 4308 2750 4361 venenum,
2775 4291 3126 4360 omniumque
3154 4289 3475 4347 delictorum

1889 4388 2094 4447 semina
2126 4388 2392 4449 n'ntrinnt.
2423 4387 2489 4455 Et
2520 4387 2620 4445 hoc
2651 4395 2733 4445 est
2752 4427 2767 4453 ,
2793 4386 2933 4459 quod
2966 4385 3213 4459 superius
3239 4383 3475 4439 insinuat

1889 4481 2193 4551 Scriptura,
2221 4480 2307 4537 ubi
2340 4481 2415 4537 ait
2445 4498 2460 4537 ε
2504 4477 2641 4535 Vidit
2670 4480 2832 4551 igitur
2862 4476 3082 4540 mulier,
3109 4476 3247 4548 quod
3284 4476 3476 4535 bonum

189 4568 437 4625 cioribus
461 4584 520 4625 se
543 4569 597 4625 in
622 4571 837 4627 actione
863 4579 918 4625 et
945 4570 1302 4642 intelligentia
1329 4570 1594 4639 fidelibus,
1634 4586 1701 4629 ne
1730 4578 1786 4625 et
1816 4634 1852 4642 __
1886 4580 2014 4626 esset
2043 4571 2240 4642 lignum
2263 4572 2332 4625 ad
2360 4571 2688 4635 vescendum,
2714 4578 2761 4624 et
2790 4568 3064 4639 pulchrum
3098 4566 3282 4630 oculis,
3321 4582 3472 4637 aspe-

191 4662 297 4732 ipsi
330 4663 535 4719 eisdem
562 4664 868 4735 deceptoris
904 4634 1446 4738 insidiisvcapiantur,
1478 4634 1780 4737 propalare.
1816 4634 1860 4705 υ
1887 4634 2444 4735 cluque'delectabile,
2485 4671 2531 4717 et
2567 4634 2685 4719 tulit
2725 4634 2797 4715 de.
2832 4659 3007 4730 fructu
3045 4658 3187 4712 illius
3231 4657 3272 4689 "
3307 4667 3353 4710 et
3381 4634 3475 4711 Vco-

188 4751 263 4807 El
294 4764 352 4810 tu
382 4754 711 4812 insidiaberis
733 4755 979 4812 calcaneo
1003 4756 1137 4829 ejus.
1161 4757 1488 4815 Caleaneunt
1516 4758 1785 4825 mulieris,

188 4862 337 4918 quae
355 4855 441 4904 est
459 4846 723 4917 αἴσθησις,
738 4865 919 4907 rerum
942 4850 1275 4906 sensibilium
1297 4851 1616 4923 phantasiae
1636 4859 1784 4917 sunt,

187 4945 298 5000 hoc
326 4952 411 5001 est
440 4944 735 5016 imagines,
767 4959 909 5017 quae
936 4944 1004 4999 de
1036 4944 1407 5015 corporalibus
1449 4945 1690 5003 numeris
1730 4945 1784 5000 in

139 5038 147 5075 ³
188 5035 631 5107 quinquepertito
681 5052 841 5094 sensu
870 5037 1265 5108 exprimuntur.
1298 5036 1375 5092 Ac
1410 5051 1507 5109 per
1540 5036 1642 5092 hoc
1675 5034 1785 5091 cal-

187 5144 423 5187 caneum
450 5129 580 5189 illud
607 5132 1106 5208 quinquepertitum
1136 5144 1257 5186 esse
1310 5144 1532 5187 necesse
1557 5138 1659 5187 est.
1690 5130 1785 5185 Di-

184 5221 398 5281 viditur
426 5224 569 5285 enim
600 5225 654 5283 in
686 5227 925 5299 quinque
953 5225 1235 5287 notissima
1265 5225 1528 5281 sentiendi
1555 5240 1784 5295 organa,

182 5316 372 5377 visum
393 5318 535 5389 dico,
569 5321 840 5389 auditum,
869 5318 1151 5387 olfactum,
1180 5326 1416 5392 gustum,
1451 5326 1783 5393 tactumque.

1887 4760 2065 4825 medit,
2096 4759 2340 4835 deditque
2367 4759 2475 4815 viro
2499 4773 2593 4815 sua
2618 4770 2636 4808 :
2661 4754 2939 4811 mulierem
2970 4752 3217 4809 videlicet
3246 4750 3475 4821 figurate

1890 4850 2215 4911 exteriorem
2268 4863 2481 4904 sensum
2534 4844 2846 4917 appellans,
2905 4859 3085 4899 rerum
3138 4842 3471 4899 sensibilium

1893 4943 2192 5016 phantasiis
2226 4941 2549 4999 delectatum
2590 4950 2752 5009 atque
2791 4938 3104 5007 deceptum,
3149 4935 3249 4993 viri
3292 4943 3472 4988 autem

1892 5041 2251 5116 appellatione
2280 5040 2518 5097 animum
2551 5036 2891 5107 significans,
2932 5034 3023 5105 qui
3063 5031 3243 5088 sensui
3277 5044 3470 5100 corpo-

1892 5154 1986 5193 reo
2030 5136 2213 5192 illicite
2251 5133 2598 5191 consentiens
2636 5128 3032 5200 corrumpitur,
3072 5126 3173 5181 hoc
3208 5132 3320 5187 est,
3351 5137 3473 5177 cou-

1893 5228 2242 5299 templatione
2271 5226 2493 5293 intimae
2518 5223 2763 5279 veritatis
2791 5226 3128 5293 segregatur.

1884 5326 1887 5335 '
1962 5321 2052 5383 Q5.
2087 5317 2300 5376 Mulieri
2338 5332 2542 5389 quoque
2579 5314 2712 5372 dixit
2752 5327 2769 5367 :
2799 5309 3161 5382 Multiplicabo
3193 5322 3472 5365 aerumnas

1481 5467 1740 5527 VARIAE
1778 5459 2182 5522 LECTIONES.

264 5593 285 5629 ί
322 5602 444 5648 sunt
470 5607 583 5649 om.
616 5590 724 5648 CF.

185 5666 211 5697 '
253 5664 345 5720 Sic
383 5663 503 5729 CF;
534 5663 574 5718 A
602 5680 804 5718 sensus.

817 5600 839 5631 ³
870 5589 964 5646 Sic
1006 5588 1126 5654 CF;
1163 5587 1208 5643 Δ
1252 5586 1453 5659 angelis
1492 5586 1627 5659 eius.

1742 5584 1764 5616 ³
1802 5583 1892 5641 Sic
1939 5580 2017 5645 A;
2057 5575 2285 5647 CFﬁﬁ-

903 5661 924 5693 ⁸
968 5660 1059 5717 Sic
1084 5648 1199 5723 CF;
1253 5660 1293 5712 Α
1323 5648 2244 5727 imprudentiumpatrimisdiffnndit.

2388 5576 2411 5607 ⁸
2449 5571 2543 5629 Sic
2576 5570 2652 5638 F;
2701 5567 2746 5623 Δ
2795 5567 3058 5632 mulieres,
3098 5566 3139 5623 C
3169 5564 3469 5638 mulierum.

2345 5647 2369 5681 "
2396 5645 2488 5701 Sic
2521 5633 2648 5709 (Ἓξ
2684 5640 2729 5696 Α
2761 5641 3074 5707 discerpens.
3152 5638 3173 5670 ⁸
3214 5637 3303 5690 Sic
3344 5633 3468 5709 EE;

184 5737 233 5813 ᾼ
254 5705 863 5813 Eleius".
886 5705 1147 5813 enix."-
2070 5721 2116 5778 Α
2143 5722 2217 5813 ip-
2228 5705 2955 5813 orgqnugn.“::SiAc-Cl’
2988 5726 3123 5813 quae
3141 5705 3471 5813 Rumpit:

186 5783 535 5884 '
569 5806 616 5840 υ
1224 5783 1391 5861 “"Sic
1411 5783 1529 5871 CF;
1629 5783 2091 5884 disputationibus.
2170 5791 2217 5824 "
2241 5783 2476 5853 mulieris
2513 5784 2817 5844 calcaneum
2853 5798 2962 5840 om.
2998 5783 3063 5841 A.

184 5876 241 5953 Α
268 5882 339 5953 ab
366 5880 563 5951 animo.
643 5877 685 5912 ίτ
713 5877 762 5953 Α
786 5875 887 5951 illi.

3141 5778 3187 5815 “
3226 5774 3318 5839 Sic
3352 5774 3469 5847 CF;
