  <div class='ocr_page' id='page_1' title='image "/cluster/home/n/w/nwhite01/storage/ocr_20150623/122/hvd.32044015471659/465.png"; bbox 0 0 4028 6282; ppageno 0'>
   <div class='ocr_carea' id='block_1_1' title="bbox 565 374 670 433">
    <p class='ocr_par' dir='ltr' id='par_1_1' title="bbox 565 374 670 433">
     <span class='ocr_line' id='line_1_1' title="bbox 565 374 670 433; baseline -0.019 0"><span class='ocrx_word' id='word_1_1' title='bbox 565 374 670 433; x_wconf 73' lang='lat'><strong>855</strong></span> 
     </span>
    </p>
   </div>
   <div class='ocr_carea' id='block_1_2' title="bbox 1946 364 2151 424">
    <p class='ocr_par' dir='ltr' id='par_1_2' title="bbox 1946 365 2151 424">
     <span class='ocr_line' id='line_1_2' title="bbox 1946 365 2151 424; baseline -0.015 1"><span class='ocrx_word' id='word_1_2' title='bbox 1946 365 2151 424; x_wconf 66' lang='lat' dir='ltr'><strong>JOANI‘</strong></span> 
     </span>
    </p>
   </div>
   <div class='ocr_carea' id='block_1_3' title="bbox 2256 364 3858 424">
    <p class='ocr_par' dir='ltr' id='par_1_3' title="bbox 2268 364 3858 423">
     <span class='ocr_line' id='line_1_3' title="bbox 2268 364 3858 423; baseline -0.001 0"><span class='ocrx_word' id='word_1_3' title='bbox 2268 364 2468 423; x_wconf 83' lang='lat' dir='ltr'><strong>SCOTI</strong></span> <span class='ocrx_word' id='word_1_4' title='bbox 3770 366 3858 421; x_wconf 60' lang='grc'><strong>85(</strong></span> 
     </span>
    </p>
   </div>
   <div class='ocr_carea' id='block_1_4' title="bbox 565 484 3865 564">
    <p class='ocr_par' dir='ltr' id='par_1_4' title="bbox 565 484 3865 564">
     <span class='ocr_line' id='line_1_4' title="bbox 565 484 3865 564; baseline -0 -19"><span class='ocrx_word' id='word_1_5' title='bbox 565 501 682 547; x_wconf 84' lang='lat' dir='ltr'><strong>tuas</strong></span> <span class='ocrx_word' id='word_1_6' title='bbox 728 498 779 546; x_wconf 86' lang='lat' dir='ltr'><strong>et</strong></span> <span class='ocrx_word' id='word_1_7' title='bbox 813 499 1087 564; x_wconf 82' lang='lat' dir='ltr'><strong>conceptus</strong></span> <span class='ocrx_word' id='word_1_8' title='bbox 1126 499 1286 556; x_wconf 89' lang='lat' dir='ltr'><strong>tuos;</strong></span> <span class='ocrx_word' id='word_1_9' title='bbox 1334 488 1391 547; x_wconf 85' lang='lat' dir='ltr'><strong>in</strong></span> <span class='ocrx_word' id='word_1_10' title='bbox 1437 487 1613 544; x_wconf 88' lang='lat' dir='ltr'><strong>labore</strong></span> <span class='ocrx_word' id='word_1_11' title='bbox 1656 488 1828 561; x_wconf 91' lang='lat' dir='ltr'><strong>paries</strong></span> <span class='ocrx_word' id='word_1_12' title='bbox 1858 485 2018 558; x_wconf 79' lang='lat' dir='ltr'><strong>ﬁlios.</strong></span> <span class='ocrx_word' id='word_1_13' title='bbox 2051 486 2156 544; x_wconf 87' lang='lat' dir='ltr'><strong>Ubi</strong></span> <span class='ocrx_word' id='word_1_14' title='bbox 2183 490 2233 549; x_wconf 80' lang='grc' dir='ltr'>Α</span> <span class='ocrx_word' id='word_1_15' title='bbox 2258 485 2327 542; x_wconf 85' lang='lat' dir='ltr'><strong>Et</strong></span> <span class='ocrx_word' id='word_1_16' title='bbox 2354 485 2513 543; x_wconf 83' lang='lat' dir='ltr'><strong>alibi:</strong></span> <span class='ocrx_word' id='word_1_17' title='bbox 2561 484 2721 544; x_wconf 81' lang='lat' dir='ltr'><strong>Video</strong></span> <span class='ocrx_word' id='word_1_18' title='bbox 2748 488 2912 544; x_wconf 89' lang='lat' dir='ltr'><strong>aliam</strong></span> <span class='ocrx_word' id='word_1_19' title='bbox 2952 487 3114 561; x_wconf 83' lang='lat' dir='ltr'><strong>legem</strong></span> <span class='ocrx_word' id='word_1_20' title='bbox 3142 490 3199 544; x_wconf 87' lang='lat' dir='ltr'><strong>in</strong></span> <span class='ocrx_word' id='word_1_21' title='bbox 3237 488 3482 544; x_wconf 86' lang='lat' dir='ltr'><strong>membris</strong></span> <span class='ocrx_word' id='word_1_22' title='bbox 3531 489 3677 544; x_wconf 80' lang='lat' dir='ltr'><strong>meis</strong></span> <span class='ocrx_word' id='word_1_23' title='bbox 3708 506 3865 558; x_wconf 75' lang='lat' dir='ltr'><strong>reps-</strong></span> 
     </span>
    </p>
   </div>
   <div class='ocr_carea' id='block_1_5' title="bbox 564 581 2151 655">
    <p class='ocr_par' dir='ltr' id='par_1_5' title="bbox 564 581 2151 655">
     <span class='ocr_line' id='line_1_5' title="bbox 564 581 2151 655; baseline -0.001 -17"><span class='ocrx_word' id='word_1_24' title='bbox 564 589 755 654; x_wconf 89' lang='lat' dir='ltr'><strong>aperte</strong></span> <span class='ocrx_word' id='word_1_25' title='bbox 787 582 951 640; x_wconf 88' lang='lat' dir='ltr'><strong>datur</strong></span> <span class='ocrx_word' id='word_1_26' title='bbox 974 583 1223 655; x_wconf 75' lang='lat' dir='ltr'><strong>intelligi,</strong></span> <span class='ocrx_word' id='word_1_27' title='bbox 1252 582 1417 654; x_wconf 86' lang='lat' dir='ltr'><strong>quod,</strong></span> <span class='ocrx_word' id='word_1_28' title='bbox 1467 582 1513 638; x_wconf 90' lang='lat' dir='ltr'><strong>si</strong></span> <span class='ocrx_word' id='word_1_29' title='bbox 1538 581 1703 637; x_wconf 89' lang='lat' dir='ltr'><strong>homo</strong></span> <span class='ocrx_word' id='word_1_30' title='bbox 1740 597 1850 636; x_wconf 88' lang='lat' dir='ltr'><strong>non</strong></span> <span class='ocrx_word' id='word_1_31' title='bbox 1878 589 2151 653; x_wconf 77' lang='lat' dir='ltr'><strong>peccaret,</strong></span> 
     </span>
    </p>
   </div>
   <div class='ocr_carea' id='block_1_6' title="bbox 563 671 2154 739">
    <p class='ocr_par' dir='ltr' id='par_1_6' title="bbox 563 671 2154 739">
     <span class='ocr_line' id='line_1_6' title="bbox 563 671 2154 739; baseline 0 -11"><span class='ocrx_word' id='word_1_32' title='bbox 563 685 673 728; x_wconf 89' lang='lat' dir='ltr'><strong>non</strong></span> <span class='ocrx_word' id='word_1_33' title='bbox 699 671 873 728; x_wconf 88' lang='lat' dir='ltr'><strong>solum</strong></span> <span class='ocrx_word' id='word_1_34' title='bbox 902 672 1147 729; x_wconf 89' lang='lat' dir='ltr'><strong>interiori</strong></span> <span class='ocrx_word' id='word_1_35' title='bbox 1173 673 1472 739; x_wconf 82' lang='lat' dir='ltr'><strong>intellectu,</strong></span> <span class='ocrx_word' id='word_1_36' title='bbox 1494 688 1680 729; x_wconf 86' lang='lat' dir='ltr'><strong>verum</strong></span> <span class='ocrx_word' id='word_1_37' title='bbox 1701 672 1869 728; x_wconf 89' lang='lat' dir='ltr'><strong>etiam</strong></span> <span class='ocrx_word' id='word_1_38' title='bbox 1896 671 2154 729; x_wconf 76' lang='lat' dir='ltr'><strong>exteriori</strong></span> 
     </span>
    </p>
   </div>
   <div class='ocr_carea' id='block_1_7' title="bbox 565 765 2153 833">
    <p class='ocr_par' dir='ltr' id='par_1_7' title="bbox 565 765 2153 833">
     <span class='ocr_line' id='line_1_7' title="bbox 565 765 2153 833; baseline 0.001 -12"><span class='ocrx_word' id='word_1_39' title='bbox 565 778 729 821; x_wconf 89' lang='lat' dir='ltr'><strong>sensu</strong></span> <span class='ocrx_word' id='word_1_40' title='bbox 754 772 977 822; x_wconf 81' lang='lat' dir='ltr'><strong>naturas</strong></span> <span class='ocrx_word' id='word_1_41' title='bbox 1021 780 1206 822; x_wconf 90' lang='lat' dir='ltr'><strong>rerum</strong></span> <span class='ocrx_word' id='word_1_42' title='bbox 1248 774 1306 821; x_wconf 91' lang='lat' dir='ltr'><strong>et</strong></span> <span class='ocrx_word' id='word_1_43' title='bbox 1346 766 1584 823; x_wconf 78' lang='lat' dir='ltr'><strong>rationes</strong></span> <span class='ocrx_word' id='word_1_44' title='bbox 1630 781 1841 823; x_wconf 88' lang='lat' dir='ltr'><strong>summa</strong></span> <span class='ocrx_word' id='word_1_45' title='bbox 1870 765 2153 833; x_wconf 72' lang='lat' dir='ltr'><strong>facilitate,</strong></span> 
     </span>
    </p>
   </div>
   <div class='ocr_carea' id='block_1_8' title="bbox 562 857 2156 930">
    <p class='ocr_par' dir='ltr' id='par_1_8' title="bbox 562 857 2156 930">
     <span class='ocr_line' id='line_1_8' title="bbox 562 857 2156 930; baseline 0.001 -18"><span class='ocrx_word' id='word_1_46' title='bbox 562 857 709 913; x_wconf 89' lang='lat' dir='ltr'><strong>omni</strong></span> <span class='ocrx_word' id='word_1_47' title='bbox 741 857 1172 915; x_wconf 82' lang='lat' dir='ltr'><strong>ratiocinationis</strong></span> <span class='ocrx_word' id='word_1_48' title='bbox 1192 859 1520 915; x_wconf 87' lang='lat' dir='ltr'><strong>necessitate</strong></span> <span class='ocrx_word' id='word_1_49' title='bbox 1541 858 1837 926; x_wconf 85' lang='lat' dir='ltr'><strong>absolutus,</strong></span> <span class='ocrx_word' id='word_1_50' title='bbox 1866 858 2156 930; x_wconf 89' lang='lat' dir='ltr'><strong>purissime</strong></span> 
     </span>
    </p>
   </div>
   <div class='ocr_carea' id='block_1_9' title="bbox 563 942 2153 1025">
    <p class='ocr_par' dir='ltr' id='par_1_9' title="bbox 563 942 2153 1025">
     <span class='ocr_line' id='line_1_9' title="bbox 563 942 2153 1025; baseline 0.001 -20"><span class='ocrx_word' id='word_1_51' title='bbox 563 942 1039 1021; x_wconf 81' lang='lat' dir='ltr'><strong>contemplaretur.</strong></span> <span class='ocrx_word' id='word_1_52' title='bbox 1071 950 1361 1023; x_wconf 85' lang='lat' dir='ltr'><strong>Postquam</strong></span> <span class='ocrx_word' id='word_1_53' title='bbox 1386 967 1514 1008; x_wconf 86' lang='lat' dir='ltr'><strong>vero</strong></span> <span class='ocrx_word' id='word_1_54' title='bbox 1541 952 1805 1025; x_wconf 87' lang='lat' dir='ltr'><strong>peccavit,</strong></span> <span class='ocrx_word' id='word_1_55' title='bbox 1827 968 1927 1023; x_wconf 90' lang='lat' dir='ltr'><strong>per</strong></span> <span class='ocrx_word' id='word_1_56' title='bbox 1948 967 2153 1025; x_wconf 85' lang='lat' dir='ltr'><strong>organa</strong></span> 
     </span>
    </p>
   </div>
   <div class='ocr_carea' id='block_1_10' title="bbox 564 1042 2158 1115">
    <p class='ocr_par' dir='ltr' id='par_1_10' title="bbox 564 1042 2158 1115">
     <span class='ocr_line' id='line_1_10' title="bbox 564 1042 2158 1115; baseline 0.002 -19"><span class='ocrx_word' id='word_1_57' title='bbox 564 1042 851 1097; x_wconf 75' lang='lat' dir='ltr'><strong>exterioris</strong></span> <span class='ocrx_word' id='word_1_58' title='bbox 875 1055 1070 1097; x_wconf 85' lang='lat' dir='ltr'><strong>sensus</strong></span> <span class='ocrx_word' id='word_1_59' title='bbox 1095 1058 1201 1097; x_wconf 91' lang='lat' dir='ltr'><strong>non</strong></span> <span class='ocrx_word' id='word_1_60' title='bbox 1227 1043 1329 1099; x_wconf 89' lang='lat' dir='ltr'><strong>nisi</strong></span> <span class='ocrx_word' id='word_1_61' title='bbox 1357 1042 1501 1098; x_wconf 90' lang='lat' dir='ltr'><strong>solas</strong></span> <span class='ocrx_word' id='word_1_62' title='bbox 1548 1043 1883 1100; x_wconf 86' lang='lat' dir='ltr'><strong>sensibilium</strong></span> <span class='ocrx_word' id='word_1_63' title='bbox 1928 1042 2158 1115; x_wconf 79' lang='lat' dir='ltr'><strong>superﬁ-</strong></span> 
     </span>
    </p>
   </div>
   <div class='ocr_carea' id='block_1_11' title="bbox 564 1135 2157 1211">
    <p class='ocr_par' dir='ltr' id='par_1_11' title="bbox 564 1135 2157 1211">
     <span class='ocr_line' id='line_1_11' title="bbox 564 1135 2157 1211; baseline 0.003 -21"><span class='ocrx_word' id='word_1_64' title='bbox 564 1135 696 1199; x_wconf 86' lang='lat' dir='ltr'><strong>cies,</strong></span> <span class='ocrx_word' id='word_1_65' title='bbox 730 1143 786 1191; x_wconf 89' lang='lat' dir='ltr'><strong>et</strong></span> <span class='ocrx_word' id='word_1_66' title='bbox 829 1136 1177 1207; x_wconf 88' lang='lat' dir='ltr'><strong>quantitates,</strong></span> <span class='ocrx_word' id='word_1_67' title='bbox 1209 1145 1264 1192; x_wconf 91' lang='lat' dir='ltr'><strong>et</strong></span> <span class='ocrx_word' id='word_1_68' title='bbox 1284 1136 1595 1208; x_wconf 90' lang='lat' dir='ltr'><strong>qualitates,</strong></span> <span class='ocrx_word' id='word_1_69' title='bbox 1641 1138 1776 1194; x_wconf 90' lang='lat' dir='ltr'><strong>situs</strong></span> <span class='ocrx_word' id='word_1_70' title='bbox 1818 1153 2053 1211; x_wconf 90' lang='lat' dir='ltr'><strong>quoque,</strong></span> <span class='ocrx_word' id='word_1_71' title='bbox 2100 1145 2157 1194; x_wconf 90' lang='lat' dir='ltr'><strong>et</strong></span> 
     </span>
    </p>
   </div>
   <div class='ocr_carea' id='block_1_12' title="bbox 564 1229 2158 1303">
    <p class='ocr_par' dir='ltr' id='par_1_12' title="bbox 564 1229 2158 1303">
     <span class='ocr_line' id='line_1_12' title="bbox 564 1229 2158 1303; baseline 0.003 -19"><span class='ocrx_word' id='word_1_72' title='bbox 564 1229 931 1297; x_wconf 80' lang='lat' dir='ltr'><strong>habitudines,</strong></span> <span class='ocrx_word' id='word_1_73' title='bbox 981 1239 1299 1302; x_wconf 90' lang='lat' dir='ltr'><strong>ceteraque,</strong></span> <span class='ocrx_word' id='word_1_74' title='bbox 1335 1247 1474 1302; x_wconf 91' lang='lat' dir='ltr'><strong>quae</strong></span> <span class='ocrx_word' id='word_1_75' title='bbox 1502 1247 1762 1303; x_wconf 87' lang='lat' dir='ltr'><strong>corporeo</strong></span> <span class='ocrx_word' id='word_1_76' title='bbox 1809 1233 1992 1289; x_wconf 88' lang='lat' dir='ltr'><strong>sensui</strong></span> <span class='ocrx_word' id='word_1_77' title='bbox 2033 1247 2158 1289; x_wconf 84' lang='lat' dir='ltr'><strong>suc-</strong></span> 
     </span>
    </p>
   </div>
   <div class='ocr_carea' id='block_1_13' title="bbox 563 1325 2157 1398">
    <p class='ocr_par' dir='ltr' id='par_1_13' title="bbox 563 1325 2157 1398">
     <span class='ocr_line' id='line_1_13' title="bbox 563 1325 2157 1398; baseline 0.002 -18"><span class='ocrx_word' id='word_1_78' title='bbox 563 1325 848 1391; x_wconf 88' lang='lat' dir='ltr'><strong>cumbunt,</strong></span> <span class='ocrx_word' id='word_1_79' title='bbox 880 1325 1093 1380; x_wconf 91' lang='lat' dir='ltr'><strong>animus</strong></span> <span class='ocrx_word' id='word_1_80' title='bbox 1131 1326 1380 1397; x_wconf 80' lang='lat' dir='ltr'><strong>percipit.</strong></span> <span class='ocrx_word' id='word_1_81' title='bbox 1412 1326 1481 1383; x_wconf 85' lang='lat' dir='ltr'><strong>Et</strong></span> <span class='ocrx_word' id='word_1_82' title='bbox 1517 1328 1650 1385; x_wconf 88' lang='lat' dir='ltr'><strong>haec</strong></span> <span class='ocrx_word' id='word_1_83' title='bbox 1683 1328 1864 1383; x_wconf 87' lang='lat' dir='ltr'><strong>omnia</strong></span> <span class='ocrx_word' id='word_1_84' title='bbox 1909 1342 2017 1384; x_wconf 91' lang='lat' dir='ltr'><strong>non</strong></span> <span class='ocrx_word' id='word_1_85' title='bbox 2057 1342 2157 1398; x_wconf 91' lang='lat' dir='ltr'><strong>per</strong></span> 
     </span>
    </p>
   </div>
   <div class='ocr_carea' id='block_1_14' title="bbox 563 1415 2156 1490">
    <p class='ocr_par' dir='ltr' id='par_1_14' title="bbox 563 1415 2156 1490">
     <span class='ocr_line' id='line_1_14' title="bbox 563 1415 2156 1490; baseline 0.003 -19"><span class='ocrx_word' id='word_1_86' title='bbox 563 1415 741 1487; x_wconf 88' lang='lat' dir='ltr'><strong>seipsa</strong></span> <span class='ocrx_word' id='word_1_87' title='bbox 790 1416 832 1481; x_wconf 83' lang='grc'><strong>¹,</strong></span> <span class='ocrx_word' id='word_1_88' title='bbox 878 1415 971 1471; x_wconf 91' lang='lat' dir='ltr'><strong>sed</strong></span> <span class='ocrx_word' id='word_1_89' title='bbox 1019 1430 1117 1488; x_wconf 90' lang='lat' dir='ltr'><strong>per</strong></span> <span class='ocrx_word' id='word_1_90' title='bbox 1148 1430 1336 1472; x_wconf 90' lang='lat' dir='ltr'><strong>eorum</strong></span> <span class='ocrx_word' id='word_1_91' title='bbox 1380 1416 1696 1488; x_wconf 88' lang='lat' dir='ltr'><strong>phantasias</strong></span> <span class='ocrx_word' id='word_1_92' title='bbox 1745 1418 1984 1490; x_wconf 90' lang='lat' dir='ltr'><strong>attingit,</strong></span> <span class='ocrx_word' id='word_1_93' title='bbox 2019 1432 2156 1488; x_wconf 85' lang='lat' dir='ltr'><strong>quas</strong></span> 
     </span>
    </p>
   </div>
   <div class='ocr_carea' id='block_1_15' title="bbox 564 1507 2153 1581">
    <p class='ocr_par' dir='ltr' id='par_1_15' title="bbox 564 1507 2153 1581">
     <span class='ocr_line' id='line_1_15' title="bbox 564 1507 2153 1581; baseline 0.001 -19"><span class='ocrx_word' id='word_1_94' title='bbox 564 1524 747 1563; x_wconf 81' lang='lat' dir='ltr'><strong>secum</strong></span> <span class='ocrx_word' id='word_1_95' title='bbox 779 1517 1018 1565; x_wconf 89' lang='lat' dir='ltr'><strong>tractans</strong></span> <span class='ocrx_word' id='word_1_96' title='bbox 1069 1524 1227 1565; x_wconf 89' lang='lat' dir='ltr'><strong>suum</strong></span> <span class='ocrx_word' id='word_1_97' title='bbox 1250 1507 1509 1578; x_wconf 86' lang='lat' dir='ltr'><strong>judicium</strong></span> <span class='ocrx_word' id='word_1_98' title='bbox 1536 1509 1850 1581; x_wconf 86' lang='lat' dir='ltr'><strong>saepissime</strong></span> <span class='ocrx_word' id='word_1_99' title='bbox 1885 1508 2087 1564; x_wconf 81' lang='lat' dir='ltr'><strong>fallitur</strong></span> <span class='ocrx_word' id='word_1_100' title='bbox 2109 1509 2153 1577; x_wconf 79' lang='lat'><strong>’,</strong></span> 
     </span>
    </p>
   </div>
   <div class='ocr_carea' id='block_1_16' title="bbox 563 1600 2158 1672">
    <p class='ocr_par' dir='ltr' id='par_1_16' title="bbox 563 1600 2158 1672">
     <span class='ocr_line' id='line_1_16' title="bbox 563 1600 2158 1672; baseline 0.001 -17"><span class='ocrx_word' id='word_1_101' title='bbox 563 1616 625 1655; x_wconf 88' lang='lat' dir='ltr'><strong>ac</strong></span> <span class='ocrx_word' id='word_1_102' title='bbox 649 1615 747 1672; x_wconf 89' lang='lat' dir='ltr'><strong>per</strong></span> <span class='ocrx_word' id='word_1_103' title='bbox 790 1600 894 1655; x_wconf 86' lang='lat' dir='ltr'><strong>hoc</strong></span> <span class='ocrx_word' id='word_1_104' title='bbox 934 1614 1042 1655; x_wconf 92' lang='lat' dir='ltr'><strong>non</strong></span> <span class='ocrx_word' id='word_1_105' title='bbox 1076 1600 1193 1656; x_wconf 89' lang='lat' dir='ltr'><strong>sine</strong></span> <span class='ocrx_word' id='word_1_106' title='bbox 1235 1600 1621 1671; x_wconf 88' lang='lat' dir='ltr'><strong>multiplicibus</strong></span> <span class='ocrx_word' id='word_1_107' title='bbox 1668 1601 1969 1657; x_wconf 90' lang='lat' dir='ltr'><strong>studiorum</strong></span> <span class='ocrx_word' id='word_1_108' title='bbox 2006 1600 2158 1657; x_wconf 56' lang='lat' dir='ltr'><strong>laboo</strong></span> 
     </span>
    </p>
   </div>
   <div class='ocr_carea' id='block_1_17' title="bbox 561 1692 2152 1767">
    <p class='ocr_par' dir='ltr' id='par_1_17' title="bbox 561 1692 2152 1767">
     <span class='ocr_line' id='line_1_17' title="bbox 561 1692 2152 1767; baseline 0.001 -19"><span class='ocrx_word' id='word_1_109' title='bbox 561 1695 732 1758; x_wconf 77' lang='lat' dir='ltr'><strong>ribus,</strong></span> <span class='ocrx_word' id='word_1_110' title='bbox 773 1708 909 1764; x_wconf 90' lang='lat' dir='ltr'><strong>quos</strong></span> <span class='ocrx_word' id='word_1_111' title='bbox 949 1707 1239 1748; x_wconf 81' lang='lat' dir='ltr'><strong>aerumnas</strong></span> <span class='ocrx_word' id='word_1_112' title='bbox 1283 1693 1526 1750; x_wconf 85' lang='lat' dir='ltr'><strong>mulieris</strong></span> <span class='ocrx_word' id='word_1_113' title='bbox 1554 1692 1835 1767; x_wconf 88' lang='lat' dir='ltr'><strong>Scriptura</strong></span> <span class='ocrx_word' id='word_1_114' title='bbox 1888 1694 2152 1762; x_wconf 90' lang='lat' dir='ltr'><strong>nominat,</strong></span> 
     </span>
    </p>
   </div>
   <div class='ocr_carea' id='block_1_18' title="bbox 559 1785 2155 1857">
    <p class='ocr_par' dir='ltr' id='par_1_18' title="bbox 559 1785 2155 1857">
     <span class='ocr_line' id='line_1_18' title="bbox 559 1785 2155 1857; baseline 0.002 -16"><span class='ocrx_word' id='word_1_115' title='bbox 559 1788 626 1841; x_wconf 89' lang='lat' dir='ltr'><strong>ad</strong></span> <span class='ocrx_word' id='word_1_116' title='bbox 670 1785 996 1855; x_wconf 88' lang='lat' dir='ltr'><strong>multiplices</strong></span> <span class='ocrx_word' id='word_1_117' title='bbox 1043 1795 1355 1857; x_wconf 90' lang='lat' dir='ltr'><strong>conceptus,</strong></span> <span class='ocrx_word' id='word_1_118' title='bbox 1399 1788 1452 1843; x_wconf 90' lang='lat' dir='ltr'><strong>id</strong></span> <span class='ocrx_word' id='word_1_119' title='bbox 1499 1796 1603 1855; x_wconf 70' lang='grc' dir='ltr'><strong>εει,</strong></span> <span class='ocrx_word' id='word_1_120' title='bbox 1652 1788 1719 1843; x_wconf 90' lang='lat' dir='ltr'><strong>ad</strong></span> <span class='ocrx_word' id='word_1_121' title='bbox 1781 1788 2155 1845; x_wconf 89' lang='lat' dir='ltr'><strong>inchoationes</strong></span> 
     </span>
    </p>
   </div>
   <div class='ocr_carea' id='block_1_19' title="bbox 2252 582 3870 657">
    <p class='ocr_par' dir='ltr' id='par_1_19' title="bbox 2252 582 3870 657">
     <span class='ocr_line' id='line_1_19' title="bbox 2252 582 3870 657; baseline 0.002 -22"><span class='ocrx_word' id='word_1_122' title='bbox 2252 592 2497 652; x_wconf 86' lang='lat' dir='ltr'><strong>gnantem</strong></span> <span class='ocrx_word' id='word_1_123' title='bbox 2529 582 2633 654; x_wconf 78' lang='lat' dir='ltr'><strong>legi</strong></span> <span class='ocrx_word' id='word_1_124' title='bbox 2669 583 2856 639; x_wconf 88' lang='lat' dir='ltr'><strong>mentis</strong></span> <span class='ocrx_word' id='word_1_125' title='bbox 2886 600 3051 649; x_wconf 83' lang='lat' dir='ltr'><strong>meae,</strong></span> <span class='ocrx_word' id='word_1_126' title='bbox 3082 593 3134 640; x_wconf 88' lang='lat' dir='ltr'><strong>et</strong></span> <span class='ocrx_word' id='word_1_127' title='bbox 3158 586 3504 657; x_wconf 79' lang='lat' dir='ltr'><strong>captivantem</strong></span> <span class='ocrx_word' id='word_1_128' title='bbox 3550 601 3646 640; x_wconf 85' lang='lat' dir='ltr'><strong>me</strong></span> <span class='ocrx_word' id='word_1_129' title='bbox 3672 586 3735 639; x_wconf 75' lang='lat' dir='ltr'><strong>in</strong></span> <span class='ocrx_word' id='word_1_130' title='bbox 3762 585 3870 657; x_wconf 68' lang='lat' dir='ltr'><strong>lege</strong></span> 
     </span>
    </p>
   </div>
   <div class='ocr_carea' id='block_1_20' title="bbox 2251 672 3867 748">
    <p class='ocr_par' dir='ltr' id='par_1_20' title="bbox 2251 672 3867 748">
     <span class='ocr_line' id='line_1_20' title="bbox 2251 672 3867 748; baseline 0.003 -23"><span class='ocrx_word' id='word_1_131' title='bbox 2251 673 2470 741; x_wconf 81' lang='lat' dir='ltr'><strong>peccati.</strong></span> <span class='ocrx_word' id='word_1_132' title='bbox 2512 672 2898 730; x_wconf 80' lang='lat' dir='ltr'><strong>Animadverte</strong></span> <span class='ocrx_word' id='word_1_133' title='bbox 2923 674 3204 731; x_wconf 88' lang='lat' dir='ltr'><strong>dissidium</strong></span> <span class='ocrx_word' id='word_1_134' title='bbox 3235 674 3369 747; x_wconf 85' lang='lat' dir='ltr'><strong>legis</strong></span> <span class='ocrx_word' id='word_1_135' title='bbox 3404 676 3609 731; x_wconf 85' lang='lat' dir='ltr'><strong>mentis</strong></span> <span class='ocrx_word' id='word_1_136' title='bbox 3644 684 3708 731; x_wconf 90' lang='lat' dir='ltr'><strong>et</strong></span> <span class='ocrx_word' id='word_1_137' title='bbox 3736 675 3867 748; x_wconf 78' lang='lat' dir='ltr'><strong>legis</strong></span> 
     </span>
    </p>
   </div>
   <div class='ocr_carea' id='block_1_21' title="bbox 2254 765 3866 838">
    <p class='ocr_par' dir='ltr' id='par_1_21' title="bbox 2254 765 3866 838">
     <span class='ocr_line' id='line_1_21' title="bbox 2254 765 3866 838; baseline 0.004 -20"><span class='ocrx_word' id='word_1_138' title='bbox 2254 765 2488 822; x_wconf 88' lang='lat' dir='ltr'><strong>carnalis</strong></span> <span class='ocrx_word' id='word_1_139' title='bbox 2508 781 2721 833; x_wconf 89' lang='lat' dir='ltr'><strong>sensus,</strong></span> <span class='ocrx_word' id='word_1_140' title='bbox 2750 782 2890 838; x_wconf 90' lang='lat' dir='ltr'><strong>quae</strong></span> <span class='ocrx_word' id='word_1_141' title='bbox 2922 768 3232 823; x_wconf 87' lang='lat' dir='ltr'><strong>dominatur</strong></span> <span class='ocrx_word' id='word_1_142' title='bbox 3261 767 3317 823; x_wconf 93' lang='lat' dir='ltr'><strong>in</strong></span> <span class='ocrx_word' id='word_1_143' title='bbox 3350 769 3623 824; x_wconf 87' lang='lat' dir='ltr'><strong>membris</strong></span> <span class='ocrx_word' id='word_1_144' title='bbox 3671 784 3866 825; x_wconf 78' lang='lat' dir='ltr'><strong>eams-</strong></span> 
     </span>
    </p>
   </div>
   <div class='ocr_carea' id='block_1_22' title="bbox 2253 858 3863 934">
    <p class='ocr_par' dir='ltr' id='par_1_22' title="bbox 2253 858 3863 934">
     <span class='ocr_line' id='line_1_22' title="bbox 2253 858 3863 934; baseline 0.002 -19"><span class='ocrx_word' id='word_1_145' title='bbox 2253 858 2379 915; x_wconf 91' lang='lat' dir='ltr'><strong>liter</strong></span> <span class='ocrx_word' id='word_1_146' title='bbox 2424 860 2742 928; x_wconf 79' lang='lat' dir='ltr'><strong>viventium,</strong></span> <span class='ocrx_word' id='word_1_147' title='bbox 2772 869 3039 934; x_wconf 80' lang='lat' dir='ltr'><strong>repugnat</strong></span> <span class='ocrx_word' id='word_1_148' title='bbox 3069 862 3343 919; x_wconf 88' lang='lat' dir='ltr'><strong>mentibus</strong></span> <span class='ocrx_word' id='word_1_149' title='bbox 3387 862 3772 934; x_wconf 77' lang='lat' dir='ltr'><strong>spiritualium</strong></span> <span class='ocrx_word' id='word_1_150' title='bbox 3812 864 3863 919; x_wconf 88' lang='lat' dir='ltr'><strong>in</strong></span> 
     </span>
    </p>
   </div>
   <div class='ocr_carea' id='block_1_23' title="bbox 2254 951 3863 1023">
    <p class='ocr_par' dir='ltr' id='par_1_23' title="bbox 2254 951 3863 1023">
     <span class='ocr_line' id='line_1_23' title="bbox 2254 951 3863 1023; baseline 0.002 -15"><span class='ocrx_word' id='word_1_151' title='bbox 2254 951 2573 1009; x_wconf 89' lang='lat' dir='ltr'><strong>mortalibus</strong></span> <span class='ocrx_word' id='word_1_152' title='bbox 2593 954 2853 1010; x_wconf 88' lang='lat' dir='ltr'><strong>membris</strong></span> <span class='ocrx_word' id='word_1_153' title='bbox 2877 954 2943 1009; x_wconf 89' lang='lat' dir='ltr'><strong>ad</strong></span> <span class='ocrx_word' id='word_1_154' title='bbox 2967 955 3412 1012; x_wconf 75' lang='lat' dir='ltr'><strong>exercitationem</strong></span> <span class='ocrx_word' id='word_1_155' title='bbox 3434 957 3684 1023; x_wconf 83' lang='lat' dir='ltr'><strong>virtutis,</strong></span> <span class='ocrx_word' id='word_1_156' title='bbox 3719 956 3863 1011; x_wconf 85' lang='lat' dir='ltr'><strong>ideo-</strong></span> 
     </span>
    </p>
   </div>
   <div class='ocr_carea' id='block_1_24' title="bbox 2255 1043 3861 1118">
    <p class='ocr_par' dir='ltr' id='par_1_24' title="bbox 2255 1043 3861 1118">
     <span class='ocr_line' id='line_1_24' title="bbox 2255 1043 3861 1118; baseline 0.002 -20"><span class='ocrx_word' id='word_1_157' title='bbox 2255 1058 2361 1114; x_wconf 89' lang='lat' dir='ltr'><strong>que</strong></span> <span class='ocrx_word' id='word_1_158' title='bbox 2402 1043 2489 1099; x_wconf 89' lang='lat' dir='ltr'><strong>lex</strong></span> <span class='ocrx_word' id='word_1_159' title='bbox 2518 1045 2749 1114; x_wconf 87' lang='lat' dir='ltr'><strong>peccati,</strong></span> <span class='ocrx_word' id='word_1_160' title='bbox 2779 1044 2833 1100; x_wconf 90' lang='lat' dir='ltr'><strong>id</strong></span> <span class='ocrx_word' id='word_1_161' title='bbox 2871 1054 2976 1111; x_wconf 87' lang='lat' dir='ltr'><strong>est,</strong></span> <span class='ocrx_word' id='word_1_162' title='bbox 3002 1045 3239 1102; x_wconf 90' lang='lat' dir='ltr'><strong>carnalis</strong></span> <span class='ocrx_word' id='word_1_163' title='bbox 3269 1062 3462 1101; x_wconf 86' lang='lat' dir='ltr'><strong>sensus</strong></span> <span class='ocrx_word' id='word_1_164' title='bbox 3497 1047 3568 1101; x_wconf 84' lang='lat' dir='ltr'><strong>ab</strong></span> <span class='ocrx_word' id='word_1_165' title='bbox 3597 1045 3861 1118; x_wconf 81' lang='lat' dir='ltr'><strong>Apostolo</strong></span> 
     </span>
    </p>
   </div>
   <div class='ocr_carea' id='block_1_25' title="bbox 2254 1135 3859 1209">
    <p class='ocr_par' dir='ltr' id='par_1_25' title="bbox 2254 1135 3859 1209">
     <span class='ocr_line' id='line_1_25' title="bbox 2254 1135 3859 1209; baseline 0.001 -18"><span class='ocrx_word' id='word_1_166' title='bbox 2254 1136 2568 1191; x_wconf 88' lang='lat' dir='ltr'><strong>nominatus</strong></span> <span class='ocrx_word' id='word_1_167' title='bbox 2595 1147 2698 1192; x_wconf 90' lang='lat' dir='ltr'><strong>est.</strong></span> <span class='ocrx_word' id='word_1_168' title='bbox 2733 1135 2841 1192; x_wconf 85' lang='lat' dir='ltr'><strong>Sed</strong></span> <span class='ocrx_word' id='word_1_169' title='bbox 2870 1138 2973 1192; x_wconf 86' lang='lat' dir='ltr'><strong>hoc</strong></span> <span class='ocrx_word' id='word_1_170' title='bbox 3001 1137 3281 1193; x_wconf 90' lang='lat' dir='ltr'><strong>dissidium</strong></span> <span class='ocrx_word' id='word_1_171' title='bbox 3307 1138 3725 1209; x_wconf 83' lang='lat' dir='ltr'><strong>divortiumque</strong></span> <span class='ocrx_word' id='word_1_172' title='bbox 3750 1141 3859 1193; x_wconf 83' lang='lat' dir='ltr'><strong>ani-</strong></span> 
     </span>
    </p>
   </div>
   <div class='ocr_carea' id='block_1_26' title="bbox 2256 1228 3857 1299">
    <p class='ocr_par' dir='ltr' id='par_1_26' title="bbox 2256 1228 3857 1299">
     <span class='ocr_line' id='line_1_26' title="bbox 2256 1228 3857 1299; baseline 0 -14"><span class='ocrx_word' id='word_1_173' title='bbox 2256 1228 2330 1285; x_wconf 91' lang='lat' dir='ltr'><strong>mi</strong></span> <span class='ocrx_word' id='word_1_174' title='bbox 2380 1236 2437 1284; x_wconf 93' lang='lat' dir='ltr'><strong>et</strong></span> <span class='ocrx_word' id='word_1_175' title='bbox 2483 1242 2691 1296; x_wconf 90' lang='lat' dir='ltr'><strong>sensus,</strong></span> <span class='ocrx_word' id='word_1_176' title='bbox 2729 1229 2946 1299; x_wconf 86' lang='lat' dir='ltr'><strong>quando</strong></span> <span class='ocrx_word' id='word_1_177' title='bbox 2991 1229 3387 1285; x_wconf 89' lang='lat' dir='ltr'><strong>restaurabitur</strong></span> <span class='ocrx_word' id='word_1_178' title='bbox 3436 1238 3643 1285; x_wconf 86' lang='lat' dir='ltr'><strong>natura</strong></span> <span class='ocrx_word' id='word_1_179' title='bbox 3690 1238 3747 1285; x_wconf 90' lang='lat' dir='ltr'><strong>et</strong></span> <span class='ocrx_word' id='word_1_180' title='bbox 3796 1229 3857 1284; x_wconf 81' lang='lat' dir='ltr'><strong>ad</strong></span> 
     </span>
    </p>
   </div>
   <div class='ocr_carea' id='block_1_27' title="bbox 2256 1324 3855 1396">
    <p class='ocr_par' dir='ltr' id='par_1_27' title="bbox 2256 1324 3855 1396">
     <span class='ocr_line' id='line_1_27' title="bbox 2256 1324 3855 1396; baseline -0.001 -15"><span class='ocrx_word' id='word_1_181' title='bbox 2256 1324 2558 1381; x_wconf 86' lang='lat' dir='ltr'><strong>naturalem</strong></span> <span class='ocrx_word' id='word_1_182' title='bbox 2584 1324 2827 1381; x_wconf 89' lang='lat' dir='ltr'><strong>ordinem</strong></span> <span class='ocrx_word' id='word_1_183' title='bbox 2855 1324 3218 1391; x_wconf 89' lang='lat' dir='ltr'><strong>revocabitur,</strong></span> <span class='ocrx_word' id='word_1_184' title='bbox 3248 1325 3302 1379; x_wconf 93' lang='lat' dir='ltr'><strong>in</strong></span> <span class='ocrx_word' id='word_1_185' title='bbox 3333 1339 3523 1396; x_wconf 89' lang='lat' dir='ltr'><strong>pacem</strong></span> <span class='ocrx_word' id='word_1_186' title='bbox 3551 1325 3855 1395; x_wconf 77' lang='lat' dir='ltr'><strong>spiritualis</strong></span> 
     </span>
    </p>
   </div>
   <div class='ocr_carea' id='block_1_28' title="bbox 2256 1415 3855 1489">
    <p class='ocr_par' dir='ltr' id='par_1_28' title="bbox 2256 1415 3855 1489">
     <span class='ocr_line' id='line_1_28' title="bbox 2256 1415 3855 1489; baseline -0.002 -16"><span class='ocrx_word' id='word_1_187' title='bbox 2256 1416 2628 1487; x_wconf 88' lang='lat' dir='ltr'><strong>naturalisque</strong></span> <span class='ocrx_word' id='word_1_188' title='bbox 2661 1415 2892 1489; x_wconf 74' lang='lat' dir='ltr'><strong>coniugii</strong></span> <span class='ocrx_word' id='word_1_189' title='bbox 2919 1416 2941 1447; x_wconf 83' lang='grc'><strong><em>⁸</em></strong></span> <span class='ocrx_word' id='word_1_190' title='bbox 2964 1425 3225 1482; x_wconf 84' lang='lat' dir='ltr'><strong>vertetur,</strong></span> <span class='ocrx_word' id='word_1_191' title='bbox 3252 1417 3468 1489; x_wconf 84' lang='lat' dir='ltr'><strong>quando</strong></span> <span class='ocrx_word' id='word_1_192' title='bbox 3495 1432 3709 1488; x_wconf 86' lang='lat' dir='ltr'><strong>corpus</strong></span> <span class='ocrx_word' id='word_1_193' title='bbox 3737 1433 3855 1472; x_wconf 83' lang='lat' dir='ltr'><strong>sen-</strong></span> 
     </span>
    </p>
   </div>
   <div class='ocr_carea' id='block_1_29' title="bbox 2257 1500 3853 1576">
    <p class='ocr_par' dir='ltr' id='par_1_29' title="bbox 2257 1500 3853 1576">
     <span class='ocr_line' id='line_1_29' title="bbox 2257 1500 3853 1576; baseline -0.001 -9"><span class='ocrx_word' id='word_1_194' title='bbox 2257 1511 2362 1575; x_wconf 90' lang='lat' dir='ltr'><strong>sui,</strong></span> <span class='ocrx_word' id='word_1_195' title='bbox 2388 1523 2580 1567; x_wconf 88' lang='lat' dir='ltr'><strong>sensus</strong></span> <span class='ocrx_word' id='word_1_196' title='bbox 2598 1500 2801 1576; x_wconf 16' lang='lat' dir='ltr'><strong>‘animo,</strong></span> <span class='ocrx_word' id='word_1_197' title='bbox 2825 1511 3039 1565; x_wconf 88' lang='lat' dir='ltr'><strong>animus</strong></span> <span class='ocrx_word' id='word_1_198' title='bbox 3060 1510 3173 1565; x_wconf 89' lang='lat' dir='ltr'><strong>Deo</strong></span> <span class='ocrx_word' id='word_1_199' title='bbox 3210 1509 3457 1565; x_wconf 88' lang='lat' dir='ltr'><strong>subditus</strong></span> <span class='ocrx_word' id='word_1_200' title='bbox 3485 1518 3543 1567; x_wconf 91' lang='lat' dir='ltr'><strong>et</strong></span> <span class='ocrx_word' id='word_1_201' title='bbox 3596 1510 3853 1566; x_wconf 80' lang='lat' dir='ltr'><strong>obedieos</strong></span> 
     </span>
    </p>
   </div>
   <div class='ocr_carea' id='block_1_30' title="bbox 2256 1603 3851 1677">
    <p class='ocr_par' dir='ltr' id='par_1_30' title="bbox 2256 1603 3851 1677">
     <span class='ocr_line' id='line_1_30' title="bbox 2256 1603 3851 1677; baseline -0.002 -15"><span class='ocrx_word' id='word_1_202' title='bbox 2256 1606 2379 1662; x_wconf 88' lang='lat' dir='ltr'><strong>erit.</strong></span> <span class='ocrx_word' id='word_1_203' title='bbox 2432 1603 2548 1662; x_wconf 80' lang='lat' dir='ltr'><strong>Hoc</strong></span> <span class='ocrx_word' id='word_1_204' title='bbox 2598 1605 2762 1661; x_wconf 88' lang='lat' dir='ltr'><strong>etiam</strong></span> <span class='ocrx_word' id='word_1_205' title='bbox 2809 1605 3049 1677; x_wconf 84' lang='lat' dir='ltr'><strong>apertius</strong></span> <span class='ocrx_word' id='word_1_206' title='bbox 3096 1605 3257 1660; x_wconf 89' lang='lat' dir='ltr'><strong>datur</strong></span> <span class='ocrx_word' id='word_1_207' title='bbox 3299 1604 3456 1660; x_wconf 88' lang='lat' dir='ltr'><strong>nobis</strong></span> <span class='ocrx_word' id='word_1_208' title='bbox 3500 1604 3760 1675; x_wconf 75' lang='lat' dir='ltr'><strong>intelligi,</strong></span> <span class='ocrx_word' id='word_1_209' title='bbox 3811 1605 3851 1659; x_wconf 90' lang='lat' dir='ltr'><strong>si</strong></span> 
     </span>
    </p>
   </div>
   <div class='ocr_carea' id='block_1_31' title="bbox 2259 1695 3850 1768">
    <p class='ocr_par' dir='ltr' id='par_1_31' title="bbox 2259 1695 3850 1768">
     <span class='ocr_line' id='line_1_31' title="bbox 2259 1695 3850 1768; baseline -0.003 -14"><span class='ocrx_word' id='word_1_210' title='bbox 2259 1696 2613 1768; x_wconf 82' lang='lat' dir='ltr'><strong>Septuaginta</strong></span> <span class='ocrx_word' id='word_1_211' title='bbox 2661 1697 2953 1754; x_wconf 89' lang='lat' dir='ltr'><strong>editionem</strong></span> <span class='ocrx_word' id='word_1_212' title='bbox 3006 1697 3378 1753; x_wconf 89' lang='lat' dir='ltr'><strong>intendamus:</strong></span> <span class='ocrx_word' id='word_1_213' title='bbox 3432 1695 3507 1751; x_wconf 84' lang='lat' dir='ltr'><strong>Et</strong></span> <span class='ocrx_word' id='word_1_214' title='bbox 3557 1696 3641 1750; x_wconf 73' lang='lat' dir='ltr'><strong>ad</strong></span> <span class='ocrx_word' id='word_1_215' title='bbox 3695 1697 3850 1750; x_wconf 71' lang='lat' dir='ltr'><strong>rima</strong></span> 
     </span>
    </p>
   </div>
   <div class='ocr_carea' id='block_1_32' title="bbox 2259 1786 3850 1862">
    <p class='ocr_par' dir='ltr' id='par_1_32' title="bbox 2259 1786 3850 1862">
     <span class='ocr_line' id='line_1_32' title="bbox 2259 1786 3850 1862; baseline -0.003 -17"><span class='ocrx_word' id='word_1_216' title='bbox 2259 1799 2410 1845; x_wconf 90' lang='lat' dir='ltr'><strong>tuum</strong></span> <span class='ocrx_word' id='word_1_217' title='bbox 2440 1789 2703 1847; x_wconf 76' lang='lat' dir='ltr'><strong>conversio</strong></span> <span class='ocrx_word' id='word_1_218' title='bbox 2750 1799 2867 1856; x_wconf 87' lang='lat' dir='ltr'><strong>tua,</strong></span> <span class='ocrx_word' id='word_1_219' title='bbox 2890 1799 2939 1845; x_wconf 89' lang='lat' dir='ltr'><strong>et</strong></span> <span class='ocrx_word' id='word_1_220' title='bbox 2963 1790 3071 1862; x_wconf 86' lang='lat' dir='ltr'><strong>ipse</strong></span> <span class='ocrx_word' id='word_1_221' title='bbox 3115 1790 3193 1844; x_wconf 85' lang='lat' dir='ltr'><strong>tui</strong></span> <span class='ocrx_word' id='word_1_222' title='bbox 3233 1788 3622 1844; x_wconf 71' lang='lat' dir='ltr'><strong>dominabitur.</strong></span> <span class='ocrx_word' id='word_1_223' title='bbox 3654 1786 3850 1855; x_wconf 80' lang='lat' dir='ltr'><strong>Quibus</strong></span> 
     </span>
    </p>
   </div>
   <div class='ocr_carea' id='block_1_33' title="bbox 560 1877 3848 1953">
    <p class='ocr_par' dir='ltr' id='par_1_33' title="bbox 560 1877 3848 1953">
     <span class='ocr_line' id='line_1_33' title="bbox 560 1877 3848 1953; baseline 0.001 -23"><span class='ocrx_word' id='word_1_224' title='bbox 560 1877 976 1949; x_wconf 73' lang='lat' dir='ltr'><strong>iritolligibilium</strong></span> <span class='ocrx_word' id='word_1_225' title='bbox 1007 1893 1188 1934; x_wconf 89' lang='lat' dir='ltr'><strong>rerum</strong></span> <span class='ocrx_word' id='word_1_226' title='bbox 1219 1879 1630 1950; x_wconf 86' lang='lat' dir='ltr'><strong>intelligentiae,</strong></span> <span class='ocrx_word' id='word_1_227' title='bbox 1673 1888 1834 1951; x_wconf 86' lang='lat' dir='ltr'><strong>atque</strong></span> <span class='ocrx_word' id='word_1_228' title='bbox 1862 1880 2022 1946; x_wconf 85' lang='lat' dir='ltr'><strong>ﬁlios,</strong></span> <span class='ocrx_word' id='word_1_229' title='bbox 2050 1880 2155 1936; x_wconf 86' lang='lat' dir='ltr'><strong>hoc</strong></span> <span class='ocrx_word' id='word_1_230' title='bbox 2181 1890 2231 1953; x_wconf 78' lang='grc' dir='ltr'><strong>Β</strong></span> <span class='ocrx_word' id='word_1_231' title='bbox 2256 1880 2441 1936; x_wconf 85' lang='lat' dir='ltr'><strong>verbis</strong></span> <span class='ocrx_word' id='word_1_232' title='bbox 2470 1880 2807 1951; x_wconf 90' lang='lat' dir='ltr'><strong>apertissime</strong></span> <span class='ocrx_word' id='word_1_233' title='bbox 2852 1880 3167 1952; x_wconf 89' lang='lat' dir='ltr'><strong>intelligitur</strong></span> <span class='ocrx_word' id='word_1_234' title='bbox 3193 1880 3401 1937; x_wconf 85' lang='lat' dir='ltr'><strong>reditus</strong></span> <span class='ocrx_word' id='word_1_235' title='bbox 3440 1879 3728 1935; x_wconf 82' lang='lat' dir='ltr'><strong>humanae</strong></span> <span class='ocrx_word' id='word_1_236' title='bbox 3765 1892 3848 1933; x_wconf 84' lang='lat' dir='ltr'><strong>ua-</strong></span> 
     </span>
    </p>
   </div>
   <div class='ocr_carea' id='block_1_34' title="bbox 559 1972 2154 2045">
    <p class='ocr_par' dir='ltr' id='par_1_34' title="bbox 559 1972 2154 2045">
     <span class='ocr_line' id='line_1_34' title="bbox 559 1972 2154 2045; baseline 0.004 -21"><span class='ocrx_word' id='word_1_237' title='bbox 559 1979 640 2026; x_wconf 84' lang='lat' dir='ltr'><strong>cst</strong></span> <span class='ocrx_word' id='word_1_238' title='bbox 688 1979 863 2026; x_wconf 86' lang='lat' dir='ltr'><strong>rectas</strong></span> <span class='ocrx_word' id='word_1_239' title='bbox 899 1972 1159 2037; x_wconf 86' lang='lat' dir='ltr'><strong>rationes,</strong></span> <span class='ocrx_word' id='word_1_240' title='bbox 1209 1972 1277 2029; x_wconf 90' lang='lat' dir='ltr'><strong>de</strong></span> <span class='ocrx_word' id='word_1_241' title='bbox 1329 1982 1522 2029; x_wconf 91' lang='lat' dir='ltr'><strong>natura</strong></span> <span class='ocrx_word' id='word_1_242' title='bbox 1562 1990 1743 2029; x_wconf 91' lang='lat' dir='ltr'><strong>rerum</strong></span> <span class='ocrx_word' id='word_1_243' title='bbox 1789 1975 2154 2045; x_wconf 90' lang='lat' dir='ltr'><strong>procreandos</strong></span> 
     </span>
    </p>
   </div>
   <div class='ocr_carea' id='block_1_35' title="bbox 558 2054 2152 2137">
    <p class='ocr_par' dir='ltr' id='par_1_35' title="bbox 558 2054 2152 2137">
     <span class='ocr_line' id='line_1_35' title="bbox 558 2054 2152 2137; baseline 0.004 -21"><span class='ocrx_word' id='word_1_244' title='bbox 558 2076 656 2130; x_wconf 86' lang='lat' dir='ltr'><strong>per</strong></span> <span class='ocrx_word' id='word_1_245' title='bbox 682 2063 912 2117; x_wconf 90' lang='lat' dir='ltr'><strong>eundem</strong></span> <span class='ocrx_word' id='word_1_246' title='bbox 945 2054 1162 2120; x_wconf 69' lang='lat' dir='ltr'><strong>Sensum</strong></span> <span class='ocrx_word' id='word_1_247' title='bbox 1187 2072 1367 2136; x_wconf 90' lang='lat' dir='ltr'><strong>potest</strong></span> <span class='ocrx_word' id='word_1_248' title='bbox 1394 2066 1696 2136; x_wconf 87' lang='lat' dir='ltr'><strong>pervenire.</strong></span> <span class='ocrx_word' id='word_1_249' title='bbox 1730 2065 2025 2137; x_wconf 86' lang='lat' dir='ltr'><strong>Propterea</strong></span> <span class='ocrx_word' id='word_1_250' title='bbox 2056 2082 2152 2122; x_wconf 89' lang='lat' dir='ltr'><strong>au-</strong></span> 
     </span>
    </p>
   </div>
   <div class='ocr_carea' id='block_1_36' title="bbox 560 2157 2151 2229">
    <p class='ocr_par' dir='ltr' id='par_1_36' title="bbox 560 2157 2151 2229">
     <span class='ocr_line' id='line_1_36' title="bbox 560 2157 2151 2229; baseline 0.006 -23"><span class='ocrx_word' id='word_1_251' title='bbox 560 2158 667 2207; x_wconf 85' lang='lat' dir='ltr'><strong>tem</strong></span> <span class='ocrx_word' id='word_1_252' title='bbox 714 2168 1039 2222; x_wconf 86' lang='lat' dir='ltr'><strong>aerumnas,</strong></span> <span class='ocrx_word' id='word_1_253' title='bbox 1086 2164 1141 2210; x_wconf 90' lang='lat' dir='ltr'><strong>et</strong></span> <span class='ocrx_word' id='word_1_254' title='bbox 1187 2166 1515 2227; x_wconf 89' lang='lat' dir='ltr'><strong>conceptus,</strong></span> <span class='ocrx_word' id='word_1_255' title='bbox 1586 2157 1834 2229; x_wconf 83' lang='lat' dir='ltr'><strong>ﬁliosque</strong></span> <span class='ocrx_word' id='word_1_256' title='bbox 1890 2158 2151 2215; x_wconf 86' lang='lat' dir='ltr'><strong>exteriori</strong></span> 
     </span>
    </p>
   </div>
   <div class='ocr_carea' id='block_1_37' title="bbox 558 2247 2151 2321">
    <p class='ocr_par' dir='ltr' id='par_1_37' title="bbox 558 2247 2151 2321">
     <span class='ocr_line' id='line_1_37' title="bbox 558 2247 2151 2321; baseline 0.006 -21"><span class='ocrx_word' id='word_1_257' title='bbox 558 2247 737 2301; x_wconf 87' lang='lat' dir='ltr'><strong>sensui</strong></span> <span class='ocrx_word' id='word_1_258' title='bbox 790 2247 972 2302; x_wconf 90' lang='lat' dir='ltr'><strong>divina</strong></span> <span class='ocrx_word' id='word_1_259' title='bbox 1029 2248 1251 2318; x_wconf 89' lang='lat' dir='ltr'><strong>deputat</strong></span> <span class='ocrx_word' id='word_1_260' title='bbox 1297 2251 1619 2315; x_wconf 90' lang='lat' dir='ltr'><strong>auctoritas,</strong></span> <span class='ocrx_word' id='word_1_261' title='bbox 1686 2252 1942 2321; x_wconf 89' lang='lat' dir='ltr'><strong>quoniam</strong></span> <span class='ocrx_word' id='word_1_262' title='bbox 1988 2268 2151 2310; x_wconf 90' lang='lat' dir='ltr'><strong>omne</strong></span> 
     </span>
    </p>
   </div>
   <div class='ocr_carea' id='block_1_38' title="bbox 556 2340 2149 2416">
    <p class='ocr_par' dir='ltr' id='par_1_38' title="bbox 556 2340 2149 2416">
     <span class='ocr_line' id='line_1_38' title="bbox 556 2340 2149 2416; baseline 0.003 -20"><span class='ocrx_word' id='word_1_263' title='bbox 556 2340 793 2396; x_wconf 89' lang='lat' dir='ltr'><strong>studium</strong></span> <span class='ocrx_word' id='word_1_264' title='bbox 821 2341 1138 2410; x_wconf 88' lang='lat' dir='ltr'><strong>sapientiae,</strong></span> <span class='ocrx_word' id='word_1_265' title='bbox 1166 2342 1451 2415; x_wconf 88' lang='lat' dir='ltr'><strong>omnisque</strong></span> <span class='ocrx_word' id='word_1_266' title='bbox 1487 2344 2016 2415; x_wconf 72' lang='lat' dir='ltr'><strong>mentis&#39;iconceptio,</strong></span> <span class='ocrx_word' id='word_1_267' title='bbox 2045 2361 2149 2416; x_wconf 87' lang='lat' dir='ltr'><strong>pu-</strong></span> 
     </span>
    </p>
   </div>
   <div class='ocr_carea' id='block_1_39' title="bbox 557 2436 2149 2510">
    <p class='ocr_par' dir='ltr' id='par_1_39' title="bbox 557 2436 2149 2510">
     <span class='ocr_line' id='line_1_39' title="bbox 557 2436 2149 2510; baseline 0.002 -20"><span class='ocrx_word' id='word_1_268' title='bbox 557 2451 725 2506; x_wconf 89' lang='lat' dir='ltr'><strong>raque</strong></span> <span class='ocrx_word' id='word_1_269' title='bbox 764 2436 1011 2493; x_wconf 89' lang='lat' dir='ltr'><strong>veritatis</strong></span> <span class='ocrx_word' id='word_1_270' title='bbox 1038 2437 1274 2508; x_wconf 88' lang='lat' dir='ltr'><strong>cognitio</strong></span> <span class='ocrx_word' id='word_1_271' title='bbox 1322 2452 1352 2492; x_wconf 91' lang='lat' dir='ltr'><strong>a</strong></span> <span class='ocrx_word' id='word_1_272' title='bbox 1402 2438 1649 2494; x_wconf 87' lang='lat' dir='ltr'><strong>sensibus</strong></span> <span class='ocrx_word' id='word_1_273' title='bbox 1676 2439 1921 2510; x_wconf 90' lang='lat' dir='ltr'><strong>corporis</strong></span> <span class='ocrx_word' id='word_1_274' title='bbox 1966 2439 2149 2510; x_wconf 91' lang='lat' dir='ltr'><strong>auspi-</strong></span> 
     </span>
    </p>
   </div>
   <div class='ocr_carea' id='block_1_40' title="bbox 555 2528 2151 2604">
    <p class='ocr_par' dir='ltr' id='par_1_40' title="bbox 555 2528 2151 2604">
     <span class='ocr_line' id='line_1_40' title="bbox 555 2528 2151 2604; baseline 0.004 -21"><span class='ocrx_word' id='word_1_275' title='bbox 555 2528 699 2584; x_wconf 89' lang='lat' dir='ltr'><strong>cium</strong></span> <span class='ocrx_word' id='word_1_276' title='bbox 746 2538 985 2595; x_wconf 88' lang='lat' dir='ltr'><strong>sumunt,</strong></span> <span class='ocrx_word' id='word_1_277' title='bbox 1024 2531 1093 2586; x_wconf 91' lang='lat' dir='ltr'><strong>ab</strong></span> <span class='ocrx_word' id='word_1_278' title='bbox 1137 2529 1483 2588; x_wconf 82' lang='lat' dir='ltr'><strong>inferioribus</strong></span> <span class='ocrx_word' id='word_1_279' title='bbox 1510 2532 1576 2587; x_wconf 91' lang='lat' dir='ltr'><strong>ad</strong></span> <span class='ocrx_word' id='word_1_280' title='bbox 1623 2533 1922 2604; x_wconf 85' lang='lat' dir='ltr'><strong>superiora,</strong></span> <span class='ocrx_word' id='word_1_281' title='bbox 1954 2541 2008 2589; x_wconf 91' lang='lat' dir='ltr'><strong>et</strong></span> <span class='ocrx_word' id='word_1_282' title='bbox 2036 2533 2102 2589; x_wconf 91' lang='lat' dir='ltr'><strong>ab</strong></span> <span class='ocrx_word' id='word_1_283' title='bbox 2128 2532 2151 2565; x_wconf 85' lang='grc'>⁸</span> 
     </span>
    </p>
   </div>
   <div class='ocr_carea' id='block_1_41' title="bbox 554 2623 2151 2699">
    <p class='ocr_par' dir='ltr' id='par_1_41' title="bbox 554 2623 2151 2699">
     <span class='ocr_line' id='line_1_41' title="bbox 554 2623 2151 2699; baseline 0.002 -18"><span class='ocrx_word' id='word_1_284' title='bbox 554 2623 914 2681; x_wconf 80' lang='lat' dir='ltr'><strong>exterioribus</strong></span> <span class='ocrx_word' id='word_1_285' title='bbox 959 2625 1026 2679; x_wconf 90' lang='lat' dir='ltr'><strong>ad</strong></span> <span class='ocrx_word' id='word_1_286' title='bbox 1077 2624 1332 2681; x_wconf 85' lang='lat' dir='ltr'><strong>interiora</strong></span> <span class='ocrx_word' id='word_1_287' title='bbox 1388 2628 1596 2683; x_wconf 89' lang='lat' dir='ltr'><strong>ratione</strong></span> <span class='ocrx_word' id='word_1_288' title='bbox 1640 2628 1907 2699; x_wconf 88' lang='lat' dir='ltr'><strong>gradatim</strong></span> <span class='ocrx_word' id='word_1_289' title='bbox 1961 2643 2151 2684; x_wconf 90' lang='lat' dir='ltr'><strong>ascen-</strong></span> 
     </span>
    </p>
   </div>
   <div class='ocr_carea' id='block_1_42' title="bbox 553 2711 2151 2788">
    <p class='ocr_par' dir='ltr' id='par_1_42' title="bbox 553 2711 2151 2788">
     <span class='ocr_line' id='line_1_42' title="bbox 553 2711 2151 2788; baseline 0.003 -19"><span class='ocrx_word' id='word_1_290' title='bbox 553 2714 734 2769; x_wconf 82' lang='lat' dir='ltr'><strong>dente.</strong></span> <span class='ocrx_word' id='word_1_291' title='bbox 767 2711 836 2766; x_wconf 86' lang='lat' dir='ltr'><strong>Et</strong></span> <span class='ocrx_word' id='word_1_292' title='bbox 876 2714 970 2769; x_wconf 85' lang='lat' dir='ltr'><strong>sub</strong></span> <span class='ocrx_word' id='word_1_293' title='bbox 1004 2716 1101 2770; x_wconf 76' lang='lat' dir='ltr'><strong>viri</strong></span> <span class='ocrx_word' id='word_1_294' title='bbox 1119 2724 1370 2786; x_wconf 80' lang='lat' dir='ltr'><strong>potestate</strong></span> <span class='ocrx_word' id='word_1_295' title='bbox 1404 2718 1527 2781; x_wconf 87' lang='lat' dir='ltr'><strong>eris,</strong></span> <span class='ocrx_word' id='word_1_296' title='bbox 1570 2729 1619 2773; x_wconf 92' lang='lat' dir='ltr'><strong>et</strong></span> <span class='ocrx_word' id='word_1_297' title='bbox 1641 2720 1751 2788; x_wconf 79' lang='lat' dir='ltr'><strong>ipse</strong></span> <span class='ocrx_word' id='word_1_298' title='bbox 1790 2718 2151 2773; x_wconf 83' lang='lat' dir='ltr'><strong>dominabitur</strong></span> 
     </span>
    </p>
   </div>
   <div class='ocr_carea' id='block_1_43' title="bbox 554 2804 2149 2866">
    <p class='ocr_par' dir='ltr' id='par_1_43' title="bbox 554 2804 2149 2866">
     <span class='ocr_line' id='line_1_43' title="bbox 554 2804 2149 2866; baseline 0.003 -5"><span class='ocrx_word' id='word_1_299' title='bbox 554 2806 655 2861; x_wconf 82' lang='lat' dir='ltr'><strong>tui.</strong></span> <span class='ocrx_word' id='word_1_300' title='bbox 686 2804 744 2860; x_wconf 93' lang='lat' dir='ltr'><strong>ln</strong></span> <span class='ocrx_word' id='word_1_301' title='bbox 786 2805 890 2861; x_wconf 88' lang='lat' dir='ltr'><strong>hoc</strong></span> <span class='ocrx_word' id='word_1_302' title='bbox 913 2805 1033 2863; x_wconf 90' lang='lat' dir='ltr'><strong>loco</strong></span> <span class='ocrx_word' id='word_1_303' title='bbox 1069 2807 1332 2862; x_wconf 86' lang='lat' dir='ltr'><strong>naturalis</strong></span> <span class='ocrx_word' id='word_1_304' title='bbox 1370 2808 1576 2864; x_wconf 90' lang='lat' dir='ltr'><strong>ordinis</strong></span> <span class='ocrx_word' id='word_1_305' title='bbox 1623 2810 1891 2866; x_wconf 88' lang='lat' dir='ltr'><strong>humanae</strong></span> <span class='ocrx_word' id='word_1_306' title='bbox 1922 2818 2149 2866; x_wconf 90' lang='lat' dir='ltr'><strong>naturae</strong></span> 
     </span>
    </p>
   </div>
   <div class='ocr_carea' id='block_1_44' title="bbox 553 2898 2147 2975">
    <p class='ocr_par' dir='ltr' id='par_1_44' title="bbox 553 2898 2147 2975">
     <span class='ocr_line' id='line_1_44' title="bbox 553 2898 2147 2975; baseline 0.004 -22"><span class='ocrx_word' id='word_1_307' title='bbox 553 2898 824 2954; x_wconf 86' lang='lat' dir='ltr'><strong>restitutio</strong></span> <span class='ocrx_word' id='word_1_308' title='bbox 869 2898 1051 2955; x_wconf 91' lang='lat' dir='ltr'><strong>divina</strong></span> <span class='ocrx_word' id='word_1_309' title='bbox 1091 2915 1222 2957; x_wconf 89' lang='lat' dir='ltr'><strong>voce</strong></span> <span class='ocrx_word' id='word_1_310' title='bbox 1271 2902 1631 2971; x_wconf 90' lang='lat' dir='ltr'><strong>promittitur,</strong></span> <span class='ocrx_word' id='word_1_311' title='bbox 1678 2903 1817 2959; x_wconf 89' lang='lat' dir='ltr'><strong>etin</strong></span> <span class='ocrx_word' id='word_1_312' title='bbox 1864 2905 2147 2975; x_wconf 89' lang='lat' dir='ltr'><strong>antiquum</strong></span> 
     </span>
    </p>
   </div>
   <div class='ocr_carea' id='block_1_45' title="bbox 555 2992 2151 3067">
    <p class='ocr_par' dir='ltr' id='par_1_45' title="bbox 555 2992 2151 3067">
     <span class='ocr_line' id='line_1_45' title="bbox 555 2992 2151 3067; baseline 0.006 -22"><span class='ocrx_word' id='word_1_313' title='bbox 555 2997 755 3046; x_wconf 90' lang='lat' dir='ltr'><strong>statum</strong></span> <span class='ocrx_word' id='word_1_314' title='bbox 773 2992 1099 3049; x_wconf 86' lang='lat' dir='ltr'><strong>conditionis</strong></span> <span class='ocrx_word' id='word_1_315' title='bbox 1125 2995 1386 3051; x_wconf 84' lang='lat' dir='ltr'><strong>reversio.</strong></span> <span class='ocrx_word' id='word_1_316' title='bbox 1417 2994 1564 3052; x_wconf 90' lang='lat' dir='ltr'><strong>Ordo</strong></span> <span class='ocrx_word' id='word_1_317' title='bbox 1592 2995 1856 3067; x_wconf 89' lang='lat' dir='ltr'><strong>siquidem</strong></span> <span class='ocrx_word' id='word_1_318' title='bbox 1884 2997 2151 3054; x_wconf 91' lang='lat' dir='ltr'><strong>naturalis</strong></span> 
     </span>
    </p>
   </div>
   <div class='ocr_carea' id='block_1_46' title="bbox 553 3085 2152 3159">
    <p class='ocr_par' dir='ltr' id='par_1_46' title="bbox 553 3085 2152 3159">
     <span class='ocr_line' id='line_1_46' title="bbox 553 3085 2152 3159; baseline 0.005 -20"><span class='ocrx_word' id='word_1_319' title='bbox 553 3092 726 3151; x_wconf 90' lang='lat' dir='ltr'><strong>esset,</strong></span> <span class='ocrx_word' id='word_1_320' title='bbox 776 3085 821 3139; x_wconf 90' lang='lat' dir='ltr'><strong>si</strong></span> <span class='ocrx_word' id='word_1_321' title='bbox 870 3085 1083 3142; x_wconf 91' lang='lat' dir='ltr'><strong>animus</strong></span> <span class='ocrx_word' id='word_1_322' title='bbox 1134 3088 1217 3144; x_wconf 91' lang='lat' dir='ltr'><strong>sui</strong></span> <span class='ocrx_word' id='word_1_323' title='bbox 1272 3087 1547 3144; x_wconf 86' lang='lat' dir='ltr'><strong>Creatoris</strong></span> <span class='ocrx_word' id='word_1_324' title='bbox 1601 3090 1852 3159; x_wconf 86' lang='lat' dir='ltr'><strong>potestati</strong></span> <span class='ocrx_word' id='word_1_325' title='bbox 1906 3090 2152 3147; x_wconf 87' lang='lat' dir='ltr'><strong>subditus</strong></span> 
     </span>
    </p>
   </div>
   <div class='ocr_carea' id='block_1_47' title="bbox 558 3176 2149 3249">
    <p class='ocr_par' dir='ltr' id='par_1_47' title="bbox 558 3176 2149 3249">
     <span class='ocr_line' id='line_1_47' title="bbox 558 3176 2149 3249; baseline 0.006 -20"><span class='ocrx_word' id='word_1_326' title='bbox 558 3185 720 3246; x_wconf 87' lang='lat' dir='ltr'><strong>atque</strong></span> <span class='ocrx_word' id='word_1_327' title='bbox 745 3176 1007 3233; x_wconf 88' lang='lat' dir='ltr'><strong>obcdiens</strong></span> <span class='ocrx_word' id='word_1_328' title='bbox 1032 3194 1247 3249; x_wconf 87' lang='lat' dir='ltr'><strong>semper</strong></span> <span class='ocrx_word' id='word_1_329' title='bbox 1274 3180 1323 3235; x_wconf 91' lang='lat' dir='ltr'><strong>ei</strong></span> <span class='ocrx_word' id='word_1_330' title='bbox 1366 3179 1389 3212; x_wconf 71' lang='lat'><strong>‘</strong></span> <span class='ocrx_word' id='word_1_331' title='bbox 1415 3181 1765 3237; x_wconf 83' lang='lat' dir='ltr'><strong>adhaereret:</strong></span> <span class='ocrx_word' id='word_1_332' title='bbox 1807 3182 2002 3238; x_wconf 87' lang='lat' dir='ltr'><strong>deinde</strong></span> <span class='ocrx_word' id='word_1_333' title='bbox 2028 3198 2149 3239; x_wconf 86' lang='lat' dir='ltr'><strong>sen-</strong></span> 
     </span>
    </p>
   </div>
   <div class='ocr_carea' id='block_1_48' title="bbox 2258 1973 3106 2045">
    <p class='ocr_par' dir='ltr' id='par_1_48' title="bbox 2258 1973 3106 2045">
     <span class='ocr_line' id='line_1_48' title="bbox 2258 1973 3106 2045; baseline -0.001 -16"><span class='ocrx_word' id='word_1_334' title='bbox 2258 1980 2416 2029; x_wconf 90' lang='lat' dir='ltr'><strong>turae</strong></span> <span class='ocrx_word' id='word_1_335' title='bbox 2446 1973 2500 2028; x_wconf 92' lang='lat' dir='ltr'><strong>in</strong></span> <span class='ocrx_word' id='word_1_336' title='bbox 2529 1974 2815 2045; x_wconf 89' lang='lat' dir='ltr'><strong>pristinum</strong></span> <span class='ocrx_word' id='word_1_337' title='bbox 2841 1973 3106 2029; x_wconf 89' lang='lat' dir='ltr'><strong>ordinem.</strong></span> 
     </span>
    </p>
   </div>
   <div class='ocr_carea' id='block_1_49' title="bbox 2298 2063 3846 2135">
    <p class='ocr_par' dir='ltr' id='par_1_49' title="bbox 2298 2063 3846 2135">
     <span class='ocr_line' id='line_1_49' title="bbox 2298 2063 3846 2135; baseline -0.001 -16"><span class='ocrx_word' id='word_1_338' title='bbox 2298 2064 2419 2121; x_wconf 71' lang='lat'><strong>~26.</strong></span> <span class='ocrx_word' id='word_1_339' title='bbox 2449 2065 2601 2131; x_wconf 84' lang='lat' dir='ltr'><strong>Quod</strong></span> <span class='ocrx_word' id='word_1_340' title='bbox 2646 2073 2826 2121; x_wconf 89' lang='lat' dir='ltr'><strong>autem</strong></span> <span class='ocrx_word' id='word_1_341' title='bbox 2856 2065 2976 2120; x_wconf 89' lang='lat' dir='ltr'><strong>viro</strong></span> <span class='ocrx_word' id='word_1_342' title='bbox 3021 2065 3220 2121; x_wconf 90' lang='lat' dir='ltr'><strong>dictum</strong></span> <span class='ocrx_word' id='word_1_343' title='bbox 3251 2071 3363 2120; x_wconf 89' lang='lat' dir='ltr'><strong>est:</strong></span> <span class='ocrx_word' id='word_1_344' title='bbox 3396 2063 3693 2135; x_wconf 69' lang='lat' dir='ltr'><strong>Maledicta</strong></span> <span class='ocrx_word' id='word_1_345' title='bbox 3717 2074 3846 2119; x_wconf 82' lang='lat' dir='ltr'><strong>terra</strong></span> 
     </span>
    </p>
   </div>
   <div class='ocr_carea' id='block_1_50' title="bbox 2254 2148 3848 2228">
    <p class='ocr_par' dir='ltr' id='par_1_50' title="bbox 2254 2148 3848 2228">
     <span class='ocr_line' id='line_1_50' title="bbox 2254 2148 3848 2228; baseline -0.001 -17"><span class='ocrx_word' id='word_1_346' title='bbox 2254 2156 2312 2211; x_wconf 89' lang='lat' dir='ltr'><strong>in</strong></span> <span class='ocrx_word' id='word_1_347' title='bbox 2346 2172 2498 2228; x_wconf 83' lang='lat' dir='ltr'><strong>opere</strong></span> <span class='ocrx_word' id='word_1_348' title='bbox 2527 2164 2642 2222; x_wconf 88' lang='lat' dir='ltr'><strong>tuo,</strong></span> <span class='ocrx_word' id='word_1_349' title='bbox 2687 2164 2743 2212; x_wconf 92' lang='lat' dir='ltr'><strong>et</strong></span> <span class='ocrx_word' id='word_1_350' title='bbox 2770 2165 2985 2222; x_wconf 90' lang='lat' dir='ltr'><strong>cetera,</strong></span> <span class='ocrx_word' id='word_1_351' title='bbox 3015 2148 3159 2226; x_wconf 87' lang='lat' dir='ltr'><strong>quae</strong></span> <span class='ocrx_word' id='word_1_352' title='bbox 3184 2156 3283 2211; x_wconf 91' lang='lat' dir='ltr'><strong>sub</strong></span> <span class='ocrx_word' id='word_1_353' title='bbox 3312 2155 3491 2211; x_wconf 79' lang='lat' dir='ltr'><strong>forma</strong></span> <span class='ocrx_word' id='word_1_354' title='bbox 3513 2154 3848 2210; x_wconf 85' lang='lat' dir='ltr'><strong>maledictio-</strong></span> 
     </span>
    </p>
   </div>
   <div class='ocr_carea' id='block_1_51' title="bbox 2255 2245 3847 2317">
    <p class='ocr_par' dir='ltr' id='par_1_51' title="bbox 2255 2245 3847 2317">
     <span class='ocr_line' id='line_1_51' title="bbox 2255 2245 3847 2317; baseline -0.001 -14"><span class='ocrx_word' id='word_1_355' title='bbox 2255 2248 2343 2304; x_wconf 91' lang='lat' dir='ltr'><strong>nis</strong></span> <span class='ocrx_word' id='word_1_356' title='bbox 2365 2248 2618 2304; x_wconf 88' lang='lat' dir='ltr'><strong>videntur</strong></span> <span class='ocrx_word' id='word_1_357' title='bbox 2657 2262 2780 2304; x_wconf 89' lang='lat' dir='ltr'><strong>esse</strong></span> <span class='ocrx_word' id='word_1_358' title='bbox 2821 2248 3044 2317; x_wconf 90' lang='lat' dir='ltr'><strong>scripta,</strong></span> <span class='ocrx_word' id='word_1_359' title='bbox 3076 2261 3184 2302; x_wconf 88' lang='lat' dir='ltr'><strong>non</strong></span> <span class='ocrx_word' id='word_1_360' title='bbox 3212 2245 3370 2303; x_wconf 79' lang='lat' dir='ltr'><strong>facile</strong></span> <span class='ocrx_word' id='word_1_361' title='bbox 3417 2254 3636 2317; x_wconf 83' lang='lat' dir='ltr'><strong>patent,</strong></span> <span class='ocrx_word' id='word_1_362' title='bbox 3679 2245 3847 2317; x_wconf 78' lang='lat' dir='ltr'><strong>qualis</strong></span> 
     </span>
    </p>
   </div>
   <div class='ocr_carea' id='block_1_52' title="bbox 2257 2336 3845 2415">
    <p class='ocr_par' dir='ltr' id='par_1_52' title="bbox 2257 2336 3845 2415">
     <span class='ocr_line' id='line_1_52' title="bbox 2257 2336 3845 2415; baseline -0.003 -21"><span class='ocrx_word' id='word_1_363' title='bbox 2257 2338 2329 2394; x_wconf 90' lang='lat' dir='ltr'><strong>sit</strong></span> <span class='ocrx_word' id='word_1_364' title='bbox 2356 2338 2446 2394; x_wconf 89' lang='lat' dir='ltr'><strong>illa</strong></span> <span class='ocrx_word' id='word_1_365' title='bbox 2466 2346 2633 2405; x_wconf 89' lang='lat' dir='ltr'><strong>terra,</strong></span> <span class='ocrx_word' id='word_1_366' title='bbox 2664 2338 2750 2394; x_wconf 92' lang='lat' dir='ltr'><strong>cui</strong></span> <span class='ocrx_word' id='word_1_367' title='bbox 2792 2338 2991 2394; x_wconf 89' lang='lat' dir='ltr'><strong>merito</strong></span> <span class='ocrx_word' id='word_1_368' title='bbox 3036 2337 3520 2409; x_wconf 83' lang='lat' dir='ltr'><strong>praevaricationis</strong></span> <span class='ocrx_word' id='word_1_369' title='bbox 3540 2337 3739 2415; x_wconf 83' lang='lat' dir='ltr'><strong>animi,</strong></span> <span class='ocrx_word' id='word_1_370' title='bbox 3762 2336 3845 2407; x_wconf 79' lang='lat' dir='ltr'><strong>qui</strong></span> 
     </span>
    </p>
   </div>
   <div class='ocr_carea' id='block_1_53' title="bbox 2256 2430 3847 2501">
    <p class='ocr_par' dir='ltr' id='par_1_53' title="bbox 2256 2430 3847 2501">
     <span class='ocr_line' id='line_1_53' title="bbox 2256 2430 3847 2501; baseline -0.003 -14"><span class='ocrx_word' id='word_1_371' title='bbox 2256 2439 2341 2487; x_wconf 89' lang='lat' dir='ltr'><strong>est</strong></span> <span class='ocrx_word' id='word_1_372' title='bbox 2367 2431 2449 2486; x_wconf 91' lang='lat' dir='ltr'><strong>vir</strong></span> <span class='ocrx_word' id='word_1_373' title='bbox 2469 2432 2740 2488; x_wconf 87' lang='lat' dir='ltr'><strong>humanae</strong></span> <span class='ocrx_word' id='word_1_374' title='bbox 2784 2440 3033 2498; x_wconf 90' lang='lat' dir='ltr'><strong>naturae,</strong></span> <span class='ocrx_word' id='word_1_375' title='bbox 3081 2431 3440 2497; x_wconf 90' lang='lat' dir='ltr'><strong>maledicitur,</strong></span> <span class='ocrx_word' id='word_1_376' title='bbox 3473 2438 3527 2486; x_wconf 90' lang='lat' dir='ltr'><strong>et</strong></span> <span class='ocrx_word' id='word_1_377' title='bbox 3583 2430 3763 2501; x_wconf 86' lang='lat' dir='ltr'><strong>qualis</strong></span> <span class='ocrx_word' id='word_1_378' title='bbox 3785 2431 3847 2485; x_wconf 85' lang='lat' dir='ltr'><strong>sit</strong></span> 
     </span>
    </p>
   </div>
   <div class='ocr_carea' id='block_1_54' title="bbox 2255 2526 3843 2601">
    <p class='ocr_par' dir='ltr' id='par_1_54' title="bbox 2255 2526 3843 2601">
     <span class='ocr_line' id='line_1_54' title="bbox 2255 2526 3843 2601; baseline -0.003 -18"><span class='ocrx_word' id='word_1_379' title='bbox 2255 2527 2345 2584; x_wconf 92' lang='lat' dir='ltr'><strong>illa</strong></span> <span class='ocrx_word' id='word_1_380' title='bbox 2366 2527 2694 2595; x_wconf 89' lang='lat' dir='ltr'><strong>maledictio,</strong></span> <span class='ocrx_word' id='word_1_381' title='bbox 2731 2536 2914 2583; x_wconf 91' lang='lat' dir='ltr'><strong>utrum</strong></span> <span class='ocrx_word' id='word_1_382' title='bbox 2956 2527 3341 2601; x_wconf 81' lang='lat' dir='ltr'><strong>indignationis</strong></span> <span class='ocrx_word' id='word_1_383' title='bbox 3360 2526 3630 2582; x_wconf 81' lang='lat' dir='ltr'><strong>severitas</strong></span> <span class='ocrx_word' id='word_1_384' title='bbox 3652 2527 3747 2591; x_wconf 91' lang='lat' dir='ltr'><strong>sit,</strong></span> <span class='ocrx_word' id='word_1_385' title='bbox 3785 2541 3843 2579; x_wconf 70' lang='lat' dir='ltr'><strong>an</strong></span> 
     </span>
    </p>
   </div>
   <div class='ocr_carea' id='block_1_55' title="bbox 2256 2618 3841 2692">
    <p class='ocr_par' dir='ltr' id='par_1_55' title="bbox 2256 2618 3841 2692">
     <span class='ocr_line' id='line_1_55' title="bbox 2256 2618 3841 2692; baseline -0.003 -18"><span class='ocrx_word' id='word_1_386' title='bbox 2256 2620 2521 2690; x_wconf 87' lang='lat' dir='ltr'><strong>quaedam</strong></span> <span class='ocrx_word' id='word_1_387' title='bbox 2545 2619 2773 2692; x_wconf 87' lang='lat' dir='ltr'><strong>mystica</strong></span> <span class='ocrx_word' id='word_1_388' title='bbox 2793 2619 3118 2691; x_wconf 77' lang='lat' dir='ltr'><strong>obiurgatio,</strong></span> <span class='ocrx_word' id='word_1_389' title='bbox 3135 2627 3192 2675; x_wconf 91' lang='lat' dir='ltr'><strong>et</strong></span> <span class='ocrx_word' id='word_1_390' title='bbox 3211 2634 3310 2674; x_wconf 88' lang='lat' dir='ltr'><strong>cur</strong></span> <span class='ocrx_word' id='word_1_391' title='bbox 3334 2633 3441 2673; x_wconf 92' lang='lat' dir='ltr'><strong>non</strong></span> <span class='ocrx_word' id='word_1_392' title='bbox 3471 2618 3591 2687; x_wconf 90' lang='lat' dir='ltr'><strong>ipse</strong></span> <span class='ocrx_word' id='word_1_393' title='bbox 3617 2619 3841 2679; x_wconf 86' lang='lat' dir='ltr'><strong>animus,</strong></span> 
     </span>
    </p>
   </div>
   <div class='ocr_carea' id='block_1_56' title="bbox 2254 2710 3843 2783">
    <p class='ocr_par' dir='ltr' id='par_1_56' title="bbox 2254 2710 3843 2783">
     <span class='ocr_line' id='line_1_56' title="bbox 2254 2710 3843 2783; baseline 0.001 -16"><span class='ocrx_word' id='word_1_394' title='bbox 2254 2712 2347 2783; x_wconf 90' lang='lat' dir='ltr'><strong>qui</strong></span> <span class='ocrx_word' id='word_1_395' title='bbox 2396 2710 2585 2768; x_wconf 79' lang='lat' dir='ltr'><strong>vacem</strong></span> <span class='ocrx_word' id='word_1_396' title='bbox 2637 2712 2883 2769; x_wconf 86' lang='lat' dir='ltr'><strong>mulieris</strong></span> <span class='ocrx_word' id='word_1_397' title='bbox 2931 2712 3179 2778; x_wconf 89' lang='lat' dir='ltr'><strong>audiens,</strong></span> <span class='ocrx_word' id='word_1_398' title='bbox 3232 2713 3571 2782; x_wconf 88' lang='lat' dir='ltr'><strong>vetitumque</strong></span> <span class='ocrx_word' id='word_1_399' title='bbox 3619 2712 3843 2768; x_wconf 83' lang='lat' dir='ltr'><strong>fructum</strong></span> 
     </span>
    </p>
   </div>
   <div class='ocr_carea' id='block_1_57' title="bbox 2253 2804 3845 2877">
    <p class='ocr_par' dir='ltr' id='par_1_57' title="bbox 2253 2804 3845 2877">
     <span class='ocr_line' id='line_1_57' title="bbox 2253 2804 3845 2877; baseline -0.001 -16"><span class='ocrx_word' id='word_1_400' title='bbox 2253 2805 2546 2861; x_wconf 90' lang='lat' dir='ltr'><strong>comedens</strong></span> <span class='ocrx_word' id='word_1_401' title='bbox 2572 2805 2839 2877; x_wconf 86' lang='lat' dir='ltr'><strong>peccavit,</strong></span> <span class='ocrx_word' id='word_1_402' title='bbox 2877 2804 3226 2861; x_wconf 89' lang='lat' dir='ltr'><strong>maledictum</strong></span> <span class='ocrx_word' id='word_1_403' title='bbox 3258 2804 3534 2870; x_wconf 89' lang='lat' dir='ltr'><strong>sustinuit,</strong></span> <span class='ocrx_word' id='word_1_404' title='bbox 3569 2812 3629 2860; x_wconf 90' lang='lat' dir='ltr'><strong>et</strong></span> <span class='ocrx_word' id='word_1_405' title='bbox 3652 2804 3706 2859; x_wconf 92' lang='lat' dir='ltr'><strong>in</strong></span> <span class='ocrx_word' id='word_1_406' title='bbox 3736 2804 3845 2875; x_wconf 87' lang='lat' dir='ltr'><strong>qui-</strong></span> 
     </span>
    </p>
   </div>
   <div class='ocr_carea' id='block_1_58' title="bbox 2252 2897 3843 2969">
    <p class='ocr_par' dir='ltr' id='par_1_58' title="bbox 2252 2897 3843 2969">
     <span class='ocr_line' id='line_1_58' title="bbox 2252 2897 3843 2969; baseline -0.001 -16"><span class='ocrx_word' id='word_1_407' title='bbox 2252 2898 2355 2953; x_wconf 89' lang='lat' dir='ltr'><strong>bus</strong></span> <span class='ocrx_word' id='word_1_408' title='bbox 2398 2897 2680 2954; x_wconf 88' lang='lat' dir='ltr'><strong>laboribus</strong></span> <span class='ocrx_word' id='word_1_409' title='bbox 2727 2899 2963 2954; x_wconf 89' lang='lat' dir='ltr'><strong>comedit</strong></span> <span class='ocrx_word' id='word_1_410' title='bbox 3004 2898 3345 2954; x_wconf 89' lang='lat' dir='ltr'><strong>maledictam</strong></span> <span class='ocrx_word' id='word_1_411' title='bbox 3392 2907 3625 2963; x_wconf 88' lang='lat' dir='ltr'><strong>terram,</strong></span> <span class='ocrx_word' id='word_1_412' title='bbox 3672 2907 3729 2953; x_wconf 83' lang='lat' dir='ltr'><strong>et</strong></span> <span class='ocrx_word' id='word_1_413' title='bbox 3761 2898 3843 2969; x_wconf 81' lang='lat' dir='ltr'><strong>qui</strong></span> 
     </span>
    </p>
   </div>
   <div class='ocr_carea' id='block_1_59' title="bbox 2254 2990 3842 3062">
    <p class='ocr_par' dir='ltr' id='par_1_59' title="bbox 2254 2990 3842 3062">
     <span class='ocr_line' id='line_1_59' title="bbox 2254 2990 3842 3062; baseline -0.001 -15"><span class='ocrx_word' id='word_1_414' title='bbox 2254 2999 2380 3047; x_wconf 89' lang='lat' dir='ltr'><strong>sunt</strong></span> <span class='ocrx_word' id='word_1_415' title='bbox 2408 2990 2525 3047; x_wconf 91' lang='lat' dir='ltr'><strong>dies</strong></span> <span class='ocrx_word' id='word_1_416' title='bbox 2568 2991 2713 3047; x_wconf 88' lang='lat' dir='ltr'><strong>vitae</strong></span> <span class='ocrx_word' id='word_1_417' title='bbox 2740 2992 2928 3058; x_wconf 92' lang='lat' dir='ltr'><strong>animi,</strong></span> <span class='ocrx_word' id='word_1_418' title='bbox 2966 2990 3262 3062; x_wconf 86' lang='lat' dir='ltr'><strong>qualesque</strong></span> <span class='ocrx_word' id='word_1_419' title='bbox 3309 2990 3493 3061; x_wconf 89' lang='lat' dir='ltr'><strong>spinas</strong></span> <span class='ocrx_word' id='word_1_420' title='bbox 3537 2998 3600 3046; x_wconf 86' lang='lat' dir='ltr'><strong>et</strong></span> <span class='ocrx_word' id='word_1_421' title='bbox 3628 2990 3842 3045; x_wconf 75' lang='lat' dir='ltr'><strong>tribulos</strong></span> 
     </span>
    </p>
   </div>
   <div class='ocr_carea' id='block_1_60' title="bbox 2254 3081 3840 3154">
    <p class='ocr_par' dir='ltr' id='par_1_60' title="bbox 2254 3081 3840 3154">
     <span class='ocr_line' id='line_1_60' title="bbox 2254 3081 3840 3154; baseline -0.001 -17"><span class='ocrx_word' id='word_1_422' title='bbox 2254 3082 2521 3151; x_wconf 85' lang='lat' dir='ltr'><strong>germinet</strong></span> <span class='ocrx_word' id='word_1_423' title='bbox 2543 3090 2688 3139; x_wconf 91' lang='lat' dir='ltr'><strong>terra</strong></span> <span class='ocrx_word' id='word_1_424' title='bbox 2719 3082 2808 3137; x_wconf 86' lang='lat' dir='ltr'><strong>illa</strong></span> <span class='ocrx_word' id='word_1_425' title='bbox 2837 3082 2900 3147; x_wconf 75' lang='grc'><strong>³⁵,</strong></span> <span class='ocrx_word' id='word_1_426' title='bbox 2934 3098 3180 3154; x_wconf 86' lang='lat' dir='ltr'><strong>quasque</strong></span> <span class='ocrx_word' id='word_1_427' title='bbox 3215 3082 3416 3138; x_wconf 88' lang='lat' dir='ltr'><strong>herbas</strong></span> <span class='ocrx_word' id='word_1_428' title='bbox 3448 3081 3570 3153; x_wconf 83' lang='lat' dir='ltr'><strong>ejus</strong></span> <span class='ocrx_word' id='word_1_429' title='bbox 3596 3082 3840 3145; x_wconf 80' lang='lat' dir='ltr'><strong>comedit,</strong></span> 
     </span>
    </p>
   </div>
   <div class='ocr_carea' id='block_1_61' title="bbox 2255 3173 3842 3246">
    <p class='ocr_par' dir='ltr' id='par_1_61' title="bbox 2255 3173 3842 3246">
     <span class='ocr_line' id='line_1_61' title="bbox 2255 3173 3842 3246; baseline -0.001 -17"><span class='ocrx_word' id='word_1_430' title='bbox 2255 3175 2377 3246; x_wconf 85' lang='lat' dir='ltr'><strong>quis</strong></span> <span class='ocrx_word' id='word_1_431' title='bbox 2398 3176 2584 3240; x_wconf 92' lang='lat' dir='ltr'><strong>sudor,</strong></span> <span class='ocrx_word' id='word_1_432' title='bbox 2610 3175 2733 3245; x_wconf 90' lang='lat' dir='ltr'><strong>quis</strong></span> <span class='ocrx_word' id='word_1_433' title='bbox 2760 3175 2961 3240; x_wconf 85' lang='lat' dir='ltr'><strong>vultus,</strong></span> <span class='ocrx_word' id='word_1_434' title='bbox 2992 3175 3169 3245; x_wconf 89' lang='lat' dir='ltr'><strong>qualis</strong></span> <span class='ocrx_word' id='word_1_435' title='bbox 3203 3174 3406 3230; x_wconf 89' lang='lat' dir='ltr'><strong>reditus</strong></span> <span class='ocrx_word' id='word_1_436' title='bbox 3461 3173 3633 3229; x_wconf 90' lang='lat' dir='ltr'><strong>animi</strong></span> <span class='ocrx_word' id='word_1_437' title='bbox 3661 3174 3716 3228; x_wconf 92' lang='lat' dir='ltr'><strong>in</strong></span> <span class='ocrx_word' id='word_1_438' title='bbox 3747 3182 3842 3229; x_wconf 86' lang='lat' dir='ltr'><strong>ter-</strong></span> 
     </span>
    </p>
   </div>
   <div class='ocr_carea' id='block_1_62' title="bbox 556 3254 3839 3345">
    <p class='ocr_par' dir='ltr' id='par_1_62' title="bbox 556 3254 3839 3345">
     <span class='ocr_line' id='line_1_62' title="bbox 556 3254 3839 3345; baseline 0.001 -20"><span class='ocrx_word' id='word_1_439' title='bbox 556 3285 651 3325; x_wconf 87' lang='lat' dir='ltr'><strong>sus</strong></span> <span class='ocrx_word' id='word_1_440' title='bbox 674 3278 997 3341; x_wconf 84' lang='lat' dir='ltr'><strong>potestatem</strong></span> <span class='ocrx_word' id='word_1_441' title='bbox 1029 3278 1326 3342; x_wconf 86' lang='lat' dir='ltr'><strong>nutumque</strong></span> <span class='ocrx_word' id='word_1_442' title='bbox 1365 3273 1531 3328; x_wconf 90' lang='lat' dir='ltr'><strong>animi</strong></span> <span class='ocrx_word' id='word_1_443' title='bbox 1556 3273 1788 3329; x_wconf 86' lang='lat' dir='ltr'><strong>libenter</strong></span> <span class='ocrx_word' id='word_1_444' title='bbox 1807 3283 2149 3345; x_wconf 77' lang='lat' dir='ltr'><strong>sequeretur,</strong></span> <span class='ocrx_word' id='word_1_445' title='bbox 2178 3258 2224 3323; x_wconf 89' lang='lat' dir='ltr'><strong>C</strong></span> <span class='ocrx_word' id='word_1_446' title='bbox 2244 3254 2394 3335; x_wconf 67' lang='lat' dir='ltr'><strong>ram,</strong></span> <span class='ocrx_word' id='word_1_447' title='bbox 2424 3269 2490 3323; x_wconf 88' lang='lat' dir='ltr'><strong>de</strong></span> <span class='ocrx_word' id='word_1_448' title='bbox 2518 3281 2623 3338; x_wconf 86' lang='lat' dir='ltr'><strong>qua</strong></span> <span class='ocrx_word' id='word_1_449' title='bbox 2648 3274 2895 3336; x_wconf 85' lang='lat' dir='ltr'><strong>sumptus</strong></span> <span class='ocrx_word' id='word_1_450' title='bbox 2919 3274 3025 3330; x_wconf 83' lang='lat' dir='ltr'><strong>est.</strong></span> <span class='ocrx_word' id='word_1_451' title='bbox 3049 3266 3172 3336; x_wconf 82' lang='lat' dir='ltr'><strong>quis</strong></span> <span class='ocrx_word' id='word_1_452' title='bbox 3204 3263 3575 3335; x_wconf 64' lang='lat' dir='ltr'><strong>pulvisillaec</strong></span> <span class='ocrx_word' id='word_1_453' title='bbox 3602 3265 3782 3319; x_wconf 78' lang='lat' dir='ltr'><strong>omnia</strong></span> <span class='ocrx_word' id='word_1_454' title='bbox 3800 3263 3839 3318; x_wconf 78' lang='grc' dir='ltr'><strong>εἰ</strong></span> 
     </span>
    </p>
   </div>
   <div class='ocr_carea' id='block_1_63' title="bbox 559 3364 2152 3438">
    <p class='ocr_par' dir='ltr' id='par_1_63' title="bbox 559 3364 2152 3438">
     <span class='ocr_line' id='line_1_63' title="bbox 559 3364 2152 3438; baseline 0.002 -19"><span class='ocrx_word' id='word_1_455' title='bbox 559 3378 758 3433; x_wconf 82' lang='lat' dir='ltr'><strong>corpus</strong></span> <span class='ocrx_word' id='word_1_456' title='bbox 799 3371 979 3419; x_wconf 91' lang='lat' dir='ltr'><strong>autem</strong></span> <span class='ocrx_word' id='word_1_457' title='bbox 1018 3364 1197 3418; x_wconf 88' lang='lat' dir='ltr'><strong>sensui</strong></span> <span class='ocrx_word' id='word_1_458' title='bbox 1232 3367 1629 3423; x_wconf 87' lang='lat' dir='ltr'><strong>succumberet.</strong></span> <span class='ocrx_word' id='word_1_459' title='bbox 1661 3365 1752 3421; x_wconf 92' lang='lat' dir='ltr'><strong>Sic</strong></span> <span class='ocrx_word' id='word_1_460' title='bbox 1792 3381 2026 3437; x_wconf 89' lang='lat' dir='ltr'><strong>namque</strong></span> <span class='ocrx_word' id='word_1_461' title='bbox 2047 3382 2152 3438; x_wconf 84' lang='lat' dir='ltr'><strong>pax</strong></span> 
     </span>
    </p>
   </div>
   <div class='ocr_carea' id='block_1_64' title="bbox 556 3454 2151 3527">
    <p class='ocr_par' dir='ltr' id='par_1_64' title="bbox 556 3454 2151 3527">
     <span class='ocr_line' id='line_1_64' title="bbox 556 3454 2151 3527; baseline 0.003 -17"><span class='ocrx_word' id='word_1_462' title='bbox 556 3463 612 3510; x_wconf 92' lang='lat' dir='ltr'><strong>et</strong></span> <span class='ocrx_word' id='word_1_463' title='bbox 660 3454 945 3509; x_wconf 89' lang='lat' dir='ltr'><strong>harmonia</strong></span> <span class='ocrx_word' id='word_1_464' title='bbox 994 3454 1164 3525; x_wconf 89' lang='lat' dir='ltr'><strong>ipsius</strong></span> <span class='ocrx_word' id='word_1_465' title='bbox 1204 3463 1487 3513; x_wconf 90' lang='lat' dir='ltr'><strong>creaturae</strong></span> <span class='ocrx_word' id='word_1_466' title='bbox 1534 3466 1590 3512; x_wconf 87' lang='lat' dir='ltr'><strong>et</strong></span> <span class='ocrx_word' id='word_1_467' title='bbox 1627 3458 1681 3513; x_wconf 93' lang='lat' dir='ltr'><strong>in</strong></span> <span class='ocrx_word' id='word_1_468' title='bbox 1714 3458 1891 3527; x_wconf 88' lang='lat' dir='ltr'><strong>seipsa</strong></span> <span class='ocrx_word' id='word_1_469' title='bbox 1938 3467 1993 3515; x_wconf 89' lang='lat' dir='ltr'><strong>et</strong></span> <span class='ocrx_word' id='word_1_470' title='bbox 2028 3474 2151 3516; x_wconf 91' lang='lat' dir='ltr'><strong>cum</strong></span> 
     </span>
    </p>
   </div>
   <div class='ocr_carea' id='block_1_65' title="bbox 557 3545 2150 3620">
    <p class='ocr_par' dir='ltr' id='par_1_65' title="bbox 557 3545 2150 3620">
     <span class='ocr_line' id='line_1_65' title="bbox 557 3545 2150 3620; baseline 0.004 -19"><span class='ocrx_word' id='word_1_471' title='bbox 557 3546 817 3602; x_wconf 90' lang='lat' dir='ltr'><strong>Creatore</strong></span> <span class='ocrx_word' id='word_1_472' title='bbox 851 3561 949 3602; x_wconf 93' lang='lat' dir='ltr'><strong>suo</strong></span> <span class='ocrx_word' id='word_1_473' title='bbox 979 3546 1151 3603; x_wconf 80' lang='lat' dir='ltr'><strong>ﬂeret.</strong></span> <span class='ocrx_word' id='word_1_474' title='bbox 1180 3545 1300 3602; x_wconf 87' lang='lat' dir='ltr'><strong>Jam</strong></span> <span class='ocrx_word' id='word_1_475' title='bbox 1329 3563 1462 3604; x_wconf 89' lang='lat' dir='ltr'><strong>vero</strong></span> <span class='ocrx_word' id='word_1_476' title='bbox 1489 3558 1614 3620; x_wconf 92' lang='lat' dir='ltr'><strong>post</strong></span> <span class='ocrx_word' id='word_1_477' title='bbox 1660 3550 2150 3620; x_wconf 81' lang='lat' dir='ltr'><strong>transgressionem</strong></span> 
     </span>
    </p>
   </div>
   <div class='ocr_carea' id='block_1_66' title="bbox 557 3641 2150 3715">
    <p class='ocr_par' dir='ltr' id='par_1_66' title="bbox 557 3641 2150 3715">
     <span class='ocr_line' id='line_1_66' title="bbox 557 3641 2150 3715; baseline 0.002 -16"><span class='ocrx_word' id='word_1_478' title='bbox 557 3642 725 3699; x_wconf 91' lang='lat' dir='ltr'><strong>divini</strong></span> <span class='ocrx_word' id='word_1_479' title='bbox 770 3641 1009 3698; x_wconf 90' lang='lat' dir='ltr'><strong>mandati</strong></span> <span class='ocrx_word' id='word_1_480' title='bbox 1053 3642 1175 3699; x_wconf 91' lang='lat' dir='ltr'><strong>talis</strong></span> <span class='ocrx_word' id='word_1_481' title='bbox 1221 3642 1377 3708; x_wconf 90' lang='lat' dir='ltr'><strong>ordo,</strong></span> <span class='ocrx_word' id='word_1_482' title='bbox 1425 3643 1493 3698; x_wconf 90' lang='lat' dir='ltr'><strong>ad</strong></span> <span class='ocrx_word' id='word_1_483' title='bbox 1532 3659 1692 3715; x_wconf 91' lang='lat' dir='ltr'><strong>quem</strong></span> <span class='ocrx_word' id='word_1_484' title='bbox 1723 3646 2150 3702; x_wconf 88' lang='lat' dir='ltr'><strong>conservandum</strong></span> 
     </span>
    </p>
   </div>
   <div class='ocr_carea' id='block_1_67' title="bbox 557 3733 2151 3806">
    <p class='ocr_par' dir='ltr' id='par_1_67' title="bbox 557 3733 2151 3806">
     <span class='ocr_line' id='line_1_67' title="bbox 557 3733 2151 3806; baseline 0.001 -15"><span class='ocrx_word' id='word_1_485' title='bbox 557 3741 776 3791; x_wconf 89' lang='lat' dir='ltr'><strong>creatus</strong></span> <span class='ocrx_word' id='word_1_486' title='bbox 798 3742 880 3790; x_wconf 89' lang='lat' dir='ltr'><strong>est</strong></span> <span class='ocrx_word' id='word_1_487' title='bbox 902 3733 1088 3801; x_wconf 89' lang='lat' dir='ltr'><strong>homo,</strong></span> <span class='ocrx_word' id='word_1_488' title='bbox 1120 3733 1348 3806; x_wconf 90' lang='lat' dir='ltr'><strong>talisque</strong></span> <span class='ocrx_word' id='word_1_489' title='bbox 1368 3749 1475 3805; x_wconf 93' lang='lat' dir='ltr'><strong>pax</strong></span> <span class='ocrx_word' id='word_1_490' title='bbox 1499 3742 1555 3790; x_wconf 91' lang='lat' dir='ltr'><strong>et</strong></span> <span class='ocrx_word' id='word_1_491' title='bbox 1578 3736 1760 3791; x_wconf 89' lang='lat' dir='ltr'><strong>unitas</strong></span> <span class='ocrx_word' id='word_1_492' title='bbox 1785 3734 2061 3792; x_wconf 90' lang='lat' dir='ltr'><strong>Creatoris</strong></span> <span class='ocrx_word' id='word_1_493' title='bbox 2094 3744 2151 3792; x_wconf 90' lang='lat' dir='ltr'><strong>et</strong></span> 
     </span>
    </p>
   </div>
   <div class='ocr_carea' id='block_1_68' title="bbox 2256 3357 3842 3425">
    <p class='ocr_par' dir='ltr' id='par_1_68' title="bbox 2256 3357 3842 3425">
     <span class='ocr_line' id='line_1_68' title="bbox 2256 3357 3842 3425; baseline -0.003 -8"><span class='ocrx_word' id='word_1_494' title='bbox 2256 3361 2551 3417; x_wconf 88' lang='lat' dir='ltr'><strong>secundum</strong></span> <span class='ocrx_word' id='word_1_495' title='bbox 2575 3358 2882 3425; x_wconf 86' lang='lat' dir='ltr'><strong>historiam,</strong></span> <span class='ocrx_word' id='word_1_496' title='bbox 2919 3358 3023 3414; x_wconf 87' lang='lat' dir='ltr'><strong>hoc</strong></span> <span class='ocrx_word' id='word_1_497' title='bbox 3049 3366 3156 3422; x_wconf 86' lang='lat' dir='ltr'><strong>est,</strong></span> <span class='ocrx_word' id='word_1_498' title='bbox 3184 3357 3483 3413; x_wconf 86' lang='lat' dir='ltr'><strong>secundum</strong></span> <span class='ocrx_word' id='word_1_499' title='bbox 3521 3373 3713 3413; x_wconf 85' lang='lat' dir='ltr'><strong>rerum</strong></span> <span class='ocrx_word' id='word_1_500' title='bbox 3736 3371 3842 3412; x_wconf 78' lang='lat' dir='ltr'><strong>sen-</strong></span> 
     </span>
    </p>
   </div>
   <div class='ocr_carea' id='block_1_69' title="bbox 2254 3451 3841 3526">
    <p class='ocr_par' dir='ltr' id='par_1_69' title="bbox 2254 3451 3841 3526">
     <span class='ocr_line' id='line_1_69' title="bbox 2254 3451 3841 3526; baseline -0.004 -14"><span class='ocrx_word' id='word_1_501' title='bbox 2254 3456 2514 3522; x_wconf 87' lang='lat' dir='ltr'><strong>sibilium,</strong></span> <span class='ocrx_word' id='word_1_502' title='bbox 2562 3469 2703 3526; x_wconf 89' lang='lat' dir='ltr'><strong>quae</strong></span> <span class='ocrx_word' id='word_1_503' title='bbox 2729 3455 2782 3509; x_wconf 88' lang='lat' dir='ltr'><strong>in</strong></span> <span class='ocrx_word' id='word_1_504' title='bbox 2811 3455 2915 3510; x_wconf 87' lang='lat' dir='ltr'><strong>hac</strong></span> <span class='ocrx_word' id='word_1_505' title='bbox 2946 3468 3008 3509; x_wconf 90' lang='lat' dir='ltr'><strong>ac</strong></span> <span class='ocrx_word' id='word_1_506' title='bbox 3036 3452 3079 3485; x_wconf 86' lang='grc'><strong>¹¹</strong></span> <span class='ocrx_word' id='word_1_507' title='bbox 3123 3452 3189 3509; x_wconf 89' lang='lat' dir='ltr'><strong>de</strong></span> <span class='ocrx_word' id='word_1_508' title='bbox 3231 3451 3334 3508; x_wconf 86' lang='lat' dir='ltr'><strong>hac</strong></span> <span class='ocrx_word' id='word_1_509' title='bbox 3360 3460 3506 3507; x_wconf 90' lang='lat' dir='ltr'><strong>terra</strong></span> <span class='ocrx_word' id='word_1_510' title='bbox 3544 3451 3841 3507; x_wconf 82' lang='lat' dir='ltr'><strong>hominibus</strong></span> 
     </span>
    </p>
   </div>
   <div class='ocr_carea' id='block_1_70' title="bbox 2253 3541 3841 3618">
    <p class='ocr_par' dir='ltr' id='par_1_70' title="bbox 2253 3541 3841 3618">
     <span class='ocr_line' id='line_1_70' title="bbox 2253 3541 3841 3618; baseline -0.006 -13"><span class='ocrx_word' id='word_1_511' title='bbox 2253 3548 2532 3605; x_wconf 88' lang='lat' dir='ltr'><strong>habitabili</strong></span> <span class='ocrx_word' id='word_1_512' title='bbox 2568 3548 2725 3614; x_wconf 81' lang='lat' dir='ltr'><strong>ﬁunt,</strong></span> <span class='ocrx_word' id='word_1_513' title='bbox 2766 3546 3119 3618; x_wconf 89' lang='lat' dir='ltr'><strong>accipiantur,</strong></span> <span class='ocrx_word' id='word_1_514' title='bbox 3150 3545 3292 3601; x_wconf 88' lang='lat' dir='ltr'><strong>sicut</strong></span> <span class='ocrx_word' id='word_1_515' title='bbox 3320 3542 3507 3599; x_wconf 90' lang='lat' dir='ltr'><strong>multis</strong></span> <span class='ocrx_word' id='word_1_516' title='bbox 3539 3541 3841 3598; x_wconf 83' lang='lat' dir='ltr'><strong>auctoribus</strong></span> 
     </span>
    </p>
   </div>
   <div class='ocr_carea' id='block_1_71' title="bbox 2252 3637 3841 3714">
    <p class='ocr_par' dir='ltr' id='par_1_71' title="bbox 2252 3637 3841 3714">
     <span class='ocr_line' id='line_1_71' title="bbox 2252 3637 3841 3714; baseline -0.001 -19"><span class='ocrx_word' id='word_1_517' title='bbox 2252 3642 2476 3714; x_wconf 90' lang='lat' dir='ltr'><strong>placuit,</strong></span> <span class='ocrx_word' id='word_1_518' title='bbox 2508 3650 2603 3697; x_wconf 92' lang='lat' dir='ltr'><strong>aut</strong></span> <span class='ocrx_word' id='word_1_519' title='bbox 2625 3640 2850 3705; x_wconf 91' lang='lat' dir='ltr'><strong>nullam,</strong></span> <span class='ocrx_word' id='word_1_520' title='bbox 2881 3648 2975 3694; x_wconf 90' lang='lat' dir='ltr'><strong>aut</strong></span> <span class='ocrx_word' id='word_1_521' title='bbox 3003 3638 3329 3695; x_wconf 90' lang='lat' dir='ltr'><strong>levissimam</strong></span> <span class='ocrx_word' id='word_1_522' title='bbox 3361 3638 3742 3708; x_wconf 88' lang='lat' dir='ltr'><strong>quaestionem</strong></span> <span class='ocrx_word' id='word_1_523' title='bbox 3774 3637 3841 3706; x_wconf 77' lang='grc' dir='ltr'><strong>εἰ·</strong></span> 
     </span>
    </p>
   </div>
   <div class='ocr_carea' id='block_1_72' title="bbox 2254 3729 3838 3808">
    <p class='ocr_par' dir='ltr' id='par_1_72' title="bbox 2254 3729 3838 3808">
     <span class='ocr_line' id='line_1_72' title="bbox 2254 3729 3838 3808; baseline -0.005 -18"><span class='ocrx_word' id='word_1_524' title='bbox 2254 3744 2457 3808; x_wconf 89' lang='lat' dir='ltr'><strong>gnunt;</strong></span> <span class='ocrx_word' id='word_1_525' title='bbox 2476 3734 2560 3790; x_wconf 89' lang='lat' dir='ltr'><strong>sin</strong></span> <span class='ocrx_word' id='word_1_526' title='bbox 2574 3748 2704 3789; x_wconf 90' lang='lat' dir='ltr'><strong>vero</strong></span> <span class='ocrx_word' id='word_1_527' title='bbox 2720 3732 2772 3788; x_wconf 90' lang='lat' dir='ltr'><strong>in</strong></span> <span class='ocrx_word' id='word_1_528' title='bbox 2799 3733 2914 3803; x_wconf 90' lang='lat' dir='ltr'><strong>ipsa</strong></span> <span class='ocrx_word' id='word_1_529' title='bbox 2929 3733 3163 3787; x_wconf 90' lang='lat' dir='ltr'><strong>humana</strong></span> <span class='ocrx_word' id='word_1_530' title='bbox 3187 3737 3402 3793; x_wconf 88' lang='lat' dir='ltr'><strong>natura,</strong></span> <span class='ocrx_word' id='word_1_531' title='bbox 3422 3729 3633 3785; x_wconf 88' lang='lat' dir='ltr'><strong>sicutet</strong></span> <span class='ocrx_word' id='word_1_532' title='bbox 3647 3739 3838 3792; x_wconf 82' lang='lat' dir='ltr'><strong>cetera,</strong></span> 
     </span>
    </p>
   </div>
   <div class='ocr_carea' id='block_1_73' title="bbox 560 3823 3838 3902">
    <p class='ocr_par' dir='ltr' id='par_1_73' title="bbox 560 3823 3838 3902">
     <span class='ocr_line' id='line_1_73' title="bbox 560 3823 3838 3902; baseline -0.002 -18"><span class='ocrx_word' id='word_1_533' title='bbox 560 3836 843 3884; x_wconf 90' lang='lat' dir='ltr'><strong>creaturae</strong></span> <span class='ocrx_word' id='word_1_534' title='bbox 873 3828 1226 3899; x_wconf 86' lang='lat' dir='ltr'><strong>perturbatus</strong></span> <span class='ocrx_word' id='word_1_535' title='bbox 1251 3836 1337 3884; x_wconf 90' lang='lat' dir='ltr'><strong>est</strong></span> <span class='ocrx_word' id='word_1_536' title='bbox 1369 3826 1392 3860; x_wconf 85' lang='lat'><strong>&#39;</strong></span> <span class='ocrx_word' id='word_1_537' title='bbox 1419 3843 1434 3883; x_wconf 89' lang='lat'><strong>:</strong></span> <span class='ocrx_word' id='word_1_538' title='bbox 1463 3828 1628 3884; x_wconf 89' lang='lat' dir='ltr'><strong>homo</strong></span> <span class='ocrx_word' id='word_1_539' title='bbox 1649 3828 1914 3899; x_wconf 89' lang='lat' dir='ltr'><strong>siquidem</strong></span> <span class='ocrx_word' id='word_1_540' title='bbox 1963 3837 2155 3901; x_wconf 90' lang='lat' dir='ltr'><strong>sponte</strong></span> <span class='ocrx_word' id='word_1_541' title='bbox 2253 3845 2393 3902; x_wconf 91' lang='lat' dir='ltr'><strong>quae</strong></span> <span class='ocrx_word' id='word_1_542' title='bbox 2415 3830 2482 3886; x_wconf 90' lang='lat' dir='ltr'><strong>de</strong></span> <span class='ocrx_word' id='word_1_543' title='bbox 2505 3829 2756 3901; x_wconf 88' lang='lat' dir='ltr'><strong>paradiso</strong></span> <span class='ocrx_word' id='word_1_544' title='bbox 2777 3827 3055 3902; x_wconf 89' lang='lat' dir='ltr'><strong>praedicta</strong></span> <span class='ocrx_word' id='word_1_545' title='bbox 3081 3836 3231 3891; x_wconf 90' lang='lat' dir='ltr'><strong>sunt,</strong></span> <span class='ocrx_word' id='word_1_546' title='bbox 3255 3823 3633 3897; x_wconf 88' lang='lat' dir='ltr'><strong>intelligantur</strong></span> <span class='ocrx_word' id='word_1_547' title='bbox 3655 3825 3720 3891; x_wconf 74' lang='grc'><strong>⁸⁸,</strong></span> <span class='ocrx_word' id='word_1_548' title='bbox 3748 3838 3838 3878; x_wconf 87' lang='lat' dir='ltr'><strong>non</strong></span> 
     </span>
    </p>
   </div>
   <div class='ocr_carea' id='block_1_74' title="bbox 559 3910 3839 3994">
    <p class='ocr_par' dir='ltr' id='par_1_74' title="bbox 559 3910 3839 3994">
     <span class='ocr_line' id='line_1_74' title="bbox 559 3910 3839 3994; baseline -0.002 -20"><span class='ocrx_word' id='word_1_549' title='bbox 559 3932 677 3983; x_wconf 88' lang='lat' dir='ltr'><strong>sua,</strong></span> <span class='ocrx_word' id='word_1_550' title='bbox 734 3916 882 3973; x_wconf 91' lang='lat' dir='ltr'><strong>nulla</strong></span> <span class='ocrx_word' id='word_1_551' title='bbox 937 3917 1222 3974; x_wconf 91' lang='lat' dir='ltr'><strong>occasione</strong></span> <span class='ocrx_word' id='word_1_552' title='bbox 1271 3924 1516 3990; x_wconf 84' lang='lat' dir='ltr'><strong>cogente,</strong></span> <span class='ocrx_word' id='word_1_553' title='bbox 1579 3933 1762 3975; x_wconf 89' lang='lat' dir='ltr'><strong>rerum</strong></span> <span class='ocrx_word' id='word_1_554' title='bbox 1812 3918 2150 3980; x_wconf 87' lang='lat' dir='ltr'><strong>sensibilium</strong></span> <span class='ocrx_word' id='word_1_555' title='bbox 2252 3937 2418 3994; x_wconf 87' lang='lat' dir='ltr'><strong>parva</strong></span> <span class='ocrx_word' id='word_1_556' title='bbox 2440 3921 2684 3994; x_wconf 87' lang='lat' dir='ltr'><strong>indigent</strong></span> <span class='ocrx_word' id='word_1_557' title='bbox 2708 3920 3072 3991; x_wconf 86' lang='lat' dir='ltr'><strong>indagatione.</strong></span> <span class='ocrx_word' id='word_1_558' title='bbox 3103 3910 3258 3988; x_wconf 81' lang='lat' dir='ltr'><strong>Quod</strong></span> <span class='ocrx_word' id='word_1_559' title='bbox 3281 3926 3462 3973; x_wconf 81' lang='lat' dir='ltr'><strong>autem</strong></span> <span class='ocrx_word' id='word_1_560' title='bbox 3485 3916 3839 3973; x_wconf 84' lang='lat' dir='ltr'><strong>etsecundum</strong></span> 
     </span>
    </p>
   </div>
   <div class='ocr_carea' id='block_1_75' title="bbox 561 4011 3838 4096">
    <p class='ocr_par' dir='ltr' id='par_1_75' title="bbox 561 4011 3838 4096">
     <span class='ocr_line' id='line_1_75' title="bbox 561 4011 3838 4096; baseline -0.002 -28"><span class='ocrx_word' id='word_1_561' title='bbox 561 4027 746 4068; x_wconf 89' lang='lat' dir='ltr'><strong>amore</strong></span> <span class='ocrx_word' id='word_1_562' title='bbox 777 4020 1093 4096; x_wconf 74' lang='lat' dir='ltr'><strong>corruptus,</strong></span> <span class='ocrx_word' id='word_1_563' title='bbox 1133 4012 1304 4068; x_wconf 78' lang='lat' dir='ltr'><strong>Deum</strong></span> <span class='ocrx_word' id='word_1_564' title='bbox 1351 4027 1508 4068; x_wconf 91' lang='lat' dir='ltr'><strong>suum</strong></span> <span class='ocrx_word' id='word_1_565' title='bbox 1535 4011 1811 4079; x_wconf 89' lang='lat' dir='ltr'><strong>deseruit;</strong></span> <span class='ocrx_word' id='word_1_566' title='bbox 1836 4014 1920 4068; x_wconf 91' lang='lat' dir='ltr'><strong>cui</strong></span> <span class='ocrx_word' id='word_1_567' title='bbox 1953 4014 2155 4070; x_wconf 87' lang='lat' dir='ltr'><strong>adhae-</strong></span> <span class='ocrx_word' id='word_1_568' title='bbox 2253 4031 2435 4073; x_wconf 90' lang='lat' dir='ltr'><strong>rerum</strong></span> <span class='ocrx_word' id='word_1_569' title='bbox 2464 4014 2733 4072; x_wconf 81' lang='lat' dir='ltr'><strong>factarum</strong></span> <span class='ocrx_word' id='word_1_570' title='bbox 2765 4014 3159 4086; x_wconf 87' lang='lat' dir='ltr'><strong>proprietatem</strong></span> <span class='ocrx_word' id='word_1_571' title='bbox 3196 4012 3564 4083; x_wconf 89' lang='lat' dir='ltr'><strong>accipiuntur,</strong></span> <span class='ocrx_word' id='word_1_572' title='bbox 3589 4020 3648 4066; x_wconf 91' lang='lat' dir='ltr'><strong>et</strong></span> <span class='ocrx_word' id='word_1_573' title='bbox 3670 4020 3838 4065; x_wconf 74' lang='lat' dir='ltr'><strong>uinea</strong></span> 
     </span>
    </p>
   </div>
   <div class='ocr_carea' id='block_1_76' title="bbox 556 4100 3840 4183">
    <p class='ocr_par' dir='ltr' id='par_1_76' title="bbox 556 4100 3840 4183">
     <span class='ocr_line' id='line_1_76' title="bbox 556 4100 3840 4183; baseline -0.003 -18"><span class='ocrx_word' id='word_1_574' title='bbox 556 4125 678 4166; x_wconf 91' lang='lat' dir='ltr'><strong>rere</strong></span> <span class='ocrx_word' id='word_1_575' title='bbox 706 4109 880 4167; x_wconf 89' lang='lat' dir='ltr'><strong>solum</strong></span> <span class='ocrx_word' id='word_1_576' title='bbox 904 4109 1104 4165; x_wconf 89' lang='lat' dir='ltr'><strong>bonum</strong></span> <span class='ocrx_word' id='word_1_577' title='bbox 1132 4118 1219 4165; x_wconf 89' lang='lat' dir='ltr'><strong>est</strong></span> <span class='ocrx_word' id='word_1_578' title='bbox 1255 4117 1478 4165; x_wconf 89' lang='lat' dir='ltr'><strong>nostrae</strong></span> <span class='ocrx_word' id='word_1_579' title='bbox 1515 4107 1857 4165; x_wconf 88' lang='lat' dir='ltr'><strong>substitionis</strong></span> <span class='ocrx_word' id='word_1_580' title='bbox 1880 4108 1903 4139; x_wconf 79' lang='lat'>&#39;</span> <span class='ocrx_word' id='word_1_581' title='bbox 1949 4117 2006 4164; x_wconf 90' lang='lat' dir='ltr'><strong>et</strong></span> <span class='ocrx_word' id='word_1_582' title='bbox 2042 4125 2150 4165; x_wconf 92' lang='lat' dir='ltr'><strong>non</strong></span> <span class='ocrx_word' id='word_1_583' title='bbox 2252 4108 2625 4183; x_wconf 89' lang='lat' dir='ltr'><strong>propheticam</strong></span> <span class='ocrx_word' id='word_1_584' title='bbox 2654 4106 2901 4181; x_wconf 86' lang='lat' dir='ltr'><strong>ﬂagitant</strong></span> <span class='ocrx_word' id='word_1_585' title='bbox 2939 4107 3316 4171; x_wconf 86' lang='lat' dir='ltr'><strong>intentionem,</strong></span> <span class='ocrx_word' id='word_1_586' title='bbox 3351 4112 3579 4160; x_wconf 89' lang='lat' dir='ltr'><strong>sanctus</strong></span> <span class='ocrx_word' id='word_1_587' title='bbox 3602 4100 3840 4172; x_wconf 83' lang='lat' dir='ltr'><strong>Augusti-</strong></span> 
     </span>
    </p>
   </div>
   <div class='ocr_carea' id='block_1_77' title="bbox 556 4196 3836 4278">
    <p class='ocr_par' dir='ltr' id='par_1_77' title="bbox 556 4196 3836 4278">
     <span class='ocr_line' id='line_1_77' title="bbox 556 4196 3836 4278; baseline -0.005 -18"><span class='ocrx_word' id='word_1_588' title='bbox 556 4204 725 4261; x_wconf 90' lang='lat' dir='ltr'><strong>aliud.</strong></span> <span class='ocrx_word' id='word_1_589' title='bbox 790 4203 1023 4278; x_wconf 83' lang='lat' dir='ltr'><strong>Ideoque</strong></span> <span class='ocrx_word' id='word_1_590' title='bbox 1069 4204 1213 4260; x_wconf 86' lang='lat' dir='ltr'><strong>Deus</strong></span> <span class='ocrx_word' id='word_1_591' title='bbox 1262 4203 1575 4275; x_wconf 90' lang='lat' dir='ltr'><strong>superbiam</strong></span> <span class='ocrx_word' id='word_1_592' title='bbox 1620 4202 1891 4258; x_wconf 91' lang='lat' dir='ltr'><strong>humanae</strong></span> <span class='ocrx_word' id='word_1_593' title='bbox 1924 4211 2153 4261; x_wconf 89' lang='lat' dir='ltr'><strong>naturae</strong></span> <span class='ocrx_word' id='word_1_594' title='bbox 2254 4219 2358 4260; x_wconf 92' lang='lat' dir='ltr'><strong>nus</strong></span> <span class='ocrx_word' id='word_1_595' title='bbox 2399 4203 2453 4257; x_wconf 93' lang='lat' dir='ltr'><strong>in</strong></span> <span class='ocrx_word' id='word_1_596' title='bbox 2479 4203 2765 4259; x_wconf 86' lang='lat' dir='ltr'><strong>undecimo</strong></span> <span class='ocrx_word' id='word_1_597' title='bbox 2796 4200 3048 4257; x_wconf 80' lang='lat' dir='ltr'><strong>Exemeri</strong></span> <span class='ocrx_word' id='word_1_598' title='bbox 3106 4200 3188 4256; x_wconf 88' lang='lat' dir='ltr'><strong>sui</strong></span> <span class='ocrx_word' id='word_1_599' title='bbox 3228 4206 3459 4255; x_wconf 89' lang='lat' dir='ltr'><strong>testatur</strong></span> <span class='ocrx_word' id='word_1_600' title='bbox 3497 4198 3588 4253; x_wconf 91' lang='lat' dir='ltr'><strong>his</strong></span> <span class='ocrx_word' id='word_1_601' title='bbox 3634 4196 3836 4252; x_wconf 85' lang='lat' dir='ltr'><strong>verbis:</strong></span> 
     </span>
    </p>
   </div>
   <div class='ocr_carea' id='block_1_78' title="bbox 556 4291 3839 4371">
    <p class='ocr_par' dir='ltr' id='par_1_78' title="bbox 556 4291 3839 4371">
     <span class='ocr_line' id='line_1_78' title="bbox 556 4291 3839 4371; baseline -0.004 -16"><span class='ocrx_word' id='word_1_602' title='bbox 556 4313 817 4371; x_wconf 90' lang='lat' dir='ltr'><strong>spernere</strong></span> <span class='ocrx_word' id='word_1_603' title='bbox 861 4299 884 4332; x_wconf 90' lang='lat'><strong><em>&quot;</em></strong></span> <span class='ocrx_word' id='word_1_604' title='bbox 919 4299 1124 4362; x_wconf 86' lang='lat' dir='ltr'><strong>volens,</strong></span> <span class='ocrx_word' id='word_1_605' title='bbox 1175 4298 1409 4370; x_wconf 89' lang='lat' dir='ltr'><strong>propriis</strong></span> <span class='ocrx_word' id='word_1_606' title='bbox 1448 4298 1561 4355; x_wconf 90' lang='lat' dir='ltr'><strong>suis</strong></span> <span class='ocrx_word' id='word_1_607' title='bbox 1591 4297 2055 4355; x_wconf 89' lang='lat' dir='ltr'><strong>irrationabilibus</strong></span> <span class='ocrx_word' id='word_1_608' title='bbox 2083 4298 2150 4355; x_wconf 90' lang='lat' dir='ltr'><strong>li-</strong></span> <span class='ocrx_word' id='word_1_609' title='bbox 2254 4296 2395 4365; x_wconf 81' lang='lat' dir='ltr'><strong>Quia</strong></span> <span class='ocrx_word' id='word_1_610' title='bbox 2428 4296 2626 4351; x_wconf 82' lang='lat' dir='ltr'><strong>audisti</strong></span> <span class='ocrx_word' id='word_1_611' title='bbox 2660 4312 2832 4351; x_wconf 85' lang='lat' dir='ltr'><strong>vocem</strong></span> <span class='ocrx_word' id='word_1_612' title='bbox 2871 4295 3110 4351; x_wconf 81' lang='lat' dir='ltr'><strong>mulieris</strong></span> <span class='ocrx_word' id='word_1_613' title='bbox 3144 4303 3285 4360; x_wconf 87' lang='lat' dir='ltr'><strong>tuae,</strong></span> <span class='ocrx_word' id='word_1_614' title='bbox 3315 4303 3364 4348; x_wconf 84' lang='lat' dir='ltr'><strong>et</strong></span> <span class='ocrx_word' id='word_1_615' title='bbox 3397 4292 3555 4347; x_wconf 85' lang='lat' dir='ltr'><strong>edisti</strong></span> <span class='ocrx_word' id='word_1_616' title='bbox 3575 4292 3643 4346; x_wconf 79' lang='lat' dir='ltr'><strong>de</strong></span> <span class='ocrx_word' id='word_1_617' title='bbox 3679 4291 3839 4361; x_wconf 73' lang='lat' dir='ltr'><strong>ligno,</strong></span> 
     </span>
    </p>
   </div>
   <div class='ocr_carea' id='block_1_79' title="bbox 558 4379 3841 4460">
    <p class='ocr_par' dir='ltr' id='par_1_79' title="bbox 558 4379 3841 4460">
     <span class='ocr_line' id='line_1_79' title="bbox 558 4379 3841 4460; baseline -0.005 -13"><span class='ocrx_word' id='word_1_618' title='bbox 558 4390 794 4460; x_wconf 88' lang='lat' dir='ltr'><strong>bitisqne</strong></span> <span class='ocrx_word' id='word_1_619' title='bbox 846 4389 1084 4444; x_wconf 86' lang='lat' dir='ltr'><strong>motibus</strong></span> <span class='ocrx_word' id='word_1_620' title='bbox 1135 4388 1407 4444; x_wconf 88' lang='lat' dir='ltr'><strong>hominem</strong></span> <span class='ocrx_word' id='word_1_621' title='bbox 1459 4387 1709 4458; x_wconf 88' lang='lat' dir='ltr'><strong>permisit</strong></span> <span class='ocrx_word' id='word_1_622' title='bbox 1753 4388 1937 4456; x_wconf 89' lang='lat' dir='ltr'><strong>abuti,</strong></span> <span class='ocrx_word' id='word_1_623' title='bbox 1981 4396 2044 4445; x_wconf 89' lang='lat' dir='ltr'><strong>ut</strong></span> <span class='ocrx_word' id='word_1_624' title='bbox 2095 4390 2153 4447; x_wconf 92' lang='lat' dir='ltr'><strong>in</strong></span> <span class='ocrx_word' id='word_1_625' title='bbox 2255 4388 2805 4460; x_wconf 80' lang='lat' dir='ltr'><strong>dequopraeceperam</strong></span> <span class='ocrx_word' id='word_1_626' title='bbox 2827 4387 2940 4452; x_wconf 87' lang='lat' dir='ltr'><strong>tibi,</strong></span> <span class='ocrx_word' id='word_1_627' title='bbox 2959 4386 3097 4441; x_wconf 86' lang='lat' dir='ltr'><strong>deeo</strong></span> <span class='ocrx_word' id='word_1_628' title='bbox 3119 4383 3349 4440; x_wconf 90' lang='lat' dir='ltr'><strong>solonon</strong></span> <span class='ocrx_word' id='word_1_629' title='bbox 3368 4382 3541 4446; x_wconf 80' lang='lat' dir='ltr'><strong>edere,</strong></span> <span class='ocrx_word' id='word_1_630' title='bbox 3572 4379 3841 4435; x_wconf 76' lang='lat' dir='ltr'><strong>maledicis</strong></span> 
     </span>
    </p>
   </div>
   <div class='ocr_carea' id='block_1_80' title="bbox 558 4473 3840 4553">
    <p class='ocr_par' dir='ltr' id='par_1_80' title="bbox 558 4473 3840 4553">
     <span class='ocr_line' id='line_1_80' title="bbox 558 4473 3840 4553; baseline -0.004 -17"><span class='ocrx_word' id='word_1_631' title='bbox 558 4482 737 4551; x_wconf 87' lang='lat' dir='ltr'><strong>seipso</strong></span> <span class='ocrx_word' id='word_1_632' title='bbox 779 4479 1055 4551; x_wconf 86' lang='lat' dir='ltr'><strong>probaret,</strong></span> <span class='ocrx_word' id='word_1_633' title='bbox 1104 4478 1232 4550; x_wconf 90' lang='lat' dir='ltr'><strong>quid</strong></span> <span class='ocrx_word' id='word_1_634' title='bbox 1270 4478 1353 4534; x_wconf 90' lang='lat' dir='ltr'><strong>sui</strong></span> <span class='ocrx_word' id='word_1_635' title='bbox 1410 4478 1721 4537; x_wconf 87' lang='lat' dir='ltr'><strong>Conditoris</strong></span> <span class='ocrx_word' id='word_1_636' title='bbox 1768 4481 1941 4553; x_wconf 87' lang='lat' dir='ltr'><strong>gratia</strong></span> <span class='ocrx_word' id='word_1_637' title='bbox 1989 4482 2154 4538; x_wconf 84' lang='lat' dir='ltr'><strong>meri-</strong></span> <span class='ocrx_word' id='word_1_638' title='bbox 2256 4489 2396 4537; x_wconf 90' lang='lat' dir='ltr'><strong>terra</strong></span> <span class='ocrx_word' id='word_1_639' title='bbox 2416 4480 2470 4536; x_wconf 86' lang='lat' dir='ltr'><strong>in</strong></span> <span class='ocrx_word' id='word_1_640' title='bbox 2494 4480 2733 4553; x_wconf 84' lang='lat' dir='ltr'><strong>operibus</strong></span> <span class='ocrx_word' id='word_1_641' title='bbox 2755 4481 2878 4535; x_wconf 87' lang='lat' dir='ltr'><strong>tuis.</strong></span> <span class='ocrx_word' id='word_1_642' title='bbox 2904 4478 2971 4533; x_wconf 88' lang='lat' dir='ltr'><strong>In</strong></span> <span class='ocrx_word' id='word_1_643' title='bbox 2992 4476 3347 4533; x_wconf 82' lang='lat' dir='ltr'><strong>tristitiisedes</strong></span> <span class='ocrx_word' id='word_1_644' title='bbox 3370 4474 3515 4530; x_wconf 87' lang='lat' dir='ltr'><strong>illam</strong></span> <span class='ocrx_word' id='word_1_645' title='bbox 3544 4489 3728 4528; x_wconf 81' lang='lat' dir='ltr'><strong>omnes</strong></span> <span class='ocrx_word' id='word_1_646' title='bbox 3745 4473 3840 4525; x_wconf 75' lang='lat' dir='ltr'><strong>dies</strong></span> 
     </span>
    </p>
   </div>
   <div class='ocr_carea' id='block_1_81' title="bbox 560 4565 3841 4645">
    <p class='ocr_par' dir='ltr' id='par_1_81' title="bbox 560 4565 3841 4645">
     <span class='ocr_line' id='line_1_81' title="bbox 560 4565 3841 4645; baseline -0.003 -17"><span class='ocrx_word' id='word_1_647' title='bbox 560 4583 780 4643; x_wconf 90' lang='lat' dir='ltr'><strong>tumque</strong></span> <span class='ocrx_word' id='word_1_648' title='bbox 829 4571 1186 4638; x_wconf 90' lang='lat' dir='ltr'><strong>obedientiae,</strong></span> <span class='ocrx_word' id='word_1_649' title='bbox 1217 4580 1273 4627; x_wconf 91' lang='lat' dir='ltr'><strong>et</strong></span> <span class='ocrx_word' id='word_1_650' title='bbox 1308 4572 1436 4643; x_wconf 81' lang='lat' dir='ltr'><strong>quid</strong></span> <span class='ocrx_word' id='word_1_651' title='bbox 1482 4572 1870 4630; x_wconf 80' lang='lat' dir='ltr'><strong>irratio‘nabilis</strong></span> <span class='ocrx_word' id='word_1_652' title='bbox 1920 4585 2098 4631; x_wconf 90' lang='lat' dir='ltr'><strong>motus</strong></span> <span class='ocrx_word' id='word_1_653' title='bbox 2127 4577 2149 4610; x_wconf 78' lang='grc'><strong>⁸</strong></span> <span class='ocrx_word' id='word_1_654' title='bbox 2178 4630 2229 4645; x_wconf 71' lang='lat'>_</span> <span class='ocrx_word' id='word_1_655' title='bbox 2254 4576 2390 4631; x_wconf 84' lang='lat' dir='ltr'><strong>vitae</strong></span> <span class='ocrx_word' id='word_1_656' title='bbox 2414 4585 2534 4630; x_wconf 89' lang='lat' dir='ltr'><strong>tuae</strong></span> <span class='ocrx_word' id='word_1_657' title='bbox 2561 4590 2580 4629; x_wconf 92' lang='lat'><strong>:</strong></span> <span class='ocrx_word' id='word_1_658' title='bbox 2610 4576 2789 4645; x_wconf 83' lang='lat' dir='ltr'><strong>spinas</strong></span> <span class='ocrx_word' id='word_1_659' title='bbox 2810 4572 2885 4628; x_wconf 82' lang='lat' dir='ltr'><strong>vel</strong></span> <span class='ocrx_word' id='word_1_660' title='bbox 2903 4572 3179 4627; x_wconf 76' lang='lat' dir='ltr'><strong>&quot;tribulos</strong></span> <span class='ocrx_word' id='word_1_661' title='bbox 3210 4570 3326 4624; x_wconf 84' lang='lat' dir='ltr'><strong>edet</strong></span> <span class='ocrx_word' id='word_1_662' title='bbox 3360 4568 3470 4622; x_wconf 87' lang='lat' dir='ltr'><strong>tibi.</strong></span> <span class='ocrx_word' id='word_1_663' title='bbox 3502 4567 3575 4620; x_wconf 84' lang='lat' dir='ltr'><strong>Et</strong></span> <span class='ocrx_word' id='word_1_664' title='bbox 3602 4567 3726 4621; x_wconf 80' lang='lat' dir='ltr'><strong>edes</strong></span> <span class='ocrx_word' id='word_1_665' title='bbox 3750 4565 3841 4633; x_wconf 76' lang='lat' dir='ltr'><strong>[oe-</strong></span> 
     </span>
    </p>
   </div>
   <div class='ocr_carea' id='block_1_82' title="bbox 555 4663 2151 4738">
    <p class='ocr_par' dir='ltr' id='par_1_82' title="bbox 555 4663 2151 4738">
     <span class='ocr_line' id='line_1_82' title="bbox 555 4663 2151 4738; baseline 0.004 -19"><span class='ocrx_word' id='word_1_666' title='bbox 555 4664 895 4734; x_wconf 86' lang='lat' dir='ltr'><strong>snperbaque</strong></span> <span class='ocrx_word' id='word_1_667' title='bbox 935 4663 1172 4719; x_wconf 90' lang='lat' dir='ltr'><strong>mandati</strong></span> <span class='ocrx_word' id='word_1_668' title='bbox 1213 4665 1569 4738; x_wconf 87' lang='lat' dir='ltr'><strong>transgressio</strong></span> <span class='ocrx_word' id='word_1_669' title='bbox 1596 4665 1701 4722; x_wconf 90' lang='lat' dir='ltr'><strong>sibi</strong></span> <span class='ocrx_word' id='word_1_670' title='bbox 1750 4665 2039 4723; x_wconf 84' lang='lat' dir='ltr'><strong>conferret.</strong></span> <span class='ocrx_word' id='word_1_671' title='bbox 2073 4668 2151 4725; x_wconf 79' lang='lat' dir='ltr'><strong>Ac</strong></span> 
     </span>
    </p>
   </div>
   <div class='ocr_carea' id='block_1_83' title="bbox 559 4755 2150 4830">
    <p class='ocr_par' dir='ltr' id='par_1_83' title="bbox 559 4755 2150 4830">
     <span class='ocr_line' id='line_1_83' title="bbox 559 4755 2150 4830; baseline 0.006 -20"><span class='ocrx_word' id='word_1_672' title='bbox 559 4756 789 4826; x_wconf 61' lang='lat' dir='ltr'><strong>perohoc</strong></span> <span class='ocrx_word' id='word_1_673' title='bbox 817 4755 980 4812; x_wconf 83' lang='lat' dir='ltr'><strong>veluti</strong></span> <span class='ocrx_word' id='word_1_674' title='bbox 1008 4756 1296 4814; x_wconf 89' lang='lat' dir='ltr'><strong>divortium</strong></span> <span class='ocrx_word' id='word_1_675' title='bbox 1335 4760 1607 4830; x_wconf 89' lang='lat' dir='ltr'><strong>quoddam</strong></span> <span class='ocrx_word' id='word_1_676' title='bbox 1629 4759 1799 4817; x_wconf 89' lang='lat' dir='ltr'><strong>maris</strong></span> <span class='ocrx_word' id='word_1_677' title='bbox 1834 4769 1891 4817; x_wconf 90' lang='lat' dir='ltr'><strong>et</strong></span> <span class='ocrx_word' id='word_1_678' title='bbox 1915 4760 2150 4820; x_wconf 82' lang='lat' dir='ltr'><strong>feminae</strong></span> 
     </span>
    </p>
   </div>
   <div class='ocr_carea' id='block_1_84' title="bbox 556 4850 2148 4921">
    <p class='ocr_par' dir='ltr' id='par_1_84' title="bbox 556 4850 2148 4921">
     <span class='ocr_line' id='line_1_84' title="bbox 556 4850 2148 4921; baseline 0.005 -18"><span class='ocrx_word' id='word_1_679' title='bbox 556 4850 947 4919; x_wconf 84' lang='lat' dir='ltr'><strong>subsequutum</strong></span> <span class='ocrx_word' id='word_1_680' title='bbox 972 4858 1056 4906; x_wconf 90' lang='lat' dir='ltr'><strong>est</strong></span> <span class='ocrx_word' id='word_1_681' title='bbox 1082 4850 1223 4906; x_wconf 91' lang='lat' dir='ltr'><strong>inter</strong></span> <span class='ocrx_word' id='word_1_682' title='bbox 1248 4851 1489 4908; x_wconf 88' lang='lat' dir='ltr'><strong>animum</strong></span> <span class='ocrx_word' id='word_1_683' title='bbox 1510 4862 1563 4908; x_wconf 89' lang='lat' dir='ltr'><strong>et</strong></span> <span class='ocrx_word' id='word_1_684' title='bbox 1589 4868 1839 4921; x_wconf 88' lang='lat' dir='ltr'><strong>sensum;</strong></span> <span class='ocrx_word' id='word_1_685' title='bbox 1867 4869 1972 4910; x_wconf 91' lang='lat' dir='ltr'><strong>non</strong></span> <span class='ocrx_word' id='word_1_686' title='bbox 2003 4855 2148 4912; x_wconf 91' lang='lat' dir='ltr'><strong>enim</strong></span> 
     </span>
    </p>
   </div>
   <div class='ocr_carea' id='block_1_85' title="bbox 557 4937 2148 5015">
    <p class='ocr_par' dir='ltr' id='par_1_85' title="bbox 557 4937 2148 5015">
     <span class='ocr_line' id='line_1_85' title="bbox 557 4937 2148 5015; baseline 0.007 -24"><span class='ocrx_word' id='word_1_687' title='bbox 557 4937 899 5010; x_wconf 85' lang='lat' dir='ltr'><strong>obtemperat</strong></span> <span class='ocrx_word' id='word_1_688' title='bbox 920 4955 1111 4996; x_wconf 90' lang='lat' dir='ltr'><strong>sensus</strong></span> <span class='ocrx_word' id='word_1_689' title='bbox 1137 4955 1431 5012; x_wconf 86' lang='lat' dir='ltr'><strong>corporeus</strong></span> <span class='ocrx_word' id='word_1_690' title='bbox 1451 4942 1785 5014; x_wconf 82' lang='lat' dir='ltr'><strong>jussionibus</strong></span> <span class='ocrx_word' id='word_1_691' title='bbox 1817 4945 1979 5001; x_wconf 92' lang='lat' dir='ltr'><strong>animi</strong></span> <span class='ocrx_word' id='word_1_692' title='bbox 1994 4945 2148 5015; x_wconf 85' lang='lat' dir='ltr'><strong>juxta</strong></span> 
     </span>
    </p>
   </div>
   <div class='ocr_carea' id='block_1_86' title="bbox 558 5031 2151 5113">
    <p class='ocr_par' dir='ltr' id='par_1_86' title="bbox 558 5031 2151 5113">
     <span class='ocr_line' id='line_1_86' title="bbox 558 5031 2151 5113; baseline 0.007 -27"><span class='ocrx_word' id='word_1_693' title='bbox 558 5031 703 5101; x_wconf 82' lang='lat' dir='ltr'><strong>leges</strong></span> <span class='ocrx_word' id='word_1_694' title='bbox 762 5042 1004 5091; x_wconf 91' lang='lat' dir='ltr'><strong>naturae.</strong></span> <span class='ocrx_word' id='word_1_695' title='bbox 1067 5033 1222 5103; x_wconf 85' lang='lat' dir='ltr'><strong>Quod</strong></span> <span class='ocrx_word' id='word_1_696' title='bbox 1287 5035 1573 5093; x_wconf 90' lang='lat' dir='ltr'><strong>divortium</strong></span> <span class='ocrx_word' id='word_1_697' title='bbox 1622 5039 1909 5110; x_wconf 82' lang='lat' dir='ltr'><strong>Aposmlus</strong></span> <span class='ocrx_word' id='word_1_698' title='bbox 1964 5049 2151 5113; x_wconf 91' lang='lat' dir='ltr'><strong>aperte</strong></span> 
     </span>
    </p>
   </div>
   <div class='ocr_carea' id='block_1_87' title="bbox 560 5127 2150 5206">
    <p class='ocr_par' dir='ltr' id='par_1_87' title="bbox 560 5127 2150 5206">
     <span class='ocr_line' id='line_1_87' title="bbox 560 5127 2150 5206; baseline 0.005 -25"><span class='ocrx_word' id='word_1_699' title='bbox 560 5127 889 5200; x_wconf 89' lang='lat' dir='ltr'><strong>pulchreque</strong></span> <span class='ocrx_word' id='word_1_700' title='bbox 913 5129 1202 5202; x_wconf 79' lang='lat' dir='ltr'><strong>expressit,</strong></span> <span class='ocrx_word' id='word_1_701' title='bbox 1233 5128 1454 5185; x_wconf 89' lang='lat' dir='ltr'><strong>dicens:</strong></span> <span class='ocrx_word' id='word_1_702' title='bbox 1494 5129 1671 5187; x_wconf 76' lang='lat' dir='ltr'><strong>Mente</strong></span> <span class='ocrx_word' id='word_1_703' title='bbox 1694 5134 1860 5188; x_wconf 81' lang='lat' dir='ltr'><strong>servio</strong></span> <span class='ocrx_word' id='word_1_704' title='bbox 1889 5132 1990 5206; x_wconf 85' lang='lat' dir='ltr'><strong>legi</strong></span> <span class='ocrx_word' id='word_1_705' title='bbox 2028 5133 2150 5201; x_wconf 87' lang='lat' dir='ltr'><strong>Dei,</strong></span> 
     </span>
    </p>
   </div>
   <div class='ocr_carea' id='block_1_88' title="bbox 560 5223 2149 5296">
    <p class='ocr_par' dir='ltr' id='par_1_88' title="bbox 560 5223 2149 5296">
     <span class='ocr_line' id='line_1_88' title="bbox 560 5223 2149 5296; baseline 0.003 -18"><span class='ocrx_word' id='word_1_706' title='bbox 560 5240 720 5279; x_wconf 89' lang='lat' dir='ltr'><strong>carne</strong></span> <span class='ocrx_word' id='word_1_707' title='bbox 754 5234 927 5280; x_wconf 89' lang='lat' dir='ltr'><strong>autem</strong></span> <span class='ocrx_word' id='word_1_708' title='bbox 957 5223 1057 5295; x_wconf 86' lang='lat' dir='ltr'><strong>legi</strong></span> <span class='ocrx_word' id='word_1_709' title='bbox 1090 5224 1309 5296; x_wconf 82' lang='lat' dir='ltr'><strong>peccati,</strong></span> <span class='ocrx_word' id='word_1_710' title='bbox 1347 5239 1567 5281; x_wconf 87' lang='lat' dir='ltr'><strong>carnem</strong></span> <span class='ocrx_word' id='word_1_711' title='bbox 1592 5225 1843 5284; x_wconf 86' lang='lat' dir='ltr'><strong>videlicet</strong></span> <span class='ocrx_word' id='word_1_712' title='bbox 1871 5228 2149 5284; x_wconf 87' lang='lat' dir='ltr'><strong>carnalem</strong></span> 
     </span>
    </p>
   </div>
   <div class='ocr_carea' id='block_1_89' title="bbox 563 5314 2154 5387">
    <p class='ocr_par' dir='ltr' id='par_1_89' title="bbox 563 5314 2154 5387">
     <span class='ocr_line' id='line_1_89' title="bbox 563 5314 2154 5387; baseline 0.004 -17"><span class='ocrx_word' id='word_1_713' title='bbox 563 5330 780 5370; x_wconf 85' lang='lat' dir='ltr'><strong>sensum</strong></span> <span class='ocrx_word' id='word_1_714' title='bbox 809 5314 1105 5387; x_wconf 88' lang='lat' dir='ltr'><strong>appellans,</strong></span> <span class='ocrx_word' id='word_1_715' title='bbox 1157 5315 1249 5386; x_wconf 91' lang='lat' dir='ltr'><strong>qui</strong></span> <span class='ocrx_word' id='word_1_716' title='bbox 1280 5315 1687 5374; x_wconf 89' lang='lat' dir='ltr'><strong>rationabilibus</strong></span> <span class='ocrx_word' id='word_1_717' title='bbox 1712 5318 1879 5374; x_wconf 90' lang='lat' dir='ltr'><strong>animi</strong></span> <span class='ocrx_word' id='word_1_718' title='bbox 1919 5319 2154 5376; x_wconf 88' lang='lat' dir='ltr'><strong>motibus</strong></span> 
     </span>
    </p>
   </div>
   <div class='ocr_carea' id='block_1_90' title="bbox 558 5406 2150 5481">
    <p class='ocr_par' dir='ltr' id='par_1_90' title="bbox 558 5406 2150 5481">
     <span class='ocr_line' id='line_1_90' title="bbox 558 5406 2150 5481; baseline 0.001 -17"><span class='ocrx_word' id='word_1_719' title='bbox 558 5406 724 5465; x_wconf 88' lang='lat' dir='ltr'><strong>etiam</strong></span> <span class='ocrx_word' id='word_1_720' title='bbox 768 5406 823 5463; x_wconf 92' lang='lat' dir='ltr'><strong>in</strong></span> <span class='ocrx_word' id='word_1_721' title='bbox 869 5408 971 5474; x_wconf 90' lang='lat' dir='ltr'><strong>his,</strong></span> <span class='ocrx_word' id='word_1_722' title='bbox 1006 5406 1098 5481; x_wconf 89' lang='lat' dir='ltr'><strong>qui</strong></span> <span class='ocrx_word' id='word_1_723' title='bbox 1125 5406 1349 5480; x_wconf 79' lang='lat' dir='ltr'><strong>perfecti</strong></span> <span class='ocrx_word' id='word_1_724' title='bbox 1397 5416 1540 5476; x_wconf 87' lang='lat' dir='ltr'><strong>sunt,</strong></span> <span class='ocrx_word' id='word_1_725' title='bbox 1570 5409 1885 5469; x_wconf 90' lang='lat' dir='ltr'><strong>inobediens</strong></span> <span class='ocrx_word' id='word_1_726' title='bbox 1921 5411 2150 5470; x_wconf 90' lang='lat' dir='ltr'><strong>resistit.</strong></span> 
     </span>
    </p>
   </div>
   <div class='ocr_carea' id='block_1_91' title="bbox 2258 4657 3843 4738">
    <p class='ocr_par' dir='ltr' id='par_1_91' title="bbox 2258 4657 3843 4738">
     <span class='ocr_line' id='line_1_91' title="bbox 2258 4657 3843 4738; baseline -0.009 -15"><span class='ocrx_word' id='word_1_727' title='bbox 2258 4685 2383 4723; x_wconf 85' lang='lat' dir='ltr'><strong>num</strong></span> <span class='ocrx_word' id='word_1_728' title='bbox 2407 4669 2543 4738; x_wconf 88' lang='lat' dir='ltr'><strong>agri,</strong></span> <span class='ocrx_word' id='word_1_729' title='bbox 2570 4669 2624 4722; x_wconf 89' lang='lat' dir='ltr'><strong>in</strong></span> <span class='ocrx_word' id='word_1_730' title='bbox 2652 4667 2845 4722; x_wconf 88' lang='lat' dir='ltr'><strong>sudore</strong></span> <span class='ocrx_word' id='word_1_731' title='bbox 2878 4664 3036 4736; x_wconf 76' lang='lat' dir='ltr'><strong>{aciei</strong></span> <span class='ocrx_word' id='word_1_732' title='bbox 3064 4673 3185 4718; x_wconf 89' lang='lat' dir='ltr'><strong>tuae</strong></span> <span class='ocrx_word' id='word_1_733' title='bbox 3209 4661 3328 4717; x_wconf 85' lang='lat' dir='ltr'><strong>edes</strong></span> <span class='ocrx_word' id='word_1_734' title='bbox 3352 4675 3542 4729; x_wconf 85' lang='lat' dir='ltr'><strong>panem</strong></span> <span class='ocrx_word' id='word_1_735' title='bbox 3567 4668 3741 4723; x_wconf 86' lang='lat' dir='ltr'><strong>tuum,</strong></span> <span class='ocrx_word' id='word_1_736' title='bbox 3763 4657 3843 4710; x_wconf 81' lang='lat' dir='ltr'><strong>do-</strong></span> 
     </span>
    </p>
   </div>
   <div class='ocr_carea' id='block_1_92' title="bbox 2256 4749 3840 4826">
    <p class='ocr_par' dir='ltr' id='par_1_92' title="bbox 2256 4749 3840 4826">
     <span class='ocr_line' id='line_1_92' title="bbox 2256 4749 3840 4826; baseline -0.01 -11"><span class='ocrx_word' id='word_1_737' title='bbox 2256 4776 2348 4815; x_wconf 88' lang='lat' dir='ltr'><strong>nec</strong></span> <span class='ocrx_word' id='word_1_738' title='bbox 2377 4759 2694 4814; x_wconf 82' lang='lat' dir='ltr'><strong>convertaris</strong></span> <span class='ocrx_word' id='word_1_739' title='bbox 2737 4760 2795 4811; x_wconf 89' lang='lat' dir='ltr'><strong>in</strong></span> <span class='ocrx_word' id='word_1_740' title='bbox 2839 4767 3057 4819; x_wconf 88' lang='lat' dir='ltr'><strong>terram,</strong></span> <span class='ocrx_word' id='word_1_741' title='bbox 3094 4770 3159 4808; x_wconf 79' lang='lat' dir='ltr'><strong>ea:</strong></span> <span class='ocrx_word' id='word_1_742' title='bbox 3182 4770 3289 4826; x_wconf 79' lang='lat' dir='ltr'><strong>qua</strong></span> <span class='ocrx_word' id='word_1_743' title='bbox 3316 4760 3553 4822; x_wconf 83' lang='lat' dir='ltr'><strong>sumptus</strong></span> <span class='ocrx_word' id='word_1_744' title='bbox 3576 4759 3653 4805; x_wconf 84' lang='lat' dir='ltr'><strong>est</strong></span> <span class='ocrx_word' id='word_1_745' title='bbox 3687 4764 3706 4801; x_wconf 91' lang='lat'><strong>:</strong></span> <span class='ocrx_word' id='word_1_746' title='bbox 3729 4749 3840 4819; x_wconf 68' lang='lat' dir='ltr'><strong>quia</strong></span> 
     </span>
    </p>
   </div>
   <div class='ocr_carea' id='block_1_93' title="bbox 2259 4841 3839 4916">
    <p class='ocr_par' dir='ltr' id='par_1_93' title="bbox 2259 4841 3839 4916">
     <span class='ocr_line' id='line_1_93' title="bbox 2259 4841 3839 4916; baseline -0.011 -8"><span class='ocrx_word' id='word_1_747' title='bbox 2259 4861 2399 4907; x_wconf 88' lang='lat' dir='ltr'><strong>terra</strong></span> <span class='ocrx_word' id='word_1_748' title='bbox 2422 4868 2476 4907; x_wconf 87' lang='lat' dir='ltr'><strong>es</strong></span> <span class='ocrx_word' id='word_1_749' title='bbox 2501 4859 2549 4905; x_wconf 92' lang='lat' dir='ltr'><strong>et</strong></span> <span class='ocrx_word' id='word_1_750' title='bbox 2575 4850 2630 4905; x_wconf 87' lang='lat' dir='ltr'><strong>in</strong></span> <span class='ocrx_word' id='word_1_751' title='bbox 2652 4860 2843 4905; x_wconf 78' lang='lat' dir='ltr'><strong>(errant</strong></span> <span class='ocrx_word' id='word_1_752' title='bbox 2871 4846 2992 4902; x_wconf 88' lang='lat' dir='ltr'><strong>ibis.</strong></span> <span class='ocrx_word' id='word_1_753' title='bbox 3043 4845 3191 4911; x_wconf 82' lang='lat' dir='ltr'><strong>Hoc,</strong></span> <span class='ocrx_word' id='word_1_754' title='bbox 3224 4845 3390 4916; x_wconf 77' lang='lat' dir='ltr'><strong>inquit</strong></span> <span class='ocrx_word' id='word_1_755' title='bbox 3417 4884 3434 4909; x_wconf 93' lang='lat'><strong>,</strong></span> <span class='ocrx_word' id='word_1_756' title='bbox 3457 4858 3570 4897; x_wconf 85' lang='lat' dir='ltr'><strong>esse</strong></span> <span class='ocrx_word' id='word_1_757' title='bbox 3624 4841 3682 4894; x_wconf 85' lang='lat' dir='ltr'><strong>in</strong></span> <span class='ocrx_word' id='word_1_758' title='bbox 3713 4849 3839 4894; x_wconf 76' lang='lat' dir='ltr'><strong>terra</strong></span> 
     </span>
    </p>
   </div>
   <div class='ocr_carea' id='block_1_94' title="bbox 2256 4937 3840 5019">
    <p class='ocr_par' dir='ltr' id='par_1_94' title="bbox 2256 4937 3840 5019">
     <span class='ocr_line' id='line_1_94' title="bbox 2256 4937 3840 5019; baseline -0.006 -20"><span class='ocrx_word' id='word_1_759' title='bbox 2256 4945 2459 5001; x_wconf 87' lang='lat' dir='ltr'><strong>labores</strong></span> <span class='ocrx_word' id='word_1_760' title='bbox 2485 4946 2703 5001; x_wconf 87' lang='lat' dir='ltr'><strong>humani</strong></span> <span class='ocrx_word' id='word_1_761' title='bbox 2728 4945 2952 5019; x_wconf 78' lang='lat' dir='ltr'><strong>generis,</strong></span> <span class='ocrx_word' id='word_1_762' title='bbox 2972 4943 3090 5015; x_wconf 88' lang='lat' dir='ltr'><strong>quis</strong></span> <span class='ocrx_word' id='word_1_763' title='bbox 3111 4940 3359 5012; x_wconf 82' lang='lat' dir='ltr'><strong>ignorat?</strong></span> <span class='ocrx_word' id='word_1_764' title='bbox 3394 4937 3465 4993; x_wconf 82' lang='lat' dir='ltr'><strong>Et</strong></span> <span class='ocrx_word' id='word_1_765' title='bbox 3488 4938 3617 5010; x_wconf 83' lang='lat' dir='ltr'><strong>quia</strong></span> <span class='ocrx_word' id='word_1_766' title='bbox 3646 4953 3749 4991; x_wconf 73' lang='lat' dir='ltr'><strong>non</strong></span> <span class='ocrx_word' id='word_1_767' title='bbox 3771 4952 3840 4989; x_wconf 76' lang='grc' dir='ltr'><strong>ες-</strong></span> 
     </span>
    </p>
   </div>
   <div class='ocr_carea' id='block_1_95' title="bbox 2255 5034 3835 5110">
    <p class='ocr_par' dir='ltr' id='par_1_95' title="bbox 2255 5034 3835 5110">
     <span class='ocr_line' id='line_1_95' title="bbox 2255 5034 3835 5110; baseline -0.008 -14"><span class='ocrx_word' id='word_1_768' title='bbox 2255 5050 2389 5106; x_wconf 88' lang='lat' dir='ltr'><strong>sent,</strong></span> <span class='ocrx_word' id='word_1_769' title='bbox 2415 5039 2460 5095; x_wconf 87' lang='lat' dir='ltr'><strong>si</strong></span> <span class='ocrx_word' id='word_1_770' title='bbox 2482 5038 2730 5108; x_wconf 78' lang='lat' dir='ltr'><strong>felicitas,</strong></span> <span class='ocrx_word' id='word_1_771' title='bbox 2776 5055 2909 5110; x_wconf 85' lang='lat' dir='ltr'><strong>quae</strong></span> <span class='ocrx_word' id='word_1_772' title='bbox 2948 5038 3003 5092; x_wconf 90' lang='lat' dir='ltr'><strong>in</strong></span> <span class='ocrx_word' id='word_1_773' title='bbox 3040 5036 3289 5109; x_wconf 82' lang='lat' dir='ltr'><strong>paradiso</strong></span> <span class='ocrx_word' id='word_1_774' title='bbox 3329 5034 3523 5105; x_wconf 82' lang='lat' dir='ltr'><strong>fuerat,</strong></span> <span class='ocrx_word' id='word_1_775' title='bbox 3570 5042 3835 5091; x_wconf 70' lang='lat' dir='ltr'><strong>teneretur,</strong></span> 
     </span>
    </p>
   </div>
   <div class='ocr_carea' id='block_1_96' title="bbox 2259 5123 3836 5205">
    <p class='ocr_par' dir='ltr' id='par_1_96' title="bbox 2259 5123 3836 5205">
     <span class='ocr_line' id='line_1_96' title="bbox 2259 5123 3836 5205; baseline -0.01 -15"><span class='ocrx_word' id='word_1_776' title='bbox 2259 5152 2360 5190; x_wconf 86' lang='lat' dir='ltr'><strong>non</strong></span> <span class='ocrx_word' id='word_1_777' title='bbox 2382 5141 2457 5189; x_wconf 91' lang='lat' dir='ltr'><strong>est</strong></span> <span class='ocrx_word' id='word_1_778' title='bbox 2479 5133 2656 5205; x_wconf 88' lang='lat' dir='ltr'><strong>utique</strong></span> <span class='ocrx_word' id='word_1_779' title='bbox 2685 5132 3051 5187; x_wconf 82' lang='lat' dir='ltr'><strong>dubitandum.</strong></span> <span class='ocrx_word' id='word_1_780' title='bbox 3093 5131 3168 5185; x_wconf 80' lang='lat' dir='ltr'><strong>Ac</strong></span> <span class='ocrx_word' id='word_1_781' title='bbox 3211 5146 3304 5201; x_wconf 89' lang='lat' dir='ltr'><strong>per</strong></span> <span class='ocrx_word' id='word_1_782' title='bbox 3338 5129 3436 5182; x_wconf 86' lang='lat' dir='ltr'><strong>hoc</strong></span> <span class='ocrx_word' id='word_1_783' title='bbox 3459 5128 3621 5182; x_wconf 86' lang='lat' dir='ltr'><strong>etiam</strong></span> <span class='ocrx_word' id='word_1_784' title='bbox 3645 5123 3836 5194; x_wconf 79' lang='lat' dir='ltr'><strong>proprie</strong></span> 
     </span>
    </p>
   </div>
   <div class='ocr_carea' id='block_1_97' title="bbox 2255 5216 3834 5295">
    <p class='ocr_par' dir='ltr' id='par_1_97' title="bbox 2255 5216 3834 5295">
     <span class='ocr_line' id='line_1_97' title="bbox 2255 5216 3834 5295; baseline -0.009 -15"><span class='ocrx_word' id='word_1_785' title='bbox 2255 5225 2409 5281; x_wconf 83' lang='lat' dir='ltr'><strong>verba</strong></span> <span class='ocrx_word' id='word_1_786' title='bbox 2432 5224 2559 5279; x_wconf 86' lang='lat' dir='ltr'><strong>haec</strong></span> <span class='ocrx_word' id='word_1_787' title='bbox 2584 5223 2826 5295; x_wconf 85' lang='lat' dir='ltr'><strong>primitus</strong></span> <span class='ocrx_word' id='word_1_788' title='bbox 2857 5222 3091 5291; x_wconf 86' lang='lat' dir='ltr'><strong>accipere</strong></span> <span class='ocrx_word' id='word_1_789' title='bbox 3118 5238 3220 5275; x_wconf 89' lang='lat' dir='ltr'><strong>non</strong></span> <span class='ocrx_word' id='word_1_790' title='bbox 3243 5222 3451 5292; x_wconf 84' lang='lat' dir='ltr'><strong>piqeat;</strong></span> <span class='ocrx_word' id='word_1_791' title='bbox 3491 5216 3747 5272; x_wconf 74' lang='lat' dir='ltr'><strong>seruanda</strong></span> <span class='ocrx_word' id='word_1_792' title='bbox 3770 5224 3834 5267; x_wconf 82' lang='lat' dir='ltr'><strong>ta-</strong></span> 
     </span>
    </p>
   </div>
   <div class='ocr_carea' id='block_1_98' title="bbox 2253 5306 3832 5388">
    <p class='ocr_par' dir='ltr' id='par_1_98' title="bbox 2253 5306 3832 5388">
     <span class='ocr_line' id='line_1_98' title="bbox 2253 5306 3832 5388; baseline -0.008 -14"><span class='ocrx_word' id='word_1_793' title='bbox 2253 5336 2373 5374; x_wconf 86' lang='lat' dir='ltr'><strong>men</strong></span> <span class='ocrx_word' id='word_1_794' title='bbox 2414 5327 2489 5374; x_wconf 88' lang='lat' dir='ltr'><strong>est</strong></span> <span class='ocrx_word' id='word_1_795' title='bbox 2536 5327 2583 5373; x_wconf 88' lang='lat' dir='ltr'><strong>et</strong></span> <span class='ocrx_word' id='word_1_796' title='bbox 2627 5306 2951 5388; x_wconf 69' lang='lat' dir='ltr'><strong>expectanda</strong></span> <span class='ocrx_word' id='word_1_797' title='bbox 2983 5314 3299 5387; x_wconf 76' lang='lat' dir='ltr'><strong>signiﬁcatio</strong></span> <span class='ocrx_word' id='word_1_798' title='bbox 3344 5312 3671 5385; x_wconf 76' lang='lat' dir='ltr'><strong>prophetiae,</strong></span> <span class='ocrx_word' id='word_1_799' title='bbox 3694 5322 3832 5381; x_wconf 63' lang='lat' dir='ltr'><strong>quam</strong></span> 
     </span>
    </p>
   </div>
   <div class='ocr_carea' id='block_1_99' title="bbox 2254 5402 3829 5480">
    <p class='ocr_par' dir='ltr' id='par_1_99' title="bbox 2254 5402 3829 5480">
     <span class='ocr_line' id='line_1_99' title="bbox 2254 5402 3829 5480; baseline -0.004 -13"><span class='ocrx_word' id='word_1_800' title='bbox 2254 5410 2484 5467; x_wconf 76' lang='lat' dir='ltr'><strong>maxime</strong></span> <span class='ocrx_word' id='word_1_801' title='bbox 2507 5410 2592 5467; x_wconf 89' lang='lat' dir='ltr'><strong>hic</strong></span> <span class='ocrx_word' id='word_1_802' title='bbox 2631 5410 2869 5465; x_wconf 89' lang='lat' dir='ltr'><strong>intuetur</strong></span> <span class='ocrx_word' id='word_1_803' title='bbox 2896 5406 2993 5464; x_wconf 88' lang='lat' dir='ltr'><strong>Dei</strong></span> <span class='ocrx_word' id='word_1_804' title='bbox 3028 5405 3285 5480; x_wconf 82' lang='lat' dir='ltr'><strong>loquentis</strong></span> <span class='ocrx_word' id='word_1_805' title='bbox 3325 5405 3568 5461; x_wconf 82' lang='lat' dir='ltr'><strong>intentio.</strong></span> <span class='ocrx_word' id='word_1_806' title='bbox 3598 5402 3829 5461; x_wconf 51' lang='lat' dir='ltr'><strong>Videsnts</strong></span> 
     </span>
    </p>
   </div>
   <div class='ocr_carea' id='block_1_100' title="bbox 1876 5564 2576 5655">
    <p class='ocr_par' dir='ltr' id='par_1_100' title="bbox 1876 5564 2576 5655">
     <span class='ocr_line' id='line_1_100' title="bbox 1876 5564 2576 5655; baseline 0 -8"><span class='ocrx_word' id='word_1_807' title='bbox 1876 5564 2136 5652; x_wconf 78' lang='lat' dir='ltr'><strong>VARIAE</strong></span> <span class='ocrx_word' id='word_1_808' title='bbox 2172 5592 2576 5655; x_wconf 83' lang='lat' dir='ltr'><strong>LECTIONES.</strong></span> 
     </span>
    </p>
   </div>
   <div class='ocr_carea' id='block_1_101' title="bbox 635 5734 996 5803">
    <p class='ocr_par' dir='ltr' id='par_1_101' title="bbox 635 5734 996 5803">
     <span class='ocr_line' id='line_1_101' title="bbox 635 5734 996 5803; baseline -0.017 -7"><span class='ocrx_word' id='word_1_809' title='bbox 635 5738 653 5771; x_wconf 78' lang='grc'>⁸</span> <span class='ocrx_word' id='word_1_810' title='bbox 683 5737 773 5795; x_wconf 90' lang='lat' dir='ltr'><strong>Sic</strong></span> <span class='ocrx_word' id='word_1_811' title='bbox 800 5734 918 5803; x_wconf 85' lang='lat' dir='ltr'><strong>CF;</strong></span> <span class='ocrx_word' id='word_1_812' title='bbox 952 5735 996 5791; x_wconf 79' lang='grc' dir='ltr'><strong>Α</strong></span> 
     </span>
    </p>
   </div>
   <div class='ocr_carea' id='block_1_102' title="bbox 557 5806 1852 5873">
    <p class='ocr_par' dir='ltr' id='par_1_102' title="bbox 557 5806 1852 5873">
     <span class='ocr_line' id='line_1_102' title="bbox 557 5806 1852 5873; baseline -0.002 -9"><span class='ocrx_word' id='word_1_813' title='bbox 557 5807 584 5844; x_wconf 83' lang='grc'><strong><em>⁸</em></strong></span> <span class='ocrx_word' id='word_1_814' title='bbox 617 5806 714 5864; x_wconf 89' lang='lat' dir='ltr'><strong>Sic</strong></span> <span class='ocrx_word' id='word_1_815' title='bbox 738 5808 857 5873; x_wconf 86' lang='lat' dir='ltr'><strong>CF;</strong></span> <span class='ocrx_word' id='word_1_816' title='bbox 885 5808 932 5862; x_wconf 84' lang='lat' dir='ltr'><strong>A</strong></span> <span class='ocrx_word' id='word_1_817' title='bbox 963 5806 1165 5863; x_wconf 86' lang='lat' dir='ltr'><strong>bonum</strong></span> <span class='ocrx_word' id='word_1_818' title='bbox 1191 5806 1277 5864; x_wconf 85' lang='lat' dir='ltr'><strong>est</strong></span> <span class='ocrx_word' id='word_1_819' title='bbox 1304 5809 1566 5863; x_wconf 85' lang='lat' dir='ltr'><strong>humanae</strong></span> <span class='ocrx_word' id='word_1_820' title='bbox 1609 5806 1852 5863; x_wconf 84' lang='lat' dir='ltr'><strong>naturae.</strong></span> 
     </span>
    </p>
   </div>
   <div class='ocr_carea' id='block_1_103' title="bbox 1042 5730 3449 5878">
    <p class='ocr_par' dir='ltr' id='par_1_103' title="bbox 1042 5730 3449 5878">
     <span class='ocr_line' id='line_1_103' title="bbox 1042 5730 3449 5822; baseline -0.002 -30"><span class='ocrx_word' id='word_1_821' title='bbox 1042 5750 1143 5807; x_wconf 86' lang='lat' dir='ltr'><strong>per</strong></span> <span class='ocrx_word' id='word_1_822' title='bbox 1190 5737 1437 5809; x_wconf 83' lang='lat' dir='ltr'><strong>seipsunt.</strong></span> <span class='ocrx_word' id='word_1_823' title='bbox 1514 5738 1535 5770; x_wconf 81' lang='grc'>¹</span> <span class='ocrx_word' id='word_1_824' title='bbox 1564 5737 1612 5792; x_wconf 80' lang='grc' dir='ltr'><strong>Α</strong></span> <span class='ocrx_word' id='word_1_825' title='bbox 1663 5732 1824 5807; x_wconf 78' lang='lat' dir='ltr'><strong>fallit.</strong></span> <span class='ocrx_word' id='word_1_826' title='bbox 1903 5736 2012 5793; x_wconf 71' lang='grc' dir='ltr'><strong>ἀὑ</strong></span> <span class='ocrx_word' id='word_1_827' title='bbox 2043 5752 2154 5822; x_wconf 80' lang='lat' dir='ltr'><strong>om.</strong></span> <span class='ocrx_word' id='word_1_828' title='bbox 2211 5738 2317 5795; x_wconf 86' lang='lat' dir='ltr'><strong>CF.</strong></span> <span class='ocrx_word' id='word_1_829' title='bbox 2391 5739 2414 5772; x_wconf 73' lang='grc'>⁸</span> <span class='ocrx_word' id='word_1_830' title='bbox 2463 5738 2730 5810; x_wconf 86' lang='lat' dir='ltr'><strong>semperei</strong></span> <span class='ocrx_word' id='word_1_831' title='bbox 2757 5750 2868 5793; x_wconf 90' lang='lat' dir='ltr'><strong>om.</strong></span> <span class='ocrx_word' id='word_1_832' title='bbox 3048 5733 3070 5766; x_wconf 84' lang='lat'><strong>&#39;</strong></span> <span class='ocrx_word' id='word_1_833' title='bbox 3107 5731 3201 5791; x_wconf 90' lang='lat' dir='ltr'><strong>Sic</strong></span> <span class='ocrx_word' id='word_1_834' title='bbox 3226 5730 3449 5817; x_wconf 43' lang='lat' dir='ltr'><strong>.CF;A</strong></span> 
     </span>
     <span class='ocr_line' id='line_1_104' title="bbox 1042 5803 3449 5878; baseline -0.002 -16"><span class='ocrx_word' id='word_1_835' title='bbox 1042 5823 1165 5863; x_wconf 88' lang='lat' dir='ltr'><strong>num</strong></span> <span class='ocrx_word' id='word_1_836' title='bbox 1191 5817 1277 5864; x_wconf 89' lang='lat' dir='ltr'><strong>est</strong></span> <span class='ocrx_word' id='word_1_837' title='bbox 1304 5809 1566 5863; x_wconf 85' lang='lat' dir='ltr'><strong>humanae</strong></span> <span class='ocrx_word' id='word_1_838' title='bbox 1609 5815 1852 5863; x_wconf 89' lang='lat' dir='ltr'><strong>naturae.</strong></span> <span class='ocrx_word' id='word_1_839' title='bbox 1956 5810 1977 5841; x_wconf 83' lang='lat'><strong>&#39;</strong></span> <span class='ocrx_word' id='word_1_840' title='bbox 2007 5808 2099 5865; x_wconf 87' lang='lat' dir='ltr'><strong>Stc</strong></span> <span class='ocrx_word' id='word_1_841' title='bbox 2142 5808 2262 5878; x_wconf 83' lang='lat' dir='ltr'><strong>CF;</strong></span> <span class='ocrx_word' id='word_1_842' title='bbox 2304 5811 2343 5863; x_wconf 84' lang='lat' dir='ltr'><strong>A</strong></span> <span class='ocrx_word' id='word_1_843' title='bbox 2374 5811 2722 5865; x_wconf 87' lang='lat' dir='ltr'><strong>substernere.</strong></span> <span class='ocrx_word' id='word_1_844' title='bbox 2824 5803 3449 5878; x_wconf 31' lang='lat' dir='ltr'><strong>&#39;ASIC_QF;_Atl‘Yq_lt0n</strong></span> 
     </span>
    </p>
   </div>
   <div class='ocr_carea' id='block_1_104' title="bbox 3561 5730 3832 5785">
    <p class='ocr_par' dir='ltr' id='par_1_104' title="bbox 3561 5730 3832 5785">
     <span class='ocr_line' id='line_1_105' title="bbox 3561 5730 3832 5785; baseline -0.026 0"><span class='ocrx_word' id='word_1_845' title='bbox 3561 5730 3810 5785; x_wconf 82' lang='lat' dir='ltr'><strong>rlttrbaittt</strong></span> <span class='ocrx_word' id='word_1_846' title='bbox 3820 5764 3832 5773; x_wconf 83' lang='lat'><strong>.</strong></span> 
     </span>
    </p>
   </div>
   <div class='ocr_carea' id='block_1_105' title="bbox 2824 5799 3835 5873">
    <p class='ocr_par' dir='ltr' id='par_1_105' title="bbox 2824 5799 3835 5873">
     <span class='ocr_line' id='line_1_106' title="bbox 2824 5799 3835 5873; baseline -0.013 -11"><span class='ocrx_word' id='word_1_847' title='bbox 2824 5809 2848 5842; x_wconf 84' lang='grc'><strong>⁸</strong></span> <span class='ocrx_word' id='word_1_848' title='bbox 2877 5805 2969 5861; x_wconf 89' lang='lat' dir='ltr'><strong>Sic</strong></span> <span class='ocrx_word' id='word_1_849' title='bbox 2997 5803 3115 5873; x_wconf 80' lang='lat' dir='ltr'><strong>CF;</strong></span> <span class='ocrx_word' id='word_1_850' title='bbox 3146 5806 3193 5861; x_wconf 77' lang='grc' dir='ltr'><strong>Α</strong></span> <span class='ocrx_word' id='word_1_851' title='bbox 3221 5799 3673 5873; x_wconf 77' lang='lat' dir='ltr'><strong>irrationabilibus</strong></span> <span class='ocrx_word' id='word_1_852' title='bbox 3697 5799 3835 5873; x_wconf 82' lang='lat' dir='ltr'><strong>moti-</strong></span> 
     </span>
    </p>
   </div>
   <div class='ocr_carea' id='block_1_106' title="bbox 565 5872 3814 5950">
    <p class='ocr_par' dir='ltr' id='par_1_106' title="bbox 565 5872 3814 5950">
     <span class='ocr_line' id='line_1_107' title="bbox 565 5872 3814 5950; baseline -0.002 -16"><span class='ocrx_word' id='word_1_853' title='bbox 565 5876 685 5934; x_wconf 70' lang='lat' dir='ltr'><strong>bus.</strong></span> <span class='ocrx_word' id='word_1_854' title='bbox 758 5878 781 5911; x_wconf 81' lang='lat'>&#39;</span> <span class='ocrx_word' id='word_1_855' title='bbox 817 5872 864 5934; x_wconf 77' lang='grc' dir='ltr'>Α</span> <span class='ocrx_word' id='word_1_856' title='bbox 886 5878 942 5933; x_wconf 90' lang='lat' dir='ltr'><strong>in</strong></span> <span class='ocrx_word' id='word_1_857' title='bbox 966 5894 1094 5948; x_wconf 86' lang='lat' dir='ltr'><strong>pace</strong></span> <span class='ocrx_word' id='word_1_858' title='bbox 1118 5893 1166 5934; x_wconf 88' lang='lat' dir='ltr'><strong>s.</strong></span> <span class='ocrx_word' id='word_1_859' title='bbox 1207 5895 1261 5934; x_wconf 94' lang='lat' dir='ltr'><strong>n.</strong></span> <span class='ocrx_word' id='word_1_860' title='bbox 1298 5878 1620 5950; x_wconf 83' lang='lat' dir='ltr'><strong>conjugium.</strong></span> <span class='ocrx_word' id='word_1_861' title='bbox 1701 5879 1745 5911; x_wconf 84' lang='grc'><strong>¹⁰</strong></span> <span class='ocrx_word' id='word_1_862' title='bbox 1777 5879 1870 5936; x_wconf 88' lang='lat' dir='ltr'><strong>illa</strong></span> <span class='ocrx_word' id='word_1_863' title='bbox 1900 5895 2010 5937; x_wconf 92' lang='lat' dir='ltr'><strong>om.</strong></span> <span class='ocrx_word' id='word_1_864' title='bbox 2037 5881 2104 5936; x_wconf 81' lang='grc' dir='ltr'><strong>Δ.</strong></span> <span class='ocrx_word' id='word_1_865' title='bbox 2184 5872 2368 5937; x_wconf 71' lang='grc' dir='ltr'><strong>η’ὃίο</strong></span> <span class='ocrx_word' id='word_1_866' title='bbox 2392 5880 2513 5945; x_wconf 86' lang='lat' dir='ltr'><strong>CF;</strong></span> <span class='ocrx_word' id='word_1_867' title='bbox 2558 5880 2599 5935; x_wconf 69' lang='grc' dir='ltr'><strong>Α</strong></span> <span class='ocrx_word' id='word_1_868' title='bbox 2636 5890 2708 5935; x_wconf 88' lang='lat' dir='ltr'><strong>et.</strong></span> <span class='ocrx_word' id='word_1_869' title='bbox 2783 5879 2827 5911; x_wconf 82' lang='lat'><strong><em>“</em></strong></span> <span class='ocrx_word' id='word_1_870' title='bbox 2858 5876 2950 5934; x_wconf 90' lang='lat' dir='ltr'><strong>Sic</strong></span> <span class='ocrx_word' id='word_1_871' title='bbox 2971 5872 3166 5944; x_wconf 24' lang='lat' dir='ltr'><strong>CF;’.A</strong></span> <span class='ocrx_word' id='word_1_872' title='bbox 3196 5873 3554 5947; x_wconf 80' lang='lat' dir='ltr'><strong>intelligenda.</strong></span> <span class='ocrx_word' id='word_1_873' title='bbox 3628 5872 3675 5905; x_wconf 80' lang='grc'><strong>⁸³</strong></span> <span class='ocrx_word' id='word_1_874' title='bbox 3710 5872 3814 5928; x_wconf 70' lang='lat' dir='ltr'><strong>Art</strong></span> 
     </span>
    </p>
   </div>
  </div>
