4028 6282
411 371 566 454 ses
665 412 683 420 -

1827 363 2107 426 ΙΟΛΝΝΙΒ
2146 359 2345 420 SCOTI

3639 357 3761 416 850

462 484 745 541 licitatem.
778 478 874 546 ,De
919 478 1021 535 hac
1055 477 1222 533 etiam
1273 475 1535 531 Dominus
1593 474 1707 547 ipse
1756 476 1870 532 ait:
1904 477 2058 532 Beati
2086 481 2133 545 Α
2164 481 2303 539 tant,
2332 471 2476 543 quod
2496 471 2549 527 in
2582 471 2667 528 bis
2691 470 2871 529 verbis
2894 469 3017 540 plus
3045 470 3312 530 restitutio
3336 472 3588 542 corporis
3632 488 3767 544 pro-

459 588 629 641 mttes,
657 573 904 647 quoniam
953 572 1050 643 ipsi
1077 569 1410 644 possidebunt
1441 579 1655 624 terram.
1685 568 1836 637 Quod
1869 577 2052 625 autem

460 666 705 739 sequitur
735 685 747 719 :
782 664 921 731 Quia
947 674 1088 718 terra
1112 679 1166 717 es
1184 703 1199 728 ,
1227 671 1274 718 et
1296 662 1351 716 in
1374 672 1568 716 terram
1593 659 1797 726 ibis,vel
1825 661 1968 717 sicut
2001 650 2071 717 itt-

462 762 567 818 alia
615 759 1063 829 interpretatione
1100 756 1451 814 continetur:
1492 753 1631 821 Quia
1672 752 1843 824 pulvis
1888 768 1962 818 es,
2006 762 2055 809 et

461 854 519 908 in
545 850 806 923 pulverem
853 849 1149 913 reverteris,
1193 854 1371 919 potest
1403 847 1482 903 sic
1513 845 1737 917 intelligi
1765 863 1778 900 :
1810 856 1889 911 ut,
1921 860 2054 914 quo-

466 942 614 997 niam
645 949 836 996 natura
867 939 1054 1004 animi,
1082 953 1223 1009 quae
1259 937 1326 993 ad
1355 937 1643 1012 imaginem
1670 945 1725 992 et
1750 935 2059 995 similitudi-

467 1049 594 1089 nem
618 1032 713 1088 Dei
736 1030 878 1087 facta
906 1040 1011 1097 est,
1043 1046 1110 1087 ex
1132 1028 1293 1086 fertili
1326 1039 1469 1084 terra
1499 1027 1899 1099 primitivarum
1925 1042 2058 1084 cau-

468 1141 653 1183 sarum
673 1124 905 1197 sumpsit
928 1123 1230 1187 exordium,
1251 1122 1303 1176 in
1330 1136 1449 1176 eam
1472 1121 1637 1193 igitur
1659 1119 1944 1176 credamus
1965 1133 2061 1175 ne-

470 1218 710 1275 cessario
750 1216 1066 1273 redituram.
1101 1213 1159 1270 Si
1186 1223 1367 1269 autem
1391 1212 1698 1284 quaeritur,
1723 1226 1822 1267 cur
1849 1208 2064 1283 praefa-

474 1323 526 1371 ta
559 1325 701 1371 terra
733 1315 789 1370 in
829 1313 934 1370 alia
966 1310 1410 1383 interpretatione
1445 1307 1684 1379 pulveris
1723 1306 1939 1362 nomine
1991 1304 2064 1361 si-

473 1404 782 1478 gnificatur,
809 1421 916 1461 non
938 1402 1040 1459 alia
1056 1402 1197 1459 ratio
1219 1400 1490 1458 reddenda
1509 1408 1615 1466 est,
1635 1398 1740 1455 nisi
1757 1398 1907 1469 quia,
1925 1397 2066 1454 sicut

475 1515 540 1556 ex
570 1498 789 1572 pulvere
837 1498 993 1555 istius
1016 1495 1289 1554 sensibilis
1331 1503 1507 1553 terrae
1532 1495 1549 1527 ⁸
1581 1493 1784 1560 omnia,
1831 1508 1971 1564 quae
2000 1492 2069 1549 de

475 1606 540 1648 ea
561 1598 877 1658 nascuntur,
900 1589 1158 1646 nascendi
1185 1602 1407 1645 causam
1421 1586 1714 1658 accipiunt,
1730 1586 1803 1641 ita
1824 1585 2068 1643 omnium

477 1697 660 1739 rerum
689 1681 981 1739 visibilium
1006 1689 1061 1738 et
1107 1679 1460 1737 invisibilium
1499 1676 1782 1749 multiplex
1814 1690 2072 1735 numero-

478 1774 613 1832 sitas
642 1789 706 1831 ex
733 1772 1161 1846 primordialium
1193 1787 1483 1830 causarum
1513 1769 1790 1827 fertilitate
1818 1781 2072 1839 procrea-

2162 570 2417 640 mittitur,
2447 584 2609 641 quam
2649 567 2845 625 solutio
2884 566 2969 623 vel
2993 566 3303 639 corruptio?
3329 566 3467 623 Nam
3495 567 3629 623 dum
3648 583 3769 623 eor-

2163 680 2263 736 pns
2283 663 2638 735 corruptibile
2677 670 2841 733 atque
2890 661 3120 719 mortale
3155 661 3475 726 destruitur,
3507 670 3660 717 ‘tunc
3702 662 3771 717 ad

2164 757 2572 828 incorruptibile
2602 756 3016 826 immortaleque
3039 763 3359 821 revocatur;
3391 754 3599 811 nullius
3619 756 3771 811 uim

2165 867 2361 923 corpus
2394 851 2447 906 in
2488 851 2888 922 corruptionem
2934 859 3021 906 est
3076 865 3443 906 reversurum.
3490 848 3613 904 Non
3640 864 3775 922 ergo

2166 943 2301 999 haec
2331 944 2497 999 verba
2526 942 2757 998 reditum
2784 942 2840 997 in
2870 943 3015 998 hanc
3042 952 3267 1005 terram,
3291 939 3387 996 sed
3410 941 3601 1010 potius
3628 940 3775 995 redi.

2166 1046 2280 1094 tum
2316 1039 2369 1094 in
2414 1036 2747 1109 spiritualem
2798 1046 3048 1092 naturam
3075 1035 3445 1107 praesagiunt.
3472 1034 3588 1091 Sed
3610 1034 3777 1105 eligat

2166 1132 2291 1203 quis
2315 1131 2446 1201 quid
2470 1140 2490 1173 ε
2518 1139 2778 1199 sequatur
2804 1144 2819 1183 :
2846 1136 3160 1199 egoautem.
3215 1127 3359 1198 quod
3388 1126 3525 1182 mihi
3580 1126 3779 1182 verisi-

2168 1224 2347 1280 milius
2383 1224 2555 1279 visum
2587 1233 2690 1288 est,
2733 1239 2803 1279 ex
2842 1231 3157 1278 sanctorum
3193 1222 3417 1278 Patrum
3458 1219 3776 1283 scuteutiis,

2169 1315 2443 1373 Ambrosii
2490 1314 2612 1370 dico
2650 1322 2706 1370 et
2743 1313 3048 1386 Augustini,
3091 1328 3300 1369 necnon
3338 1321 3398 1368 et
3442 1309 3781 1367 venerabilis

2170 1407 2415 1479 Gregorii
2444 1405 2791 1469 Nazianzeni,
2823 1406 2914 1476 qui
2935 1414 2991 1461 et
3019 1404 3290 1476 Nyssaeus
3313 1404 3517 1460 dicitur
3532 1415 3587 1465 II.
3608 1418 3779 1472 capo.

2171 1502 2466 1571 sitorisque
2498 1498 2639 1569 ejus,
2663 1498 2879 1556 Maximi
2910 1498 3160 1554 videlicet
3177 1498 3455 1559 monachi.
3480 1495 3780 1550 ratiocina-

2175 1594 2336 1651 tionis
2366 1592 2709 1650 occasionem
2749 1606 2990 1657 sumens,
3034 1590 3134 1647 tibi
3160 1589 3520 1661 intarroganti
3553 1588 3782 1658 partim-

2174 1701 2284 1758 que
2310 1686 2602 1756 exponenti
2628 1683 2851 1755 protuli.
2895 1682 2962 1739 Et
2998 1682 3254 1753 quoniam
3298 1680 3594 1751 prolixius
3622 1676 3783 1745 hujus

2174 1777 2464 1835 voluminis
2484 1778 2748 1849 quaedam
2781 1791 2850 1833 ex
2877 1776 2985 1841 his,
3007 1775 3075 1831 de
3098 1775 3296 1845 quibus
3324 1773 3377 1828 in
3400 1771 3524 1842 eius
3555 1770 3784 1827 exordio

481 1877 590 1935 tur,
628 1868 790 1940 inque
836 1867 1062 1925 eandem
1108 1866 1260 1923 ﬁnito
1288 1866 1490 1923 mundo
1539 1865 1894 1938 regredietur.
1925 1861 2074 1920 Haec
2101 1873 2151 1944 η
2180 1886 2279 1929 nos
2303 1871 2550 1927 dicturos
2583 1884 2705 1925 esse
2734 1867 3105 1941 promisimus,
3153 1878 3299 1921 nunc
3339 1878 3625 1935 exponere
3681 1876 3782 1916 non

482 1970 663 2018 autem
692 1960 943 2026 dicimus,
974 1974 1083 2015 non
1108 1958 1508 2032 simplicitatem
1523 1974 1710 2014 eorum
1744 1959 1788 2024 ¹,
1813 1957 1906 2030 qui
1933 1957 2076 2015 hunc

483 2054 661 2113 locum
697 2053 912 2110 divinae
940 2052 1255 2125 Scripturae
1284 2054 1578 2110 secundum
1608 2053 1890 2111 historiam
1930 2050 2075 2109 acci-

483 2146 661 2219 piunt,
689 2146 1097 2219 redarguentes,
1126 2147 1219 2217 qui
1242 2146 1567 2203 solutionem
1589 2146 1809 2203 humani
1836 2145 2082 2217 corporis

485 2237 540 2293 in
576 2248 837 2311 quattuor
865 2239 1049 2296 mundi
1094 2238 1254 2309 hujus
1278 2240 1547 2297 elementa
1579 2239 1747 2297 solius
1786 2248 1966 2297 terrae
1991 2255 2083 2296 no-

488 2330 633 2386 mine
652 2328 977 2403 generaliter
1003 2329 1326 2402 siguiiicata,
1363 2346 1459 2403 per
1484 2332 1621 2388 haec
1647 2332 1812 2391 verba
1835 2330 2081 2404 Scriptu-

491 2438 586 2478 rae
632 2423 923 2495 signiﬁcari
971 2434 1238 2481 conantur
1267 2438 1549 2493 asserere.
1587 2440 1694 2485 non
1744 2425 2086 2483 animadver-

494 2522 693 2583 tentes,
736 2525 937 2586 quanta
983 2532 1081 2573 suo
1108 2518 1292 2575 sensui
1338 2517 1359 2550 ³
1388 2517 1640 2577 videntur
1673 2516 1974 2575 adversari.
2027 2515 2087 2575 Si

494 2611 638 2665 enim
662 2610 729 2666 de
762 2608 1027 2667 solutione
1055 2613 1303 2684 corporis
1329 2613 1512 2670 divina
1548 2622 1654 2670 vox
1684 2612 1812 2669 talia
1840 2613 2084 2686 protulit,

501 2717 599 2758 cur
624 2701 743 2758 viro
765 2702 864 2759 soli
893 2704 1204 2775 praedixit?
1237 2704 1347 2763 Cur
1395 2722 1503 2764 non
1545 2706 1710 2763 etiam
1760 2716 1816 2763 et
1851 2706 2088 2774 mulieri,

496 2793 651 2865 cujus
696 2791 718 2826 ⁸
746 2809 943 2866 corpus
989 2811 1096 2854 non
1126 2797 1306 2855 minus
1350 2797 1619 2855 solvitur?
1666 2798 1950 2871 Deinceps,
1992 2808 2093 2855 cur

498 2894 670 2942 totum
700 2887 976 2947 hominem
1008 2888 1326 2948 solvendum
1356 2890 1540 2950 divina
1583 2891 1984 2949 animadversio
2010 2891 2093 2946 in-

497 2978 647 3043 dicit,
678 2994 803 3036 cum
828 2989 1109 3039 extremae
1134 2983 1254 3054 ejus
1283 2984 1655 3041 tantummodo
1680 2993 1864 3055 partes
1895 2982 2095 3041 vilissi-

497 3084 761 3143 maeque,
792 3087 988 3143 corpus
1005 3073 1259 3131 videlicet
1297 3090 1701 3147 corporeusque
1744 3090 1958 3143 sensus,
1986 3074 2096 3131 sol-

2178 1964 2431 2030 ‘admittit,
2465 1963 2517 2018 in
2549 1960 2714 2017 alium
2744 1959 2941 2016 librum
2990 1957 3287 2015 diﬁ'enenda
3316 1964 3463 2012 sunt.
3496 1953 3582 2011 De
3612 1950 3784 2015 redita

2182 2062 2385 2134 quippe
2402 2068 2720 2115 naturarum
2751 2056 2806 2112 in
2828 2052 3204 2126 primordiales
3229 2065 3426 2108 causas
3469 2051 3643 2119 inque
3666 2061 3785 2101 ean

2181 2164 2459 2220 naturam,
2480 2166 2619 2223 quae
2637 2163 2740 2206 nec
2756 2156 2909 2205 creat
2928 2162 3030 2203 nec
3065 2155 3306 2211 creatur,
3352 2156 3495 2215 quae
3542 2139 3788 2212 profecto

2185 2247 2329 2303 Deus
2356 2253 2460 2313 est,
2492 2243 2654 2298 latius
2687 2242 2829 2296 intra
2866 2238 3026 2309 huius
3074 2237 3198 2294 libri
3250 2235 3521 2293 terminos
3552 2240 3790 2289 tractare

2185 2339 2582 2411 proposuimus.
2612 2332 2721 2390 Sed
2746 2333 2792 2388 si
2822 2331 3113 2403 impatiens
3151 2345 3234 2396 es,
3261 2330 3434 2384 donec
3483 2328 3555 2382 de
3611 2325 3789 2379 divina

2186 2442 2379 2490 natura
2409 2440 2727 2502 cognoscas,
2749 2440 2856 2498 qua
2882 2427 3095 2483 ratione
3122 2438 3223 2481 nec
3249 2434 3442 2480 creare
3483 2432 3593 2477 nec
3613 2417 3789 2477 creari

2188 2522 2410 2587 dicitur,
2447 2521 2686 2576 breviter
2710 2518 3048 2589 praelibabo.
3620 2528 3623 2529 '

2259 2615 2349 2670 27.
2391 2613 2582 2671 Divina
2623 2612 2809 2682 itaque
2841 2620 3030 2666 natura
3067 2617 3352 2681 propterea
3395 2605 3652 2661 creditur
3689 2616 3791 2658 non

2191 2704 2388 2772 creari,
2420 2703 2678 2775 quoniam
2736 2702 3009 2773 primitiva
3038 2700 3279 2755 omnium
3309 2712 3475 2754 causa
3500 2708 3617 2762 est,
3652 2695 3793 2750 ultra

2191 2811 2352 2867 quam
2394 2794 2597 2849 nullum
2637 2793 2961 2866 principium
3004 2800 3111 2859 est,
3164 2806 3194 2846 a
3236 2804 3349 2861 quo
3383 2790 3563 2861 possit
3595 2789 3790 2843 creari.

2193 2886 2461 2956 Quoniam
2505 2900 2636 2941 vero
2683 2894 2806 2955 post
2841 2885 3078 2940 reditum
3110 2881 3485 2939 universitatis
3540 2880 3796 2935 comiitae

2193 2980 2487 3038 visibilium
2510 2987 2563 3035 et
2579 2977 2927 3033 invisibilium
2944 2978 2996 3032 in
3021 2990 3150 3033 snas
3165 2973 3555 3048 primos-diales
3577 2985 3794 3036 causas,

2195 3088 2334 3146 quae
2373 3075 2426 3129 in
2473 3074 2612 3145 ipsa,
2643 3070 2828 3128 divina
2859 3070 3131 3138 videlicet,
3188 3077 3383 3126 natura
3420 3068 3796 3129 continentur,

498 3170 713 3226 vantur,
764 3163 980 3220 animae
1023 3175 1208 3222 autem
1256 3168 1523 3224 naturalis
1556 3168 1898 3240 simplicitas.
1947 3168 2093 3224 omni
2198 3166 2344 3223 nulla
2376 3165 2606 3221 ulterius
2637 3173 2831 3220 natura
2852 3177 2923 3220 ex
2951 3178 3016 3220 ea
3045 3163 3435 3235 procreabitur,
3454 3175 3559 3217 seu
3589 3160 3644 3215 in
3675 3172 3796 3230 spe-

501 3255 887 3325 composinone
912 3256 1102 3323 libera,
1136 3273 1477 3331 nequaquam
1522 3260 1841 3317 solutionem
1881 3261 2092 3331 recipit,
2123 3266 2167 3328 (ζ
2198 3262 2310 3318 cies
2347 3259 2634 3317 sensibiles
2676 3254 3113 3330 intelligibilesve
3137 3255 3622 3327 multiplicabitur;
3679 3264 3796 3307 nam

502 3346 598 3401 sed
618 3354 876 3417 perpetuo
900 3348 1203 3406 insolubilis
1232 3360 1431 3417 manet.
1454 3352 1569 3408 sive
1586 3351 2003 3417 rationabiliter,
2021 3352 2094 3407 si-
2196 3354 2250 3410 in
2276 3354 2391 3424 ipsa
2412 3368 2576 3408 unum
2598 3360 2779 3417 erunt,
2811 3352 2953 3406 sicut
2987 3364 3133 3407 nunc
3166 3358 3225 3405 et
3245 3358 3465 3418 semper
3493 3347 3515 3379 '
3545 3347 3605 3401 in
3624 3344 3800 3400 carnis

502 3450 571 3492 ve
596 3436 1041 3496 irrationabiliter
1059 3456 1118 3496 se
1152 3452 1385 3499 moveat.
1418 3442 1535 3500 Nisi
1564 3442 1703 3500 forte
1722 3444 1925 3509 dicunt,
1951 3443 2096 3499 hunc
2198 3460 2364 3500 unum
2392 3453 2521 3501 sunt
2545 3461 2559 3499 :
2586 3458 2694 3500 non
2722 3443 2999 3498 immerito
3023 3442 3361 3497 nibilcreare
3383 3448 3440 3495 et
3468 3439 3721 3494 creditur
3746 3445 3800 3492 et

506 3523 685 3582 locum
714 3543 814 3583 usu
844 3528 1280 3605 frequentissimo
1330 3549 1523 3592 sacrae
1565 3535 1880 3607 Scripturae
1919 3556 2102 3595 ma-
2203 3538 2546 3608 intelligitur.
2574 3535 2715 3604 Quid
2740 3536 2884 3591 enim
2907 3536 3134 3601 creabit,
3162 3535 3288 3590 dum
3318 3533 3505 3612 omnia
3536 3532 3595 3587 in
3627 3530 3800 3585 omni-

505 3614 734 3691 δοχικῶς
785 3619 807 3652 ⁵
841 3621 1229 3693 accipiendum,
1264 3634 1322 3680 ut
1367 3642 1397 3682 a
1446 3634 1561 3685 toto
1588 3644 1714 3699 pars
1746 3629 2096 3701 intelligatur.
2201 3633 2301 3689 bus
2331 3632 2447 3702 ipsa
2473 3631 2587 3688 sola
2609 3629 2808 3686 fuerit?
2848 3630 3036 3700 ltaque
3060 3629 3111 3685 si
3140 3629 3238 3684 tibi
3263 3628 3502 3693 videtur,
3532 3624 3701 3697 hujus
3734 3624 3799 3677 li-

507 3708 618 3765 Nec
659 3712 879 3781 mirum,
905 3714 948 3769 si
977 3732 1082 3772 non
1112 3718 1178 3774 de
1218 3718 1336 3791 ipso
1364 3721 1566 3788 animo,
1592 3723 1687 3779 sed
1721 3723 1787 3778 de
1816 3723 1931 3778 solo
1957 3722 2099 3779 virili
2204 3727 2287 3783 bri
2334 3726 2645 3798 progressio
2684 3725 2875 3796 pedem
2916 3725 3182 3790 mtrahat,
3212 3734 3281 3778 ne
3307 3721 3524 3793 longius
3563 3718 3800 3775 incedat.
3825 3776 3841 3799 α

509 3819 664 3873 sexu,
697 3807 837 3866 intra
861 3824 1022 3880 quem
1046 3812 1212 3870 etiam
1239 3811 1510 3873 femineus
1526 3817 1984 3886 consigniticatur,
2012 3826 2096 3873 ta-
2206 3821 2349 3875 Disc.
2380 3820 2598 3876 Videtur
2612 3820 2791 3890 plane,
2812 3816 3201 3887 etjamdudum
3224 3816 3386 3872 finem
3410 3813 3679 3886 postulat.
3700 3806 3803 3863 Εε-

509 3894 584 3954 lia
609 3899 754 3956 dicta
784 3916 907 3960 esse
929 3902 1286 3965 arbitrantur.
1307 3905 1613 3979 Postremo,
1640 3925 1740 3966 cur
1761 3925 1869 3966 non
1900 3910 2098 3969 adver-
2204 3913 2351 3982 pticit
2377 3911 2509 3969 liber
2534 3922 2760 3984 quartus
2785 3910 2808 3947 ⁸
2830 3919 2966 3970 Περι
2993 3915 3223 3970 omne
3245 3914 3573 3967 mmor.

1454 4103 1856 4185 INCIPIT
1926 4104 2223 4184 LIBER
2280 4105 2778 4201 QUINTUS.

584 4254 636 4309 I.
670 4248 810 4310 MAG.
851 4251 1010 4309 Nunc
1037 4270 1158 4327 ergo
1192 4271 1255 4310 ne
1293 4255 1428 4324 forte
1465 4258 1637 4311 mittat
1681 4275 1895 4314 manum
1935 4276 2108 4328 suam,
2138 4265 2189 4326 D
2217 4259 2365 4318 Fecit
2409 4277 2614 4333 quoque
2643 4258 2900 4315 Dominus
2945 4256 3083 4312 Deus
3136 4254 3282 4310 Adae
3314 4262 3364 4310 et
3405 4254 3563 4308 uxori
3603 4256 3829 4311 κινύρα·

513 4356 564 4403 et
591 4357 762 4402 sumat
795 4347 951 4400 etiam
983 4347 1046 4399 de
1069 4346 1212 4418 ligno
1235 4348 1391 4413 vitae,
1427 4360 1475 4402 et
1504 4350 1763 4418 comedat,
1801 4362 1848 4406 et
1887 4354 2021 4406 vivat
2057 4354 2113 4409 in
2215 4354 2482 4429 pelliceas,
2510 4363 2557 4408 et
2584 4352 2752 4407 induit
2781 4362 2891 4417 eos,
2919 4360 2965 4404 et
2998 4349 3071 4404 ait
3094 4364 3114 4404 :
3147 4346 3283 4405 Ecce
3317 4347 3489 4401 Adam
3520 4346 3703 4415 factus
3736 4357 3805 4402 est

515 4449 805 4493 aeternum.
840 4436 1044 4492 llorum
1075 4439 1365 4494 verborum
1395 4441 1713 4517 priusquam
1742 4444 2111 4516 propheticam
2214 4449 2364 4519 quasi
2389 4462 2524 4501 unus
2556 4462 2618 4500 ea:
2646 4446 2810 4499 nobis.
2839 4440 2904 4497 Et
2932 4442 3104 4499 emisit
3135 4458 3253 4497 eum
3280 4439 3538 4496 Dominus
3573 4439 3717 4494 Deus
3746 4442 3807 4494 ds

516 4527 949 4598 contemplemur
986 4528 1263 4596 virtutem,
1297 4546 1405 4600 qna
1439 4531 1880 4589 manifestissime
1907 4535 2114 4593 reditus
2216 4539 2486 4611 paradiso,
2524 4548 2579 4594 ut
2608 4548 2918 4608 operaretur
2946 4543 3164 4599 terram,
3206 4532 3271 4588 de
3296 4549 3402 4604 qua
3442 4542 3688 4602 sumptas
3712 4541 3804 4586 est.

516 4620 786 4675 humanae
818 4629 1040 4677 naturae
1072 4621 1124 4677 in
1154 4623 1379 4678 eandem
1414 4623 1747 4694 felicitatem,
1799 4644 1962 4699 quam
1988 4644 2113 4702 pec-
2220 4631 2377 4686 Nunc
2406 4648 2554 4702 ergo,
2583 4647 2646 4686 ne
2684 4630 2817 4701 forte
2864 4632 3037 4684 mittat
3079 4643 3295 4684 manum
3326 4642 3502 4692 suam,
3549 4637 3601 4681 et
3638 4634 3807 4681 autat

518 4711 692 4767 cando
722 4706 1052 4783 perdiderat,
1098 4717 1455 4786 promittitur,
1510 4720 1677 4777 totius
1731 4721 1948 4794 capituli
1981 4724 2113 4783 ordo
2219 4722 2373 4777 etiam
2394 4723 2459 4778 de
2482 4722 2621 4794 ligno
2651 4723 2803 4787 vitae,
2834 4731 2882 4777 et
2906 4719 3165 4785 comedat,
3191 4730 3238 4776 et
3264 4719 3401 4775 uiuat
3428 4718 3488 4772 in
3512 4728 3805 4773 utemur.

518 4805 1039 4875 praemonstrandus
1084 4819 1187 4876 est,
1235 4811 1289 4865 in
1332 4827 1439 4882 quo
1486 4829 1737 4886 magnum
1788 4818 2108 4891 prophetam

518 4894 736 4970 Moysen
772 4896 815 4929 ¹⁰
847 4898 1202 4975 liyperbatice
1236 4903 1493 4972 locutum,
1530 4909 1777 4980 quisquis
1802 4919 1962 4966 acute
1987 4926 2109 4980 pro—

518 4991 775 5060 spexerit,
817 4991 1077 5051 inveniet.
1118 4995 1263 5053 Ordo
1304 4999 1489 5079 itaque
1519 5003 1805 5059 verborum
1838 5004 1961 5062 talis
1989 5014 2107 5061 est:

2221 4816 2493 4888 Ejecitque
2520 4817 2710 4882 Adam,
2733 4824 2780 4871 et
2808 4814 3081 4873 collocavit
3108 4822 3232 4869 ante
3248 4810 3560 4883 paradisum
3578 4810 3809 4882 ωιιμο-

2221 4911 2284 4966 tis
2316 4911 2615 4978 Cherubim,
2647 4918 2695 4964 et
2724 4911 3034 4980 ﬂammeum
3067 4907 3304 4978 gladium
3334 4914 3489 4976 atque
3517 4902 3807 4960 versatile.

2220 5005 2288 5060 ad
2316 5003 2711 5063 custodiendam
2747 5003 2888 5060 viam
2913 5000 3045 5074 tigni
3086 5003 3236 5059 vitae.
3263 5001 3415 5070 Quod
3442 5001 3634 5072 itaque
3674 4997 3807 5056 acri-

1854 5181 2110 5240 VABIAE
2148 5183 2556 5247 LECTIONES.

770 5304 886 5395 CF}
924 5308 970 5365 Α
1000 5320 1170 5395 terra;
1192 5312 1472 5395 remigiis.
1552 5316 1574 5347 ⁸
1596 5316 1915 5395 Aitt’omm._
1964 5319 1986 5352 ³
2010 5319 2223 5395 Sicch
2243 5338 2257 5387 ;
2301 5322 2345 5395 Α
2385 5324 2560 5380 sensui
2585 5338 2700 5379 suo.
2777 5323 2799 5356 ‘
2828 5323 2921 5380 Sic
2942 5312 3057 5390 CF;
3088 5320 3132 5377 Α
3154 5323 3257 5378 cui.
3338 5311 3360 5355 δ
3384 5314 3515 5380 ACF
3553 5321 3803 5395 sgnecdg-

521 5371 718 5458 ιτΙησοεἶ
794 5376 815 5408 ⁵
841 5378 883 5433 Α
908 5383 1065 5464 quod.
1139 5383 1159 5413 "
1192 5381 1280 5438 Sic
1306 5383 1426 5467 (ξῖ)
1452 5394 1506 5469 ετ.
1528 5403 1732 5473 seraper
1757 5405 1865 5444 om.
1890 5389 1955 5446 A.
2031 5391 2052 5423 ⁸
2080 5390 2172 5446 Sic
2200 5371 2274 5458 A,;
2304 5371 2535 5459 Explicii
2557 5371 2930 5467 liber-quamius
2948 5371 3296 5473 'Qcﬁt’édégw

517 5438 564 5499 Ε
600 5441 850 5502 Fehciter
874 5449 1105 5502 exultat.
1180 5448 1201 5485 θ
1230 5452 1419 5502 Ineunt
1446 5454 1827 5502 Ltlmrnmnlng
1855 5477 1941 5502 nm
1997 5450 2065 5502 ΙἻ·
2101 5462 2141 5502 li‘
2180 5464 2366 5502 lnn’m’s
2395 5468 2608 5502 ηυὸκοοη
2660 5489 2778 5502 -.η
2808 5489 3004 5502 -..-.....
3107 5466 3150 5499 ιο
3177 5467 3260 5502 PI?
3301 5416 3507 5502 ﬁnem-nn

794 5462 850 5504 er
874 5448 1105 5522 explica.
1180 5448 1201 5485 ο
1228 5452 1419 5526 Incipit
1441 5454 1599 5514 Liber
1615 5448 1827 5531 quintus
1855 5477 1965 5518 om.
1997 5450 2068 5529 C;
2101 5462 2141 5519 F
2172 5448 2366 5538 Incipit
2389 5448 2611 5539 tua-au;
2634 5448 2780 5546 si...
2808 5448 3077 5542 genus"
3107 5448 3155 5499 π
3174 5448 3529 5538 ξιέᾟὸέιὲὶὶξ

2023 5602 2280 5662 NOTAE.

525 5729 1113 5861 ηὲῐέιέᾞθέῃὲἃῇἓὶδ
1157 5737 1291 5794 duos
1317 5738 1632 5811 Gregorios,
1662 5741 2067 5800 Nazianzenum
2103 5755 2158 5801 et
2194 5743 2519 5818 Nyssenum,
2543 5747 2845 5815 confundit,
2872 5760 3072 5818 eosque
3118 5759 3283 5800 unum
3332 5741 3686 5812 eumtlo'ml"c
3710 5739 3802 5796 [’3‘
