4028 6282
571 362 679 420 863

1961 361 2244 422 JOANNIS
2283 363 2480 421 SCOTI

3758 370 3866 427 864

566 481 762 531 statem
795 469 1172 543 temporalium
1202 483 1410 538 rerum,
1433 483 1575 543 quae
1607 473 1828 529 omnino
1848 487 1970 530 cum
2001 491 2157 532 mun-
2183 482 2232 541 Α
2260 475 2458 547 quippe
2501 474 2713 531 ratione
2754 474 3039 546 Seraphim
3068 453 3327 533 scribitur
3368 474 3563 533 Isaiam
3595 493 3866 549 purgasse

569 566 638 622 do
661 567 933 637 peribunt,
950 581 1287 632 reversurus,
1316 574 1460 622 totus
1484 566 1540 626 in
1566 569 1735 624 Deum
1761 570 1777 599 ¹
1803 570 2150 638 transiturus,

567 666 625 713 ct
655 674 820 714 unum
845 659 899 714 in
928 658 1021 715 illo
1047 658 1280 714 futurus.
1310 658 1378 714 Et
1408 659 1511 716 hoc
1536 662 1888 731 sequentibus
1910 660 2155 733 Scriptu-

569 767 663 807 rae
691 751 871 808 verbis
898 751 1045 807 clare
1072 751 1232 807 datur
1255 750 1499 825 intelligi.
1522 752 1635 808 ~Ait
1658 754 1802 809 enim
1829 771 1842 808 :
1885 751 2155 826 Ejecitque

568 844 762 911 Adam,
793 854 840 900 et
872 843 1143 900 collocavit
1174 855 1295 900 ante
1321 845 1627 915 paradisum
1657 845 1939 918 voluptatis
1956 846 2156 903 Cheru-

569 940 694 1006 bim,
723 949 772 995 et
791 941 1096 1011 ﬂammeum
1127 940 1365 1012 gladium
1386 951 1540 1014 atque
1568 944 1861 999 versatilem
1890 945 1960 999 ad
1982 955 2157 1002 custo-

566 1034 815 1089 diendam
844 1034 983 1088 viam
1023 1033 1152 1104 ligni
1196 1035 1350 1091 vitae.
1397 1034 1513 1092 Non
1555 1036 1792 1092 arbitror
1815 1044 1869 1092 te
1897 1037 2154 1094 oblivioni

567 1127 1087 1197 dedisse,quomodo
1115 1129 1168 1183 in
1196 1137 1391 1200 quarto
1419 1129 1578 1197 libro,
1605 1141 1913 1187 sanctorum
1933 1132 2154 1188 Patrum

567 1220 849 1291 utriusque
877 1220 1093 1290 linguae
1117 1206 1414 1292 peritorum
1439 1222 1506 1279 de
1532 1225 1785 1295 paradiso
1804 1225 2155 1281 tractantium

564 1313 863 1369 sententias
894 1321 1203 1385 sequentes,
1233 1314 1301 1369 ad
1326 1331 1541 1387 purum,
1569 1324 1628 1372 ut
1658 1316 1815 1373 nobis
1842 1318 2020 1373 visum
2047 1325 2154 1384 est,

565 1406 912 1473 deduximus,
943 1421 1050 1462 non
1075 1406 1219 1462 aliud
1247 1422 1369 1463 esse
1395 1408 1725 1478 paradisum,
1753 1409 1821 1466 de
1847 1425 1955 1480 quo
1992 1410 2157 1466 homo

565 1497 820 1571 expulsus
844 1507 946 1565 est,
979 1507 1194 1569 praeter
1241 1499 1416 1569 ipsam
1449 1501 1740 1555 humanam
1783 1510 2057 1568 naturam,
2089 1500 2157 1556 ad

566 1595 856 1668 imaginem
889 1594 983 1651 Dei
1005 1604 1267 1662 creatam,
1295 1610 1362 1651 ex
1398 1595 1572 1667 cujus,
1605 1595 1860 1668 imaginis
1880 1595 2155 1664 videlicet,

565 1688 827 1759 dignitate
875 1689 1066 1745 eadem
1112 1688 1230 1759 ipsa
1285 1698 1479 1745 natura
1537 1689 1777 1744 divinum
1808 1698 2158 1762 praeceptum

564 1788 917 1837 contemnens
946 1781 1172 1837 corruit.
1218 1780 1299 1837 Ac
1323 1782 1344 1813 ³
1393 1796 1491 1852 per
1529 1782 1633 1838 hoc
1672 1782 1979 1850 conﬁcitur,
2022 1781 2157 1838 nihil

2257 566 2600 636 prophetam,
2629 577 2885 622 cum'non
2912 567 3021 638 ipse
3053 566 3355 637 Seraphim,
3388 576 3449 623 ut
3477 578 3707 625 sanctus
3740 571 3864 629 Dio-

2257 662 2444 733 nysius
2472 661 2800 733 Areopagita
2829 662 3075 733 exponit,
3102 678 3196 732 per
3217 663 3441 732 seipsam
3468 665 3717 734 purgari:
3746 681 3862 734 pre-

2257 756 2486 827 phetam,
2518 755 2609 810 sed
2637 771 2730 825 per
2749 770 2913 809 unum
2938 752 3247 825 angelorum
3269 754 3489 808 extremi
3516 754 3727 809 ordinis
3750 772 3863 808 cae.

2257 847 2468 903 testium
2492 849 2859 914 essentiarum,
2894 848 2988 919 qui
3022 858 3307 919 propterea
3345 846 3639 919 Seraphim
3682 850 3863 919 appel-

2258 939 2459 996 latione
2505 940 2705 996 meruit
2730 940 2937 1008 vocari,
2970 941 3228 1012 quoniam
3260 940 3326 1007 ιδ,
3356 939 3501 996 sicut
3526 941 3581 997 ei
3623 942 3861 1012 iusserat

2260 1030 2566 1102 Seraphim,
2595 1032 2848 1104 purgavit
2873 1026 3222 1103 prophetam,
3242 1042 3301 1089 et
3322 1034 3469 1105 quod
3493 1034 3621 1105 ipsa
3661 1050 3861 1108 purga-

2260 1126 2335 1182 tio
2365 1141 2473 1181 non
2503 1127 2572 1181 ad
2618 1135 2966 1199 purgatorem
3011 1125 3268 1193 refertur,
3314 1126 3411 1182 sed
3450 1128 3518 1182 ad
3564 1142 3725 1194 eum,
3777 1130 3863 1198 qui

2252 1215 2417 1287 jussit
2480 1217 2803 1287 prophetam
2839 1216 3100 1288 purgari.
3149 1217 3321 1285 Quid,
3372 1218 3419 1274 si
3466 1219 3576 1276 hoc
3627 1219 3858 1286 dixerit,

2258 1312 2450 1362 nonne“
2468 1307 2660 1364 eadem
2700 1306 2986 1365 diﬁicultas
3030 1310 3370 1366 remanebit?
3396 1310 3514 1367 Non
3545 1313 3699 1368 enim
3728 1313 3863 1369 veri-

2260 1398 2437 1454 simile
2455 1408 2559 1466 est,
2586 1399 2886 1471 angelicam
2910 1402 3298 1471 substantiam,
3321 1404 3580 1475 quamvis
3597 1404 3658 1461 in
3674 1407 3861 1466 ordine

2259 1495 2573 1552 caelestium
2618 1497 2885 1554 virtutum
2928 1508 3261 1567 extremam,
3305 1501 3362 1555 in
3407 1500 3599 1572 aliquo
3644 1511 3859 1557 terreno

2259 1586 2379 1644 loco
2411 1603 2571 1659 posse
2604 1588 2881 1646 collocari.
2925 1589 2983 1646 Si
3012 1605 3144 1648 vero
3171 1592 3348 1648 solum
3378 1592 3630 1651 nominis
3653 1594 3858 1649 intelle-

2258 1688 2429 1747 ctum,
2458 1678 2657 1734 nullam
2707 1695 2838 1738 vero
2885 1682 3173 1739 caelestem
3218 1683 3590 1740 substantiam
3643 1684 3707 1740 in
3765 1685 3859 1741 bo:

2260 1772 2381 1829 loco
2428 1774 2776 1845 accipiamus,
2808 1789 3096 1844 possumus
3143 1776 3347 1842 dicere,
3384 1778 3557 1831 Deum
3595 1786 3731 1831 ante
3773 1792 3857 1846 pa-

564 1871 710 1928 aliud
737 1888 858 1930 esse
887 1873 1127 1929 hominis
1145 1874 1495 1930 emissionem
1514 1874 1601 1940 vel
1641 1872 1983 1944 ejectionem,
2006 1875 2109 1931 nisi
2132 1875 2154 1906 ³

2259 1864 2497 1921 radisum
2544 1865 2858 1936 voluptatis,
2910 1866 3015 1923 hoc
3057 1876 3163 1936 est,
3191 1877 3321 1924 ante
3366 1877 3730 1941 conspectum
3782 1884 3858 1923 ra-

564 1966 830 2022 naturalis
847 1961 1235 2035 felicitatis,'ad
1257 1984 1417 2038 quam
1441 1968 1823 2039 possidendam
1845 1969 2024 2026 factus
2047 1978 2153 2038 est,

563 2059 944 2127 perditionem.
987 2051 1274 2115 Non'enim
1306 2061 1467 2116 homo
1498 2067 1754 2117 naturam
1788 2076 1941 2117 suam
1970 2062 2155 2133 perdi-

564 2147 661 2214 dit,
677 2150 1105 2220 quae,Quoniam
1127 2149 1194 2206 ad
1210 2150 1500 2222 imaginem
1522 2159 1576 2207 et
1596 2152 2003 2208 similitudinem
2027 2152 2159 2209 Dei"

562 2238 704 2295 facta
749 2250 852 2307 est,
912 2243 1220 2298 necessario
1264 2243 1690 2313 incorruptibilis
1734 2252 1866 2301 est:
1920 2247 2156 2318 perdidit

562 2341 743 2387 autem
766 2320 1107 2399 felicitatem,
1135 2348 1298 2403 quam
1323 2334 1614 2404 adepturus
1641 2344 1805 2402 esset,
1825 2337 1869 2392 si
1897 2338 2157 2393 obedicns

562 2421 673 2479 Deo
686 2437 808 2480 esse
832 2437 937 2480 non
964 2433 1352 2482 contemneret.
1375 2426 1524 2483 Disc.
1550 2426 1667 2483 Non
1687 2428 1859 2484 solum
1884 2445 1992 2484 non
2022 2429 2157 2484 obli-

561 2515 707 2571 vioni
762 2516 785 2548 ⁸
827 2517 1065 2583 tradidi,
1117 2534 1306 2574 verum
1358 2519 1522 2576 etiam
1578 2521 1809 2578 ﬁrmiter
1860 2525 2157 2580 memoriae

562 2609 732 2664 inﬁxi.
762 2609 904 2667 MAG.
938 2611 1076 2680 Quid
1108 2628 1239 2684 ergo
1278 2613 1398 2670 ait:
1432 2611 1501 2668 Et
1524 2613 1799 2670 collocavit
1844 2626 1965 2671 ante
1992 2634 2154 2688 para-

559 2701 733 2756 disum
773 2701 1052 2773 voluptatis
1103 2704 1147 2770 ⁶,
1195 2705 1297 2760 hoc
1325 2714 1426 2771 est,
1467 2714 1594 2761 ante
1618 2706 1892 2763 humanae
1932 2716 2158 2765 naturae

561 2793 869 2863 spirituales
891 2794 1138 2862 delicias,
1165 2794 1485 2850 Cherubim?
1514 2796 1652 2864 Quid
1673 2797 1789 2852 vult
1811 2798 1913 2853 hoc
1941 2800 2158 2855 nomine

558 2881 900 2953 signiﬁcare?
945 2884 1137 2941 Utrum
1170 2886 1462 2942 caelestem
1505 2886 1650 2942 illam
1694 2888 1969 2955 virtutem,
2016 2904 2157 2960 quae

560 2976 613 3031 in
637 2978 810 3047 prima
837 2979 1203 3049 angelicorum
1227 2980 1478 3036 ordinum
1504 2981 1773 3038 lerarchia
1799 2982 2018 3053 ponitur
2051 2991 2157 3038 ter-

560 3068 632 3122 tia
653 3068 699 3134 ⁷,
730 3069 784 3124 in
809 3085 873 3126 ea
893 3070 1037 3125 enim
1068 3070 1375 3141 Seraphim,
1404 3070 1696 3128 Cherubim
1726 3072 1769 3139 ⁸,
1804 3072 2052 3128 Thronos
2078 3072 2159 3128 di-

562 3160 687 3215 vina
720 3170 997 3233 computat
1027 3162 1268 3230 traditio,
1301 3178 1367 3216 an
1400 3162 1576 3234 ipsum
1607 3164 1947 3220 solummodo
1975 3165 2154 3221 nomi-

562 3251 648 3306 nis
677 3228 1028 3319 intellectum,
1061 3269 1130 3309 an
1169 3228 1373 3323 aliquid
1402 3228 1549 3311 aliud
1586 3256 1766 3312 altiori
1797 3256 2153 3328 intelligentia
2181 3228 2226 3291 C

562 3345 667 3401 hoc
694 3346 914 3401 nomine
942 3346 1058 3401 vult
1082 3347 1349 3404 suadere?
1391 3349 1470 3404 Ac
1518 3348 1540 3380 ⁹
1569 3366 1667 3420 per
1702 3351 1805 3405 hoc
1831 3350 2156 3421 interpretas

565 3439 640 3493 tio
666 3439 901 3494 nominis
933 3437 1093 3509 hujus
1120 3440 1273 3510 prius
1310 3449 1395 3496 est
1430 3442 1847 3500 manifestanda.
1878 3443 2157 3517 Interpreé

565 3542 713 3589 tatur
740 3535 922 3608 itaque
964 3535 1258 3593 Cherubim
1292 3539 1571 3595 multitudo
1607 3543 1873 3612 scientiae,
1906 3546 1991 3602 vel
2016 3547 2156 3618 fusio

560 3628 869 3699 sapientiae,
904 3639 963 3685 ut
997 3640 1219 3687 sanctus
1240 3632 1527 3704 Dionysius
1553 3635 1876 3710 Areopagita
1915 3640 1970 3695 in
2017 3640 2157 3698 libro

562 3725 631 3778 de
651 3721 890 3779 Caelesti
931 3723 1204 3781 lerarchia
1231 3726 1441 3782 scribit.
1476 3728 1575 3784 Cui
1618 3730 1781 3785 etiam
1829 3733 2156 3804 astipulatur

558 3813 891 3886 Epiphanius
932 3816 990 3871 in
1045 3817 1182 3873 libro
1227 3819 1294 3874 de
1332 3818 1604 3876 hebraicis
1648 3823 1990 3893 nominibus;
2027 3826 2159 3882 dicit

557 3907 723 3973 enim,
759 3894 1053 3965 Cherubim
1083 3912 1427 3982 cognitionem
1463 3912 1672 3984 plenam
1700 3916 1784 3973 vel
1808 3918 2152 3990 cognitionem

556 4000 845 4056 multorum
899 4001 1267 4073 interpretari.
1313 4002 1422 4060 Sed
1459 4006 1503 4061 si
1534 4007 1822 4065 caelestem
1852 4012 2152 4066 essentiam

558 4092 613 4146 in
640 4093 744 4148 hoc
774 4091 893 4149 loco
941 4092 1124 4149 divina
1152 4094 1325 4151 voluit
1362 4096 1658 4169 signiﬁcari
1709 4100 2026 4173 Scriptura,
2060 4117 2155 4158 ne-

557 4184 795 4239 cessario
809 4199 1065 4255 cogemur
1078 4184 1263 4254 fateri,
1280 4188 1591 4258 paradisum
1606 4192 1902 4262 spiritualis
1923 4204 2151 4252 naturae

2262 1958 2538 2015 tionabilis
2584 1959 2857 2015 humanae
2920 1971 3169 2027 naturae,
3209 1963 3460 2033 quamvis
3488 1963 3561 2018 de
3608 1962 3857 2034 paradiso

2261 2050 2535 2120 expulsae,
2582 2051 2687 2106 hoc
2722 2060 2827 2119 est,
2874 2066 2945 2108 ex
2988 2053 3254 2126 dignitate
3298 2055 3507 2126 primae
3557 2069 3693 2111 suae
3739 2070 3857 2111 wa-

2261 2141 2485 2197 ditionis
2547 2151 2831 2210 remotae,
2889 2143 3184 2201 Cherubim
3245 2146 3572 2211 collocasse,
3618 2146 3857 2201 multitu-

2260 2232 2443 2289 dinem
2493 2233 2743 2292 videlicet
2780 2234 3063 2304 scientiae,
3092 2246 3187 2293 aut
3230 2236 3497 2293 fusionem
3534 2238 3854 2309 sapientiae,

2260 2343 2365 2398 qua
2410 2328 2643 2399 seipsam
2691 2340 3143 2400 recognosceret,
3203 2332 3369 2402 inque
3420 2332 3716 2402 pristinam
3778 2331 3854 2386 fe-

2260 2419 2521 2475 licitatem
2549 2461 2564 2488 ,
2621 2436 2786 2490 quam
2832 2423 3108 2491 peccando
3150 2423 3490 2490 deseruerat,
3548 2423 3773 2478 actione
3810 2431 3860 2475 ct

2260 2511 2486 2566 scientia
2541 2521 2795 2584 purgata,
2843 2512 3254 2584 sapientiaeque
3308 2514 3502 2569 studiis
3559 2513 3857 2569 exercitata

2259 2603 2421 2659 vellet
2453 2613 2508 2659 et
2533 2615 2721 2675 posset
2749 2605 2951 2661 redire.
2996 2604 3097 2661 Ubi
3128 2606 3288 2660 datur
3336 2604 3585 2676 intelligi,
3622 2603 3758 2675 plus
3788 2604 3860 2657 di-

2258 2697 2418 2753 vinae
2463 2697 2890 2765 misericordiae,
2923 2714 3087 2770 quam
3131 2698 3399 2754 vindictae
3442 2697 3497 2753 iu
3544 2696 3879 2769 expulsion

2258 2790 2494 2847 hominis
2522 2792 2587 2847 de
2607 2793 2861 2863 paradiso
2887 2792 3079 2849 fuisse.
3107 2792 3237 2849 'Non
3267 2794 3413 2848 enim
3439 2793 3696 2848 conditor
3728 2792 3859 2846 ima-

2258 2885 2439 2957 ginem
2468 2902 2621 2941 suam
2652 2886 2822 2943 voluit
2850 2887 2896 2919 ¹⁵
2928 2888 3150 2943 omnino
3179 2887 3459 2953 damnare,
3484 2885 3662 2942 voluit
3686 2897 3861 2940 autem

2258 2990 2382 3031 eam
2406 2992 2687 3044 renovare,
2719 2978 3173 3048 multitudineque
3218 2977 3479 3034 scientiae
3526 2977 3859 3040 exendum,

2259 3067 2471 3125 fusione
2499 3071 2627 3125 item
2654 3071 2954 3141 sapientiae
2981 3071 3161 3143 rigare
3186 3078 3243 3126 et
3269 3070 3594 3136 illuminare,
3616 3069 3863 3139 dignam

2259 3176 2364 3231 que
2385 3160 2616 3229 elﬁcere,
2642 3163 2841 3219 iterum
2880 3162 3086 3234 lignum
3110 3162 3274 3228 vitae,
3300 3177 3333 3216 a
3362 3177 3470 3232 quo
3498 3169 3718 3217 remota
3762 3172 3861 3223 εει,

2258 3256 2430 3321 adire,
2458 3272 2632 3327 eoque
2657 3255 2781 3322 frui,
2816 3273 2885 3313 ne
2917 3257 3186 3324 interiret,
3222 3259 3317 3315 sed
3341 3256 3547 3311 viveret
3578 3257 3639 3311 in
3676 3265 3864 3312 aeter-

2258 3362 2410 3402 num.
2446 3347 2552 3403 Sed
2581 3348 2628 3404 si
2654 3348 2776 3419 quis
2818 3347 2981 3405 altius
3016 3347 3147 3405 velit
3193 3348 3533 3421 conspicere,
3554 3347 3862 3404 Cherubim

2265 3434 2529 3497 vocabulo
2557 3440 2734 3511 ipsum
2761 3440 2859 3497 Dei
2886 3441 3120 3497 Verbum
3165 3440 3483 3512 signiﬁcari,
3512 3456 3619 3495 non
3668 3441 3861 3496 incon-

2248 3548 2382 3606 grue
2407 3532 2689 3605 intelliget.
2717 3533 2811 3588 Dei
2833 3548 3068 3604 namque
3090 3533 3428 3600 Verbum,'in
3453 3549 3560 3604 quo
3582 3542 3725 3587 sunt
3748 3535 3868 3588 the-

2248 3627 2396 3683 sauri
2426 3626 2685 3682 scientiae
2714 3620 3120 3698 sapientiaeque
3145 3626 3469 3691 absconditi,
3495 3640 3727 3696 semper
3745 3628 3863 3681 sine

2247 3722 2357 3777 ulla
2380 3722 2782 3778 intermissione
2803 3723 3075 3777 humanae
3097 3730 3323 3778 naturae
3339 3721 3617 3778 obtutibus
3635 3730 3863 3792 pracsul

2254 3825 2358 3885 est,
2385 3828 2614 3885 eamque
2642 3813 2918 3880 admonet,
2946 3822 3005 3868 et
3024 3820 3241 3884 purgat,
3268 3819 3326 3868 et
3366 3810 3663 3875 illuminat,
3692 3812 3865 3867 dmcc

2247 3911 2316 3966 ad
2347 3908 2739 3981 perfectionem
2763 3922 2919 3963 suam
2943 3908 3326 3963 intenieratam
3355 3905 3593 3961 reducat.
3628 3904 3705 3959 Et
3734 3903 3864 3975 quid

2248 4002 2475 4067 mirum,
2502 4001 2549 4057 si
2579 3999 2677 4056 Dei
2702 3999 2965 4070 sapientia
2996 3999 3292 4055 Cherubim
3339 3998 3602 4054 vocabulo
3654 3998 3849 4068 signiﬁ-

2249 4102 2427 4161 cetur,
2459 4107 2583 4149 cum
2612 4100 2669 4148 et
2694 4091 2933 4163 Angelus
2956 4091 3138 4163 magni
3164 4090 3378 4146 consilii
3406 4098 3463 4145 et
3489 4087 3688 4145 Virtus
3714 4090 3862 4144 dica-

2247 4198 2338 4245 tur
2390 4219 2460 4231 —-
2497 4188 2623 4244 audi
2658 4186 2976 4258 Apostolum
3024 4186 3091 4243 de
3118 4185 3280 4241 Patre
3323 4183 3435 4240 Deo
3489 4182 3807 4254 loquentem
3842 4197 3860 4233 :

556 4289 697 4333 esse.
725 4278 841 4335 Non
869 4280 1016 4334 enim
1041 4280 1183 4335 ratio
1204 4280 1336 4336 sinit
1359 4296 1458 4338 nos
1481 4281 1798 4361 “credere,
1815 4287 2152 4358 spiritualem
2244 4280 2545 4337 Invisibilia
2597 4282 2737 4336 enim
2792 4281 2909 4352 ejus
2975 4298 3009 4335 a
3071 4280 3333 4336 creatione
3400 4278 3446 4310 “
3514 4278 3709 4331 mundi
3772 4292 3865 4345 per

559 4369 775 4441 Deoque
819 4372 1126 4442 proximam
1176 4382 1451 4442 naturam,
1489 4389 1554 4432 ac
1602 4377 1745 4433 circa
1785 4393 1909 4435 eum
1938 4380 2152 4452 semper
2177 4392 2230 4453 ι)
2254 4393 2340 4445 ea,
2373 4393 2505 4449 quae
2564 4375 2708 4447 facta
2770 4385 2911 4442 sunt,
2957 4373 3221 4430 intellecta
3275 4372 3710 4444 conspiciuntur,
3734 4387 3865 4425 sus-

558 4458 1635 4536 motam,antelocalemterreuumque“
1658 4470 1970 4539 paradisum
1994 4489 2154 4544 posse
2207 4539 2213 4545 _
2254 4471 2459 4540 piterna
2495 4485 2699 4541 quoque
2731 4468 2848 4539 ejus
2900 4467 3062 4522 virtus
3122 4465 3366 4520 similiter
3424 4472 3474 4519 et
3533 4472 3764 4533 potestas
3795 4490 3867 4501 —

557 4553 833 4622 collocari,
859 4554 1024 4611 nisi“
1039 4554 1179 4611 forte
1214 4555 1478 4626 dicamus,
1499 4575 1607 4615 non
1633 4561 1810 4630 ipsum
1834 4561 2148 4634 Cherubim,

558 4647 656 4727 sed
692 4663 859 4703 unum
895 4649 962 4704 de
1007 4659 1252 4706 extremo
1281 4651 1472 4706 ordine
1516 4652 1833 4710 caelestium
1867 4656 2149 4726 virtutum,

558 4741 651 4811 qui
679 4755 846 4812 prope
877 4742 1154 4814 angelicus
1174 4743 1393 4811 dicitur,
1418 4753 1545 4801 ante
1569 4747 1883 4817 paradisum
1917 4747 2153 4805 locatum
2183 4823 2192 4833 _

557 4830 743 4899 fuisse,
777 4832 869 4904 qui
895 4843 1185 4905 propterea
1214 4834 1508 4893 Cherubim
1542 4839 1842 4910 appellatus
1865 4851 1969 4908 est,
2015 4857 2153 4912 quo-

556 4923 702 4979 niam
752 4925 821 4982 ab
862 4926 979 4997 ipso
1028 4927 1317 4985 Cherubim
1376 4940 1503 4987 ante
1542 4932 1850 5003 paradisum
1903 4934 2157 4991 collocari

551 5011 792 5083 iubetur.
828 5017 1094 5090 Quicquid
1109 5022 1252 5077 enim
1270 5021 1340 5078 ab
1355 5021 1701 5082 inferioribus
1723 5027 2040 5083 caelestium
2060 5044 2155 5084 or-

557 5108 774 5166 dinibus
807 5109 863 5165 in
888 5126 1072 5168 rerum
1095 5122 1287 5170 natura
1322 5113 1622 5187 perﬁcitur,
1641 5120 1708 5174 ad
1732 5121 2043 5191 superiores
2069 5138 2155 5179 re-

2257 4572 2333 4627 et,
2373 4571 2432 4616 ut
2486 4562 2723 4617 breviter
2775 4560 2973 4626 dicam,
3026 4558 3270 4615 omnium
3304 4556 3629 4612 caelestium
3675 4570 3860 4612 essea-

2259 4662 2456 4716 tiarum
2479 4644 2925 4732 appellationibus
2953 4660 3185 4729 quadam
3207 4656 3441 4712 mirabili
3465 4658 3511 4689 ¹τ
3541 4658 3865 4727 metaphora

2260 4754 2316 4809 in
2368 4753 2566 4809 divinis
2624 4751 2921 4824 Scripturis
2976 4751 3149 4806 soleat
3201 4748 3478 4805 intimari?
3519 4747 3867 4804 Flammeusu

2261 4861 2477 4917 quoque
2502 4845 2740 4916 gladium
2768 4845 2958 4900 eadem
2986 4844 3206 4898 ratione
3234 4842 3412 4912 ipsum
3467 4842 3565 4897 Dei
3626 4842 3866 4897 Verbum

2263 4936 2573 5008 signiﬁcare
2601 4952 2709 4992 non
2734 4935 3182 4993 inconvenienter
3208 4934 3528 5006 accipimus.
3558 4932 3687 4990 Urit
3706 4947 3863 4989 nan-

2259 5042 2366 5098 que
2401 5036 2458 5082 ct
2502 5027 2715 5082 dividit.
2747 5026 2867 5082 Urit
2892 5025 3111 5098 quidem
3142 5034 3330 5082 nostra
3355 5024 3575 5090 delicta,
3607 5024 3865 5080 estcuius

2259 5118 2404 5175 Deus
2474 5119 2612 5192 ignis
2672 5135 3000 5186 consumens,
3055 5134 3404 5191 purgansque
3449 5116 3866 5175 irrationabiles

556 5197 751 5269 fertur,
809 5204 1065 5274 quoniam
1100 5204 1144 5236 ¹³
1199 5204 1485 5264 inferiores
1544 5209 1621 5264 nil
1680 5220 1879 5284 agunt,
1936 5222 2155 5285 praeter
2208 5219 2220 5233 '
2256 5220 2476 5268 nostrae
2505 5219 2735 5268 naturae
2757 5213 2987 5269 sordes:
3020 5224 3250 5282 eamque
3273 5209 3466 5267 dividit
3502 5218 3673 5280 atque
3698 5208 3742 5242 ⁸⁵
3778 5207 3868 5263 di-

554 5296 701 5366 quod
745 5311 778 5353 a
827 5299 1194 5370 superioribus
1252 5316 1414 5375 agere
1458 5305 1886 5378 praecipiuntur.
1945 5307 2150 5363 Eadem
2256 5303 2460 5361 scernit
2485 5302 2555 5360 ab
2574 5302 2683 5372 bis,
2705 5317 2846 5374 quae
2869 5302 2918 5360 ei
2942 5302 3139 5360 merito
3156 5301 3651 5375 praevaricationis
3669 5311 3866 5371 super

1841 5488 2095 5549 VABIAE
2129 5491 2535 5553 LECTIONES.

625 5642 763 5723 g_s_ic
783 5643 901 5723 cr;
932 5645 979 5700 A
1005 5643 1309 5723 Dominum:
1389 5646 1416 5723 f
1444 5644 1491 5723 ᾼ
1530 5646 1716 5718 Atque.
1792 5646 1886 5723 ’_A
1917 5649 2006 5723 ηε.Δ
2089 5649 2112 5681 ι
2146 5624 2482 5723 signa)
2512 5651 2581 5723 ad
2609 5650 2891 5723 imaginem
2943 5651 3042 5707 Dei
3091 5660 3139 5709 et
3177 5653 3599 5710 similitudinem.
3692 5652 3715 5685 ·
3766 5652 3865 5709 cr

554 5715 799 5790 oblivioni
833 5733 999 5790 twn.-
1043 5716 1066 5747 ⁸
1092 5715 1327 5790 SieCF;
1372 5718 1415 5771 A
1441 5715 1705 5790 humanae
1748 5719 2060 5789 voluptatis.
2163 5722 2183 5752 '
2216 5720 2309 5776 Sic
2349 5720 2467 5789 CF;
2500 5722 2546 5776 A
2575 5715 2829 5778 secunda.
2916 5724 2939 5756 ⁸
2968 5723 3059 5780 Sic
3101 5723 3219 5790 CF;
3269 5725 3313 5779 Λ
3353 5723 3643 5789 Cherubin,
3686 5723 3865 5778 Sera.

555 5787 708 5867 pliin._
771 5788 868 5867 ’_i_\
899 5787 1097 5867 fitque.
1145 5787 1209 5867 _‘°
1245 5786 1297 5867 Α.
1320 5805 1411 5843 nos
1455 5789 1601 5842 sinit.
1677 5786 1985 5867 ‘_‘_Si_(_:_(1F;
2018 5792 2063 5846 A
2090 5800 2364 5867 terrenum
2385 5786 2725 5867 loctdemque.
2804 5797 2846 5833 ⁸³
2876 5794 2922 5850 Α
2949 5796 3024 5849 ui.
3107 5796 3148 5826 ¹³
3176 5786 3218 5849 Ᾱ
3240 5796 3387 5867 quia.
3466 5798 3509 5828 ”
3536 5786 3781 5862 Sic’CI";
3816 5806 3863 5850 Λ

559 5857 728 5919 Quod.
809 5857 853 5889 ¹⁸
885 5856 927 5910 Λ
960 5856 1117 5911 voluit
1138 5859 1416 5928 imaginem
1440 5874 1611 5914 suam.
1692 5861 1735 5892 ¹⁶
1774 5861 2167 5925 CF‘creatura.
2247 5864 2284 5895 ¹⁷
2312 5862 2402 5919 Sic
2433 5864 2549 5930 (1F;
2579 5856 2629 5920 A'
2658 5867 2925 5922 mutabili.
3006 5868 3049 5898 ¹⁸
3087 5868 3128 5922 Α
3162 5884 3242 5923 ac.
