3952 5702
118 433 223 489 865

916 444 1374 536 υΕριγιδιοΝΕ
1412 439 1766 501 NATURAE.
1804 471 1874 481 —
1907 439 2108 498 LIBER
2144 441 2469 511 QUINTUS.

3278 446 3382 504 866

115 561 399 619 venerant,
467 568 696 628 eamque
755 559 1106 627 decolorant,
1157 572 1320 634 atque
1371 562 1693 626 deformant,
1724 557 2097 624 Avisibilium
2135 574 2320 616 rerum
2342 558 2818 634 corporaliumque
2866 570 2970 628 est.
3019 569 3077 616 υι
3119 562 3380 632 arbitror.

113 641 542 715 dissimilemque
586 649 850 706 conditori
878 667 975 708 suo
1009 650 1268 708 efﬁciunt.
1311 651 1535 708 Gladius
1572 651 1696 718 iste,

112 731 352 788 Verbum
385 735 639 794 videlicet
659 741 855 808 Patris,
886 743 1194 814 unigenitns
1218 742 1405 810 Filius,
1438 745 1613 799 virtus
1645 753 1700 798 et

109 826 379 895 sapientia
427 843 532 884 non
576 830 846 888 immerito
892 843 948 888 et
999 834 1240 890 creditur
1282 845 1336 890 et
1384 834 1699 906 intelligitur

109 917 403 984 versatilis,
444 919 606 990 quia,
653 921 780 977 dum
843 931 927 980 est
976 925 993 955 ⁸
1062 932 1252 980 natura
1314 925 1696 992 immutabilis,

109 1017 360 1065 movetur
391 1021 568 1067 tamen
597 1013 852 1070 ineffabili
901 1031 1001 1071 sua
1049 1016 1332 1073 clementia
1387 1027 1443 1072 et
1489 1017 1697 1072 miseri-

107 1103 294 1157 cordia
325 1118 454 1174 erga
476 1104 704 1160 salutem
731 1107 996 1164 humanae
1039 1119 1285 1165 naturae.
1331 1109 1556 1180 Semper
1594 1108 1701 1163 ita-

105 1207 213 1260 que
243 1191 366 1248 talis
393 1194 683 1251 Cherubim
735 1195 1124 1270 flammeusque
1149 1198 1381 1270 .gladius
1427 1198 1697 1255 versatilis

107 1293 233 1338 ante
257 1284 446 1340 oculos
475 1287 689 1344 animae
715 1298 950 1355 nostrae,
982 1292 1208 1347 rationis
1241 1293 1362 1348 dico
1397 1301 1452 1348 et
1482 1293 1694 1348 intelle-

106 1385 248 1443 ctus,
277 1376 594 1434 collocatur.
647 1380 786 1449 Quid
829 1383 937 1438 ita?
985 1383 1065 1438 Ad
1109 1385 1503 1440 custodiendam
1556 1387 1695 1442 viam

105 1467 236 1538 ligni
263 1469 433 1536 vitae,
461 1471 563 1526 hoc
616 1481 727 1536 est,
760 1487 828 1529 ne
868 1474 1011 1530 viam
1065 1475 1195 1548 ligni
1256 1478 1396 1534 vitae
1438 1477 1694 1535 oblivioni

109 1559 411 1626 tradamus,
441 1562 538 1616 sed
573 1576 787 1634 semper
811 1567 1130 1622 memoriam
1161 1569 1328 1639 ipsius
1367 1570 1502 1642 ligni
1546 1572 1694 1629 viae-

103 1664 231 1720 que,
261 1665 368 1720 qua
394 1651 502 1707 itur
521 1653 590 1709 ad
619 1654 771 1722 illud,
805 1667 931 1714 ante
959 1659 1148 1716 oculos
1172 1662 1353 1719 cordis
1395 1665 1566 1720 nostri
1605 1665 1692 1720 in-

105 1741 421 1799 desinenter
463 1746 781 1804 habeamus.
823 1750 894 1806 Et
925 1767 995 1808 ne
1053 1753 1292 1822 mireris,
1328 1772 1416 1814 me
1456 1757 1694 1830 singula-

102 1831 241 1886 riter
274 1832 572 1892 Cherubim
621 1839 932 1909 protulisse,
959 1859 1081 1900 cum
1113 1845 1304 1905 beatus
1336 1848 1692 1921 Hieronymus

1800 653 1946 723 quod
1971 667 2082 709 non
2107 653 2447 726 incorporale
2470 655 2601 725 quid
2630 664 2688 713 et
2726 657 3064 728 intelligibile
3090 658 3381 730 significet.

1800 747 1908 804 Sed
1938 748 2178 819 ipsorum
2206 764 2549 816 recursuum,
2572 765 2641 806 ex
2686 751 2882 821 quibus
2927 762 3251 824 argumenta
3296 754 3382 810 vis

1798 856 2032 908 sumere,
2065 843 2326 913 quosdam
2354 843 2594 900 breviter
2612 843 2773 900 velim
2804 860 3217 924 commemores.
3235 846 3378 903 MAG.

1797 929 2078 998 Omnibus,
2103 940 2161 987 ut
2179 933 2428 1000 aestimo,
2444 943 2692 991 naturam
2714 949 2896 991 rerum
2916 937 3380 994 considerantibus

1797 1030 1852 1078 et
1874 1023 2039 1079 animi
2061 1026 2412 1096 conceptione
2432 1036 2488 1083 et
2508 1027 2805 1099 corporalis
2831 1029 3238 1098 sensusjudicio
3261 1032 3382 1088 luce

1796 1113 1996 1170 clarius
2047 1115 2376 1186 patefactum
2433 1126 2538 1183 est,
2598 1119 2888 1176 caelestem
2950 1122 3383 1194 astrigeramque

1797 1207 2082 1275 sphaeram
2124 1223 2338 1282 semper
2387 1212 2800 1274 volubilemad
2856 1215 3090 1272 eundem
3141 1215 3384 1292 locorum
3438 1227 3440 1229 '

1796 1296 1959 1352 situm
2001 1297 2056 1354 in
2089 1298 2294 1372 'viginti
2346 1313 2605 1373 quattuor
2628 1305 2884 1362 horarum
2932 1308 3109 1378 spatio
3154 1307 3331 1364 redire
3367 1326 3380 1362 :

1793 1386 1964 1442 solem
2029 1389 2280 1447 similiter
2331 1395 2397 1448 ad
2463 1394 2606 1450 idem
2657 1405 2916 1466 punctum
2970 1397 3382 1468 aequinoctialis

1795 1477 2071 1547 diametri,
2099 1491 2321 1552 peracto
2341 1486 2715 1554 quadriennio,
2739 1488 2930 1544 eodem
2968 1490 3228 1560 temporis
3271 1507 3382 1546 mo-

1793 1579 2002 1637 mento,
2018 1571 2074 1628 in
2102 1582 2228 1630 ortu
2258 1575 2400 1643 dico,
2441 1579 2722 1648 pervenire
2765 1596 2778 1633 :
2820 1579 3002 1635 lunam
3051 1597 3267 1652 quoque
3307 1581 3378 1636 ad

1794 1664 2030 1722 eundem
2078 1665 2256 1724 locum
2308 1670 2586 1742 signiferi,
2639 1688 2745 1744 quo
2800 1689 3027 1731 accensa
3085 1684 3188 1744 est,
3217 1677 3380 1747 paulo

1793 1752 2079 1827 plusquam
2148 1758 2339 1830 viginti
2396 1773 2602 1832 septem
2661 1763 2872 1820 dierum
2929 1774 2987 1820 et
3029 1775 3165 1836 octo
3203 1769 3380 1840 liora-

1797 1859 1918 1900 rum
1969 1845 2253 1905 intervan
2305 1865 2606 1908 recurrere.
2657 1853 2735 1911 De
2779 1856 2956 1911 reditu
3015 1867 3196 1913 autem
3246 1858 3380 1913 alia-

102 1930 158 1976 et
184 1922 412 1992 pluralis
439 1929 651 1984 numeri
671 1937 726 1986 et
749 1934 1033 1991 masculini
1060 1939 1277 2006 generis
1312 1940 1440 1997 talia
1469 1943 1689 1999 nomina
1715 1931 1765 1993 Β
1792 1953 1913 1994 rum
1950 1939 2313 2011 planetarum,
2337 1945 2462 2015 quia
2484 1944 2531 1988 ι³
2558 1946 2809 2003 omnibus
2834 1948 3158 2020 astrologiae
3189 1951 3382 2020 peritis

103 2016 158 2070 in
191 2017 267 2071 im
294 2018 595 2078 desinentia
625 2026 765 2095 apud
792 2026 1068 2086 Hebraeos
1089 2034 1468 2102 pronuntiarit.
1522 2035 1689 2094 Secu-

103 2118 194 2166 tus
220 2126 456 2184 namque
494 2130 615 2170 sum
657 2128 902 2174 sanctum
945 2122 1256 2194 Dionysium
1278 2126 1686 2198 Areopagitam,

100 2203 455 2274 singulariter
479 2208 644 2264 etiam
683 2212 704 2240 ³
747 2209 1034 2283 Seraphim
1081 2225 1136 2271 et
1178 2218 1470 2276 Cherubim
1515 2221 1690 2278 nomi-

101 2303 348 2362 nantem,
372 2301 696 2367 praesertim
727 2319 852 2359 cum
878 2314 932 2360 et
962 2305 1330 2366 Hebraeorum
1365 2322 1420 2369 et
1453 2313 1689 2372 Graeco-

99 2402 224 2441 rum
248 2405 382 2446 usns
405 2391 496 2458 sit,
521 2394 816 2466 singularia
850 2405 905 2452 et
943 2398 1170 2469 pluralia
1208 2419 1306 2474 pro
1350 2419 1409 2460 se
1455 2405 1687 2463 invicem

98 2493 328 2570 ponere.
353 2480 458 2537 Sed
486 2499 626 2554 quae
654 2495 736 2542 est
771 2488 862 2543 illa
897 2491 1001 2557 via,
1051 2509 1190 2563 quae
1218 2494 1368 2551 ducit
1389 2497 1457 2552 ad
1481 2497 1686 2570 lignum

97 2569 284 2625 vitae?
313 2571 381 2627 Et
416 2574 544 2643 quid
587 2585 610 2618 ι
639 2587 724 2633 est
760 2579 888 2636 illud
926 2581 1154 2654 lignum,
1177 2585 1243 2640 ad
1282 2589 1424 2657 quod
1455 2569 1601 2645 daeit
1626 2590 1689 2645 “2

96 2661 297 2719 Nonne
325 2664 466 2720 idem
495 2667 610 2738 ipse
633 2667 941 2740 Filius-Dei,
966 2675 1058 2744 qui
1095 2676 1162 2731 de
1190 2678 1368 2748 seipso
1405 2678 1646 2750 loquitur
1670 2701 1683 2736 :

93 2756 219 2827 Ego
247 2775 364 2813 sum
392 2761 498 2827 via,
523 2771 568 2816 et
587 2762 609 2794 ⁵
633 2765 846 2833 veritas,
863 2777 911 2820 et
926 2768 1070 2823 vita?
1097 2769 1249 2838 Quod
1278 2781 1456 2827 autem
1473 2773 1586 2842 ipse
1617 2775 1688 2828 sit

94 2846 312 2918 lignum
340 2851 505 2918 vitae,
530 2853 716 2910 multis
739 2857 953 2914 divinae
992 2859 1304 2932 Scripturae
1333 2862 1354 2893 ⁸
1382 2863 1514 2920 locis
1539 2880 1688 2920 com-

89 2942 314 3010 peritur
341 2943 360 2975 ⁷
389 2946 727 3014 apertissime
747 2988 762 3015 ,
793 2951 866 3006 ita
906 2962 965 3008 ut
1001 2952 1149 3010 nullo
1176 2954 1413 3029 indigeat
1452 2958 1688 3015 testimo-

88 3032 211 3086 nio.
238 3032 605 3106 Multipliciter
623 3040 807 3110 itaque
828 3042 882 3098 in
915 3045 1017 3100 hoc
1045 3045 1165 3104 loco
1187 3058 1412 3106 sanctae
1439 3051 1686 3120 Scriptu-

86 3140 192 3180 rae
228 3128 325 3183 Dei
367 3130 528 3187 Verbi
573 3135 866 3205 symbolica
914 3141 1134 3197 nomina
1173 3155 1496 3218 exaggerata
1538 3158 1683 3205 sunt.

83 3215 238 3272 Nam
276 3227 330 3274 et
350 3218 662 3292 Cherubim,
694 3236 750 3282 et
775 3228 1058 3288 flammeus
1083 3215 1299 3306 gladius
1318 3215 1610 3304 versatilis,
1632 3247 1688 3296 et

1791 2032 2135 2090 notissimum
2170 2045 2284 2103 est,
2326 2053 2720 2110 supervacuum
2772 2041 3131 2106 videbitur“
3177 2044 3377 2099 dicere.

1785 2123 2006 2183 .Suﬂicit
2044 2129 2189 2184 enim
2230 2130 2458 2187 duorum
2509 2133 2868 2190 maximorum
2915 2135 3102 2192 mundi
3148 2136 3383 2192 lumina-

1792 2209 1933 2270 rium
1963 2217 2238 2274 naturales
2259 2219 2402 2290 leges
2426 2221 2469 2254 "
2489 2231 2545 2277 et
2565 2222 2926 2282 revelationes
2940 2226 3008 2283 ad
3027 2240 3111 2295 ea,
3127 2243 3265 2298 quae
3286 2243 3379 2282 co-

1790 2321 1986 2362 namur
2013 2323 2257 2366 asserere
2278 2351 2294 2378 ,
2324 2313 2598 2370 suadenda
2626 2318 2893 2386 posuisse.
2921 2317 3073 2374 Luna
3111 2320 3377 2389 siquidem

1789 2399 1860 2454 ad
1889 2400 2151 2472 principia
2177 2417 2369 2460 cursus
2399 2406 2483 2460 sui
2524 2421 2670 2463 nono
2697 2417 2751 2463 et
2779 2409 2988 2467 decimo
3011 2411 3056 2443 ¹⁶
3080 2426 3223 2468 anno
3247 2428 3374 2483 per-

1789 2499 1945 2558 acto,
1982 2493 2063 2549 sol
2111 2509 2239 2550 vero
2280 2495 2470 2565 viginti
2520 2507 2577 2554 et
2617 2509 2741 2557 octo
2787 2500 2831 2535 "
2869 2501 3022 2559 finito
3065 2514 3374 2560 revocatur.

1791 2565 2032 2647 Qui'duo
2053 2571 2264 2640 numeri
2297 2585 2355 2640 in
2387 2601 2448 2642 se
2479 2588 2707 2646 invicem
2751 2592 3088 2663 multiplicati
3115 2595 3171 2650 in
3214 2595 3376 2666 quin-

1789 2686 1979 2746 gentos
2011 2679 2232 2750 triginta
2261 2682 2394 2739 duos
2413 2698 2584 2740 annos
2606 2700 2984 2746 concrescunt.
3014 2671 3220 2759 Quibus
3244 2707 3372 2762 per-

1789 2767 1927 2824 actis
1993 2769 2063 2825 ad
2109 2771 2326 2828 «isdem
2380 2773 2621 2831 locorum
2663 2776 2908 2849 signiferi
2958 2787 3014 2836 et
3070 2789 3375 2852 temporum

1789 2862 1966 2932 magni
1997 2863 2121 2918 anni
2152 2880 2409 2924 numeros
2430 2877 2486 2924 et
2513 2853 2678 2937 'situs,
2709 2875 3143 2945 omnemquesui
3184 2893 3378 2933 cursus

1788 2949 2126 3011 harmoniam
2145 2956 2421 3026 praedicta
2440 2959 2546 3014 duo
2568 2960 2929 3031 “luminaria,
2953 2974 3121 3022 totam
3146 2969 3380 3038 pascha-

1788 3043 1856 3100 lis
1879 3060 2073 3101 cursus
2105 3048 2370 3106 rationem
2398 3054 2742 3125 peragentia,
2776 3055 2956 3110 redire
2994 3059 3373 3128 perhibentur.

1789 3132 1930 3202 Quid
1963 3136 2092 3191 aér?
2119 3137 2308 3195 Nonne
2343 3143 2409 3196 ad
2440 3143 2656 3199 easdem
2695 3144 2985 3214 qualitates
3014 3147 3250 3220 frigoris,
3277 3166 3374 3206 seu

1789 3225 2007 3289 caloris.
2036 3243 2134 3284 seu
2161 3233 2566 3301 temperantiae,
2600 3233 2837 3292 definitis
2860 3248 3141 3296 revocatur
3170 3250 3377 3313 tempo-

82 3310 208 3375 via,
241 3319 298 3366 et
325 3312 529 3385 lignum
558 3317 704 3374 vitae
729 3321 1052 3392 appellatur,
1081 3333 1140 3379 ut
1165 3343 1264 3397 per
1284 3329 1389 3386 hoc
1419 3330 1686 3403 intelliga-
1711 3324 1760 3388 C
1789 3320 1973 3375 1·ίῦυεῖ
1993 3319 2132 3388 Ωυίά
2159 3322 2336 3379 dicam
2364 3325 2430 3380 de
2457 3325 2709 3382 0003110?
2731 3327 2922 3385 Νοηηθ
2953 3310 3376 3403 perornnialu-

82 3418 246 3470 mns,
280 3406 423 3474 quod
449 3407 624 3478 ipsum
655 3411 884 3469 Verbum
907 3431 1182 3488 nunquam
1230 3423 1410 3479 cordis
1452 3426 1624 3481 nostri
1658 3425 1681 3458 ⁸

85 3494 387 3552 obtutibus
414 3499 652 3567 recedat,
677 3511 732 3558 et
755 3505 900 3574 quod
928 3522 1142 3578 semper
1185 3511 1254 3566 ad
1300 3512 1683 3574 illuminandos

75 3599 195 3640 nos
260 3591 761 3656 praesentissimum
810 3597 915 3664 sit,
966 3608 1022 3655 et
1088 3601 1472 3673 beatitudinis,
1519 3623 1683 3677 quam

72 3680 524 3749 praevaricando
549 3687 903 3758 perdidimus,
928 3708 1194 3764 nusquam
1224 3712 1499 3768 nunquam
1522 3698 1542 3729 °
1570 3716 1684 3756 me-

72 3775 332 3830 moriam
358 3779 588 3846 perdere
637 3782 786 3851 sinit,
841 3785 909 3840 ad
956 3789 1186 3844 eandem
1228 3805 1443 3861 semper
1504 3793 1684 3849 redire

70 3880 194 3920 nos
228 3865 274 3897 “
298 3867 500 3935 volens,
526 3872 787 3939 et,donec
816 3874 870 3930 id
896 3876 1360 3943 fiat,condolendo
1381 3883 1680 3952 suspirans,

64 3973 307 4029 perque
329 3961 592 4019 scientiae
635 3973 691 4020 et
737 3967 968 4024 actionis
1017 3970 1288 4039 perfectos
1332 3973 1532 4044 gradus
1553 3974 1680 4042 iter,

62 4053 246 4122 quod
272 4053 394 4110 illuc
433 4055 601 4123 ducit,
633 4073 858 4131 carpere
906 4062 946 4092 “
995 4078 1094 4120 nos
1145 4064 1430 4134 instigans.
1474 4053 1680 4141 Ignem,

61 4142 296 4214 inquit,
321 4146 433 4200 veni
455 4147 657 4202 mittere
681 4151 736 4203 in
765 4159 980 4218 terram,
1018 4162 1067 4207 et
1090 4155 1217 4226 quid
1254 4157 1389 4224 volo,
1420 4159 1520 4214 nisi
1554 4161 1598 4191 “'
1625 4173 1681 4217 ut

58 4241 460 4297 accendatur?
509 4241 614 4300 Sed
657 4247 971 4318 priusquam
1003 4249 1071 4305 de
1108 4251 1224 4322 ipso
1249 4253 1425 4310 reditu
1461 4266 1682 4322 nostrae

58 4340 334 4388 naturae
361 4341 680 4402 tractemus,
709 4340 976 4408 quaedam
1004 4356 1073 4396 ex
1097 4343 1441 4402 sensibilibus
1488 4349 1680 4418 proba-

59 4427 316 4482 tissima
358 4438 697 4499 argumenta,
727 4433 924 4502 quibus
984 4434 1244 4490 docemur
1304 4437 1682 4497 incunctanter

56 4519 357 4585 credere,
387 4521 564 4591 ipsum
592 4521 830 4578 futurum
862 4539 1006 4594 esse,
1041 4527 1303 4583 sumenda
1331 4529 1600 4597 existimo,
1635 4532 1680 4587 si

53 4613 178 4668 tibi
209 4611 451 4668 videtur.

1785 3428 1976 3469 narem
2003 3428 2222 3469 cursum
2252 3415 2519 3487 sequitur,
2552 3427 2808 3490 certaque
2832 3422 3008 3491 spatia
3028 3437 3159 3478 suae
3184 3439 3373 3478 recur-

1783 3508 1953 3565 sionis
1996 3509 2040 3544 "
2088 3511 2368 3567 observat?
2421 3511 2546 3567 Sive
2588 3514 2932 3584 quotidianos
2982 3525 3204 3585 aestus,
3259 3518 3375 3574 sive

1784 3616 2052 3671 recessus,
2065 3603 2180 3660 sive
2191 3603 2436 3673 malinas,
2453 3605 2568 3662 sive
2589 3606 2809 3664 ledones
2832 3610 2874 3644 ³⁸
2892 3613 2907 3631 ”
2930 3621 3173 3682 peragat,
3196 3613 3375 3668 varios

1781 3707 1998 3766 semper
2018 3703 2244 3752 naturae
2263 3705 2549 3768 certosque
2591 3714 2843 3756 recursus
2877 3716 2984 3756 non
3019 3704 3370 3772 practermit—

1783 3786 1872 3842 tit.
1899 3786 2038 3855 Quid
2093 3788 2160 3844 de
2195 3788 2384 3846 Nereis
2426 3791 2494 3858 ³ο,
2525 3793 2860 3863 terrenisque
2886 3792 2932 3826 ’ί
2977 3795 3373 3862 animantibus,

1783 3878 2038 3945 surculis,
2059 3879 2277 3935 herbis?
2298 3880 2434 3936 Num
2458 3883 2502 3914 “
2524 3883 2774 3940 similiter
2795 3899 2892 3940 sua
2923 3893 3163 3956 tempora
3191 3887 3376 3942 obser-

1784 3979 1915 4026 vant
1938 4009 1954 4036 ,
1984 3970 2182 4040 quibus
2216 3971 2271 4027 in
2310 3971 2507 4039 foetus,
2537 3972 2726 4040 ﬂores,
2772 3974 2920 4041 folia,
2953 3976 3163 4031 fructus
3192 3992 3372 4032 erum-

1784 4072 1915 4136 pant
1941 4062 2021 4117 ³δῖ
2039 4063 2118 4119 Ac
2139 4062 2187 4096 ”
2209 4064 2528 4135 simpliciter
2568 4066 2852 4122 dicendum
2872 4106 2888 4135 ,
2920 4067 3066 4122 nulla
3108 4084 3371 4139 corporea

1784 4164 2032 4211 creatura
2053 4161 2159 4225 est,
2183 4154 2331 4212 vitali
2363 4164 2513 4211 motu
2537 4164 2806 4228 vegetata,
2837 4173 2976 4228 quae
2999 4174 3106 4214 non
3129 4160 3195 4214 ad
3217 4160 3372 4230 prin-

1784 4243 1986 4315 cipium
2033 4256 2210 4303 motus
2260 4247 2345 4302 sui
2389 4255 2712 4304 revertatur.
2745 4249 2894 4305 Finis
2933 4249 3078 4305 enim
3133 4252 3296 4306 totius
3322 4250 3370 4282 ³⁵

1783 4346 1962 4396 motus
1989 4347 2074 4396 est
2097 4340 2422 4412 principium
2453 4341 2569 4408 sui;
2603 4355 2709 4398 non
2735 4343 2881 4399 enim
2910 4343 3018 4398 alio
3053 4342 3162 4400 fine
3189 4344 3374 4400 termi-

1785 4441 1966 4499 natur,
1997 4433 2101 4489 nisi
2121 4449 2220 4490 suo
2244 4433 2536 4505 principio,
2571 4449 2604 4490 a
2628 4448 2736 4506 quo
2755 4434 2948 4508 incipit
2966 4437 3191 4503 moveri,
3227 4446 3282 4492 et
3301 4439 3371 4493 ad

1784 4527 1928 4598 quod
1953 4525 2131 4583 redire
2157 4542 2374 4598 semper
2399 4527 2624 4599 appetit,
2655 4537 2716 4583 ut
2751 4528 2806 4599 in
2834 4543 2901 4585 eo
2946 4529 3160 4586 desinat
3206 4539 3371 4601 atque

1785 4623 2048 4694 quiescat.
2075 4622 2145 4679 Et
2165 4638 2274 4679 non
2306 4623 2480 4680 solum
2509 4625 2576 4680 de
2597 4623 2842 4694 partibus
2867 4624 3139 4680 sensibilis
3161 4625 3368 4687 mundi,

159 4663 178 4668 _
226 4663 450 4668 τ
861 4663 864 4665 λ
1826 4663 2048 4680 ...νσνμη
2075 4663 2145 4679 υ.
2165 4663 2274 4679 ..νυ
2306 4663 2480 4680 πη...
2510 4663 2576 4680 ..ν
2597 4663 2842 4694 rm..-“
2867 4663 3139 4680 suum...
3161 4663 3368 4687 ..........,

143 4705 215 4760 '5.
271 4704 416 4762 DISC.
460 4706 684 4764 Videtur
732 4707 910 4780 plane.
966 4710 1046 4767 Ex
1097 4712 1435 4770 sensibilium
1485 4663 1974 4786 quippebverum
1997 4715 2162 4772 etiam
2192 4716 2258 4772 de
2282 4716 2398 4786 ipso
2422 4724 2534 4772 toto
2560 4715 2612 4770 id
2639 4714 2815 4785 ipsum
2839 4715 3244 4787 intelligendum
3267 4725 3372 4772 est.

53 4799 441 4858 naturalibus
469 4803 800 4873 argumentis
826 4805 894 4859 ad
940 4819 1132 4874 puram
1184 4806 1543 4876 spiritualium
1593 4823 1683 4864 re-

54 4915 210 4958 rum
280 4898 642 4970 cognitionem
689 4913 854 4955 verae
900 4901 1334 4958 ratiocinationis
1377 4901 1685 4974 progressio

49 4994 281 5062 potest
311 4987 616 5057 pervenire.
647 4986 788 5045 MAG.
811 4989 1109 5047 Considera
1149 4990 1362 5061 itaque,
1386 5005 1566 5052 utrum
1595 4993 1683 5050 isti

49 5081 305 5140 locales
339 5081 767 5150 temporalesque
800 5081 960 5152 hujus
983 5085 1168 5142 mundi
1196 5085 1424 5148 visibilis
1446 5088 1683 5163 partium

45 5187 362 5233 recursus
382 5182 574 5229 vacant
601 5174 832 5243 quodam
861 5179 1139 5249 mysterio,
1165 5193 1356 5240 necne.
1398 5186 1545 5244 Dtsc.
1580 5178 1685 5236 Va-

38 5285 209 5328 care
244 5280 352 5323 eos
381 5268 639 5337 mysterio
663 5282 772 5323 non
815 5268 975 5328 facile
1025 5269 1294 5343 dixerim;
1350 5280 1482 5341 nihil
1535 5275 1682 5333 enim

1787 4809 1941 4866 Finis
1974 4809 2122 4865 enim
2152 4808 2321 4879 ipsius
2347 4807 2669 4877 principium
2698 4823 2858 4862 suum
2886 4818 2999 4875 est,
3039 4808 3183 4877 quod
3213 4821 3375 4876 appe-

1788 4903 1876 4970 tit,
1903 4911 2088 4972 etquo
2110 4909 2327 4973 reperto
2352 4901 2610 4966 cessabit,
2645 4914 2753 4955 non
2779 4909 2842 4957 ut
2869 4899 3170 4959 substantia
3206 4900 3375 4968 ipsius

1790 5006 1999 5067 pereat,
2027 4995 2121 5050 sed
2150 4994 2286 5050 utin
2319 5009 2450 5052 suas
2477 4993 2712 5049 rationes
2734 5033 2750 5057 ,
2781 5010 2852 5051 ex
2886 4997 3083 5067 quibus
3105 4991 3379 5060 profectus

1790 5099 1896 5159 est,
1941 5097 2250 5146 revertatur
2290 5087 2356 5141 ’⁸.
2405 5086 2666 5144 Praeterit
2707 5088 2886 5157 enim,
2931 5091 3006 5145 ait
3053 5081 3341 5152 Apostolus
3367 5121 3383 5144 ,

1790 5184 1964 5254 ﬁgura
2009 5183 2172 5252 hujus
2215 5183 2422 5240 mundi.
2456 5180 2628 5250 Quam
2671 5185 3031 5248 apostolicam
3065 5175 3389 5230 sententiam

1767 5285 2021 5342 sanctus
2049 5272 2213 5330 Pater
2240 5273 2575 5345 Augustinus
2602 5269 2848 5329 breviter
2868 5266 3136 5345 exposuit,
3162 5263 3346 5320 dicens
3374 5282 3388 5316 :

1382 5428 1646 5498 vastata
1683 5423 2093 5486 LECTlONES.

128 5543 209 5631 τη
234 5533 338 5592 CF
379 5534 464 5589 ⁶ί⁸ο
508 5539 557 5631 ,¹
613 5535 1008 5617 “istum-As
1085 5542 1356 5612 ’Aquod.
1449 5553 1474 5584 ι
1502 5545 1600 5603 Sic
1626 5541 1740 5631 cr;
1781 5541 1828 5628 a
1867 5541 2107 5631 dagger.

29 5618 58 5651 τ
245 5615 579 5651 {anmals-nl...

2235 5535 2257 5570 ⁵
2286 5547 2333 5593 et
2373 5555 2486 5598 om.
2523 5535 2594 5592 Α.
2697 5529 2719 5562 ⁸
2753 5531 2805 5585 Α
2838 5537 3133 5645 scrigturae
3174 5525 3398 5582 divinae.

2257 5609 2286 5645 Δ
2323 5626 2418 5645 κη.
2441 5606 2610 5645 ,σωκ-ιο
2705 5599 2749 5630 η
2777 5601 2878 5640 ειη
2898 5605 2937 5642 l‘.
2999 5620 3011 5632 -
3045 5599 3081 5645 Δ
3109 5605 3398 5645 πηνηοηοοο.

1921 5613 1966 5642 lo
1985 5609 2077 5640 οςη
2257 5609 2286 5646 Δ
2323 5626 2418 5648 an.
2441 5606 2610 5648 "At"
2705 5599 2749 5630 ίί
2777 5601 2878 5640 εἴη
2898 5599 3012 5650 Pw:
3045 5599 3081 5646 Α
3109 5605 3398 5646 ηηφηοηοοο,
