4028 6282
596 392 701 448 867

1988 386 2269 446 JOANNIS
2307 388 2501 446 SCOTI

3773 394 3879 450 868

590 491 812 579 Figura,
854 507 1016 577 igitur
1044 507 1061 538 ί
1093 521 1197 561 non
1224 498 1435 570 natura,
1485 513 1735 560 naturam
1763 519 1864 575 pro
1905 504 2164 568 essentia,
2196 508 2248 570 Α
2273 518 2448 573 neque
2489 502 2759 573 quiescit,
2809 483 2980 570 donec
3031 502 3314 574 perveniat
3357 503 3424 560 ad
3467 502 3657 571 tinem,
3708 520 3880 576 quem

591 609 648 655 ut
677 600 922 667 aestimo,
949 607 1194 665 mutans,
1227 611 1324 654 usu
1361 597 1798 669 frequentissimo
1839 610 2066 666 graecae
2095 594 2176 650 la-

588 695 841 764 tinaeque
867 694 890 730 ³
913 691 1254 748 elocutionis.
1281 690 1414 746 Nam
1431 689 1621 746 Graeci
1641 692 1791 764 φύσιν
1811 705 1910 760 pro
1931 690 2102 764 οὐσίᾳ.
2122 697 2178 744 et

586 790 766 844 οὐσίαν
791 800 891 857 pro
916 789 1066 860 φύσει
1108 785 1428 857 saepissime
1466 791 1820 840 cornmutant.
1855 781 2058 840 Horum
2108 781 2176 836 si.-

587 881 804 951 qnidem
828 881 1105 934 nominum
1134 879 1436 951 proprietas
1457 889 1561 943 est,
1583 879 1782 942 οὐσίαν,
1813 876 1864 930 id
1887 884 1970 930 est
1991 889 2178 930 essen-

589 973 749 1037 tiam,
781 973 847 1028 de
871 986 967 1038 eo,
1015 973 1159 1042 quod
1202 985 1305 1027 nec
1332 970 1634 1041 corrumpi,
1669 983 1770 1024 nec
1810 966 2025 1038 augeri,
2071 979 2175 1020 nec

587 1067 757 1122 minui
789 1067 842 1121 in
883 1065 1029 1120 omni
1057 1073 1306 1120 creatura
1329 1064 1444 1120 sive
1487 1061 1681 1118 visibili
1708 1061 1822 1116 sive
1852 1057 2173 1129 intelligibili

589 1166 784 1227 potest,
815 1156 1149 1228 praedicari;
1174 1157 1327 1230 φύσιν
1349 1168 1478 1209 vero
1496 1193 1511 1219 ,
1556 1153 1657 1208 hoc
1693 1160 1798 1216 est,
1827 1159 2078 1206 naturam
2108 1149 2175 1205 de

586 1254 935 1326 generatione
960 1253 1228 1308 essentiae
1259 1265 1356 1321 per
1390 1250 1506 1306 loca
1538 1257 1595 1304 et
1640 1258 1880 1318 tempora
1911 1246 1967 1300 in
1996 1245 2173 1316 aliqua

589 1343 1005 1416 materia,'quae
1033 1333 1088 1401 et
1109 1343 1382 1413 corrumpi
1403 1384 1417 1410 ,
1447 1351 1503 1398 et
1535 1342 1719 1412 augeri
1745 1381 1759 1404 ,
1781 1349 1840 1395 et
1873 1338 2044 1394 minui
2083 1351 2176 1408 po-

593 1448 720 1506 test,
747 1439 1086 1508 diversisque
1111 1437 1483 1493 accidentibus
1530 1434 1684 1490 afﬁci.
1734 1435 1905 1492 οὐσία
1941 1446 2194 1507 namque

589 1550 657 1591 ex
689 1534 854 1590 verbo
880 1535 983 1608 εἰμί
1010 1533 1303 1596 derivatur,
1336 1531 1480 1604 quod
1508 1539 1594 1585 est
1623 1546 1768 1593 sunt,
1811 1526 1968 1596 cujus
2001 1524 2174 1596 parti-

591 1625 792 1696 cipium
842 1623 1201 1681 masculinum
1248 1627 1344 1690 ὧν,
1394 1622 1708 1678 femininum
1765 1613 1936 1684 circa;
1991 1617 2118 1671 inde
2153 1615 2174 1656 ⁸

593 1720 760 1774 οὐσία.
783 1717 940 1778 δύσις
961 1726 1138 1771 autem
1175 1728 1242 1769 ex
1269 1714 1436 1770 verbo
1461 1716 1666 1788 eam,
1691 1711 1749 1766 id
1783 1709 1810 1750 *³
1853 1717 1936 1766 est
1959 1722 2173 1774 succor,

587 1806 951 1880 vel'plantor,
1003 1807 1087 1863 vel
1133 1823 1373 1878 generor.
1423 1805 1616 1861 Omnis
1663 1805 1845 1874 itaque
1883 1812 2171 1865 creatura,

2277 596 2432 668 petit,
2481 596 2614 666 quid
2657 603 2843 666 potest
2895 596 3166 658 humanae
3211 603 3439 656 naturae
3494 598 3880 654 necessarium

2277 698 2483 748 motum
2507 689 2552 722 “
2577 690 2872 760 pmbibere
2892 731 2906 755 ,
2945 705 3316 761 compescere,
3343 691 3537 746 sistere
3557 730 3571 756 ,
3603 704 3676 745 ne
3695 689 3771 746 ad
3803 689 3876 750 id.

2276 781 2418 850 quod
2466 781 2788 838 naturaliter
2828 782 3066 852 appetit,
3120 781 3296 838 valeat
3334 780 3669 852 pervenire?
3721 780 3879 836 Nulla

2277 872 2420 928 enim
2445 882 2692 929 creatura
2711 882 2814 939 est,
2839 887 2980 943 quae
3005 873 3134 930 velit
3153 873 3238 930 vel
3255 882 3474 945 appetat
3498 874 3536 904 ¹⁷
3559 873 3702 929 nihil
3717 887 3877 939 ως

2275 965 2414 1037 fugit
2439 974 2654 1029 autem,
2684 982 2752 1022 ne
2797 966 2845 1022 ei
2891 966 3171 1038 contingat
3216 981 3323 1024 non
3363 980 3511 1032 esse,
3543 965 3876 1035 praesertim

2273 1061 2401 1115 dum
2429 1075 2592 1116 omne
2611 1100 2626 1123 ,
2655 1060 2800 1130 quod
2827 1059 2898 1116 ab
2941 1074 3036 1126 eo,
3063 1061 3158 1130 qui
3187 1074 3315 1116 vere
3340 1069 3444 1124 est,
3470 1067 3528 1115 et
3554 1074 3730 1129 super
3755 1074 3876 1116 esse

2272 1163 2358 1209 est
2379 1154 2448 1220 η,
2479 1153 2684 1209 facwm
2716 1163 2825 1220 est,
2851 1155 2922 1210 ad
2950 1155 3175 1212 nihilum
3221 1153 3404 1212 redire
3427 1152 3654 1212 diﬂicile
3691 1162 3784 1210 est
3817 1154 3873 1206 ι’.

2276 1243 2333 1300 Si
2361 1259 2492 1301 vero
2526 1244 2709 1315 aliqua
2742 1246 3027 1301 occasione
3071 1257 3262 1302 natura
3292 1245 3405 1306 Deo
3437 1245 3645 1304 similis
3671 1261 3703 1300 a
3730 1247 3876 1316 pris-

2273 1338 2416 1409 eipio
2445 1337 2528 1394 sui
2555 1353 2652 1408 per
2676 1337 3169 1396 dissimilitudinem
3199 1346 3406 1394 retracta
3433 1336 3626 1402 [tier-it.
3655 1353 3873 1406 semper

2273 1430 2341 1486 ad
2368 1445 2524 1485 suum
2555 1429 2878 1501 principium
2913 1429 2959 1462 '°
2989 1429 3164 1486 redire
3189 1429 3488 1496 contendit.
3530 1440 3592 1486 ut
3623 1428 3872 1486 similita—

2270 1521 2477 1588 dinem,
2505 1537 2667 1593 quam
2687 1530 3028 1593 corruperat,
3059 1521 3307 1592 recipiat.
3335 1519 3397 1576 Si
3424 1521 3574 1580 enim
3599 1521 3753 1591 ignis
3777 1522 3870 1576 ista

2273 1614 2525 1682 visibilis,
2559 1615 2615 1670 in
2641 1615 2822 1686 aliqua
2863 1614 3091 1670 materia
3132 1613 3329 1670 ardens
3355 1609 3869 1684 ,'iiammarumque

2271 1725 2498 1766 suarum
2521 1723 2705 1766 contu
2724 1709 2962 1778 erigens,
2985 1722 3198 1779 semper
3213 1707 3271 1764 iu
3291 1707 3462 1765 altum
3483 1709 3689 1772 leuis.
3703 1708 3870 1764 uelle

2271 1820 2381 1875 que
2405 1821 2538 1862 suae
2560 1803 2880 1877 ﬂagrantiae
2901 1812 3050 1860 motu
3067 1803 3173 1858 ima
3185 1804 3322 1875 petit
3345 1820 3358 1856 :
3382 1817 3490 1873 qua
3505 1803 3725 1856 ratione
3737 1803 3867 1872 ignis

580 1877 844 1971 quantum
871 1897 927 1953 in
963 1896 1080 1954 suis
1120 1877 1422 1952 rationibus
1461 1894 1730 1961 subsistit,
1758 1895 1908 1952 οὐσίαι
1951 1899 2064 1958 est;
2115 1891 2165 1946 in

2274 1898 2368 1954 ille
2381 1897 2732 1970 intelligibilis
2745 1897 2787 1928 “
2801 1896 3140 1956 substantiae
3154 1895 3221 1951 ad
3233 1895 3522 1965 imaginem
3541 1894 3641 1949 Dei
3655 1904 3865 1950 creatae

579 1998 840 2062 quantum
872 2004 998 2046 vero
1022 1990 1076 2046 in
1103 1988 1282 2058 aliqua
1307 1987 1539 2044 materia
1566 1994 1908 2058 procreatur,
1941 1985 2098 2058 φύσις
2121 1982 2165 2036 ⁸.

584 2081 972 2146 Veruntamen,
1003 2088 1064 2135 ut
1089 2077 1353 2142 diximus,
1387 2078 1526 2134 sicut
1551 2077 1692 2148 apud
1739 2075 1976 2132 Graecos
2020 2075 2172 2133 οὐσία

585 2189 682 2243 pro
711 2173 859 2248 φύσει
889 2181 946 2229 et
967 2175 1121 2248 φύσις
1149 2187 1250 2244 pro
1269 2173 1438 2248 σΰσίᾳ,
1467 2172 1541 2226 ita
1571 2171 1713 2241 apud
1737 2170 1959 2225 latinos
1980 2183 2172 2224 essen-

579 2266 656 2320 tia
695 2280 793 2337 pro
821 2273 1017 2320 natura
1059 2274 1116 2320 et
1160 2273 1356 2319 natura
1405 2278 1505 2334 pro
1537 2262 1772 2320 essentia
1801 2260 2172 2317 indil'erenter

580 2355 946 2423 constituitur,
973 2355 1124 2410 salva
1148 2364 1328 2412 tamen
1353 2353 1686 2425 singularum
1710 2352 2170 2424 signiﬁcationum

580 2447 927 2518 proprietate.
963 2445 1265 2503 Essentiam
1311 2446 1492 2516 itaque
1529 2459 1710 2500 rerum
1737 2443 2068 2500 sensibilium
2105 2444 2166 2511 ⁸,,

583 2554 747 2610 quam
784 2537 1059 2611 praefatus
1089 2538 1254 2594 Pater
1296 2547 1524 2594 naturae
1561 2537 1887 2609 signiﬁcavit
1927 2537 2167 2609 appella-

578 2633 745 2700 tione,
775 2630 1164 2704 perpetualiter
1208 2643 1621 2702 pet-mansuram
1643 2642 1765 2686 esse
1801 2642 1935 2686 vera
1976 2629 1997 2661 ⁷
2030 2629 2168 2691 ratio

575 2725 898 2783 fiducia‘liter
927 2725 1152 2791 astruit,
1186 2724 1444 2796 quoniam
1471 2723 1526 2778 in
1567 2722 1746 2778 divina
1789 2720 2054 2792 sapientia
2083 2721 2166 2776 in-

571 2818 1034 2878 ‘commutabiliter
1065 2819 1090 2853 ⁸
1125 2817 1265 2872 ultra
1303 2817 1483 2873 omnia
1520 2815 1637 2872 loca
1679 2823 1734 2872 et
1775 2812 2023 2886 tempora
2049 2831 2166 2870 om-

567 2925 810 2982 nemque
838 2909 1252 2967 mutabilitatem
1285 2909 1432 2964 facta
1473 2916 1580 2964 est.
1613 2905 1872 2964 Naturam
1911 2921 2041 2962 vero
2070 2921 2168 2978 per

576 3006 696 3065 loca
721 3017 777 3064 et
797 3015 1042 3078 tempora
1072 3013 1410 3078 generatam,
1441 3003 1748 3074 ceterisque
1795 3001 2166 3057 accidentibus

576 3101 832 3158 ambitum
852 3141 865 3165 ,
905 3098 1190 3155 intervallo
1205 3114 1233 3154 a
1256 3097 1539 3154 conditore
1557 3097 1797 3151 omnium
1809 3093 2165 3165 praedefinito

577 3193 896 3264 perituram,
923 3205 1083 3246 nemo
1111 3189 1412 3260 sapientiae
1443 3187 1635 3244 studiis
1661 3188 1964 3244 instructus
1988 3195 2163 3258 potest

2270 1992 2614 2050 credibilesit
2629 1991 2682 2047 in
2698 1991 2822 2047 imis
2836 1991 3028 2048 mortis
3048 1999 3208 2060 atque
3221 1989 3266 2022 "
3277 1988 3534 2044 miseriae
3549 2002 3716 2056 posse
3731 2003 3858 2043 sen-

2271 2101 2372 2158 per
2407 2085 2666 2152 detineri,
2709 2093 2772 2139 ut
2812 2083 2867 2140 in
2913 2081 3166 2138 sublimia
3217 2081 3361 2137 vitae
3403 2081 3860 2149 beatitudinis“:

2267 2180 2507 2236 naturali
2563 2177 2835 2250 appetitu,
2869 2185 2928 2233 et
2975 2175 3272 2233 conditoris
3308 2175 3484 2248 gratia
3512 2175 3586 2229 ad
3614 2176 3786 2230 vitam
3819 2175 3860 2204 ⁸³

2267 2290 2380 2330 non
2407 2273 2584 2330 valeat
2629 2272 2804 2344 erigi?
2849 2270 2966 2327 Hoc
3012 2269 3060 2304 ⁸⁵
3087 2279 3268 2326 autem
3294 2269 3547 2335 dicimus,
3581 2285 3694 2324 non
3724 2269 3859 2339 quand

2267 2377 2462 2423 natura
2499 2367 2552 2422 in
2603 2365 2855 2424 omnibus
2883 2362 3182 2434 aequaliter
3217 2361 3398 2420 futura
3454 2363 3528 2416 sit
3555 2362 3737 2422 beata,
3771 2361 3858 2414 sed

2269 2460 2414 2530 quod
2437 2458 2493 2513 in
2523 2458 2772 2514 onmibus
2803 2467 2978 2514 morte
3002 2464 3059 2512 et
3084 2455 3301 2511 miseria
3345 2453 3536 2509 futura
3567 2454 3637 2508 sit
3665 2453 3850 2507 libera.

2269 2551 2405 2608 Esse
2440 2551 2588 2607 enim
2621 2561 2678 2607 et
2723 2549 2907 2605 vivere
2953 2557 3012 2608 et
3037 2547 3384 2604 aeternaliter
3407 2560 3531 2602 esse
3570 2560 3856 2600 commune

2266 2646 2375 2702 erit
2401 2645 2656 2702 omnibus
2675 2654 2730 2700 et
2758 2643 2916 2699 bonis
2941 2651 2996 2700 et
3023 2641 3209 2708 malis;
3235 2643 3377 2698 bene
3399 2650 3585 2698 autem
3611 2650 3673 2694 et
3701 2641 3854 2695 beate

2265 2754 2387 2796 esse
2429 2738 2562 2795 solis
2611 2738 2823 2794 actione
2852 2747 2906 2792 et
2943 2736 3171 2792 scientia
3198 2734 3456 2806 perfectis
3484 2734 3774 2805 proprium
3801 2746 3853 2788 et

2270 2831 2503 2902 speciale
2534 2831 2657 2886 erit.
2686 2832 2793 2886 Aut
2816 2830 3091 2902 quomodo
3118 2815 3414 2883 verisimile
3457 2834 3636 2898 potest
3664 2842 3851 2898 appro-

2267 2921 2410 2989 bari,
2450 2932 2508 2977 ut
2548 2921 2826 2994 piissimus
2854 2918 3198 2975 rationabilis
3229 2928 3455 2974 naturae
3487 2917 3752 2973 conditor
3777 2932 3852 2971 ra—

2263 3011 2582 3068 tionabilem
2623 3012 2790 3082 ipsius
2829 3019 3056 3076 motum,
3107 3025 3178 3064 ne
3210 3024 3334 3064 eum
3369 3008 3616 3077 attingat,
3673 3008 3856 3078 prohi-

2261 3104 2431 3160 beat?
2480 3102 2589 3160 Nec
2617 3103 2791 3159 solum
2817 3102 2886 3157 ad
2921 3101 3056 3156 haec
3087 3099 3396 3170 cogitanda,
3442 3098 3743 3163 credenda,
3773 3098 3852 3152 in-

2254 3196 2577 3267 telligenda,
2607 3195 2713 3250 hoc
2747 3201 2852 3261 est,
2877 3192 3020 3263 quod
3041 3191 3226 3247 omnia
3253 3191 3322 3245 ad
3371 3190 3698 3260 principium
3749 3204 3852 3244 mo-

580 3257 873 3357 ambigere.
909 3282 1005 3338 His
1031 3257 1196 3354 igitur
1233 3291 1287 3338 et
1329 3281 1634 3350 huiusmodi
1677 3281 1948 3337 sensibilis
1976 3279 2162 3336 mundi
2191 3257 2235 3324 (ἶ
2270 3296 2356 3344 tus
2383 3257 2444 3342 et
2486 3257 2680 3342 causas
2723 3257 3056 3355 principales
3093 3282 3328 3340 naturali
3372 3257 3491 3354 lege
3511 3257 3750 3352 cogente
3775 3297 3853 3335 re-

577 3384 634 3432 et
665 3375 1042 3432 universaliter
1068 3384 1124 3429 et
1159 3375 1561 3444 particulariter
1598 3375 1853 3439 motibus,
1897 3374 2163 3429 recursio-

575 3469 736 3522 nibus
760 3466 785 3500 ⁹
815 3507 829 3532 ,
877 3467 1302 3535 certissimisque
1343 3484 1370 3520 a
1423 3466 1687 3537 principio
1731 3473 1973 3521 motuum
2007 3466 2164 3521 msti-

573 3559 877 3615 tutionibus
915 3559 980 3613 ad
1028 3557 1080 3612 id
1107 3559 1149 3592 ¹⁸
1189 3559 1362 3628 ipsum
1402 3558 1725 3628 principium
1773 3559 1992 3614 —-dum
2016 3559 2161 3613 enim

576 3658 756 3707 motus
784 3664 966 3705 rerum
997 3649 1064 3706 ab
1088 3663 1153 3704 eo
1181 3649 1387 3718 incipit,
1419 3649 1762 3720 principium,
1789 3650 1918 3704 dum
1946 3663 2075 3708 vero
2105 3651 2161 3705 in

573 3745 750 3814 ipsum
783 3741 1010 3807 desinit,
1055 3740 1178 3797 finis
1225 3739 1360 3796 solet
1408 3741 1701 3812 appellari;
1749 3755 1873 3796 nam
1911 3751 1969 3796 et
2019 3741 2160 3812 apud

575 3831 814 3890 Graecos
842 3831 1168 3904 principium
1203 3832 1382 3897 τᾶλος,
1429 3831 1480 3887 id
1511 3840 1595 3888 est
1647 3831 1768 3888 finis
1789 3873 1802 3897 ,
1837 3833 2160 3904 appellatur,

575 3924 869 3982 indiscrete
892 3924 1110 3997 quidem
1135 3924 1374 3980 dicentes
1394 3923 1714 3996 principium
1744 3933 1798 3980 et
1828 3925 1989 3982 finem
2017 3927 2162 3988 τέλος

572 4048 644 4061 --
666 4018 800 4090 quid
829 4018 974 4076 aliud
1002 4018 1158 4074 nobis
1189 4017 1417 4089 mystice
1455 4017 1737 4074 intimatur
1775 4019 1843 4084 “,
1886 4019 1988 4074 nisi
2019 4021 2160 4075 redi-

535 4139 542 4143 κ
571 4123 662 4170 tus
687 4122 906 4170 nostrae
940 4122 1164 4170 naturae
1185 4111 1254 4168 ad
1281 4113 1598 4184 principium
1630 4129 1811 4179 suum,
1833 4130 1865 4173 a
1890 4131 1997 4186 quo
2019 4115 2159 4171 facta

573 4217 686 4275 est,
717 4215 770 4263 et
806 4207 860 4262 in
882 4222 989 4278 quo
1011 4214 1066 4262 et
1091 4221 1190 4278 per
1231 4207 1373 4276 quod
1409 4213 1674 4275 movetur,
1705 4215 1760 4263 et
1787 4208 1853 4263 ad
1879 4209 2024 4278 quod
2068 4225 2158 4263 re-

571 4299 688 4356 dire
715 4312 933 4370 semper
951 4297 1124 4354 tendit
1148 4294 1594 4352 "iGeneraliter
1617 4297 1673 4352 in
1707 4299 1958 4354 omnibus
1986 4299 2160 4355 homi-

569 4392 752 4458 nibus,
783 4392 900 4446 sive
939 4387 1165 4461 perfecti
1191 4388 1322 4455 sint,
1353 4388 1466 4444 sive
1501 4389 1832 4461 imperfecti,
1861 4391 1975 4446 sive
2014 4393 2155 4463 puri,

571 4483 690 4540 sive
742 4482 1130 4550 contaminati,
1173 4482 1288 4540 sive
1332 4484 1619 4541 veritatem
1668 4497 2055 4557 cognoscentes
2102 4489 2158 4544 in

488 4592 491 4594 '
571 4573 792 4632 Christo
817 4575 1083 4644 renovati,
1113 4575 1230 4632 sive
1261 4576 1317 4632 in
1344 4579 1582 4636 tenebris
1607 4580 1945 4652 ignorantiae
1981 4583 2035 4638 in
2066 4600 2158 4640 ve-

567 4670 672 4726 teri
711 4670 930 4727 homine
959 4671 1184 4739 detenti,
1215 4688 1356 4729 nnus
1395 4683 1558 4744 atque
1601 4673 1742 4729 idem
1776 4675 2040 4731 naturalis
2063 4693 2155 4746 ap-

565 4763 772 4833 petitus
796 4770 880 4819 est
901 4764 1138 4830 essendi,
1166 4772 1220 4820 et
1247 4766 1385 4821 bene
1419 4767 1632 4822 essendi
1651 4808 1666 4834 ,
1695 4777 1750 4823 et
1769 4771 2156 4838 perpetualiter

567 4853 782 4912 essendi
801 4896 817 4922 ,
847 4863 901 4911 et
925 4855 977 4889 “
998 4897 1015 4922 ,
1046 4865 1107 4912 ut
1129 4868 1350 4913 sanctus
1391 4859 1723 4929 Augustinus
1749 4863 1984 4919 breviter
2007 4880 2154 4920 com-

564 4945 878 5018 prehendit,
905 4941 1060 5002 beate
1085 4947 1300 5003 vivendi
1330 4949 1709 5021 miseriamque
1743 4951 2004 5024 fugiendi.
2037 4957 2153 5012 Mo-

565 5048 654 5096 tus
683 5056 916 5112 namque
959 5041 1062 5097 iste
1100 5040 1333 5098 feliciter
1367 5044 1584 5100 vivendi
1615 5054 1672 5101 et
1717 5048 2042 5106 subsistendi
2083 5053 2152 5108 ab

562 5144 654 5197 eo,
681 5132 774 5202 qui
791 5146 1012 5204 semper
1033 5141 1091 5189 et
1119 5134 1256 5190 bene
1281 5143 1364 5190 est
1393 5135 1440 5169 ιδ
1463 5145 1518 5192 et
1549 5137 1596 5171 “
1617 5139 1867 5198 omnibus
1897 5142 2056 5200 inest.
2085 5144 2152 5201 Et

563 5223 613 5280 si
659 5225 840 5282 omnis
883 5232 1065 5282 motus
1107 5226 1369 5285 naturalis
1415 5231 1727 5288 necessario
1777 5248 1887 5290 non
1915 5235 2147 5308 desinit,

2267 3381 2453 3446 deant,
2473 3379 2724 3449 exempla
2759 3392 2941 3434 rerum
2969 3375 3304 3433 sensibilium
3333 3374 3635 3440 attrahunt,
3665 3387 3850 3428 vuum

2259 3472 2450 3538 etiam,
2487 3486 2629 3542 quae
2659 3469 2772 3526 solo
2811 3469 3011 3528 mentis
3034 3467 3280 3524 contuitu
3313 3466 3734 3522 estlsiderantur
3758 3484 3772 3518 :
3797 3475 3852 3519 ut

2257 3572 2391 3618 sunt
2414 3561 2754 3633 disciplinae,
2787 3575 2923 3631 quas
2943 3559 3252 3631 philosophi
3279 3558 3530 3615 liberales
3558 3567 3761 3612 vincant
3783 3557 3847 3621 ³⁸,

2259 3669 2331 3709 ex
2382 3655 2579 3725 quibus
2609 3669 2782 3723 pauca
2811 3653 2879 3708 ad
2925 3652 3002 3720 id,
3029 3652 3172 3722 quod
3209 3651 3440 3707 suadere
3467 3649 3741 3715 volturnus,
3769 3650 3850 3703 in-

2265 3747 2549 3802 troducere
2593 3744 2959 3800 necessarium
3004 3743 3182 3810 video,
3215 3742 3261 3798 si
3289 3743 3387 3799 tibi
3407 3755 3692 3798 morosum
3735 3755 3838 3796 non

2255 3839 2335 3896 sit
2375 3848 2538 3909 atque
2568 3836 2920 3908 superﬂuum.

2269 4005 2277 4012 ‘
2331 3933 2387 3986 4.
2437 3932 2584 3986 Disc.
2613 3929 2796 4001 Neque
2825 3928 2954 3986 mihi
2989 3942 3288 3994 morosum,
3316 3940 3492 3996 neque
3509 3924 3839 3996 superﬂuam

2253 4025 2623 4091 ~videtur,-sed
2660 4024 2812 4079 valde
2837 4023 2967 4078 utile
3005 4033 3059 4078 et
3079 4020 3443 4085 commodum,
3475 4020 3843 4089 ULQW

2261 4134 2331 4176 ex
2370 4119 2606 4174 motibus
2632 4132 2813 4172 rerum
2833 4115 3171 4171 sensibilium
3197 4113 3467 4184 quaedam
3495 4113 3750 4183 euripis
3777 4115 3840 4167 de

2265 4213 2439 4269 reditu
2483 4219 2710 4266 naturae
2743 4217 3022 4278 assumpta
3049 4217 3199 4272 sunt,
3239 4206 3314 4261 ita
3337 4207 3510 4262 etiam
3541 4221 3611 4262 ex
3655 4205 3844 4264 intelli~

2261 4305 2508 4378 gibilium
2547 4299 3117 4371 contemplatiouibus,
3146 4313 3286 4369 quae
3335 4299 3453 4354 sola
3493 4300 3702 4356 mentis
3721 4313 3841 4354 caa-

2259 4399 2507 4470 ceptione
2553 4395 2948 4467 percipiuntur,
2981 4393 3048 4448 ad
3071 4393 3304 4450 eundem
3331 4391 3569 4448 {editam
3613 4391 3838 4447 susten-

2259 4492 2386 4548 dum
2441 4489 2874 4553 introducantur,
2927 4484 3248 4555 praesertim
3297 4499 3424 4540 cum
3457 4481 3690 4552 majoris
3737 4483 3838 4540 vir-

2264 4583 2392 4638 tutis
2431 4583 2540 4638 sint
2568 4580 2635 4634 ad
2663 4577 2960 4634 faciendam
2987 4577 3066 4632 rei
3090 4575 3286 4631 dubiae
3322 4574 3484 4629 ﬁdem
3503 4584 3836 4644 argumenta,

2259 4691 2398 4746 quae
2425 4691 2495 4731 ex
2543 4672 2881 4729 inconcussis
2915 4685 3165 4726 verarum
3202 4669 3402 4724 artium
3431 4667 3656 4740 regulis,
3689 4683 3838 4738 quam

2257 4785 2396 4844 quae
2423 4783 2490 4825 ex
2533 4767 2898 4839 corporalium
2945 4779 3206 4822 sensuum
3247 4760 3583 4831 coniecturis
3631 4777 3838 4830 compa-

2256 4873 2475 4928 rantur;
2502 4862 2630 4922 licet
2654 4869 2708 4915 et
2729 4859 2821 4914 illa
2847 4858 2965 4914 sine
2985 4857 3216 4914 rationis
3243 4864 3298 4912 et
3327 4854 3720 4926 intelligentiae
3747 4855 3837 4909 du-

2257 4969 2383 5016 catu
2417 4971 2516 5012 nec
2570 4955 2799 5010 inveniri
2853 4967 2958 5009 nec
3008 4951 3294 5023 approbari
3352 4951 3587 5020 possint.
3644 4949 3836 5006 Rerum

2259 5065 2498 5123 namque
2519 5048 2852 5105 sensibilium
2883 5060 3067 5104 veram
3103 5044 3469 5113 cognitionem
3501 5041 3626 5098 solo
3653 5055 3838 5111 corpo-

2258 5161 2354 5202 reo
2397 5159 2562 5201 sensu
2611 5140 2945 5213 impossibile
2983 5147 3072 5195 est
3107 5137 3361 5194 inveniri.
3395 5135 3535 5196 Hau.
3563 5135 3712 5204 Quid
3745 5133 3836 5190 tibi

2255 5236 2510 5294 videtur?
2539 5232 2729 5290 Nonne
2756 5247 2847 5288 ara
2864 5230 2979 5298 illa,
3009 5246 3151 5302 quae
3175 5245 3208 5287 a
3233 5229 3463 5288 Graecis
3489 5229 3694 5292 dicitur
3721 5227 3836 5284 Dia-

1206 5477 1214 5486 .
1673 5483 1679 5486 _
1848 5388 2105 5449 VARIAE
2139 5387 2540 5452 LECTleNES.

635 5523 652 5554 ¹
676 5523 969 5600 igitur_om.
997 5523 1063 5580 A.
1137 5483 1232 5600 ’,Δ
1261 5521 1555 5600 ιιξιὶζιᾳευεὲ
1613 5522 1644 5600 ³,
1669 5483 1761 5600 sic
1789 5522 1874 5579 CF
1899 5541 1914 5592 ἱ
1945 5523 1991 5580 Α
2019 5527 2165 5600 Ψὲάεε

2265 5536 2273 5556 ⁵
2301 5525 2392 5600 Sic
2420 5525 2504 5579 CF
2530 5525 2622 5600 ;_A
2652 5531 2809 5600 quod.
2887 5519 2909 5554 '
2931 5520 3154 5600 Aufiqu
3182 5528 3286 5600 est:
3345 5515 3375 5549 ⁴

559 5610 755 5649 rerum.

565 5663 607 5694 “
639 5663 730 5735 Sic
753 5663 839 5735 CF
863 5681 878 5731 ;
906 5664 950 5718 Α
994 5666 1154 5720 tendit
1199 5663 1367 5719 redire
1404 5681 1627 5735 semper.

833 5593 854 5667 7
881 5610 1000 5667 vera
1021 5609 1130 5667 om.
1159 5593 1227 5648 A.
1279 5593 1325 5667 __'
1353 5591 1443 5649 Sic
1472 5592 1589 5660 CF;
1617 5594 1661 5650 A
1693 5590 2161 5667 incommutabilis.
2237 5597 2259 5628 ’
2289 5599 2334 5654 Α
2375 5590 2923 5667 νεειιηίοηὶὒαεφιεη
2955 5590 3096 5647 “id
3125 5609 3233 5667 om.
3258 5594 3352 5667 Δτὲ
3398 5590 3448 5623 ⁸⁸
3480 5590 3526 5644 A
3565 5590 3828 5667 inlinunt.

1710 5664 1753 5697 ¹³
1783 5677 1828 5720 ει
1857 5682 1965 5724 om.
2000 5667 2064 5722 A.
2145 5669 2190 5700 “
2223 5668 2315 5725 Sic
2343 5668 2462 5736 CF;
2500 5678 2576 5722 est
2603 5683 2711 5722 om.
2738 5658 2804 5720 A'.
2881 5664 2926 5696 ¹⁸
2951 5673 3000 5726 et
3027 5680 3139 5720 om.
3171 5662 3232 5717 F.
3308 5661 3354 5696 “
3379 5672 3582 5736 motum
3615 5658 3827 5736 μέ·

565 5735 606 5816 τ’
638 5734 728 5814 _Sic
742 5727 918 5816 (JF-{1A
935 5751 1074 5815 quae
1100 5735 1320 5816 uultvcl
1342 5727 1569 5816 appetita
1638 5738 1680 5770 ιθ
1699 5747 1908 5816 earnm.
1938 5741 2028 5816 4.”
2081 5739 2123 5816 ’ξ
2149 5750 2231 5816 est
2247 5741 2420 5816 om._A
2449 5727 2932 5816 ’.ἾβίεῄρῖςΔΑ-ᾳά
2955 5736 3268 5816 principium
3285 5749 3460 5789 suum.
3513 5727 3798 5816 7“-
3811 5743 3824 5816 ξ

560 5802 801 5883 dignem
830 5798 978 5860 illum
1005 5798 1420 5876 intelligibilentf
1477 5808 1519 5839 “
1543 5809 1587 5864 Α
1618 5819 1684 5863 el.
1755 5808 1806 5842 ¹⁸
1837 5809 1924 5865 Sic
1943 5810 2062 5876 (2F;
2090 5811 2136 5868 A
2164 5843 2165 5862 ι

2265 5810 2368 5866 uta;
2446 5810 2491 5847 κδ
2517 5809 2608 5868 Sic
2633 5808 2716 5865 CF
2736 5798 2810 5877 ;VA
2838 5798 2972 5863 Nos;
3048 5807 3096 5839 ³⁸
3121 5798 3312 5878 liquat
3338 5815 3521 5863 vocatu
3541 5798 3826 5877 philosophi

561 5874 821 5930 liberales.
