3952 5474
218 477 320 534 869

1081 477 1166 532 DE
1212 475 1548 534 DIVISIONE
1596 473 1945 532 NATURAE.
1989 504 2057 512 —
2092 472 2294 527 LIBER
2333 472 2657 541 QUINTUS.

3381 473 3486 529 870

217 592 422 658 lectica,
455 599 510 646 et
540 579 793 647 definitur
823 590 960 646 bene
990 591 1297 666 disputandi
1338 592 1586 658 scientia,
1627 591 1803 661 primo
1832 593 1879 654 Α
1908 602 2012 642 non
2047 589 2338 643 secundum
2377 593 2648 652 naturam,
2681 586 2773 641 sed
2810 587 3106 658 secundum
3144 589 3490 644 consuetudi-

215 683 454 738 omnium
501 683 645 739 circa
668 686 868 749 οὐσίαν,
901 683 1066 738 veluti
1118 685 1263 754 circa
1309 685 1585 756 proprium
1640 683 1721 738 sui
1780 684 1798 712 ¹

213 776 537 847 principium
568 788 836 844 versatur,
863 791 926 830 ex
974 793 1080 846 qua
1105 777 1282 832 omnis
1311 767 1502 832 divisio
1535 785 1590 832 et
1622 775 1799 830 multi-

213 869 432 942 plicatio
469 888 678 937 eorum,
713 872 778 926 de
803 871 998 943 quibus
1029 886 1118 925 ars
1151 872 1262 941 ipsa
1289 870 1551 940 disputat,
1583 867 1804 923 inchoat

212 979 310 1034 per
334 980 531 1035 genera
555 963 962 1036 generalissima
989 963 1272 1032 mediaque
1306 977 1504 1033 genera
1530 976 1700 1032 usque
1734 959 1802 1014 ad

213 1053 419 1110 formas
450 1065 504 1126 et
531 1055 742 1125 species
773 1054 1193 1126 specialissimas
1218 1053 1572 1118 descendens,
1618 1063 1671 1107 et
1695 1053 1800 1107 ite—

214 1167 334 1206 rum
373 1150 804 1220 complicationis
837 1148 1035 1221 regulis
1064 1165 1158 1220 per
1197 1150 1413 1204 eosdem
1450 1148 1671 1219 gradus,
1705 1162 1802 1217 per

212 1260 348 1314 quos
411 1226 746 1315 degreditur,
801 1244 974 1312 donec
1022 1241 1088 1296 ad
1130 1241 1302 1313 ipsam
1324 1241 1522 1307 οὐσίαν,
1578 1256 1643 1296 ex
1694 1255 1799 1312 qua

209 1349 427 1403 egressa
481 1342 584 1400 est,
617 1333 919 1404 perveniat,
973 1348 1081 1387 non
1129 1331 1327 1387 desinit
1357 1332 1534 1387 redire
1576 1331 1629 1387 in
1654 1348 1798 1398 eam,

209 1442 313 1497 qua
345 1441 557 1496 semper
602 1428 803 1498 appetit
847 1427 1147 1498 quiescere,
1189 1434 1244 1480 ει
1273 1425 1415 1480 circa
1446 1441 1564 1480 eam
1589 1425 1672 1479 vel
1711 1441 1800 1480 so-

209 1518 318 1572 lum
352 1519 433 1573 vel
458 1520 695 1573 maxime
723 1517 1048 1590 intelligibili
1081 1526 1230 1573 motu
1264 1517 1532 1572 convolvi.
1565 1515 1703 1584 Quid
1735 1517 1800 1572 de

207 1613 568 1669 Aritbmetica
622 1613 947 1668 dicendum?
975 1609 1223 1682 Nunquid
1269 1621 1323 1668 et
1351 1612 1465 1684 ipsa
1504 1628 1533 1665 a
1571 1612 1800 1668 monade

207 1701 491 1776 incipiens,
520 1723 723 1780 perque
760 1709 780 1738 ³
810 1706 1052 1763 diversas
1081 1721 1430 1762 numerorum
1458 1705 1667 1774 species
1698 1705 1800 1759 dis-

207 1799 424 1868 cedens,
478 1798 674 1866 iterum
719 1797 861 1856 facta
905 1799 1233 1870 resolutione
1289 1799 1356 1862 ad
1403 1800 1630 1866 eandem
1679 1815 1798 1872 mo-

205 1891 339 1946 nada
368 1892 534 1965 redit,
579 1893 724 1948 ultra
764 1909 928 1969 quam
961 1881 1257 1949 aScendere
1288 1892 1507 1948 nescit?
1536 1891 1645 1946 Nec
1698 1892 1797 1945 im-

1904 699 2024 739 nem
2103 683 2435 754 loquentium
2490 681 2787 740 subsistere
2824 679 3146 743 Aristoteles
3211 703 3333 744 cum
3374 687 3488 742 suis

1903 775 2262 833 sectatoribus
2287 776 2571 847 approbat,
2596 774 2676 829 vel
2699 775 2766 830 de
2791 777 2967 831 causis
2992 785 3154 848 atque
3178 778 3222 815 ιθ
3239 778 3487 850 personis

1903 868 2246 938 specialibus,
2279 870 2422 939 quod
2455 867 2612 939 longe
2641 884 2669 921 a
2695 876 2883 922 natura
2922 885 3104 940 rerum
3137 871 3317 932 distat.
3345 868 3478 926 Nam

1902 961 2029 1015 dum
2066 962 2104 992 “
2135 961 2425 1026 Rhetorica
2452 960 2517 1016 de
2544 959 2919 1032 communibus
2945 961 3097 1030 locis,
3129 964 3216 1038 qui
3240 965 3308 1019 ad
3329 965 3370 996 ”
3395 982 3487 1022 na-

1906 1063 2082 1108 turam
2130 1070 2313 1109 rerum
2333 1054 2632 1128 pertinent,
2671 1063 2908 1110 tractare
2944 1049 3152 1121 nititur,
3197 1073 3303 1113 non
3335 1073 3482 1122 suas,

1903 1147 1997 1202 sed
2030 1147 2356 1202 Dialecticae
2385 1147 2579 1218 arripit
2605 1157 2810 1220 partes.
2845 1146 2961 1203 Hoc
2986 1138 3166 1210 autem
3200 1149 3344 1216 dico,
3377 1167 3483 1206 non

1869 1229 1872 1232 ’
1903 1241 2043 1310 quod
2074 1241 2292 1295 omnino
2319 1239 2686 1296 Grammatica
2726 1249 2780 1296 et
2833 1239 3129 1302 Rhetorica
3175 1239 3213 1272 ³³
3240 1242 3356 1318 suis
3398 1258 3487 1298 ve-

1901 1329 1996 1383 luti
2045 1329 2322 1400 principiis
2374 1330 2669 1404 caruerint,
2714 1346 2836 1386 cum
2889 1347 2996 1385 una
3049 1347 3116 1388 ex
3173 1332 3358 1399 litera,
3414 1333 3488 1388 al-

1904 1426 2018 1471 tera
2079 1434 2143 1473 ex
2207 1419 2494 1491 hypothesi
2537 1462 2551 1486 ,
2629 1422 2733 1476 hoc
2794 1429 2898 1490 est,
2946 1420 3096 1477 ﬁnita
3172 1427 3491 1496 quaestione

1902 1507 2164 1578 incipiant
2220 1509 2286 1575 νδ,
2317 1517 2371 1565 ει
2400 1511 2454 1565 in
2508 1511 2725 1567 easdem
2781 1513 3143 1587 resolvantur,
3190 1516 3326 1574 bene
3353 1517 3487 1590 scri-

1901 1603 2061 1660 bendi
2122 1606 2339 1680 quidem
2392 1608 2621 1676 scientia
2671 1609 2728 1664 in
2775 1609 3026 1678 literam,
3079 1611 3219 1686 bene
3270 1614 3484 1680 dicendi

1903 1715 2031 1756 vero
2071 1701 2260 1771 peritia
2319 1704 2372 1758 in
2399 1703 2749 1778 hypothesin,
2787 1706 2883 1762 sed
2926 1691 3068 1776 quad
3106 1706 3382 1784 validioris
3405 1708 3486 1764 vi-

1899 1790 2047 1862 goris
2075 1791 2182 1848 sint
2210 1793 2276 1848 ad
2298 1787 2675 1866 approbandas
2721 1795 2765 1828 ¹⁸
2797 1795 2879 1862 vel
2903 1798 3178 1872 negandas
3218 1801 3489 1870 quaestio-

1903 1897 2031 1948 nes,
2114 1898 2252 1958 quae
2322 1875 2389 1940 de
2464 1901 2647 1942 rerum
2729 1887 3060 1968 incertarum
3127 1890 3490 1962 inquisitioni-

171 1979 572 2058 'me_rito,c,um
596 2002 784 2044 omnes
830 1985 1083 2042 3numeri
1109 2000 1568 2055 numerorumque
1590 1983 1797 2054 species
1826 1977 1871 2036 B
1901 1971 2003 2029 bUS
2064 1974 2220 2043 ﬁunt.
2281 1987 2601 2052 argumenta
2655 1996 2723 2036 ex
2768 1991 2960 2046 natura
3013 1999 3194 2040 rerum
3247 1998 3480 2058 sumpta.

205 2079 271 2134 ab
316 2097 378 2135 ea
417 2080 698 2150 incipiant,
747 2088 802 2135 et
839 2079 897 2136 in
945 2094 1065 2135 eam
1091 2079 1366 2146 desinant,
1395 2087 1450 2134 et
1487 2077 1630 2134 inea
1658 2077 1710 2131 vi
1739 2085 1796 2132 et

197 2181 470 2244 potestate
521 2171 842 2239 subsistant,
877 2171 1331 2242 quemadmodum
1383 2170 1562 2226 omnia
1595 2184 1793 2244 genera

199 2249 502 2336 ὀηιιιεδῳιε
529 2263 738 2337 species
765 2279 946 2320 rerum
981 2263 1332 2319 continentur
1353 2261 1406 2316 in
1433 2264 1588 2330 οὐσίᾳ
1632 2271 1793 2331 atque

201 2357 503 2426 salvantur.
533 2356 648 2413 Non
673 2357 830 2415 aliter
857 2357 908 2411 in
934 2355 1241 2414 Geometria
1265 2355 1626 2422 sentiendum,
1655 2369 1794 2425 quae

198 2433 389 2516 eadem
419 2448 628 2506 ratione
651 2464 680 2504 a
702 2447 969 2518 principio
1015 2447 1119 2512 sui,
1149 2447 1293 2518 quod
1331 2446 1522 2503 Graeci
1554 2454 1790 2519 σημεῖον,

200 2537 378 2593 Latini
406 2539 621 2610 signum
651 2547 870 2604 vocant,
899 2538 1188 2609 incipiens,
1209 2553 1309 2610 per
1327 2538 1486 2610 plana
1515 2539 1794 2608 solidaque
1869 2603 1872 2607 λ

199 2629 501 2696 soliemata,
551 2629 909 2699 superﬁcies,
969 2637 1024 2684 et
1081 2628 1273 2698 latera,
1324 2628 1549 2704 angulos
1581 2644 1794 2708 quoque

197 2735 556 2793 componens,
582 2724 937 2796 longitudinis
973 2732 1033 2790 et
1054 2722 1077 2754 ⁸
1097 2723 1423 2792 latitudinis,
1452 2722 1793 2798 profundita-

197 2814 270 2870 tis
317 2816 482 2881 etiam
527 2817 700 2888 spatia
722 2817 952 2889 perlicit.
996 2816 1202 2886 Quibus
1231 2815 1487 2887 omnibus
1543 2816 1792 2872 resolutis

197 2908 270 2962 ad
297 2909 584 2996 proprium
637 2909 718 2965 sui
759 2909 1110 2994 principium,
1162 2909 1307 2982 quod
1339 2917 1423 2962 est
1454 2907 1687 2980 signum,
1735 2907 1792 2962 in

193 3018 307 3082 quo
343 2990 456 3060 tota
482 3005 658 3068 virtus
702 3007 836 3064 artis
875 2990 1148 3072 consistit,
1199 3005 1521 3078 regreditur.
1562 3003 1706 3082 Quid,
1726 3004 1792 3060 de

193 3079 441 3148 Musica?
461 3093 649 3162 Nonne
674 3106 728 3153 et
765 3098 883 3168 ipsa
909 3114 937 3151 a
963 3098 1228 3170 principio
1262 3099 1343 3170 sui
1368 3098 1388 3129 ⁸
1415 3098 1622 3168 incipit,
1649 3079 1792 3167 quod

191 3195 399 3240 vocant
430 3194 638 3254 tonum,
664 3194 721 3258 et
751 3188 894 3244 circa
930 3187 1300 3260 symphonias,
1352 3188 1465 3244 sive
1492 3187 1786 3260 simplices,

191 3273 312 3329 sive
334 3277 685 3360 compositas,
711 3259 976 3343 movetur,
1006 3293 1141 3349 quas
1172 3278 1348 3350 denuo
1371 3259 1664 3348 resolvens,
1708 3285 1788 3348 to-

1864 2141 1872 2147 .
1901 2079 2061 2136 quam
2086 2080 2154 2120 ex
2175 2067 2428 2124 humanis
2458 2064 2860 2150 inventionibus
2878 2075 3199 2148 excogitata.
3222 2076 3486 2136 Humanis

1898 2155 2166 2238 siquidem
2217 2164 2780 2233 argumentationibus
2823 2176 2877 2240 et
2916 2167 3057 2242 bene
3102 2171 3374 2232 scribendi
3431 2182 3487 2242 ει

1898 2246 2032 2304 bene
2063 2245 2401 2326 dicendi'ars
2437 2264 2491 2322 et
2528 2255 2672 2311 facta
2712 2266 2765 2322 et.
2801 2268 3012 2337 reperta
3048 2270 3150 2337 est.
3189 2263 3334 2320 DISC-
3373 2241 3488 2328 Cur

1898 2342 2083 2413 itaque
2121 2343 2175 2398 i'n
2211 2361 2437 2404 numero
2476 2347 2779 2405 liberalium
2819 2335 3223 2430 disciplinarum
3254 2373 3484 2432 ,eompu-

1899 2444 2102 2516 tantur,
2145 2437 2190 2493 si
2222 2439 2522 2508 secundum
2552 2451 2804 2498 naturam
2833 2460 2940 2500 non
2972 2456 3093 2501 sunt
3115 2490 3128 2514 ,
3168 2451 3261 2518 sed
3285 2465 3484 2510 secun-

1897 2527 2021 2580 dum
2052 2527 2287 2584 humana
2334 2531 2815 2589 machinamenta?
2851 2521 3003 2593 MAG.
3049 2537 3165 2594 Non
3212 2540 3374 2614 aliam
3416 2544 3486 2601 ob

1896 2632 2116 2674 causam
2171 2622 2357 2690 video,
2399 2634 2622 2704 praeter
2668 2628 2812 2699 quod
2849 2625 3021 2685 matri
3065 2613 3298 2704 artium,
3339 2613 3484 2708 quae

1895 2716 1982 2764 est
2029 2709 2318 2768 Dialectica
2353 2755 2369 2780 ,
2424 2730 2640 2792 semper
2692 2717 3017 2796 adhaereant
3048 2721 3111 2773 ³⁸.
3145 2709 3283 2798 sunt
3335 2713 3484 2792 enim

1894 2803 2057 2858 veluti
2107 2805 2374 2876 quaedam
2424 2807 2595 2885 ipsius
2643 2808 2868 2866 brachia
2899 2793 3125 2886 rivulive
3158 2793 3226 2888 ei
3263 2797 3482 2888 eama-

1896 2906 2120 2962 nantes,
2155 2899 2238 2970 vel
2274 2910 2423 2955 certe
2457 2901 2847 2978 instrumenta,
2883 2891 3079 2982 quibus
3115 2887 3241 2984 suas
3267 2885 3481 2980 "intelli-

1894 2989 2085 3059 gibiles
2109 2991 2450 3050 inventiones
2475 2994 2726 3068 humanis
2754 2997 2941 3054 usibus
2973 2985 3300 3082 manifestat.
3327 3005 3460 3076 ,Drsc

1893 3081 2030 3138 Huic
2067 3086 2404 3155 responsioni
2445 3101 2551 3164 non
2589 3104 2973 3164 usquequaque
3019 3081 3483 3166 contr‘adix‘erim.‘

1893 3175 2007 3238 νει-ἰ
2054 3191 2288 3247 namque
2335 3178 2529 3236 similis
2553 3180 2597 3212 ³⁷
2625 3193 2726 3252 est.
2761 3181 2948 3239 Potest
2977 3186 3119 3240 enim
3150 3159 3484 3258 ratiunabilis

1895 3267 2078 3327 anima
2128 3270 2267 3325 intra
2318 3275 2668 3354 semetipsam
2715 3276 2780 3330 de
2829 3277 3140 3354 liberalibus
3182 3282 3481 3355 disciplinis

189 3381 326 3424 num
375 3355 481 3432 sui,
522 3368 776 3424 videlicet
805 3369 1152 3446 principium,
1201 3370 1415 3440 repetit,
1455 3368 1790 3444 quoniamin
1821 3355 1867 3418 C
1897 3370 2169 3436 tractare,
2202 3365 2408 3436 absque
2440 3369 2588 3424 vocis
2611 3371 2938 3440 articulatae
2975 3375 3320 3449 disertaeque
3360 3395 3483 3438 ora-

190 3457 315 3529 ipso
344 3453 458 3534 ipsa
481 3470 590 3516 tota
619 3461 669 3516 vi
708 3460 727 3492 ⁶
766 3471 820 3517 ει
843 3470 1113 3536 potestate
1128 3461 1415 3517 subsistit?
1445 3457 1577 3529 Quis
1607 3470 1788 3534 autem

185 3539 412 3626 ignorat
453 3556 817 3630 Astrologiam
846 3556 892 3622 ⁷,
921 3555 1073 3625 cujus
1111 3556 1344 3622 maxima
1370 3556 1449 3610 vis
1478 3564 1580 3621 est,
1609 3563 1792 3624 motus

185 3652 437 3712 siderum
463 3665 560 3721 per
601 3650 718 3708 loca
742 3660 796 3708 et
825 3660 1065 3721 tempora
1097 3650 1467 3722 considerare,
1505 3649 1572 3719 ab
1602 3656 1789 3718 atomo
1839 3649 1844 3654 ’

185 3762 417 3814 cursum
468 3761 627 3810 suum
658 3746 919 3816 incipere,
953 3745 1115 3814 inque
1148 3744 1325 3816 ipsum
1373 3742 1625 3816 resolutis
1657 3749 1790 3795 tem-

171 3855 388 3914 ραι-ιλιι]
437 3838 627 3909 spatiis
656 3853 812 3906 suum
867 3851 1149 3902 recursum
1203 3833 1514 3890 terminare.
1555 3832 1789 3898 Videsne

180 3932 401 4004 itaque,
459 3928 729 4001 quomodo
774 3928 1084 4000 praedictae
1164 3925 1497 3982 rationabilis
1549 3924 1714 3977 animi
1769 3925 1790 3955 η

143 4092 146 4094 γ
178 4022 584 4098 conceptiones
607 4021 874 4096 principia
899 4036 998 4076 sua
1024 4027 1293 4090 repetunt,
1330 4019 1380 4072 in
1407 4017 1601 4088 quibus
1628 4017 1788 4072 tinem

177 4125 380 4174 motus
415 4116 496 4174 sui
543 4114 926 4182 constituunt?
961 4111 1296 4182 Principium
1339 4108 1537 4181 quippe
1583 4120 1636 4164 et
1668 4107 1789 4164 linis

175 4213 247 4266 in
298 4209 384 4264 his
418 4209 704 4276 omnibus,
756 4217 814 4277 ut
840 4207 1176 4278 praedictum
1225 4215 1325 4272 est,
1365 4205 1417 4260 id
1467 4205 1640 4274 ipsum
1681 4212 1783 4259 est.

167 4305 342 4364 .Dtsc.
377 4285 543 4368 Plane
594 4302 771 4374 video,
807 4309 860 4356 et
889 4300 1079 4355 modus
1127 4300 1229 4354 iste
1275 4296 1785 4370 argumentationis,

153 4395 285 4472 qui
329 4408 404 4462 ex
448 4392 884 4462 ,intelligibilibus
923 4390 1192 4456 sumitur,
1262 4389 1330 4458 ad
1379 4404 1518 4455 rem,
1563 4388 1635 4456 de
1682 4402 1786 4456 qua

166 4500 340 4558 nunc
371 4483 581 4554 agimus
609 4481 1007 4558 ’,‘credibilem
1032 4479 1341 4552 faciendam
1369 4479 1596 4534 multum
1620 4477 1785 4546 valet,

168 4587 255 4648 ut
280 4577 539 4646 arbitror.
565 4576 764 4650 ‘Agitur
793 4583 974 4638 autem
990 4575 1062 4642 de
1092 4573 1266 4628 reditu
1300 4581 1541 4627 naturae.
1574 4571 1785 4626 Veran-

159 4663 384 4740 ‘la‘men
433 4683 556 4722 cum
607 4683 674 4720 ex
706 4665 1020 4720 liberalibus
1043 4664 1342 4734 disciplinis
1373 4663 1644 4733 praefatas
1701 4672 1784 4718 at-

1899 3450 2062 3508 tionis
2094 3457 2346 3524 strepitu.
2399 3455 2506 3512 Sed
2547 3459 2687 3529 quod
2732 3460 2898 3517 instat
2944 3474 2996 3526 et
3022 3465 3094 3532 ad
3136 3479 3484 3540 praesentem

1896 3546 2163 3602 actionem
2188 3548 2414 3616 attinet,
2438 3551 2724 3608 videndum
2749 3564 2850 3610 est.
2878 3553 3016 3613 MAG.
3043 3557 3183 3627 Quid
3207 3571 3364 3620 estne
3396 3565 3438 3595 ³⁸
3462 3568 3484 3620 ⁶1

1969 3638 2020 3692 5.
2054 3639 2199 3695 DlSC.
2232 3639 2403 3708 Quid,
2435 3641 2535 3714 nisi
2569 3652 2625 3710 ut
2657 3640 2979 3703 auctoritate
3011 3653 3308 3722 approbes,
3336 3658 3482 3727 prin-

1895 3731 2092 3800 cipium
2123 3733 2448 3787 naturalium
2481 3745 2723 3814 motuum
2754 3738 3023 3814 ﬁnemque
3053 3741 3104 3795 id
3134 3743 3311 3814 ipsum
3338 3727 3484 3813 esse.

1896 3829 1946 3875 et
1982 3821 2034 3876 in
2065 3822 2211 3879 nullo
2241 3824 2461 3902 distare.
2495 3823 2634 3881 MAG.
2677 3828 2739 3883 Si
2770 3830 2871 3884 hoc
2900 3827 3158 3901 quaeris,
3191 3837 3314 3891 audi
3349 3838 3481 3893 bea-

1897 3920 2009 3967 tum
2053 3914 2344 3969 Maximum
2386 3919 2437 3971 in
2490 3919 2699 3972 decimo
2740 3937 2881 3976 nono
2919 3924 3154 3994 capitulo
3194 3925 3260 3980 de
3294 3931 3482 3984 Ambi-

1896 4006 2015 4075 guis
2061 4005 2389 4076 loquentem.
2453 4006 2617 4061 Omne
2646 4050 2657 4074 ,
2711 4009 2885 4079 inquit
2918 4012 2989 4078 ιθ,
3024 4019 3160 4086 quod
3193 4019 3478 4072 secundum

1896 4108 2142 4150 naturam
2169 4107 2422 4164 movetur,
2466 4117 2558 4170 per
2600 4118 2813 4154 causam
2860 4107 3071 4158 omnino
3125 4119 3376 4176 movetur,
3431 4124 3478 4167 et

1895 4205 2071 4252 omne,
2101 4191 2238 4260 quod
2264 4208 2355 4262 per
2385 4209 2596 4246 causam
2631 4205 2881 4260 movetur,
2904 4214 2996 4266 per
3023 4215 3235 4254 causam
3267 4204 3479 4259 omnino

1893 4290 1942 4334 et
1970 4290 2079 4345 est;
2109 4299 2258 4336 omne
2287 4293 2479 4350 autem,
2513 4284 2648 4355 quod
2672 4303 2764 4356 per
2788 4305 3002 4342 causam
3025 4301 3129 4362 est,
3161 4303 3207 4346 et
3229 4311 3326 4364 per
3350 4313 3445 4362 cna
3463 4329 3474 4336 -

1894 4393 2006 4430 sam
2048 4388 2304 4445 moretur,
2343 4380 2657 4450 principium
2695 4384 2904 4453 quidem
2946 4387 3100 4442 habet
3142 4392 3354 4447 omnino
3390 4415 3474 4448 es-

1891 4471 2038 4524 cendi
2069 4471 2235 4541 ipsam
2254 4513 2267 4535 ,
2297 4488 2389 4542 per
2419 4489 2574 4543 quam
2608 4483 2714 4540 est,
2749 4485 2794 4528 et
2825 4493 2886 4529 ex
2907 4495 3008 4548 qua
3034 4478 3101 4532 ad
3128 4459 3236 4535 esse
3265 4483 3480 4548 inchoa—

1893 4574 2003 4618 tum
2041 4577 2150 4631 est,
2190 4583 2440 4634 causam;
2479 4567 2634 4636 ﬁnem
2672 4585 2789 4622 vero
2827 4572 3063 4625 movendi
3103 4576 3351 4642 eandem,
3390 4595 3483 4648 per

1890 4677 2049 4731 qaam
2069 4673 2322 4727 movetur,
2346 4672 2392 4715 et
2425 4661 2492 4714 ad
2518 4679 2672 4731 quam
2706 4662 3012 4733 adducitur,
3045 4683 3280 4721 causam.
3317 4669 3483 4726 Omne

167 4761 435 4832 traxeris
506 4758 1001 4830 argumentationes
1032 4798 1047 4824 ,
1103 4772 1202 4811 cur
1247 4755 1671 4811 Grarnmaticam
1735 4764 1790 4811 et
1814 4753 1867 4813 D
1894 4765 2091 4819 autem,
2124 4753 2261 4825 quod
2289 4771 2381 4824 per
2411 4770 2625 4808 causam
2654 4764 2699 4807 ει
2729 4765 2802 4808 est
2827 4766 2872 4808 et
2908 4770 3160 4825 moretur,
3184 4772 3231 4813 ei
3265 4761 3484 4838 “geni,-

163 4856 552 4926 Rhetoricam
601 4851 1059 4926 praetermiseris,
1101 4865 1215 4918 non
1275 4850 1406 4904 satis
1434 4851 1608 4905 video.
1647 4850 1786 4906 MAG.

159 4947 312 5006 Non
344 4963 506 5018 unam
548 4935 618 5001 ob
644 4959 861 5000 causam
899 4943 1314 5016 praetermissas
1344 4955 1466 4997 esse
1502 4947 1785 5014 cogndsce.

153 5042 440 5116 Primum
473 5039 718 5112 quidem,
753 5038 879 5106 quia
907 5036 1054 5106 ipsae
1084 5037 1220 5091 duae
1251 5044 1397 5090 artes
1429 5036 1589 5091 veluti
1623 5050 1790 5102 quae-

156 5140 323 5204 dam
350 5113 589 5210 membra
623 5129 950 5186 Dialecticae
985 5129 1171 5202 multis
1200 5126 1669 5204 philosophisnon
1703 5129 1786 5181 in-

151 5207 866 5297 congrue'v'exivstimantur.
915 5222 1118 5280 Deinde
1152 5221 1444 5294 brevitatis
1482 5223 1784 5279 occasione.

117 5307 500 5394 “Postremo,
546 5298 694 5388 quod
735 5329 843 5368 non
885 5313 952 5367 de
982 5329 1166 5367 rerum
1197 5320 1390 5369 natura
1424 5324 1658 5372 tractare
1709 5316 1786 5370 vi-

175 5415 197 5422 -
557 5397 571 5418 1
701 5405 712 5420 1
784 5405 794 5418 ι
1001 5405 1033 5412 υ
1119 5407 1130 5410 -
1529 5408 1540 5419 ο

1895 4858 2004 4902 tum
2037 4864 2269 4916 prorsus.
2306 4845 2362 4901 Si
2392 4858 2566 4901 autem
2594 4846 2719 4899 moti
2749 4848 2872 4916 ﬁnis
2905 4839 2980 4904 est
3013 4853 3127 4922 ipsa
3152 4892 3166 4916 ,
3191 4869 3288 4928 per
3323 4870 3482 4928 quam

1895 4949 2152 5003 moretur,
2189 4956 2384 5006 causa,
2417 4940 2597 4995 cadent
2636 4955 2851 5008 prorsus
2908 4951 2984 4995 est
3022 4943 3068 5014 ei
3104 4943 3170 5008 “,
3196 4959 3287 5012 per
3323 4921 3486 5010 quam

1893 5035 2094 5103 factum
2143 5043 2249 5097 est,
2302 5040 2346 5084 ct
2404 5049 2586 5087 causa.
2645 5027 2761 5082 Una
2808 5031 2971 5102 igitur
3015 5017 3182 5096 omnis
3230 5044 3494 5106 utcunque

1893 5125 2163 5181 cxistentis
2203 5135 2248 5177 et
2299 5127 2428 5179 moti
2465 5123 2748 5181 secundant
2788 5135 3039 5179 naturam
3082 5131 3137 5175 ut
3167 5108 3497 5200 principium

1895 5239 1942 5282 ετ
1982 5226 2106 5296 Ii"is
2148 5240 2342 5288 εαιιδα,
2391 5243 2487 5296 per
2533 5238 2689 5296 quam
2737 5229 2784 5273 et
2815 5232 2899 5282 est
2947 5230 2995 5277 et
3035 5225 3269 5274 meum“

1894 5322 2037 5390 quod
2076 5327 2150 5370 est
2196 5326 2244 5370 et
2287 5333 2529 5368 innitatur
2610 5316 2622 5330 ‘
