4028 6282
499 369 600 424 871

1925 365 2042 421 ,1οΑ
2052 365 2209 422 NNIS
2250 364 2450 423 SCOTI

3674 363 3788 419 872

499 480 657 536 mittit
693 488 740 534 et
771 477 987 531 attrahit
1019 483 1194 542 mota,
1225 474 1444 547 proinde
1482 487 1535 530 ut
1579 475 1701 545 ﬁnis
1745 484 1792 530 et
1838 475 1973 544 linit.
2021 476 2082 532 Si
2111 483 2163 542 Α
2187 477 2273 533 vel
2311 478 2448 549 lucis
2483 477 2653 548 ipsius
2689 490 2908 533 occasu.
2953 476 3171 534 Sanitas
3197 492 3301 533 non
3331 476 3453 532 loco
3481 475 3786 541 deseritur,

497 583 673 627 autem
702 586 886 634 omne,
921 567 1061 640 quod
1089 577 1341 634 movetur,
1376 577 1450 622 est
1491 577 1541 623 et
1585 567 1814 638 factum,
1844 585 1937 639 per
1965 586 2088 622 cau-

494 681 610 718 sam
641 673 750 728 est,
783 671 832 716 et
864 670 1121 726 moretur,
1154 670 1200 714 et
1233 660 1431 728 factum
1456 669 1565 726 est;
1599 675 1782 726 omne,
1812 659 1952 730 quod
1981 676 2087 713 non

488 771 583 826 per
619 769 838 808 causam
875 761 950 807 est
979 792 993 818 ,
1049 768 1212 822 neque
1259 752 1457 822 factum
1506 761 1617 818 est,
1655 768 1819 823 neque
1851 751 2086 822 profecto

487 844 703 901 mobile.
742 842 868 899 Non
902 843 1042 900 enim
1079 853 1334 910 movetur,
1375 843 1515 916 quod
1557 860 1651 914 per
1679 846 1856 899 omnia
1886 846 1941 899 in
1975 861 2089 898 om—

491 935 644 991 nibus
696 935 902 991 essendi
950 951 1169 989 causam
1217 950 1320 988 non
1361 934 1557 988 habet:
1603 935 1650 988 si
1696 944 1905 1001 autem,
1946 933 2086 1005 quod

491 1039 636 1085 caret
666 1047 866 1095 causa,
899 1029 1110 1083 omnino
1155 1029 1314 1082 etiam
1353 1026 1651 1094 immobile,
1692 1027 1953 1083 immobile
1990 1028 2089 1097 igi-

494 1134 582 1177 tur
609 1122 848 1176 divinum
875 1137 894 1187 ;
925 1119 1131 1175 essendi
1167 1121 1358 1190 quippe
1401 1118 1603 1172 nullam
1643 1119 1797 1173 habet
1835 1134 2084 1183 causam,

489 1223 538 1268 et
570 1213 988 1284 omnium,'quae
1017 1221 1161 1278 sunt,
1191 1211 1425 1265 subsistit
1450 1227 1634 1266 causa.
1658 1211 2044 1267 Animadverte
2068 1251 2084 1276 ,

491 1306 764 1376 quomodo
792 1320 1015 1361 causam
1045 1290 1290 1360 omnium
1322 1318 1505 1360 rerum
1535 1313 1590 1359 et
1621 1304 1783 1361 ﬁnem
1816 1305 1870 1360 id
1909 1305 2084 1376 ipsum

486 1413 611 1454 esse
672 1396 1080 1454 evidentissime
1142 1396 1402 1466 disputat.
1467 1396 1615 1452 Disc.
1675 1397 2084 1453 Animadverto.

491 1487 600 1544 Sed
655 1488 785 1558 quid
834 1488 904 1543 ad
951 1496 1294 1557 praesentem
1344 1491 1722 1558 quaestionem
1772 1489 2083 1558 pertineat,

489 1598 598 1637 non
630 1579 889 1652 intelligo.
923 1578 1039 1635 Non
1069 1579 1217 1635 enim
1249 1579 1317 1634 de
1348 1579 1490 1648 Deo,
1524 1580 1615 1650 qui
1644 1589 1728 1636 est
1757 1580 2085 1650 principium

490 1683 546 1731 ct
573 1675 698 1730 linis
724 1674 1003 1740 omnium,
1035 1673 1297 1743 quoniam
1326 1687 1394 1728 ex
1437 1673 1586 1744 ipso,
1633 1681 1690 1728 et
1730 1689 1829 1744 per
1877 1673 2083 1742 ipsum,

487 1777 544 1823 et
574 1769 627 1824 in
656 1768 808 1838 ipso,
843 1774 899 1822 et
930 1767 998 1822 ad
1038 1766 1214 1836 ipsum
1248 1774 1378 1822 sunt
1413 1766 1629 1833 omnia,
1669 1765 1870 1822 videris
1909 1765 2087 1821 discu-

2192 571 2288 625 sed
2338 569 2540 626 dolore.
2605 569 2866 625 Similiter
2918 569 3065 636 vita,
3113 569 3417 631 beatitudo,
3472 568 3745 638 sapientia
3774 609 3790 630 ,

2189 675 2489 731 omnesque
2533 661 2769 717 virtutes
2817 676 2923 716 non
2972 661 3131 716 aliter
3178 661 3559 730 relinquuntur
3608 659 3716 713 nisi
3747 660 3790 690 “

2191 755 2304 810 suis
2334 755 2764 825 privationibus,
2806 765 2985 812 morte
3029 756 3267 821 scilicet,
3310 755 3563 819 miseria,
3606 753 3793 808 stulti-

2191 845 2297 911 tia,
2327 846 2602 917 vitiisque.
2634 847 2701 902 Et
2729 847 2873 904 sicut
2903 848 3046 903 cutis
3075 848 3298 904 humani
3328 847 3576 918 corporis
3604 845 3793 916 leprae

2191 937 2512 1008 contagione
2555 937 3017 1010 deformitateque
3057 939 3380 1010 percutitur,
3422 939 3503 994 sic
3544 939 3791 994 humana

2190 1038 2384 1081 natura
2413 1028 2645 1098 superba
2676 1014 3047 1085 inobedientia
3075 1030 3273 1086 intecta
3303 1039 3361 1085 et
3383 1038 3640 1101 corrupta
3669 1038 3791 1093 est,

2189 1120 2586 1192 deformisque,
2631 1131 2688 1178 et
2725 1124 2999 1180 conditori
3039 1139 3139 1180 suo
3175 1123 3458 1179 dissimilis
3500 1122 3668 1178 facta.
3709 1123 3792 1178 De

2189 1227 2295 1282 qua
2343 1211 2494 1284 lepra
2541 1229 2666 1269 cum
2718 1213 2934 1269 divinae
2981 1214 3189 1285 gratiae
3236 1214 3504 1270 medicina
3555 1212 3792 1269 liberata

2188 1303 2385 1370 fuerit,
2420 1304 2473 1359 in
2503 1305 2790 1374 pristinam
2822 1305 3171 1362 revocabitur
3197 1304 3595 1362 formositatem
3624 1323 3636 1358 :
3673 1323 3793 1360 ma-

2151 1390 2154 1479 :
2188 1398 2378 1469 gisque
2406 1398 2726 1464 dicendum,
2759 1399 2904 1470 quod
2933 1399 3044 1471 ipsa
3077 1409 3302 1464 natura,
3341 1413 3482 1468 quae
3532 1396 3606 1452 ad
3648 1398 3790 1452 ima-

2189 1492 2369 1562 ginem
2397 1491 2493 1546 Dei
2519 1491 2659 1547 facta
2684 1502 2800 1560 est,
2826 1509 2958 1549 suae
2983 1492 3403 1565 pulchritudinis
3430 1491 3679 1563 vigorem
3707 1492 3791 1544 in-

2190 1586 2609 1656 tegritatemque
2640 1587 2914 1642 essentiae
2945 1601 3284 1657 nequaquam
3322 1583 3588 1656 perdidit,
3614 1598 3796 1653 neque

2185 1679 2414 1748 perdere
2458 1685 2656 1747 potest.
2703 1677 2895 1732 Divina
2939 1678 3215 1749 siquidem
3247 1677 3425 1733 forma
3458 1692 3686 1746 semper
3717 1677 3796 1730 in.

2189 1767 2586 1822 commutabilis
2633 1777 2949 1838 permanet,
3004 1784 3174 1838 capax
3227 1777 3409 1823 tamen
3461 1767 3796 1837 corruptibi—

489 1871 634 1928 lere,
668 1859 764 1916 sed
793 1860 860 1916 (le
891 1859 1175 1930 principiis
1205 1859 1544 1916 sensibilium
1585 1875 1767 1916 rerum
1806 1868 2080 1929 tempora-
2113 1861 2162 1923 Β
2191 1860 2320 1914 lium
2365 1873 2536 1930 poena
2588 1861 2799 1930 peccati
2857 1861 2999 1916 facta
3025 1869 3128 1916 est.
3161 1861 3314 1929 Quod
3339 1876 3408 1917 ex
3429 1861 3620 1916 verbis
3648 1860 3794 1914 beati

489 1955 666 2021 tibus,
717 1954 832 2010 sive
882 1969 980 2024 per
1032 1954 1432 2025 generationis,
1488 1953 1605 2010 sive
1647 1968 1744 2024 per
1794 1951 2086 2008 localitatis

486 2058 728 2116 motum,
788 2048 962 2118 deque
1019 2047 1454 2118 contemplativis
1531 2044 1946 2116 intelligibilium
2003 2044 2086 2098 in-

489 2143 860 2208 clioamentis,
910 2159 1054 2214 quae
1100 2143 1284 2199 animo
1331 2141 1682 2214 percipimus.
1722 2142 1804 2198 Ac
1852 2157 1948 2212 per
1982 2139 2086 2195 hoc

488 2251 753 2308 quorsum
808 2237 1050 2302 istaec‘,
1080 2251 1222 2306 quae
1274 2251 1306 2290 a
1354 2244 1409 2289 te
1455 2235 1600 2290 dicta
1649 2242 1810 2300 sunt,
1860 2235 1927 2289 de
1974 2234 2086 2288 Deo

485 2330 737 2401 exempla
768 2331 1024 2395 tendant,
1056 2330 1296 2386 nondum
1329 2329 1463 2383 mihi
1492 2329 1637 2384 clare
1667 2329 1919 2400 patescit.

491 2460 497 2484 ς
561 2423 614 2478 6.
657 2422 797 2478 hinc.
830 2420 1018 2488 Miror,
1047 2435 1145 2476 cur
1172 2429 1361 2476 tantae
1392 2421 1658 2477 tarditatis
1685 2422 1779 2487 sis,
1811 2430 1893 2487 ut,
1925 2437 2085 2492 quor-

487 2530 610 2572 sum
661 2513 790 2568 talia
845 2514 1106 2580 tendunt,
1145 2517 1277 2568 "non
1327 2512 1472 2568 clare
1527 2513 1846 2583 perspicias.
1893 2511 2034 2567 Num
2062 2513 2084 2543 ³

489 2607 675 2663 omnia
719 2615 1073 2678 argumenta,
1113 2621 1253 2676 quae
1291 2621 1356 2661 ex
1406 2614 1602 2661 natura
1651 2604 1985 2661 sensibilium
2031 2613 2088 2661 et

488 2701 910 2772 intelligibilium
939 2699 1372 2766 introduximus,
1401 2698 1470 2754 ad
1513 2699 1618 2755 hoc
1659 2699 1976 2770 respiciunt,
2003 2706 2082 2764 ut,

487 2793 950 2864 quemadmodum
973 2793 1395 2863 unumquodque
1429 2793 1498 2848 ad
1542 2807 1698 2847 suum
1725 2791 2050 2864 principium
2069 2831 2084 2856 ,

487 2888 603 2944 sive
635 2887 915 2954 sensibile,
958 2885 1072 2942 sive
1099 2885 1470 2956 intelligibile,
1516 2883 1840 2940 naturaliter
1877 2884 2089 2955 cogitur

490 2982 706 3050 redire,
738 2982 812 3036 ita
839 2981 1004 3036 etiam
1031 2981 1326 3035 humanam
1355 2989 1610 3034 naturam
1650 2979 1719 3033 ad
1750 2995 1904 3034 suum
1933 2979 2085 3048 prin-

489 3077 728 3147 cipium,
763 3056 926 3146 quod
948 3073 1087 3130 nihil
1125 3074 1270 3129 aliud
1305 3081 1390 3130 est
1425 3083 1644 3144 praeter
1679 3073 1778 3128 Dei
1816 3073 2084 3140 Verbum,

487 3169 543 3224 in
568 3173 682 3240 quo
707 3176 764 3224 et
799 3166 942 3224 facta
977 3175 1064 3222 est
1098 3174 1155 3221 et
1190 3165 1712 3222 incommutabiliter
1745 3164 1995 3221 subsistit
2031 3172 2087 3220 et

2187 1951 2436 2024 Gregorii
2482 1950 2705 2024 Nyssaei
2757 1968 3046 2024 possumus
3091 1953 3412 2024 approbare.
3441 1953 3535 2008 Ait
3558 1953 3709 2008 enim
3743 1952 3794 2006 in

2188 2041 2426 2112 capitulo
2452 2041 2714 2097 vicesimo
2749 2051 2802 2096 et
2827 2043 2867 2073 ¹²
2896 2043 3126 2113 septimo
3148 2043 3213 2098 de
3260 2043 3520 2112 lmagine,
3550 2051 3795 2096 tractans

2189 2138 2254 2192 de
2274 2138 2699 2194 resurrectione:
2723 2137 2844 2193 Non
2859 2151 2930 2195 est
2948 2139 3269 2204 incredibile,
3289 2137 3517 2206 inquit“
3536 2177 3552 2204 ,
3573 2153 3636 2190 ex
3650 2154 3796 2190 com-

2188 2231 2430 2284 munione
2455 2239 2706 2300 quattuor
2733 2230 3051 2302 generalium
3092 2229 3462 2285 elementorum
3505 2227 3702 2282 mundi
3729 2227 3796 2280 ad

2185 2321 2456 2390 proprium
2486 2329 2681 2375 statum
2715 2330 2937 2375 naturae
2964 2321 3026 2375 de
3059 2336 3271 2390 corpore
3299 2317 3584 2386 occultoet
3615 2317 3797 2370 incor-

2188 2412 2443 2483 ruptibili,
2473 2413 2612 2482 quod
2650 2423 2878 2484 resurget
2910 2411 2976 2479 ¹³,
3013 2411 3402 2475 resolutionem,
3440 2410 3543 2463 hoc
3573 2417 3677 2475 est,
3713 2424 3796 2461 re-

2188 2509 2358 2562 ditum
2400 2511 2782 2581 resurgentium
2829 2525 3105 2580 corporum
3149 2509 3285 2577 ﬁeri.
3339 2507 3465 2562 Non
3508 2509 3652 2562 enim
3707 2524 3800 2575 per

2187 2600 2385 2666 omnia,
2418 2601 2556 2672 quod
2587 2610 2823 2655 nostrum
2859 2608 2958 2669 est,
2997 2601 3053 2654 in
3073 2601 3227 2671 ﬂuxu
3253 2608 3301 2655 et
3337 2601 3796 2654 transmutatione

2187 2701 2281 2745 est.
2333 2689 2390 2745 Si
2439 2693 2578 2746 enim
2623 2701 2774 2757 esset,
2814 2690 3213 2763 reprehensibile
3242 2690 3286 2722 ¹⁸
3311 2691 3689 2744 universaliter
3708 2689 3802 2757 ﬁs-

2188 2793 2284 2850 ret,
2313 2785 2452 2855 quod
2472 2783 2675 2839 nullum
2706 2795 2901 2840 statum
2945 2802 3009 2841 ea:
3057 2794 3247 2840 natura
3291 2783 3486 2849 habet;
3513 2784 3603 2838 sed
3627 2783 3800 2852 juxta

2188 2874 2511 2930 subtiliorem
2539 2877 2794 2933 rationem
2822 2893 3025 2945 eorum,
3051 2893 3186 2948 quae
3207 2878 3262 2930 in
3283 2877 3429 2930 nobis
3454 2883 3597 2940 sunt,
3629 2893 3801 2946 quae-

2189 2969 2312 3022 dam
2333 2971 2542 3042 quidem
2569 2981 2730 3038 stant,
2763 2971 3023 3042 quaedam
3051 2987 3169 3026 vero
3190 2986 3254 3026 ea:
3281 2969 3641 3024 mutabilitate
3674 2987 3800 3038 pro-

2189 3063 2418 3116 veniunt.
2461 3061 2704 3118 Mutatur
2733 3064 2872 3119 enim
2907 3080 3000 3135 per
3033 3072 3369 3136 augmentum
3400 3060 3445 3094 ¹⁸
3469 3073 3518 3116 et
3554 3062 3801 3115 diminu-

2191 3151 2383 3206 tionem
2411 3169 2620 3222 corpus,
2652 3152 2809 3209 veluti
2839 3154 3141 3207 uestimenta
3167 3152 3445 3223 quaedam,
3474 3168 3799 3221 consequen-

484 3260 651 3325 vivit,
703 3272 1049 3314 reversurum
1099 3272 1221 3313 esse
1269 3257 1651 3312 incunctanter
1691 3257 1979 3312 credamus
2031 3254 2085 3322 ³,

2195 3252 2270 3300 tes
2311 3254 2504 3300 aetates
2536 3246 2801 3301 indutum.
2831 3244 2946 3300 Stat
2983 3263 3101 3301 vero
3129 3262 3222 3316 per
3251 3261 3454 3300 omnem
3485 3248 3794 3299 conversio-

489 3350 920 3421 certissimisque
978 3363 1163 3404 rerum
1231 3349 1794 3420 argumentationibus
1849 3349 2087 3406 roborati

487 3443 855 3512 intelligamus
880 3443 940 3496 *ἲ
973 3441 1038 3497 Si
1061 3442 1206 3496 enim
1236 3443 1476 3498 omnium
1520 3458 1731 3510 rerum,
1760 3459 1899 3513 quae
1921 3452 2084 3510 sunt,

487 3541 542 3588 ct
585 3548 726 3603 quae
768 3547 876 3586 non
926 3540 1087 3598 sunt,
1144 3546 1334 3588 earum
1378 3532 1534 3598 dico,
1576 3548 1718 3603 quae
1767 3531 2090 3604 corporeis'

488 3627 742 3684 sensibus
790 3625 1067 3696 animique
1105 3624 1660 3695 contemplationibus
1692 3625 2086 3692 succumbunt,

487 3732 806 3795 carumque,
833 3732 973 3788 quae
993 3717 1082 3772 et“
1105 3715 1412 3788 corporales
1424 3731 1618 3774 sensus
1631 3718 1937 3788 mentisque
1959 3733 2089 3773 con-

493 3814 685 3868 tuitum
711 3827 840 3882 prae
861 3811 1026 3866 nimia
1049 3827 1180 3868 suae
1206 3805 1541 3868 substantiae
1573 3819 1630 3868 et
1657 3811 1679 3844 '
1709 3812 2005 3868 subtilitate
2033 3819 2090 3867 et

493 3904 778 3961 altitudine
823 3903 1069 3975 fugiunt,
1113 3904 1256 3959 Deus
1296 3903 1621 3975 principium
1660 3912 1771 3970 est,
1816 3912 1870 3959 et
1909 3904 2087 3974 ipsum

491 4003 784 4068 appetunt,
815 4001 870 4050 et
894 3994 1166 4066 appetitus
1192 4009 1382 4050 earum
1409 3994 1558 4050 nulla
1587 3995 1828 4062 ratione,
1861 4011 1930 4052 ne
1961 3995 2087 4050 illuc

493 4089 808 4160 perveniat,
841 4088 1160 4159 prohibetur
1187 4107 1200 4143 :
1233 4087 1363 4160 quid
1395 4089 1624 4155 mirum,
1653 4088 1700 4144 si
1725 4089 1812 4160 .de
1847 4088 2086 4143 humana

490 4189 722 4247 natura,
755 4195 894 4251 quae
935 4179 1246 4250 specialiter
1291 4180 1359 4234 ad
1406 4180 1697 4254 imaginem
1741 4188 1797 4236 et
1837 4179 2088 4234 similitu-

495 4271 676 4327 dinem
718 4272 880 4328 unius
921 4280 977 4326 et
1015 4272 1320 4328 communis
1367 4273 1611 4328 omnium
1657 4271 1912 4343 principii
1943 4271 2087 4328 facta

491 4375 577 4422 est
595 4406 610 4432 ,
639 4375 706 4421 et’
721 4367 982 4422 credatur
1012 4375 1066 4422 et
1095 4366 1449 4437 intelligatur,
1478 4367 1622 4438 quod
1652 4367 1777 4422 illuc
1804 4381 2087 4422 reversura

489 4457 594 4523 sit,
623 4457 762 4512 unde
796 4456 1040 4526 profecta
1079 4467 1193 4523 est,
1225 4459 1549 4528 praesertim
1579 4474 1700 4514 cum
1729 4475 1835 4512 non
1864 4459 1937 4513 ita
1963 4458 2086 4513 inde

486 4547 733 4620 profecta
775 4547 846 4603 sit
873 4549 917 4614 ⁸,
945 4555 1005 4602 ut
1031 4547 1253 4602 omnino
1277 4549 1601 4618 principium
1632 4549 1714 4604 sui
1743 4549 2043 4604 deseruerit
2069 4564 2082 4613 ;

490 4614 548 4693 in
588 4639 700 4708 ipso
742 4638 924 4705 enim,
957 4647 1016 4693 ut
1055 4638 1132 4692 ait
1168 4614 1490 4709 Apostolus,
1534 4638 1782 4704 vivimus,
1827 4648 1874 4693 et
1919 4655 2084 4692 move-
2117 4614 2163 4673 ί)

495 4743 638 4794 mur,
682 4734 731 4781 et
777 4743 1006 4794 sumus;
1059 4728 1153 4783 sed
1201 4728 1344 4798 quod
1379 4728 1615 4799 quadam
1651 4726 2087 4783 dissimilitudine

486 4828 713 4893 propter
741 4830 1029 4892 peccatum
1057 4821 1363 4878 decolorata
1393 4830 1508 4888 est,
1539 4821 1737 4877 dicitur
1769 4821 2084 4878 recessisse.

493 4913 810 4971 Similitudo
857 4929 1094 4986 namque
1137 4915 1268 4971 fecit
1309 4915 1616 4986 proximam
1645 4956 1660 4981 ,
1704 4914 2088 4970 dissimilitudo

490 5005 864 5077 longinquam.
897 5005 1014 5062 Non
1046 5007 1190 5063 enim
1217 5008 1494 5079 gressibus
1523 5007 1802 5078 corporis,
1833 5007 1927 5063 sed
1957 5005 2086 5061 affe-

491 5099 674 5156 ctibus
703 5100 900 5156 mentis
931 5100 1215 5172 elongatur
1243 5116 1273 5154 a
1300 5101 1440 5167 Deo,
1473 5109 1567 5156 aut
1593 5101 1642 5156 ei
1685 5101 2085 5172 appropinqua-

490 5201 604 5248 tur.
635 5177 925 5251 Loca‘lihus
968 5193 1269 5250 intervallis
1318 5193 1482 5249 solari
1520 5192 1541 5224 ’
1571 5194 1692 5250 luce
1735 5209 1844 5250 non
1882 5193 2087 5249 recedi-

491 5293 607 5356 tur,
633 5289 730 5345 sed
755 5289 843 5345 vel
870 5288 1150 5344 oculorum
1177 5287 1502 5359 privatione,
1533 5287 1617 5341 vel
1645 5288 1987 5344 conniventia
2019 5288 2084 5353 ¹⁰,

2191 3355 2306 3394 nem
2335 3341 2375 3372 "
2398 3340 2871 3395 intransmutabilis
2897 3341 2951 3394 in
2979 3357 3034 3394 se
3063 3341 3176 3411 ipsa
3198 3339 3390 3410 forma,
3425 3339 3589 3394 insitis
3622 3340 3672 3371 “
3697 3341 3796 3395 sibi

2189 3431 2346 3488 semel
2374 3448 2439 3488 ea:
2470 3441 2661 3487 natura
2691 3433 2854 3504 signis
2884 3448 2988 3486 non
3029 3431 3303 3498 desistens,
3334 3431 3424 3485 sed
3455 3432 3512 3485 in
3542 3431 3794 3485 omnibus

2189 3525 2478 3582 secundum
2523 3541 2711 3596 corpus
2757 3523 3288 3580 transmutationibus
3339 3539 3457 3576 cum
3495 3523 3608 3578 suis
3655 3522 3794 3578 notis

2188 3619 2432 3690 ingenitis
2478 3616 2522 3650 "
2565 3626 2802 3689 apparet.
2852 3614 3279 3673 Subtrahetur“
3328 3625 3500 3670 autem
3547 3631 3646 3685 per
3698 3615 3795 3669 Dei

2205 3709 2426 3764 Verbum
2471 3710 2608 3779 ipsa,
2657 3726 2792 3779 quae
2831 3725 2898 3764 ex
2925 3707 3168 3780 passione
3212 3716 3310 3774 est,
3358 3707 3611 3772 mutatio,
3655 3724 3795 3777 quae

2189 3800 2393 3873 formae
2447 3801 2816 3871 superaccidit.
2893 3800 3036 3855 Nam
3091 3799 3248 3854 veluti
3301 3800 3464 3870 {acies
3522 3801 3794 3871 quaedam

2189 3895 2388 3961 aliena,
2412 3894 2527 3965 ipsa
2556 3911 2648 3964 per
2675 3893 3033 3963 inﬁrmitatem
3069 3892 3378 3963 deformitas
3422 3893 3658 3962 formam
3697 3895 3792 3946 Δία

2187 3988 2480 4060 pre/tendit,
2506 4004 2611 4058 qua
2633 3987 2968 4057 deformitate
2995 4003 3088 4056 per
3117 3986 3215 4041 Dei
3245 3985 3472 4042 Verbum
3496 3989 3539 4018 ⁸³
3562 3989 3794 4042 circum-

2189 4079 2389 4145 ablata,
2413 4080 2547 4133 sicut
2577 4080 2632 4134 in
2683 4077 2930 4134 Naaman
2979 4078 3262 4150 Syro,fseu
3304 4080 3359 4134 in
3398 4079 3504 4135 illis
3546 4080 3791 4151 leprosis,

2190 4174 2279 4245 qui
2314 4174 2369 4228 in
2405 4172 2694 4245 Evangelia
2730 4183 3038 4241 narrantur,
3081 4175 3269 4229 iterum
3317 4173 3524 4229 occulta
3547 4175 3651 4229 sub
3673 4193 3794 4246 pas-

2188 4267 2336 4323 sione
2373 4268 2568 4339 species
2593 4285 2686 4339 per
2711 4258 2988 4324 sanitatem
3028 4267 3081 4322 in
3120 4269 3230 4321 suis
3267 4268 3568 4322 nationibus
3597 4268 3794 4324 reluce-

2191 4361 2283 4415 bit.
2311 4360 2486 4433 Igitur
2524 4362 2579 4416 in
2617 4361 2969 4432 deiformitate
2998 4362 3045 4392 ²²
3076 4361 3285 4416 animae
3333 4377 3436 4416 non
3479 4362 3673 4432 ﬂuxile
3703 4381 3792 4432 per

2189 4452 2593 4507 mutabilitatem
2639 4462 2686 4506 et
2730 4453 3132 4508 transmutabile
3178 4461 3253 4508 est
3279 4455 3350 4520 ⁸³,
3383 4453 3474 4507 sed
3503 4455 3651 4524 quod
3677 4473 3792 4525 pero

2190 4553 2388 4609 manet,
2437 4543 2780 4616 similiterque
2807 4545 2862 4600 in
2887 4555 3066 4602 nostra
3108 4547 3436 4601 concretione
3471 4546 3657 4615 habet,
3695 4548 3790 4602 hoc

2191 4636 2407 4691 insitum
2433 4646 2531 4690 est.
2564 4637 2968 4705 Animadverte,
3000 4653 3161 4709 quam
3199 4637 3370 4705 clare,
3395 4654 3562 4709 quam
3600 4648 3791 4709 aperte

2189 4727 2464 4798 praefatus
2491 4727 2762 4800 Nyssaeus
2801 4730 3014 4796 astruit,
3052 4729 3198 4800 quod
3237 4745 3346 4786 non
3395 4729 3572 4786 solum
3615 4729 3789 4786 forma

2192 4820 2405 4876 animae
2421 4820 2487 4875 ad
2511 4821 2797 4892 imaginem
2817 4821 2910 4878 Dei
2933 4820 3077 4877 facta
3102 4821 3264 4888 est“,
3291 4837 3482 4878 verum
3504 4823 3678 4880 etiam
3697 4841 3790 4879 na-

2193 4915 2382 4972 turalis
2410 4915 2584 4973 forma
2609 4918 2876 4989 corporis,
2908 4934 3047 4988 quae
3085 4919 3376 4989 imaginem
3406 4921 3628 4977 animae
3667 4921 3787 4977 imi-

2195 5016 2363 5074 tatur,
2396 5024 2611 5079 semper
2638 5009 3067 5080 incorruptibilis
3089 5021 3145 5067 et
3174 5012 3640 5070 incommutabilis
3667 5030 3788 5084 per-

2194 5110 2448 5157 maneat:
2476 5103 2734 5174 quicquid
2763 5117 2895 5159 vero
2929 5102 3167 5159 naturali
3195 5105 3413 5175 corpori
3452 5119 3523 5160 ex
3559 5121 3790 5164 concre-

2196 5194 2432 5251 tionibus
2476 5194 2887 5264 elementorum,
2925 5205 2981 5252 et
3010 5197 3224 5252 animae
3263 5212 3330 5253 ex
3369 5197 3626 5254 sordibus
3654 5199 3790 5254 irra-

2196 5285 2535 5342 tionabilium
2579 5297 2822 5344 motuum
2869 5289 3273 5360 superadditum
3314 5295 3421 5356 est,
3458 5289 3516 5345 in
3557 5289 3708 5346 ﬂuxu
3734 5300 3787 5345 et

1793 5401 2049 5458 VARIAE
2087 5402 2488 5488 LECTlONES.

565 5501 584 5533 ¹
613 5499 706 5555 Sic
732 5497 798 5565 A;
830 5495 874 5553 C
900 5496 1017 5552 rad.
1047 5512 1190 5553 corr.
1219 5497 1321 5551 ista
1346 5512 1365 5561 ,°
1395 5495 1436 5550 F
1463 5496 1619 5567 istac.
1690 5497 1710 5526 ²
1737 5494 1828 5550 Sic
1855 5493 1974 5561 CF;
2000 5497 2043 5549 A
2064 5496 2225 5567 Nam.
2303 5498 2323 5528 ³
2355 5498 2447 5552 Sic
2474 5495 2582 5563 (2F;
2613 5498 2659 5553 A
2686 5499 2968 5554 credimus.
3045 5497 3068 5529 ⁸
3091 5496 3183 5554 Sic
3200 5496 3306 5562 CF;
3335 5496 3380 5551 A
3417 5497 3782 5567 intelligimus.

474 5571 517 5642 λ’
548 5571 639 5626 Sic
671 5569 779 5635 CF;
811 5568 1123 5642 Acorporis.
1199 5568 1222 5600 ‘
1247 5577 1294 5622 et
1321 5582 1427 5642 om.
1460 5567 1525 5619 A.
1653 5574 1708 5642 et
1737 5582 1853 5642 ora;
1876 5567 1941 5642 ΑΓ

491 5641 845 5707 coniuitione,
874 5638 916 5695 C
969 5655 1113 5694 corr.
1169 5639 1502 5694 contuitione.

484 5784 920 5851 'gmentationem.

499 5849 875 5907 Subtraliatur.
951 5852 992 5882 ¹¹
1026 5851 1067 5902 A
1093 5866 1182 5919 per
1208 5849 1412 5902 verbum
1439 5849 1550 5903 Dei.

1601 5566 1620 5597 ⁷
1653 5574 1702 5618 et
1737 5582 1842 5619 om.
1876 5567 1941 5620 A.
2019 5567 2040 5595 ⁸
2079 5566 2168 5622 Sic
2195 5568 2301 5634 CF;
2332 5569 2370 5621 A
2403 5569 2642 5637 profecta
2671 5580 2764 5624 est.
2840 5572 2861 5603 '
2890 5568 2937 5624 A
2965 5585 3000 5622 a
3036 5569 3198 5624 solari
3234 5569 3370 5623 lucc.
3447 5568 3492 5599 ‘°
3523 5566 3616 5624 Sic
3641 5568 3708 5626 A;
3743 5568 3785 5622 F

1582 5635 1621 5665 “
1655 5636 1746 5690 Sic
1771 5635 1875 5694 CF;
1906 5637 1951 5690 Α
1983 5637 2038 5691 in
2069 5639 2199 5694 suis.
2277 5641 2320 5670 “
2359 5641 2449 5694 Sic
2476 5639 2551 5694 F:
2584 5649 2631 5694 et
2661 5657 2770 5694 om.
2797 5641 2874 5694 A:
2899 5639 2940 5694 C
2972 5639 3022 5693 in
3053 5657 3171 5694 can.
3215 5655 3284 5693 xx
3307 5649 3354 5693 ct
3376 5643 3430 5694 in
3463 5656 3554 5692 vn.
3635 5638 3678 5669 "
3702 5639 3785 5692 in-

491 5641 845 5707 coniuitione,
874 5641 916 5695 C
969 5655 1113 5694 corr.
1169 5641 1502 5694 contuitione.
1582 5641 1621 5665 "
1655 5641 1746 5690 Sic
1771 5641 1875 5703 CF;
1906 5641 1951 5690 A
1983 5641 2038 5691 in
2069 5641 2199 5694 suis.
2277 5641 2320 5670 ¹²
2359 5641 2449 5695 Sic
2476 5641 2551 5706 F;
2584 5649 2631 5696 et
2661 5657 2770 5696 om.
2797 5641 2874 5706 A;
2899 5641 2940 5694 C
2972 5641 3022 5693 in
3053 5657 3171 5710 cap.
3215 5655 3284 5693 xx
3307 5643 3430 5706 etin
3463 5656 3554 5692 vn.

491 5715 605 5783 quit
657 5727 766 5768 om.
798 5713 865 5766 A.
942 5708 986 5741 ¹⁶
1009 5710 1074 5783 de
1100 5726 1312 5783 corpore
1342 5708 1634 5783 occulto—‘-
1656 5718 1883 5783 resurget
1912 5722 2022 5783 om.
2189 5781 2197 5783 _
2239 5711 2281 5741 ιδ
2309 5710 2400 5766 Sic
2446 5709 2566 5775 CF;
2591 5711 3194 5783 AAincomprehensibilc.
3273 5709 3316 5742 ¹⁶
3341 5709 3544 5783 δίραθ

1023 5781 1064 5812 ¹¹¹
1094 5780 1184 5834 Sic
1205 5779 1323 5842 CF;
1359 5779 1402 5832 A
1433 5778 1764 5832 eversionem.
1843 5777 1886 5807 ’⁸
1917 5778 2008 5833 Sic
2037 5778 2144 5844 CF;
2174 5781 2215 5834 A
2247 5783 2297 5835 in
2329 5784 2457 5836 suis.

1026 5851 1067 5902 A
1093 5866 1182 5912 per
1208 5849 1412 5902 verbum
1439 5849 1550 5903 Dei.
1625 5850 1671 5880 "
1700 5849 1740 5903 C
1765 5859 1818 5904 ct
1855 5865 1996 5905 corr.
2039 5849 2080 5904 F
2106 5852 2453 5912 deformitate.

3273 5643 3430 5706 Latin
3463 5656 3554 5692 \‘ll.
3635 5638 3678 5669 "
3702 5639 3786 5692 in-

3273 5709 3316 5742 "
3341 5709 3433 5765 Sic
3460 5709 3577 5776 CF;
3609 5711 3652 5763 A
3689 5727 3786 5762 au-

2558 5783 2600 5814 ¹⁹
2631 5781 2720 5836 Sic
2751 5782 2867 5848 CF;
2907 5782 3242 5853 Aingenuis.
3291 5852 3300 5853 ί
3347 5782 3394 5812 ²⁰
3423 5781 3516 5838 Sic
3573 5781 3696 5845 CF;
3735 5784 3776 5833 Α

2529 5855 2573 5885 ’³
2597 5867 2668 5908 cs:
2692 5870 2779 5909 om
2807 5854 2867 5908 Α.
2945 5850 2992 5883 ’⁸
3017 5850 3091 5909 est
3122 5869 3230 5910 om.
3263 5852 3325 5909 F.
