4028 6282
333 419 437 477 875

1153 413 1238 467 DE
1279 411 1615 469 DIVISIO-NE
1652 411 2001 468 NATURAE.
2043 441 2113 454 —
2151 409 2351 466 LIBER
2391 407 2716 478 QUINTUS.

3485 409 3592 467 επ

332 523 676 595 corruptione
707 537 921 593 semper
969 533 1071 579 est.
1118 524 1184 579 Et
1233 526 1356 592 hoc,
1412 533 1470 579 ut
1514 526 1589 580 ait
1628 524 1762 595 ipse,
1813 523 1912 579 sub
1941 529 1990 585 Α
2018 529 2236 576 nostrae
2274 530 2502 578 naturae
2525 522 2846 579 characters
2873 535 3109 593 gessere,
3140 538 3279 595 quae
3309 540 3342 581 a
3369 539 3466 582 suo
3487 526 3592 582 Re-

333 624 501 693 ligura
541 619 781 674 Naaman
832 620 978 692 Syri,
1013 630 1067 676 et
1097 621 1310 676 illorum
1341 621 1551 688 decem,
1575 637 1712 692 quos
1740 622 1910 677 Evan-

329 719 525 787 gelium
576 724 833 785 purgatos
871 729 901 768 a
941 715 1168 770 Domino
1216 715 1383 772 fuisse
1433 725 1640 781 narrat,
1689 714 1912 786 pulchre

331 807 651 862 insinuatur.
697 806 793 861 Ille
832 822 1063 878 namque
1105 807 1293 879 Syrus,
1325 807 1534 878 ipsique
1572 809 1779 872 decem,
1812 806 1912 860 hu-

330 915 544 954 manam
599 897 828 970 eﬂigiem
877 916 984 954 non
1028 899 1401 969 perdiderant,
1446 901 1537 956 sed
1575 899 1910 955 solummodo

330 1001 538 1046 tumore
581 999 634 1047 et
675 993 1008 1063 turpitudine
1056 994 1236 1063 leprae
1279 993 1520 1064 percussi
1571 1002 1627 1048 et
1668 993 1909 1063 cooperti

330 1095 474 1150 sunt,
506 1095 565 1140 ut
594 1101 690 1156 per
711 1087 814 1142 hoc
836 1086 1222 1158 intelligamus,
1255 1097 1502 1141 naturam
1530 1095 1772 1142 nostram
1801 1101 1908 1141 non

329 1195 447 1235 esse
475 1179 738 1251 perditam
774 1179 858 1235 vel
895 1188 1176 1246 mutatam,
1225 1181 1318 1235 sed
1360 1180 1614 1235 vitiorum
1657 1178 1910 1234 deformi-

330 1282 439 1327 tate
479 1271 866 1327 decoloratam.
915 1271 982 1326 Et
1028 1271 1172 1336 vide,
1226 1278 1488 1342 quantum
1535 1271 1910 1325 incunctanter

328 1367 442 1436 ipse
473 1365 644 1438 Syrus
672 1365 940 1420 humanae
970 1373 1197 1418 naturae
1230 1364 1455 1435 gesserit
1486 1363 1730 1433 ﬁguram.
1765 1359 1905 1414 Naa-

329 1475 451 1512 ntan
497 1458 695 1528 quippe
737 1458 957 1512 decorus
996 1459 1407 1528 interpretatur,
1452 1455 1606 1528 Syria
1637 1471 1767 1511 vero
1791 1472 1908 1510 cae-

263 1599 274 1604 -
326 1549 534 1602 Icstium
555 1548 942 1618 contemplatio.
981 1547 1234 1618 Nunquid
1261 1557 1315 1603 et
1341 1548 1420 1604 sic
1446 1549 1682 1603 humana
1714 1557 1906 1602 natura

327 1638 499 1704 ﬁeret,
546 1639 590 1693 si
641 1654 746 1693 non
788 1639 1130 1709 superbiret?
1178 1638 1379 1695 Decora
1419 1640 1562 1694 enim
1602 1649 1656 1694 et
1691 1639 1758 1694 ad
1784 1655 1907 1696 cae-

323 1730 538 1785 lestium
568 1731 1077 1803 contemplationem
1121 1733 1337 1788 condita
1370 1743 1474 1799 est,
1515 1735 1609 1790 sed
1632 1734 1905 1804 praevari-

325 1822 556 1877 cationis
586 1838 748 1878 causa
783 1823 801 1854 ¹
837 1823 984 1894 lepra
1023 1836 1108 1880 est
1135 1840 1412 1895 percussa.
1464 1825 1534 1881 At
1574 1827 1905 1882 descendens

2017 606 2293 684 demptore
2327 616 2602 686 redempta
2632 626 2738 682 est,
2768 625 2823 670 et
2847 619 3087 686 quotidie
3116 618 3169 673 in
3198 619 3424 690 singulis
3453 620 3596 677 redi-

2016 705 2198 770 mitur,
2230 707 2360 762 etin
2391 709 2856 763 consummatione
2897 711 3083 766 mundi
3120 711 3497 769 universaliter
3538 714 3592 768 in

2014 799 2265 854 omnibus
2285 808 2341 854 et
2362 800 2657 856 redimetur
2678 811 2734 855 et
2757 801 3108 859 liberabitur?
3129 803 3372 860 Humana
3397 805 3595 877 quippe

2015 899 2206 947 natura
2243 892 2468 948 denaria
2513 894 2820 963 quantitate
2872 894 3008 951 solet
3051 895 3383 968 signiﬁcari:
3415 898 3595 952 anima

2013 999 2245 1056 namque
2275 995 2331 1041 et
2350 1001 2579 1057 corpore
2599 997 2850 1044 constare
2879 988 3098 1044 dubium
3125 1005 3230 1044 non
3257 999 3358 1046 est.
3385 991 3596 1060 Corpus

2011 1091 2191 1138 autem
2243 1084 2493 1153 quinario
2541 1101 2768 1141 numero
2809 1085 2991 1156 pollet,
3048 1093 3307 1155 quattuor
3345 1086 3596 1142 videlicet
3631 1107 3647 1116 -

2010 1173 2296 1228 elementis
2329 1175 2719 1244 corporalibus,
2763 1183 2818 1230 et
2869 1175 3064 1240 forma,
3094 1191 3234 1246 quae
3263 1176 3352 1230 illa
3381 1191 3598 1247 compo-

2009 1267 2091 1322 nit
2123 1267 2390 1323 elemcnta
2436 1278 2493 1323 et
2540 1268 2846 1324 formiﬁcat.
2885 1269 3079 1324 Anima
3103 1286 3319 1341 quoque
3347 1271 3596 1340 quinario

2010 1375 2238 1414 numero
2283 1375 2389 1414 non
2437 1360 2699 1416 dissonat.
2749 1359 3010 1416 Subsistit
3036 1376 3271 1432 namque
3299 1361 3591 1425 intellectu,

2009 1461 2066 1508 et
2106 1454 2336 1519 ratione,
2387 1462 2443 1508 et
2483 1453 2680 1524 duplici
2724 1469 2908 1518 sensu,
2965 1453 3207 1510 interiori
3254 1455 3497 1524 profecto
3542 1464 3599 1509 et

2009 1546 2287 1611 exteriori,
2319 1546 2574 1616 vitalique
2601 1556 2772 1611 motu,
2799 1561 2908 1617 quo
2937 1561 3134 1618 corpus
3161 1546 3593 1601 administratur.

2007 1637 2295 1692 Denariam
2337 1639 2569 1693 hominis
2615 1638 2969 1708 quantitatem
3027 1637 3216 1702 habes,
3273 1647 3334 1693 ut
3382 1637 3595 1708 opinor,

2009 1744 2148 1799 quae
2178 1729 2474 1785 conditoris
2517 1739 2571 1785 et
2612 1730 2990 1800 Redemptoris
3030 1729 3113 1785 sui
3154 1731 3326 1801 gratia
3353 1731 3419 1786 de
3448 1731 3594 1785 onmi

2010 1821 2356 1891 superaddita
2410 1822 2512 1877 sibi
2564 1822 2783 1877 miseria
2830 1821 2998 1877 veluti
3047 1821 3114 1876 de
3167 1823 3398 1891 quadam
3447 1821 3595 1892 lepra

324 1913 376 1968 in
415 1912 671 1968 Judaeam
712 1912 977 1980 Naaman,
1010 1915 1330 1987 rediensque
1359 1915 1554 1970 iterum
1583 1916 1635 1972 in
1667 1916 1902 1988 Syriam,
1934 1897 1981 1958 Β
2009 1914 2346 1982 liberabitur,
2397 1923 2452 1970 et
2492 1915 2546 1970 in
2591 1931 2759 1970 unum
2804 1915 3097 1986 redigetur,
3143 1925 3203 1970 ut
3237 1930 3344 1970 non
3371 1915 3594 1971 denaria

318 2005 543 2078 jubente
563 2007 822 2078 propheta
849 2007 1079 2074 Elisaeo,
1111 2007 1164 2062 in
1191 2006 1424 2064 Jordane
1453 2007 1672 2062 flumine
1699 2008 1903 2076 lepram

322 2101 592 2172 deposuit,
621 2100 866 2171 cutisque
889 2101 1134 2172 corporis
1156 2101 1323 2171 ipsius
1349 2109 1607 2156 renovata
1630 2111 1732 2157 est.
1765 2100 1901 2159 Num

319 2201 373 2246 et
421 2201 605 2247 nostra
645 2199 860 2260 natura,
911 2193 1034 2247 dum
1073 2193 1386 2266 languorem
1423 2209 1577 2248 suum
1610 2194 1904 2264 turpitudi-

320 2296 553 2352 nemque
599 2297 820 2338 suorum
866 2284 1120 2339 vitiorum
1166 2285 1562 2356 recognoverit,
1602 2285 1655 2339 in
1686 2286 1898 2340 confes-

319 2375 526 2430 sionem
559 2375 811 2430 miseriae
850 2391 980 2431 suae
1026 2377 1318 2432 descendet
1341 2384 1364 2415 ³
1388 2420 1403 2443 ,
1447 2379 1610 2449 inque
1637 2394 1694 2433 se
1727 2377 1897 2447 ipsam

319 2478 602 2519 rcversura
620 2466 903 2536 purgabitu
913 2467 961 2520 r?
979 2466 1043 2520 Et
1058 2468 1178 2536 quis
1198 2481 1316 2521 eam
1334 2469 1616 2540 purgabit?
1631 2468 1893 2533 Elisaens,

318 2555 410 2608 Dei
453 2554 703 2612 videlicet
751 2558 1008 2626 salvator,
1040 2558 1125 2613 vel
1157 2560 1250 2614 Dei
1293 2559 1456 2616 salus.
1498 2560 1685 2618 Nonne
1713 2573 1900 2618 noster

318 2645 563 2702 Elisaeus
586 2657 670 2704 est
696 2649 788 2704 Dei
811 2650 1046 2705 Verbum
1076 2652 1335 2707 Dominus
1356 2663 1540 2709 noster
1558 2653 1715 2711 Jesus
1741 2655 1896 2712 Chri-

315 2732 468 2806 stus,
500 2742 589 2811 qui
629 2751 713 2798 est
739 2742 835 2798 Dei
877 2743 1114 2798 salvator
1135 2755 1184 2799 et
1214 2746 1304 2800 Dei
1336 2745 1514 2802 salus?
1540 2748 1594 2803 ln
1625 2750 1897 2804 redeundo

315 2834 369 2888 in
403 2833 619 2905 Syriam
661 2844 902 2891 nostram
931 2837 1161 2892 salvabit
1188 2847 1460 2903 naturam,
1493 2841 1596 2896 hoc
1625 2851 1726 2907 est,
1770 2843 1895 2897 dum

311 2926 380 2980 ad
407 2927 694 3001 pristinum
731 2936 949 2993 statum,
1000 2929 1054 2982 in
1106 2929 1614 3000 contemplationem
1645 2931 1898 2987 videlicet

312 3018 726 3089 intelligibilinm
758 3019 1039 3087 virtutum,
1068 3023 1266 3091 reverti
1296 3038 1393 3076 nos
1425 3022 1666 3091 jusserit.
1707 3023 1773 3078 Et
1802 3024 1894 3079 ubi

310 3111 564 3183 purgabit
608 3113 685 3167 '?
736 3113 793 3168 ln
841 3113 1076 3171 lordane
1115 3134 1130 3169 :
1175 3115 1330 3186 cujus
1383 3117 1756 3188 interpretatio
1811 3127 1894 3174 est

308 3204 588 3260 descensus
614 3204 847 3272 Domini,
872 3205 956 3260 vel
984 3207 1264 3262 descensus
1287 3209 1500 3279 judicii,
1530 3209 1612 3265 vel
1638 3211 1889 3279 potentia,

2006 2005 2306 2076 quantitas,
2358 2006 2452 2062 sed
2498 2006 2645 2062 solus
2686 2006 2990 2062 intellectus
3042 2006 3301 2079 simplicis
3349 2007 3596 2062 veritatis

2003 2115 2137 2170 pura
2169 2100 2625 2170 contemplatione
2663 2101 2846 2156 unitus
2871 2108 3174 2157 remaneat.
3203 2099 3359 2168 Quod
3385 2099 3592 2171 signiti-

2003 2191 2115 2246 cari
2152 2192 2389 2247 arbitror
2414 2208 2508 2262 per
2530 2193 2705 2262 ipsum
2732 2192 3026 2262 leprosum,
3067 2193 3158 2262 qui
3205 2191 3354 2248 solus
3384 2191 3450 2246 ad
3486 2193 3595 2247 Do-

2001 2283 2206 2337 minum
2249 2298 2500 2338 reversus
2547 2292 2648 2347 est,
2696 2283 2924 2352 gloriam
2970 2284 3078 2339 Deo
3124 2285 3190 2340 de
3236 2299 3332 2339 sua
3364 2283 3593 2338 munda-

2003 2374 2147 2430 tione
2187 2359 2456 2440 referens,
2486 2391 2552 2431 ac
2582 2375 2747 2432 veluti
2777 2375 3079 2448 alienigena
3108 2377 3174 2433 de
3197 2377 3590 2448 longinquitate

2005 2465 2470 2522 dissimilitudinis
2511 2467 2745 2531 rediens,
2787 2466 3064 2522 liberatori
3101 2475 3158 2522 et
3185 2470 3461 2538 purgatori
3492 2483 3592 2524 suo

1999 2561 2340 2617 adhaeserat.
2357 2561 2535 2616 Ceteri
2557 2570 2738 2617 autem
2764 2577 2958 2617 novem
2978 2576 3083 2617 non
3099 2562 3212 2632 jam
3228 2563 3427 2632 reperti
3441 2571 3588 2618 sunt.

1998 2653 2129 2708 Tota
2171 2654 2436 2723 siquidem
2483 2655 2718 2710 humana
2749 2663 2940 2710 natura
2967 2655 3022 2709 in
3053 2655 3228 2710 solum
3259 2655 3587 2712 intellectum

1996 2745 2337 2811 refundetur,
2377 2755 2438 2800 ut
2468 2747 2542 2802 nil
2573 2748 2626 2802 in
2657 2762 2718 2802 ea
2754 2755 3051 2814 remaneat,
3081 2756 3298 2817 praeter
3319 2747 3468 2802 illum
3495 2762 3584 2803 so-

1996 2837 2108 2892 lum
2158 2838 2510 2905 intellectum,
2556 2855 2664 2910 quo
2707 2839 3024 2896 Creatorem
3060 2854 3219 2896 suum
3251 2840 3586 2912 contempla-

1994 2929 2046 2985 bi
2058 2939 2161 2984 tur.

2068 3020 2120 3074 7.
2162 3019 2269 3076 Sed
2323 3030 2610 3092 antequam
2648 3023 2717 3078 de
2765 3024 3087 3095 purgatione
3123 3032 3350 3080 naturae
3393 3025 3585 3080 huma-

1996 3126 2119 3178 nae,
2166 3113 2340 3182 deque
2385 3113 2710 3170 adunatione
2751 3114 2918 3186 ipsius
2963 3115 3176 3172 sibimet
3220 3124 3276 3172 et
3316 3116 3585 3173 conditori

1996 3218 2113 3270 suo,
2171 3205 2238 3259 ad
2287 3203 2440 3274 cujus
2488 3205 2776 3276 imaginem
2815 3206 2954 3265 facta
2993 3217 3097 3273 est,
3149 3216 3468 3273 tractemus,
3515 3209 3583 3265 de

306 3293 392 3348 vel
423 3303 562 3349 terra
602 3306 852 3364 extrema,
904 3297 992 3352 vel
1037 3299 1272 3354 ascensio
1320 3316 1521 3354 eorum.
1568 3300 1634 3354 Et
1678 3303 1892 3370 quando
1919 3273 1964 3337 (ἶ
1997 3295 2114 3366 ipso
2144 3297 2319 3352 reditu
2347 3297 2614 3366 quaedam
2656 3297 2882 3354 dicenda
2921 3314 3044 3356 esse
3069 3312 3174 3355 non
3219 3299 3576 3370 incongruum

306 3385 580 3441 credimus
609 3395 663 3442 et
693 3402 975 3458 speramus
1025 3391 1253 3446 salutem
1304 3401 1358 3447 et
1396 3393 1626 3448 reditum
1666 3403 1891 3450 naturae

306 3478 571 3535 nostrae‘
604 3480 659 3534 in
706 3480 918 3552 Syriam
962 3483 1210 3538 caelestis
1257 3485 1743 3556 contemplationis,
1784 3489 1886 3543 nisi

305 3573 524 3642 quando
553 3575 844 3630 descendet
882 3575 1143 3632 Dominus
1165 3577 1218 3632 in
1243 3577 1412 3648 gloria
1452 3595 1569 3645 sua,
1600 3579 1887 3634 descendet

304 3665 374 3719 ad
394 3663 659 3733 judicium
691 3666 937 3723 vivorum
973 3677 1029 3724 et
1059 3677 1420 3735 mortuorum,
1451 3685 1604 3724 suam
1635 3671 1656 3702 ⁵
1696 3680 1889 3742 poten-

301 3755 439 3810 tiam
493 3756 939 3812 manifestatnrus
972 3759 1024 3812 in
1057 3768 1198 3813 terra
1246 3768 1509 3824 extrema,
1557 3761 1661 3815 hoc
1708 3771 1792 3816 est
1829 3761 1884 3816 in

299 3848 410 3902 line
454 3849 662 3915 mundi,
711 3850 927 3920 quando
969 3849 1176 3905 caelum
1207 3858 1261 3906 et
1300 3859 1446 3906 terra
1482 3851 1786 3906 transibunt
1827 3851 1880 3906 in

297 3941 615 3996 ascensione
639 3957 852 4010 eorum,
877 3943 980 4000 hoc
1003 3953 1106 4010 est,
1131 3945 1183 3999 in
1205 3944 1530 4001 exaltatione
1557 3945 1878 4001 Sanctorum

298 4033 354 4088 in
385 4043 659 4089 aeternam
709 4036 1119 4102 beatitudinem,
1174 4037 1259 4092 vel
1309 4047 1455 4094 certe
1501 4039 1552 4092 in
1606 4039 1877 4094 communi

294 4129 544 4182 omnium
593 4130 1032 4185 resurrectione?
1067 4130 1342 4201 Siquidem
1385 4133 1710 4187 resurrectio
1731 4148 1879 4187 com-

295 4220 477 4274 munis
515 4203 753 4275 omnium
804 4223 1048 4277 ascensio
1091 4233 1268 4278 estex
1299 4231 1472 4278 morte
1499 4223 1552 4277 in
1580 4223 1768 4288 vitam,
1809 4239 1876 4279 ex

294 4310 516 4364 animali
564 4326 792 4382 corpore
831 4321 886 4367 et
926 4313 1261 4385 corruptibili
1306 4315 1358 4369 in
1403 4314 1683 4386 spirituale
1709 4323 1763 4369 et
1795 4316 1878 4370 iu-

293 4403 665 4474 corruptibile.
700 4404 832 4460 Tota
865 4414 1043 4460 autem
1083 4406 1231 4477 lepra
1268 4407 1536 4463 humanae
1569 4417 1792 4462 naturae
1821 4418 1876 4463 et

290 4497 572 4565 corruptio
631 4498 1046 4569 exaggerabitur
1101 4508 1156 4553 et
1202 4509 1545 4556 convertetur
1593 4501 1646 4556 in
1698 4501 1870 4558 Giezi.

289 4584 444 4639 Giezi
485 4585 874 4658 interpretatur
910 4588 1086 4642 videns
1113 4587 1318 4656 vallem,
1367 4591 1450 4646 vel
1479 4591 1717 4646 discissio
1739 4607 1770 4644 a
1796 4593 1873 4646 vi-

287 4677 466 4742 sione;
501 4679 676 4750 typice
699 4679 968 4735 diabolum
997 4681 1329 4754 signiﬁcans,
1370 4683 1484 4753 qui,
1520 4684 1646 4739 dum
1672 4685 1745 4739 sit
1773 4700 1869 4740 ne-

285 4784 451 4839 quam
500 4769 802 4828 Salvatoris
843 4775 1011 4829 nostri
1049 4790 1252 4839 servus,
1296 4776 1413 4830 sine
1442 4777 1594 4847 cujus
1615 4777 1876 4848 jussioni-

283 4858 389 4912 bus
417 4869 507 4914 aut
535 4863 980 4931 permissionibus
1005 4864 1242 4920 malitiae
1277 4881 1406 4920 suae
1435 4867 1868 4922 machinamenta

284 4966 394 5006 non
436 4953 633 5009 sinitur
670 4970 948 5028 peragere,
999 4971 1212 5027 semper
1249 4958 1300 5012 in
1340 4956 1661 5027 profundum
1691 4960 1868 5030 perdi-

284 5045 450 5100 tionis
477 5054 841 5119 aeternaeque
876 5049 1067 5104 mortis
1094 5064 1199 5104 non
1233 5050 1428 5105 desinit
1455 5051 1781 5122 prospicere,
1812 5061 1868 5108 et

283 5152 353 5192 ex
383 5137 632 5194 veritatis
677 5140 1128 5212 contemplatione
1175 5142 1368 5197 merito
1414 5159 1543 5198 suae
1583 5145 1863 5215 superbiae

283 5229 488 5288 divisus
517 5232 812 5291 discedere.
855 5233 1025 5304 Lepra
1066 5235 1247 5306 itaque
1285 5244 1491 5302 nostra,
1522 5252 1658 5307 quae
1695 5237 1863 5293 livore

280 5320 451 5394 ipsius
501 5323 734 5381 invidiae
780 5327 1066 5398 imaginem
1114 5327 1206 5382 Dei
1253 5329 1750 5394 coutaminaverat,
1805 5329 1860 5384 in

279 5415 454 5484 ipsum
495 5416 786 5488 redigetur,
826 5418 950 5488 quia
983 5418 1166 5475 dolore
1205 5419 1394 5476 salutis
1419 5429 1476 5475 et
1502 5421 1858 5477 restauratio-

281 5506 369 5561 nis
421 5517 633 5564 nostrae
685 5507 1030 5580 superfusus,
1091 5526 1261 5581 poena
1307 5509 1425 5579 ejus
1474 5511 1856 5567 cumulabitur.

277 5597 419 5667 Quid
448 5601 622 5658 dicam
645 5603 714 5660 de
732 5602 920 5660 demam
947 5601 1207 5674 leprosis?
1241 5602 1378 5659 Num
1404 5615 1461 5661 et
1487 5604 1587 5676 ipsi
1619 5603 1859 5673 ejusdem

1994 3389 2265 3445 existimo.
2295 3388 2409 3445 Nisi
2442 3391 2585 3445 enim
2635 3389 2759 3460 quis
2807 3391 2959 3462 prius
2995 3391 3265 3456 edisserit,
3316 3405 3577 3461 quorsum

1993 3480 2209 3545 cecidit,
2235 3487 2290 3534 et
2320 3479 2463 3534 unde
2488 3479 2678 3550 incipit
2718 3480 2925 3536 reditus
2953 3490 3199 3548 naturae,
3241 3491 3298 3538 et
3323 3497 3420 3552 per
3443 3497 3580 3552 quos

1991 3573 2190 3642 gradus
2219 3573 2481 3639 ascendit,
2513 3582 2568 3628 et
2605 3573 2735 3644 quid
2767 3575 2992 3645 appetit,
3027 3586 3084 3630 et
3122 3575 3176 3630 in
3217 3591 3326 3646 quo
3354 3575 3576 3644 desinit,

1986 3680 2092 3720 non
2144 3665 2320 3732 facile,
2344 3667 2489 3737 quod
2515 3668 2732 3733 astruit,
2767 3668 3037 3724 suadebit.
3068 3670 3214 3726 Dtsc.
3247 3669 3332 3725 Nil
3361 3670 3564 3736 verius,

1987 3765 2045 3810 ut
2073 3755 2325 3811 arbitror.
2356 3755 2488 3823 Quis
2517 3757 2660 3812 enim
2693 3766 2918 3815 naturae
2966 3758 3196 3814 reditum
3247 3758 3402 3815 facile
3448 3777 3578 3816 suav

1984 3846 2138 3911 serit,
2186 3846 2232 3900 si
2278 3862 2384 3902 non
2433 3855 2578 3913 ante,
2607 3863 2714 3917 quo
2745 3847 2960 3916 cecidit,
2989 3855 3042 3904 et
3067 3864 3172 3919 quo
3205 3857 3259 3904 et
3299 3850 3568 3918 quomodo

1981 3953 2264 3995 reversura
2304 3940 2395 4006 sit,
2439 3941 2603 3996 certis
2633 3941 3064 3996 ratiocinationis
3089 3943 3572 4012 argumentationi-

1980 4029 2082 4087 bus
2110 4032 2131 4062 ⁶
2174 4031 2526 4102 approbarit?
2558 4032 2698 4088 MAG.
2730 4033 2880 4088 Unde
2907 4034 3125 4099 cecidit,
3157 4043 3212 4088 et
3238 4048 3347 4104 quo
3379 4049 3568 4105 perve-

1980 4125 2080 4188 nit,
2136 4123 2263 4178 nulli
2323 4124 2558 4179 ﬁdelium
2610 4126 2940 4196 incognitum
2995 4135 3098 4192 est,
3148 4126 3435 4182 Psalmista
3479 4127 3562 4183 di-

1979 4222 2172 4270 cente:
2224 4212 2418 4280 Homo,
2459 4231 2578 4269 eum
2606 4215 2663 4270 in
2701 4217 2898 4270 honore
2933 4225 3088 4282 esset,
3133 4233 3238 4272 non
3283 4217 3562 4286 intellexit,

1977 4315 2309 4376 comparatus
2339 4317 2412 4362 est
2445 4308 2701 4378 jumentis
2741 4308 3132 4379 insipientibus,
3169 4320 3218 4366 et
3246 4311 3432 4366 similis
3479 4314 3564 4382 fa-

1976 4411 2089 4455 ctus
2110 4410 2182 4454 est
2209 4400 2332 4455 illis.
2365 4400 2616 4457 Deseruit
2663 4402 2848 4471 itaque
2884 4403 3142 4459 honorem
3185 4403 3398 4460 divinae
3424 4405 3566 4460 ima--

1976 4494 2139 4565 ginis,
2175 4495 2598 4565 caelestiumque
2644 4495 2908 4551 virtutum
2958 4496 3320 4566 aequalitatis,
3364 4496 3561 4553 cecidit

1979 4597 2157 4641 autem
2203 4587 2257 4641 in
2299 4586 2706 4643 similitudinem
2737 4588 3190 4645 irrationabilium
3221 4589 3554 4646 animalium.

1978 4679 2231 4734 Terrenis
2257 4694 2492 4750 namque
2517 4679 2921 4751 cupiditatibus,
2963 4680 3377 4752 carnalibusque
3419 4682 3560 4737 desi-

1974 4771 2142 4826 deriis
2185 4771 2511 4841 opprimitur
2556 4780 2772 4838 natura,
2815 4787 2955 4843 quae
2984 4771 3052 4828 ad
3095 4773 3349 4830 caelestia
3395 4789 3558 4846 appe-

1971 4863 2130 4917 tenda
2159 4870 2215 4918 et
2247 4861 2516 4933 diligenda
2567 4863 2889 4920 naturaliter
2911 4873 2998 4921 est
3035 4865 3292 4930 condita;
3344 4865 3558 4920 irratio-

1970 4953 2134 5009 nabili
2169 4962 2318 5009 motu
2345 4954 2599 5021 volvitur,
2628 4971 2768 5026 quae
2810 4957 3022 5014 ratione
3051 4956 3158 5013 frui
3201 4957 3552 5028 comparaba-

1970 5052 2078 5099 tur.
2110 5042 2226 5098 Non
2269 5043 2414 5098 enim
2446 5053 2530 5100 est
2564 5045 2806 5102 bestialis
2833 5055 3030 5114 motus,
3059 5047 3150 5116 qui
3201 5060 3308 5101 non
3351 5045 3404 5099 in
3449 5045 3546 5100 ho-

1971 5136 2137 5201 mine,
2169 5144 2457 5206 postquam
2509 5137 2768 5206 peccavit,
2817 5135 2938 5193 non'
2962 5135 3426 5208 deprehendatur;
3467 5145 3546 5203 et,

1969 5236 2027 5283 ut
2056 5237 2203 5282 certa
2235 5227 2394 5283 docet
2419 5227 2580 5296 ratio,
2607 5227 3016 5299 reprehenditur
3047 5229 3100 5283 in
3137 5228 3376 5295 homine,
3401 5228 3544 5298 quod

1967 5317 2217 5374 laudatur
2246 5319 2301 5373 in
2339 5318 2536 5374 bestia.
2590 5319 2813 5388 Quare?
2847 5319 2981 5386 Quia
3019 5320 3072 5375 in
3111 5319 3282 5376 bestia
3322 5319 3539 5374 irratio-

1967 5414 2162 5470 nabilis
2189 5421 2366 5468 motus
2406 5413 2726 5468 naturaliter
2761 5413 3022 5478 subsistit,
3067 5413 3121 5468 in
3166 5413 3385 5468 homine
3412 5429 3542 5468 vero

1965 5515 2156 5563 contra
2201 5514 2472 5560 naturam.
2519 5502 2785 5574 Quicquid
2834 5512 3011 5558 autem
3056 5503 3347 5560 secundum
3381 5512 3535 5558 natu-

1967 5618 2083 5657 ram
2117 5600 2337 5656 insitum
2369 5606 2475 5664 est,
2521 5597 2720 5654 bonum
2751 5605 2867 5664 est;
2905 5599 3161 5671 quicquid
3185 5614 3314 5654 vero
3351 5607 3539 5655 contra

1554 5719 1808 5776 VARIAE
1845 5719 2244 5776 LECTIONES.

356 5814 372 5844 ¹
401 5830 560 5870 causa
581 5831 689 5873 om.
718 5817 824 5873 CF.
921 5816 942 5847 ²
974 5815 1067 5872 Sic
1106 5816 1226 5882 CF;
1285 5816 1330 5870 Α
1355 5815 1691 5872 descendens.

274 5896 452 5942 suam.
527 5885 551 5919 ⁸
587 5886 671 5943 CF
710 5888 1372 5960 argumentationibusque.

1795 5814 1816 5846 ³
1843 5813 1936 5870 Sic
1987 5813 2104 5882 CF;
2148 5816 2189 5869 A
2225 5815 2550 5885 purgabitur.

2649 5809 2671 5842 ⁸
2693 5812 2737 5865 Λ
2761 5819 2970 5866 nostrae
3003 5820 3242 5866 naturae.
3344 5809 3378 5884 ⁸,
3415 5805 3458 5863 Α
3487 5818 3537 5863 et
