4028 6282
445 340 549 393 873i

1867 336 2149 393 JOANNIS
2188 336 2384 397 SCOTI

3592 342 3712 400 876

444 466 691 514 naturam
750 458 1154 528 superadditum
1198 466 1321 523 est,-
1395 457 1645 530 quamvis
1710 456 1761 512 in
1811 454 2018 511 bestiali
2052 459 2097 516 Α
2126 464 2173 509 et
2196 456 2395 526 peccati
2417 454 2826 523 abolitionem",
2845 468 2893 511 et
2914 457 3167 524 omnium,
3190 467 3244 512 ut
3274 463 3724 532 comprehenderis

447 550 747 607 substantia
794 551 995 607 bonum
1033 552 1124 617 sit,
1160 551 1367 607 homini
1411 561 1589 606 tamen
1642 547 2028 607 inconveniens

444 651 500 697 et
528 640 784 697 alienum.
826 640 936 697 Nec
958 641 1177 698 aliunde
1205 644 1472 699 humanae
1497 650 1722 699 naturae
1742 638 2028 695 irrationa-

443 732 578 790 biles
604 740 784 802 motus
828 740 1283 804 supervenerunt,
1317 734 1417 791 nisi
1463 748 1530 789 ex
1577 733 1877 788 bestiarum
1906 728 2030 784 sub-

444 825 683 882 stantiali
712 826 939 896 impetu,
965 827 1165 898 quibus
1187 828 1460 897 peccando
1501 825 1694 884 similis
1739 823 1881 880 facta
1920 830 2034 889 est.

443 917 598 987 Quod
638 920 801 975 etiam
853 920 996 975 idem
1044 918 1341 990 Gregorius
1383 919 1654 991 Nyssaeus
1698 925 1926 973 testatur
1974 915 2033 982 in

402 1036 419 1045 -
443 1011 680 1080 capitulo
714 1012 926 1069 decimo
945 1021 1137 1068 octavo
1163 1013 1229 1069 de
1260 1013 1497 1084 imagine
1540 1012 1558 1043 ¹
1584 1053 1605 1077 ,
1667 1011 1852 1066 dicens
1880 1025 1895 1064 :
1929 1007 2030 1061 Ar-

443 1103 609 1158 bitror
631 1121 697 1158 ea:
724 1107 821 1158 hac
854 1105 1129 1175 principio,
1171 1103 1515 1159 similitudine
1543 1102 1775 1156 videlicet
1815 1098 2035 1165 irrotio-,

445 1196 701 1253 nobilium
766 1197 1151 1263 animantium,
1212 1199 1369 1254 etiam
1428 1197 1663 1267 singulos
1726 1195 2031 1265 passiones,

445 1289 604 1345 veluti
651 1306 717 1345 ea:
763 1289 902 1360 fonte
950 1290 1178 1360 quodam
1201 1290 1595 1345 inundationem
1624 1289 1665 1352 ³,
1702 1288 1757 1341 in
1799 1287 2033 1339 humana

440 1383 549 1436 vita
578 1384 839 1439 conditas.
882 1382 1038 1439 Hanc
1080 1393 1256 1439 autem
1285 1383 1541 1439 rationem
1567 1382 1842 1451 conﬁrmat
1871 1380 1892 1411 ³
1918 1379 2033 1449 ipsa

444 1475 751 1542 passionum
798 1477 1060 1546 cognatio,
1096 1472 1387 1547 aequaliter
1430 1486 1476 1531 et
1513 1476 1572 1530 in
1601 1474 1769 1539 nobis,
1804 1482 1853 1527 et
1896 1471 2033 1525 irra-

443 1566 777 1623 tiouabilibus
800 1569 1135 1638 mani/citato
1147 1568 1191 1623 δ.
1217 1570 1340 1626 Νοη
1352 1571 1489 1625 enim
1508 1568 1712 1638 justum
1736 1574 1832 1630 est,
1850 1565 1905 1617 in
1934 1562 2034 1616 hu-

442 1672 599 1710 mana
628 1667 819 1713 natura
842 1659 947 1714 'ad
972 1662 1205 1719 divinam
1232 1663 1450 1733 speciem
1476 1660 1700 1730 formata
1723 1657 1744 1689 ⁸
1773 1653 2034 1727 possibilia

441 1750 661 1819 affectus
680 1752 948 1821 perhibere
972 1755 994 1786 "
1012 1756 1291 1825 principia.
1315 1755 1454 1811 Nam
1479 1768 1580 1808 non
1593 1750 1878 1807 secundum
1892 1746 2037 1817 furo-

2126 547 2317 613 dicom,
2366 547 2625 603 malorum
2676 556 2973 606 terminum.
3019 549 3171 606 Finis
3215 551 3396 623 itaque
3452 569 3725 624 praesen-

2131 639 2197 694 tis
2223 639 2363 694 vitae
2389 634 2598 697 initium
2643 649 2728 717 est
2758 640 2989 705 futurae,
3028 650 3083 699 et
3110 644 3258 699 mers
3298 645 3483 700 carnis
3530 647 3725 716 auspio

2127 732 2270 788 cium
2313 743 2539 790 naturae
2567 735 2947 801 restitutionis,
2990 745 3045 793 et
3085 737 3138 792 in
3180 738 3461 809 antiquam
3507 739 3727 796 incola-

2128 824 2373 881 mitatem
2414 827 2639 883 reditus.

2197 916 2249 970 8.
2294 916 2478 974 Primo
2507 919 2669 992 igitur
2706 920 2976 976 humanae
3025 931 3253 978 naturae
3306 925 3554 981 reversio
3605 934 3725 993 est,

2129 1012 2343 1082 quando
2367 1027 2563 1085 corpus
2593 1013 2839 1080 solvitur,
2857 1024 2911 1071 et
2939 1016 2993 1072 in
3019 1025 3270 1086 quattuor
3290 1018 3563 1074 elementa
3589 1036 3727 1075 sen-

2132 1103 2304 1163 sibilis
2328 1104 2535 1170 mundi,
2560 1120 2628 1162 ex
2648 1106 2844 1179 quibus
2867 1111 3225 1179 compositum
3254 1118 3366 1176 est,
3399 1121 3725 1168 revocatur.

2134 1191 2378 1249 Secunda
2402 1195 2457 1251 in
2500 1200 2899 1254 resurrectione
2933 1199 3267 1271 implebitur,
3298 1204 3517 1275 quando
3554 1222 3730 1260 unus-

2131 1288 2360 1359 quisque
2380 1303 2538 1345 suum
2560 1292 2836 1361 proprium
2861 1308 3057 1363 corpus
3072 1308 3139 1348 ex
3160 1295 3546 1352 communione
3566 1307 3733 1366 quat-

2134 1386 2256 1434 tuor
2278 1379 2667 1438 elementorum
2692 1383 2933 1455 recipiet.
2964 1384 3162 1451 Tcrtia,
3183 1389 3395 1457 quando
3422 1404 3625 1459 corpus
3674 1391 3729 1443 in

2133 1470 2384 1543 spiritum
2430 1473 2745 1528 mutabitur.
2798 1476 3021 1541 Quarta,
3043 1478 3257 1546 quando
3288 1478 3535 1548 spiritus,
3561 1488 3642 1542 et,
3670 1486 3735 1532 ut

2134 1563 2372 1633 apertius
2394 1564 2592 1630 dicam,
2626 1574 2737 1621 tota
2766 1566 3001 1621 hominis
3027 1576 3219 1622 natura
3258 1569 3312 1623 in
3341 1570 3737 1640 primordialcs

2136 1670 2329 1712 causas
2362 1667 2685 1725 revertetur,
2717 1674 2857 1729 quae
2878 1669 3005 1716 sunt
3031 1675 3246 1731 semper
3274 1672 3330 1718 et
3360 1662 3736 1718 incommuta-

2135 1746 2315 1807 biiiter
2341 1750 2395 1804 in
2426 1750 2559 1806 Deo.
2593 1749 2813 1823 Quinta,
2839 1753 3056 1823 quando
3080 1753 3197 1825 ipsa
3225 1763 3420 1811 natura
3449 1771 3577 1823 cum
3614 1756 3736 1811 suis

442 1856 549 1897 rem
567 1844 769 1914 estipsa
784 1824 1093 1902 hominisad
1119 1824 1278 1902 Deum
1302 1844 1613 1913 similitudo,
1637 1858 1798 1910 neque
1811 1856 1875 1895 ea:
1889 1838 2032 1900 volu-
2064 1824 2106 1885 Β
2136 1840 2315 1895 causis
2344 1841 2650 1915 movebitur
2693 1842 2747 1896 in
2797 1842 2959 1899 Deum
2979 1885 2995 1910 ,
3042 1845 3181 1899 sicut
3225 1862 3322 1901 aer
3372 1857 3626 1902 movetur
3672 1850 3732 1901 in

437 1938 581 2004 ptate
593 1937 707 2008 ipsa
720 1940 1108 2010 supereminens
1125 1949 1318 1997 natura
1336 1941 1616 2011 formatur.
1636 1936 1890 1991 Formido
1904 1949 2030 2005 quo.

438 2038 558 2098 que,
583 2037 631 2083 et
645 2029 914 2099 ferocitas,
934 2041 982 2087 et
1005 2032 1074 2086 ad
1099 2032 1175 2098 id,
1199 2032 1340 2104 quod
1362 2032 1479 2102 plus
1498 2039 1594 2096 est,
1619 2028 1957 2094 desiderium,
1982 2034 2029 2079 et

442 2120 513 2173 ad
558 2120 636 2187 id,
672 2123 810 2192 quod
841 2123 1015 2179 minus
1055 2134 1152 2189 est,
1174 2125 1373 2189 odium,
1416 2133 1464 2178 et
1510 2124 1687 2177 omnia
1728 2117 2031 2190 hujusmodi

443 2215 874 2287 longe'divinoe
900 2218 1306 2288 pulchritudinis
1352 2220 1652 2273 charactere
1698 2224 1841 2270 sunt.
1887 2211 2035 2267 Haec

440 2307 616 2380 itaque
653 2314 719 2366 ea:
746 2310 1098 2366 irrationabili
1130 2319 1278 2382 parte
1315 2312 1547 2365 humana
1596 2320 1786 2363 natura
1842 2306 1910 2360 ad
1948 2321 2034 2359 se-

441 2401 619 2471 ipsum
653 2402 897 2457 attraxit.
930 2400 999 2456 In
1032 2402 1219 2474 quibus
1262 2402 1400 2457 enim
1430 2398 1807 2455 irrotionabilis
1836 2397 1938 2454 vita
1963 2396 2032 2453 ad

445 2495 1069 2552 conservationemsuam
1106 2496 1310 2550 munita
1334 2505 1429 2560 est,
1476 2494 1604 2548 haec
1636 2494 1704 2546 ad
1746 2494 2035 2547 humanam

450 2586 611 2641 vitam
660 2585 954 2652 translata,
1000 2588 1267 2658 passiones
1306 2587 1477 2657 factae
1506 2595 1650 2641 sunt.
1681 2583 1739 2640 in
1776 2585 1873 2639 hos
1926 2582 2031 2636 ita-

448 2696 554 2752 que
582 2680 981 2738 irrationabiles
1021 2689 1222 2747 motus,
1266 2680 1355 2751 qui
1393 2677 1602 2736 bestiali
1640 2679 1781 2735 vitae
1808 2688 2033 2735 natura-

448 2772 593 2840 liter,
629 2774 902 2830 lumnae
947 2788 1078 2830 vero
1117 2773 1448 2846 passibiliter
1495 2773 1697 2836 insunt,
1758 2773 2033 2829 hominem

451 2863 712 2921 cecidisse
744 2864 921 2920 nullus
943 2864 1244 2935 sapientum
1276 2863 1519 2933 ambigit,
1550 2871 1604 2918 et
1633 2878 1700 2917 ex
1728 2863 1815 2918 his
1837 2862 2032 2917 iterum

449 2957 508 3012 in
550 2965 777 3012 mortem
802 2958 1047 3029 corporis
1074 2967 1129 3013 et
1155 2958 1510 3031 solutionem
1562 2959 1786 3013 corruit.
1851 2956 2036 3027 Neque

452 3050 598 3105 enim
619 3050 739 3120 plus
764 3050 1059 3107 inieriu'sve
1081 3053 1277 3109 ruere'
1320 3050 1512 3120 potuit.
1547 3049 1827 3120 Siquidem
1858 3050 1913 3104 in
1944 3064 2035 3106 nae

453 3154 572 3201 tura
602 3161 785 3203 rerum
827 3145 960 3200 nihil
998 3145 1224 3201 inferius
1257 3154 1344 3200 est
1382 3146 1509 3209 vita,
1536 3146 1765 3210 ratione,
1791 3152 1847 3199 et
1873 3158 2033 3200 sensu

455 3246 710 3301 carente;
740 3236 984 3292 intimum
1011 3246 1192 3293 autem
1231 3238 1472 3292 omnium
1517 3251 1715 3306 corpus
1758 3238 2029 3306 currupti-

457 3329 589 3394 bile,
619 3329 875 3399 quoniam
906 3328 973 3383 ad
1002 3328 1227 3395 nihilum
1272 3328 1449 3403 redire
1490 3328 1635 3383 nulla
1668 3336 1862 3383 natura
1905 3328 2036 3383 sini-

459 3429 567 3486 tur,
597 3427 653 3474 et
676 3419 766 3474 ubi
814 3420 1004 3483 ruinae
1040 3433 1169 3475 suae
1200 3419 1361 3474 tinem
1412 3419 1613 3489 posuit,
1672 3418 1795 3473 inde
1841 3418 2036 3473 iterum

458 3511 641 3568 redire
665 3511 961 3569 inchoavit.
986 3511 1140 3567 Finis
1175 3519 1356 3577 autem
1391 3513 1585 3569 ruinae
1611 3510 1811 3567 solutio
1845 3525 2038 3579 corpo-

460 3603 536 3659 ris
578 3611 682 3658 est.
710 3601 791 3657 Ex
817 3602 1089 3659 solutione
1124 3603 1309 3674 itaque
1347 3603 1593 3674 corporis
1636 3604 1845 3661 reditus
1881 3612 2039 3662 natu-

456 3709 551 3752 rae
578 3693 975 3766 proficiscitur;
1015 3711 1080 3753 ac
1114 3711 1211 3767 per
1252 3696 1354 3752 hoc
1401 3697 1522 3767 plus
1568 3697 1821 3754 utilitatis
1847 3698 2039 3753 huma-

457 3800 561 3843 nae
588 3797 818 3845 naturae
856 3789 1086 3847 contulit
1124 3802 1273 3845 mors
1305 3790 1507 3854 carnis,
1555 3804 1717 3860 quam
1747 3790 2038 3858 vindictae,

454 3876 704 3949 quamvis
734 3892 908 3952 poena
930 3882 1138 3952 peccati
1172 3881 1338 3937 fuisse
1376 3882 1661 3939 aestimata
1704 3884 1808 3951 sit;
1840 3884 1895 3939 in
1920 3892 2041 3939 lana

456 3981 570 4026 tum
581 4012 595 4039 ,
609 3974 861 4029 utcarnis
873 3973 1090 4042 solutio,
1102 3988 1243 4047 quae
1258 3975 1450 4031 mortis
1469 3977 1686 4032 nomine
1697 3977 1839 4034 solet
1851 3977 2039 4049 appel-

451 4066 569 4129 lari,
590 4063 963 4124 rationabilius
979 4082 1125 4124 mors
1141 4071 1329 4126 mortis
1341 4070 1574 4137 dicatur,
1592 4082 1751 4142 quam
1766 4085 1912 4127 mors
1926 4085 2043 4127 cara

452 4159 557 4215 nis.
576 4157 631 4216 Si
646 4154 795 4217 enim
813 4162 1044 4217 humana
1060 4161 1234 4217 vitain
1252 4162 1354 4218 hac
1367 4164 1699 4232 corruptibili
1726 4177 1887 4220 carne
1901 4172 2045 4220 recte

457 4271 487 4310 a
510 4256 847 4328 sapientibus
883 4268 1029 4313 mors
1051 4258 1340 4322 vocitatur,
1371 4270 1475 4326 qua
1497 4259 1705 4313 ratione
1735 4258 1856 4313 linis
1878 4258 2045 4330 ipsius

458 4348 602 4402 vitae
622 4350 816 4404 mortis
831 4350 1092 4404 vocabulo
1106 4351 1488 4415 censeretur“,
1505 4353 1629 4405 dum
1648 4352 1767 4422 plus
1789 4353 1856 4407 de
1871 4359 2046 4408 morte

460 4432 675 4502 liberat,
735 4446 898 4507 quam
948 4449 1177 4492 mortem
1236 4440 1593 4497 morientibus
1648 4442 1857 4496 infert?
1910 4443 2048 4501 Hinc

2132 1930 2328 1986 lucem.
2358 1931 2475 1986 Erit
2502 1933 2646 1988 enim
2680 1933 2821 1988 Deus
2857 1935 3038 1990 omnia
3084 1934 3138 1989 in
3179 1922 3453 2017 omnibus,
3505 1937 3733 2007 quando

2132 2021 2264 2099 nihil
2293 2021 2398 2077 erit
2429 2022 2535 2078 nisi
2585 2022 2732 2079 solus
2791 2023 2952 2078 Deus.
3002 2023 3109 2080 Nec
3160 2040 3256 2095 per
3308 2016 3410 2080 inde
3458 2024 3732 2081 conamur

2134 2116 2768 2181 astruere,substantiam
2789 2132 2968 2173 rerum
2990 2118 3304 2188 perituram,
3323 2100 3416 2174 sed
3443 2115 3496 2174 in
3531 2108 3733 2175 melius

2133 2222 2229 2277 per
2272 2208 2471 2279 gradus
2521 2208 2826 2279 praedictos
2875 2210 3189 2267 redituram.
3239 2198 3520 2280 Quomodo
3576 2212 3732 2267 enim

2134 2308 2314 2371 potest
2339 2301 2519 2371 perire
2537 2342 2551 2367 ,
2578 2302 2721 2371 quod
2762 2302 2814 2357 in
2843 2302 3034 2358 melius
3055 2305 3316 2375 probatur
3340 2305 3557 2360 redire?
3608 2304 3734 2359 hiu-

2139 2393 2271 2447 tatio
2301 2392 2482 2465 itaque
2507 2394 2774 2449 humanae
2798 2404 3023 2452 naturae
3044 2397 3100 2451 iu
3134 2397 3300 2451 Deum
3330 2413 3434 2454 non
3468 2398 3735 2453 substan-

2139 2490 2244 2545 tiae
2272 2490 2523 2545 interitns
2545 2489 2589 2520 ”
2610 2490 2945 2547 aestimanda
2968 2500 3070 2556 est,
3099 2495 3193 2549 sed
3221 2492 3272 2548 in
3297 2492 3584 2563 pristinum
3606 2503 3730 2548 sta-

2140 2590 2271 2648 tum,
2295 2597 2455 2653 quem
2478 2584 2899 2652 praevaricando
2920 2585 3246 2657 perdiderat,
3274 2585 3537 2641 mirabilis
3563 2595 3739 2657 atque

2140 2674 2422 2733 inell‘abilis
2446 2679 2704 2733 reversio.
2752 2678 2809 2734 Si
2840 2679 2984 2735 enim
3011 2694 3187 2744 omne,
3206 2680 3362 2753 quod
3399 2695 3535 2749 pure
3565 2679 3738 2734 intel-

2138 2769 2274 2841 ligit,
2303 2767 2533 2824 edicitur
2555 2785 2719 2826 unum
2751 2787 2875 2826 cum
2922 2786 3008 2840 eo,
3034 2755 3178 2843 quod
3222 2772 3560 2843 intelligitur,
3590 2772 3739 2842 quid

2139 2863 2361 2928 mirum,
2392 2862 2435 2918 si
2464 2870 2650 2918 nostra
2678 2872 2890 2927 natura,
2919 2863 3135 2933 quando
3168 2864 3335 2919 Deum
3366 2863 3507 2918 facie
3538 2862 3603 2917 ad
3640 2862 3736 2916 fa-

2140 2953 2278 3008 ciem
2310 2953 2739 3025 contemplatura
2772 2953 2844 3008 sit
2879 2951 2948 3019 ¹⁸,
2993 2954 3045 3009 in
3093 2954 3198 3020 his,
3231 2955 3323 3026 qui
3374 2955 3520 3026 digiti
3574 2964 3738 3019 sunt,

2140 3052 2399 3117 quantum
2444 3044 2495 3101 ei
2543 3045 2700 3100 datur
2724 3043 3098 3115 contemplari,
3128 3046 3180 3100 in
3228 3046 3456 3101 nubibus
3485 3046 3743 3101 tlieoriae

2143 3152 2461 3205 ascensura,
2489 3153 2654 3192 unum
2683 3153 2805 3194 cum
2836 3137 2951 3207 ipso
3001 3145 3054 3192 et
3098 3136 3154 3192 in
3198 3137 3313 3209 ipso
3359 3124 3473 3191 lieri
3522 3137 3744 3207 possit?

2143 3232 2254 3288 Nec
2302 3232 2405 3288 hoc
2446 3232 2693 3299 dicimus,
2748 3230 2962 3287 illorum
3008 3244 3226 3287 sensum
3276 3229 3598 3292 refellcntcs,
3636 3231 3741 3299 qui

2140 3328 2346 3393 dicunt,
2375 3324 2577 3381 nullum
2606 3339 2804 3395 corpus
2852 3338 3010 3393 posse
3057 3321 3101 3353 ¹⁶
3157 3323 3349 3377 mutari
3403 3322 3454 3376 in
3520 3321 3736 3385 vitam,

2141 3433 2316 3488 neque
2348 3417 2508 3473 ullam
2530 3417 2697 3472 vitam
2720 3414 2918 3470 mutari
2943 3416 2995 3471 in
3019 3430 3238 3484 corpus,
3260 3414 3575 3491 praesertim
3600 3430 3734 3469 cum

2140 3520 2357 3570 sanctus
2384 3511 2545 3568 Pater
2571 3511 2904 3581 Augustinus
2933 3511 3035 3566 hoc
3057 3509 3252 3567 docere
3278 3510 3318 3542 ³⁷
3345 3511 3607 3575 videatur,
3637 3512 3739 3567 sed

2138 3607 2286 3675 quod
2316 3607 2369 3661 in
2402 3606 2505 3660 bac
2536 3603 2901 3675 disputatione
2929 3603 2996 3659 de
3034 3611 3257 3658 naturae
3304 3602 3476 3658 reditu
3522 3600 3740 3672 Grego-

2142 3700 2283 3757 rium
2335 3698 2612 3767 sequimur
2662 3695 2991 3767 Theologum
3016 3734 3031 3761 ,
3079 3694 3305 3767 ejusque
3363 3694 3738 3765 expositorem

2143 3790 2456 3855 Maximum,
2490 3802 2590 3844 nec
2616 3803 2723 3844 non
2745 3795 2800 3843 et
2821 3796 3064 3843 sanctum
3094 3787 3438 3844 Ambrosium
3466 3787 3523 3841 in
3546 3788 3743 3857 expia-

2144 3884 2361 3941 natione
2386 3882 2659 3954 Evangelii
2683 3882 2978 3938 secundum
3008 3880 3241 3946 Lucam;
3294 3895 3468 3950 neque
3497 3879 3741 3950 cuipiam

2144 3979 2431 4037 suademus
2459 3976 2700 4042 credere,
2721 3976 2863 4046 quod
2894 3975 2941 4031 ei
2966 3974 3281 4030 incredibile
3306 3973 3539 4028 videtur.
3573 3972 3743 4027 Prae-

2145 4072 2413 4128 dictorum
2442 4084 2674 4140 namque
2704 4067 3031 4123 reversionis
3066 4075 3289 4123 naturae
3319 4065 3586 4136 graduum
3617 4066 3744 4135 qui-

2147 4167 2267 4222 dam
2292 4171 2438 4230 sunt,
2464 4163 2516 4219 in
2544 4162 2739 4233 quibus
2771 4160 3140 4231 theologorum
3184 4159 3403 4215 traditio
3444 4159 3743 4213 universa-

2146 4257 2273 4313 liter
2297 4255 2590 4321 consentit,
2617 4254 2858 4325 quidam,
2884 4254 2935 4308 in
2969 4253 3165 4322 quibus
3190 4252 3410 4306 omnino
3439 4251 3741 4320 discrepat.

2148 4347 2284 4403 Nam
2312 4346 2379 4403 de
2402 4345 2576 4401 reditu
2602 4344 2846 4414 corporis
2871 4344 2923 4398 in
2954 4342 3237 4406 elementa.
3259 4358 3323 4397 ex
3345 4342 3545 4412 quibm
3567 4343 3744 4407 venit,

2151 4438 2323 4505 deque
2386 4435 2554 4505 ipsius
2615 4432 3031 4490 resurrectionis
3098 4442 3337 4502 tempore
3388 4431 3439 4483 in
3494 4432 3743 4501 seipsnm

457 4533 650 4585 beatus
724 4530 990 4585 Maximus
1038 4532 1089 4586 in
1140 4533 1399 4588 vicesimo
1447 4543 1640 4589 octavo
1693 4534 1928 4603 capitulo
1978 4539 2042 4595 de
2070 4573 2122 4635 Β
2154 4545 2396 4594 recursu,
2423 4529 2599 4585 nullus
2621 4528 2863 4584 dissonat
2883 4527 2951 4583 ab
2977 4526 3166 4583 altero.
3193 4527 3268 4581 De
3301 4526 3531 4581 transitu
3585 4542 3744 4591 vero,

458 4625 739 4695 Ambiguis
783 4643 796 4679 :
850 4620 1065 4691 Finem,
1114 4628 1324 4697 inquit,
1371 4631 1659 4698 praesentis
1698 4631 1860 4700 hujus
1908 4633 2043 4687 vitae

455 4717 716 4787 injustam
744 4722 844 4783 est,
886 4726 944 4772 ut
990 4718 1239 4784 arbitror,
1296 4731 1519 4775 mortem
1569 4722 1856 4787 nominare,
1889 4724 1983 4777 sed
2010 4739 2043 4777 α

459 4819 625 4864 morte
654 4807 1044 4874 alienationem,
1087 4819 1135 4864 et
1172 4824 1205 4865 a
1242 4813 1578 4882 corruptione
1614 4816 2042 4883 segregationem,

457 4910 504 4959 et
533 4921 566 4957 a
590 4904 834 4959 servitute
879 4902 1189 4969 libertatem,
1230 4915 1279 4958 et
1306 4921 1339 4957 α
1368 4906 1758 4974 perturbatione
1797 4907 2040 4977 quietem,

458 5000 504 5047 et
532 4993 784 5049 bellorum
811 4994 1099 5059 interitum,
1137 5005 1183 5048 et
1210 5010 1243 5049 α
1264 4993 1307 5027 ¹¹
1334 4996 1640 5065 confusione
1661 4999 1964 5064 transitum,
1996 5006 2044 5053 et

461 5103 493 5140 a
530 5087 751 5142 tenebris
813 5086 1059 5154 militum,
1101 5098 1149 5140 et
1202 5104 1232 5140 a
1278 5087 1546 5143 doloribus
1606 5090 1855 5160 requiem,
1897 5100 1944 5146 et
1980 5091 2043 5145 ab

459 5178 677 5251 ignobili
706 5188 895 5251 pompa
934 5178 1220 5246 silentium,
1247 5187 1298 5234 et
1331 5181 1398 5233 ab
1424 5180 1467 5211 ¹¹
1490 5180 1830 5236 instabilitate
1858 5183 2044 5249 otium,

459 5279 509 5326 et
540 5270 889 5343 turpitudinis
926 5272 1178 5338 velamen,
1225 5280 1275 5327 et
1321 5286 1354 5327 α
1382 5272 1717 5343 passionibus
1759 5274 2046 5346 refugium,

2150 4625 2201 4681 id
2224 4634 2306 4681 est
2329 4623 2782 4680 transmutatione
2798 4623 3041 4692 corporis
3065 4622 3117 4678 in
3142 4622 3401 4685 animam,
3417 4618 3500 4675 vel
3526 4621 3747 4673 animae

2142 4718 2201 4773 in
2232 4730 2445 4782 causas,
2470 4715 2553 4771 vel
2578 4715 2818 4771 omnium
2847 4715 2901 4770 in
2929 4698 3120 4779 Deum,
3143 4713 3295 4768 valde
3316 4712 3597 4767 dissimilis
3621 4728 3746 4765 seu-

2148 4812 2316 4866 tentia
2345 4818 2449 4876 est,
2472 4810 2796 4880 variumque
2825 4808 2936 4863 fere
2959 4808 3014 4863 in
3040 4807 3289 4862 omnibus
3316 4806 3535 4874 dogma.
3588 4803 3743 4858 Mulli

2147 4907 2296 4963 enim
2320 4907 2386 4962 de
2409 4905 2673 4961 solutione
2688 4903 2734 4937 ³⁸
2750 4901 3083 4959 Solutnmodo
3104 4901 3344 4973 corporis
3369 4899 3422 4953 in
3442 4898 3743 4962 elementa,

2153 5001 2326 5070 deque
2348 4999 2466 5071 ejus
2489 4997 2663 5053 reditu
2697 4994 3106 5053 resurrectionis
3154 4999 3428 5047 momento
3475 4991 3533 5044 in
3582 5006 3744 5045 suum

2151 5091 2429 5161 proprium
2456 5096 2654 5144 statum
2679 5087 2976 5157 disputant,
3002 5092 3058 5139 et
3083 5098 3257 5154 neque
3278 5083 3398 5152 plus
3438 5081 3742 5135 ascendere

2151 5185 2426 5249 videntur,
2454 5181 2706 5253 quoniam
2735 5181 2788 5236 in
2819 5179 3081 5251 qualitate
3128 5191 3418 5248 corporum
3474 5182 3599 5244 post
3656 5188 3741 5227 re-

2151 5275 2544 5331 surrectionem
2576 5270 2956 5344 disputationis
2985 5284 3117 5326 suae
3145 5268 3307 5325 linem
3356 5265 3736 5329 constituunt;

1746 5430 2003 5489 VARIAE
2033 5431 2322 5491 LECTION
2331 5432 2430 5489 ES.

532 5543 565 5615 ξ’
591 5542 659 5615 In
683 5543 914 5613 capitulo
934 5543 1339 5603 deeimooctueo
1368 5545 1435 5599 de
1456 5544 1685 5615 imagine
1712 5559 1822 5600 om.
1853 5544 1960 5601 CF.
2038 5548 2058 5579 ¹
2097 5547 2189 5603 Sic
2211 5547 2330 5615 CF;
2367 5547 2412 5603 A
2439 5548 2492 5603 in
2516 5547 2876 5609 inundatione.
2955 5544 2976 5577 ⁸
3001 5545 3278 5615 conﬁrmat
3307 5496 3417 5611 Olli:
3437 5544 3515 5615 ,Ᾱε
3568 5542 3704 5615 ᾖδε

463 5614 582 5681 CF;
614 5613 661 5669 A
694 5611 1015 5684 manifestat.
1095 5615 1117 5647 ⁸
1145 5615 1234 5671 Sic
1253 5616 1338 5672 CF
1362 5633 1377 5683 ;
1405 5616 1449 5671 Α
1487 5611 1749 5671 humonae
1778 5626 2018 5672 naturae.
2097 5619 2117 5677 ?
2143 5618 2186 5674 A
2222 5611 2325 5677 non
2350 5616 2631 5679 formatae.
2706 5620 2725 5651 ⁷
2755 5616 2847 5673 Sic
2871 5616 2989 5684 CF;
3019 5611 3297 5684 Afreferre.
3373 5615 3395 5646 “
3426 5611 3517 5668 Sic
3554 5613 3666 5677 CF;

463 5686 621 5741 lonae
665 5705 694 5740 o
726 5688 958 5741 divinae.

466 5754 512 5790 "
542 5754 626 5810 CF
658 5757 1026 5810 abolicitutem.

474 5830 513 5861 ‘7
542 5826 633 5884 Sic
661 5826 775 5893 CF;
810 5827 851 5881 Α
877 5827 1068 5882 dicere.
1149 5829 1193 5861 ¹⁸
1219 5829 1308 5885 Sic
1334 5828 1417 5887 CF
1437 5846 1451 5895 ;
1477 5830 1522 5886 Α
1552 5830 1963 5889 dissolutionem.

1068 5685 1087 5716 ⁹
1118 5687 1340 5757 SicCF;
1383 5688 1422 5741 Α
1468 5687 1688 5757 inferius
1720 5688 1904 5742 vivere.

2008 5689 2051 5721 ¹⁰
2085 5687 2177 5744 Sic
2207 5686 2325 5755 CF;
2359 5688 2404 5744 Δ
2448 5701 2700 5744 censetur.

1134 5758 1180 5790 ιδ
1213 5756 1307 5813 Sic
1331 5758 1451 5824 CF;
1482 5756 1533 5814 A7
1556 5773 1660 5813 non
1690 5759 1743 5813 in
1774 5760 2099 5817 substantiae
2128 5761 2364 5821 interitu.

3300 5686 3343 5717 ¹¹
3385 5686 3451 5740 ab
3482 5701 3591 5740 om.
3629 5684 3732 5739 CF.

3263 5757 3310 5792 “
3340 5774 3490 5830 posse
3535 5771 3643 5815 om.
3668 5756 3728 5810 Δ.

2798 5689 2839 5720 ’ί
2868 5706 2900 5742 a
2941 5703 3050 5744 om.
3091 5685 3195 5741 CF.

2466 5762 2513 5796 “
2532 5762 2578 5821 Δ
2602 5760 3028 5833 contemplatura
3065 5768 3162 5814 est.
