4028 6282
1736 309 1771 323 ν,

178 385 294 450 877

1003 390 1093 448 DE
1130 389 1474 450 DIVISIONE
1515 391 1868 453 NATURAE.
1910 426 1981 437 —
2017 396 2221 457 LIBER
2256 396 2581 466 QUINTUS.

3360 398 3473 456 878.

180 504 603 565 transiusionem
624 518 754 562 vero
782 519 1070 577 corporum
1099 507 1151 595 in
1195 506 1426 574 animas.
1457 518 1513 566 et
1558 510 1767 566 anima-
1793 513 1847 575 Α,
1870 512 1951 569 nis
1970 514 2256 573 secundum
2300 514 2426 571 bene
2465 515 2705 585 futuram
2738 518 3120 574 conversionem
3167 518 3220 573 in
3259 516 3468 590 Spiritu

180 614 304 655 rum
328 597 381 655 in
402 613 615 663 causas,
631 607 685 657 et
706 612 995 656 causarum
1025 598 1077 654 in
1112 597 1277 663 Deum
1309 601 1528 672 quidam
1556 603 1771 673 penitus

180 699 402 764 negant,
425 676 643 763 quidam
674 698 829 747 caute
866 676 1133 759 dubitant,
1165 692 1219 746 in
1262 686 1491 759 tantum,
1525 703 1582 749 ut
1607 695 1771 750 etiam

180 779 576 836 humanitatem
601 772 803 835 Christi
828 778 881 834 in
899 776 1238 836 divinitatem
1260 796 1581 838 conversam
1607 780 1774 838 fuisse

178 866 369 933 dicere
392 886 499 926 non
542 869 795 927 audeant.
845 868 914 926 Et
965 870 1221 942 quoniam
1270 862 1483 928 illorum
1539 889 1647 929 non
1692 883 1776 931 est

178 960 666 1035 praetermittenda
714 965 1034 1043 auctoritas,
1057 960 1186 1036 quid
1217 965 1285 1022 de
1329 962 1433 1022 hoc
1461 966 1699 1025 sentiant
1731 964 1772 1035 ί,

179 1057 422 1114 breviter
464 1070 895 1114 commemorare
945 1044 1224 1114 debemus.
1270 1052 1471 1116 Beatus
1523 1052 1775 1116 Aurelius

176 1150 514 1221 Augustinus
540 1150 590 1206 in
637 1142 853 1206 decimo
901 1144 1149 1206 Exemeri
1206 1151 1290 1207 sui
1330 1169 1343 1207 :
1379 1145 1644 1218 Primum,
1693 1152 1777 1208 in-

177 1244 325 1314 quit,
352 1234 483 1296 illud
506 1242 809 1312 ﬁrmissime
834 1252 1120 1307 teneamus,
1150 1242 1360 1299 animae
1396 1254 1642 1299 naturam
1683 1262 1775 1301 nec

178 1340 235 1392 in
266 1346 510 1391 naturant
532 1338 765 1407 corporis
786 1338 1036 1403 converti,
1059 1348 1135 1402 ut,
1166 1355 1298 1407 quae
1311 1336 1427 1410 jam
1450 1338 1554 1408 fuit
1575 1338 1774 1405 anima,

176 1430 277 1501 ﬁat
319 1447 530 1502 corpus,
560 1447 652 1485 nec
680 1433 735 1486 in
782 1440 1027 1485 naturam
1081 1433 1290 1486 animae
1330 1430 1677 1499 irrationalis,
1720 1440 1781 1486 ut

175 1538 317 1593 quae
345 1521 445 1591 [uit
469 1521 646 1576 nnim‘a
667 1521 912 1586 hominis,
937 1522 1032 1592 ﬁat
1063 1521 1301 1594 pecudis,
1330 1539 1420 1577 nec
1446 1523 1499 1576 in
1530 1532 1779 1577 naturam

179 1614 306 1681 Dei,
335 1624 391 1670 ut
434 1631 566 1684 quae
595 1614 694 1684 fuit
724 1616 925 1676 anima,
952 1614 1046 1683 ﬁat
1074 1615 1213 1686 quod
1242 1620 1317 1671 est
1354 1614 1492 1672 Deus
1524 1616 1544 1646 ³
1570 1656 1585 1681 ,
1622 1624 1779 1686 atque

178 1709 259 1761 ita
298 1707 522 1762 vicissim
556 1723 647 1762 nec
678 1723 888 1776 corpus,
921 1723 1014 1760 nec
1054 1707 1288 1762 animam
1340 1706 1776 1776 irrationabilem,

176 1815 278 1852 nec
302 1796 672 1862 substantiam,
692 1814 827 1869 quae
852 1795 992 1852 Deus
1020 1808 1116 1864 est,
1143 1798 1373 1854 converti
1413 1796 1460 1852 et
1505 1796 1621 1868 ﬁeri
1662 1799 1775 1853 ani-

176 1907 328 1968 mam
376 1890 680 1945 humanam.
716 1879 898 1970 Vides
918 1930 935 1957 ,
965 1889 1419 1961 quemadmodum
1442 1884 1629 1970 negat,
1656 1891 1778 1945 ani-

176 1998 331 2038 tuam
364 1972 672 2048 humanam,
705 1968 812 2039 hoc
835 1990 921 2039 est
941 1992 1190 2039 naturam
1220 1968 1622 2048 rationabilem,
1649 1998 1778 2039 con-

174 2060 319 2126 verti
379 2086 537 2143 posse
587 2072 641 2127 in
691 2073 883 2138 Deum,
931 2088 1107 2143 neque
1154 2087 1354 2144 corpus
1405 2057 1461 2128 in
1514 2060 1774 2127 animam.

178 2162 441 2220 Boethius
494 2178 708 2236 quoque
759 2164 814 2219 in
876 2165 1115 2221 secundo
1170 2162 1310 2220 libro
1360 2165 1426 2220 de
1455 2154 1771 2220 Trinitate:

180 2253 310 2311 Non
332 2266 428 2322 est,
454 2256 648 2326 inquit,
678 2259 912 2314 humana
938 2258 1113 2313 anima
1148 2257 1201 2313 in
1237 2257 1582 2327 divinitatem,
1615 2276 1647 2314 a
1676 2276 1781 2331 qua

178 2357 454 2418 assumpta
481 2358 578 2413 est,
600 2356 914 2418 permutata.
942 2348 1095 2417 Quod
1125 2351 1171 2403 si
1196 2366 1357 2421 neque
1379 2367 1589 2419 corpus,
1620 2368 1783 2422 neque

180 2439 367 2492 anima
398 2439 452 2493 in
479 2426 806 2497 divinitatem
851 2441 1017 2512 potuit
1062 2440 1209 2506 verti,
1261 2440 1406 2495 nullo
1457 2442 1610 2497 modo
1664 2432 1783 2511 ﬁeri

178 2530 377 2601 potuit,
417 2541 470 2584 ut
503 2531 806 2586 humanitas
857 2543 1238 2587 converteretur
1288 2534 1343 2587 in
1394 2532 1580 2587 Deum.
1612 2533 1782 2588 Multo

184 2620 365 2674 minus
388 2637 507 2675 vero
535 2621 675 2675 credi
697 2630 955 2692 potest,ut
985 2635 1206 2695 utraque
1248 2624 1303 2677 in
1343 2640 1396 2677 se
1429 2620 1787 2678 converterem.

180 2723 294 2779 tur,
325 2715 572 2785 quoniam
604 2731 766 2788 neque
796 2714 1197 2787 incorporalitas
1228 2716 1455 2773 transire
1486 2713 1554 2771 ad
1594 2724 1783 2786 corpus

181 2816 373 2877 potest,
408 2822 568 2880 neque
595 2823 778 2861 rursus
800 2825 827 2863 e
857 2825 1098 2865 conversa
1129 2825 1315 2880 corpus
1346 2808 1415 2863 ad
1437 2809 1785 2880 incorporali-

184 2906 369 2964 tatem,
385 2896 809 2970 quandoquidem
840 2888 985 2955 nulla
1014 2890 1093 2954 his
1124 2898 1343 2955 materia
1375 2900 1613 2971 subjecta
1641 2917 1786 2954 com-

183 2989 364 3044 munis
387 2999 485 3056 est,
511 3008 643 3060 quae
670 2987 934 3046 alterutris
982 2991 1398 3049 substantiarum
1443 2988 1784 3063 qualitatibus

187 3082 531 3153 permutetur.
560 3074 617 3137 in
646 3072 733 3139 his
763 3080 942 3140 verbis
970 3084 1373 3158 praedictorum
1404 3093 1686 3140 auctorum
1711 3081 1789 3138 nil

190 3170 337 3231 aliud
361 3162 519 3231 datur
546 3174 792 3251 intelligi,
831 3194 993 3249 quam
1020 3177 1221 3234 nullam
1258 3192 1575 3249 corpoream
1624 3185 1787 3232 natu-

190 3286 315 3327 ram
342 3264 396 3324 in
426 3264 802 3340 incorpore-am
827 3278 985 3343 posse
1022 3271 1241 3326 mutari.
1285 3260 1525 3340 Quorum
1574 3278 1789 3328 senten—
1815 3258 1862 3322 C

193 3356 326 3416 tiam
368 3378 475 3417 non
504 3358 676 3427 solum
710 3378 814 3417 non
860 3354 1331 3437 reprehendimds,
1378 3378 1569 3421 verum
1620 3358 1789 3417 etiam

188 3452 428 3513 libenter
446 3446 770 3526 accipimus;
791 3446 1065 3526 theologos
1085 3463 1285 3521 autem,
1302 3454 1393 3526 qui
1410 3469 1601 3527 graece
1628 3450 1797 3517 locuti

194 3542 346 3612 sunt,
375 3544 533 3603 aliter
561 3544 802 3603 sensisse
826 3562 933 3602 non
975 3547 1304 3618 ignoramus.
1357 3535 1601 3615 Quorum
1652 3544 1793 3602 dicta

192 3639 450 3719 quamvis
476 3639 529 3695 in
558 3632 1005 3719 praecedentibus
1032 3640 1410 3712 disputationis
1452 3630 1613 3713 huius
1640 3640 1794 3698 libris

196 3656 450 3710 quamvis
476 3656 529 3695 ιιι
595 3656 1005 3697 raeceaennnus
1032 3656 1410 3712 disputauonts
1452 3656 1613 3713 mnus
1640 3656 1794 3698 unus

196 3714 518 3802 frequenter
540 3656 604 3787 ti;
633 3726 809 3787 reditu
839 3741 1066 3789 naturae
1100 3732 1577 3800 introduxerimus,
1606 3734 1795 3793 eadem

196 3830 258 3878 et
294 3837 437 3907 nunc
492 3826 737 3895 repetere
791 3825 1156 3881 necessarium
1209 3826 1534 3898 judicamus.
1597 3808 1799 3884 Beatus

195 3906 496 3986 Gregorius
519 3906 828 3988 Theologus
850 3908 902 3974 in
931 3906 1216 3991 Epitaphio
1240 3918 1424 3976 fratris
1444 3920 1528 3975 sui
1554 3914 1797 3979 Caesarii

198 4000 272 4065 de
299 4011 699 4067 resurrectione
729 3998 1053 4084 disputans:
1103 4011 1272 4069 Paulo
1310 4022 1425 4084 post
1471 4023 1670 4089 autem,
1711 4013 1797 4068 in~

196 4103 342 4175 quit,
364 4112 412 4158 et
429 4094 1008 4177 congenitum,carnale
1031 4121 1219 4177 corpus
1240 4104 1494 4169 videlicet,
1525 4114 1797 4176 receptura

195 4205 277 4251 est
306 4196 506 4262 anima,
522 4212 640 4250 cum
668 4213 793 4269 quo,
815 4214 950 4269 quae
975 4196 1082 4251 illic
1115 4196 1373 4263 sunt,ltoc
1398 4205 1497 4263 est,
1526 4195 1582 4251 in
1614 4195 1799 4267 futura

196 4286 334 4353 sita,
352 4286 719 4359 philosophata
757 4298 854 4357 est,
876 4305 969 4361 per
995 4289 1164 4361 ipsam
1191 4296 1238 4343 et
1265 4287 1446 4344 datam
1469 4297 1516 4344 et
1544 4287 1799 4369 creditam

198 4386 421 4445 terram,
450 4397 656 4436 carnem
702 4381 956 4454 profecto,
979 4382 1035 4439 in
1058 4380 1293 4448 modum,
1318 4397 1469 4452 quem
1515 4381 1674 4448 novit,
1709 4378 1801 4453 qui

198 4490 266 4530 ea
314 4468 575 4543 colligavit
623 4486 669 4533 et
724 4476 978 4541 dissolvit,
1014 4474 1179 4541 Deus,
1220 4475 1341 4533 huic
1390 4474 1799 4533 cohaereditabit

197 4562 316 4619 illic
386 4564 609 4637 gloriam
649 4577 765 4624 :.et
829 4567 1267 4639 quemadmodum
1327 4554 1566 4623 laborum
1635 4566 1795 4639 ejus,

200 4659 418 4715 animae
470 4648 728 4728 videlicet,
779 4677 872 4731 per
926 4660 1405 4735 congenerationem
1465 4656 1796 4731 pariicipavit
1822 4627 1881 4721 ῃ,

199 4767 434 4822 corpus,
489 4753 564 4807 sic
620 4769 685 4808 ea:
734 4752 1152 4824 jucuntlitatibus
1216 4752 1326 4807 suis
1387 4750 1558 4806 tradet
1630 4752 1797 4805 totum

201 4850 260 4904 in
302 4851 554 4923 seipsam,
592 4867 779 4922 corpus
827 4851 1045 4918 scilicet,
1095 4858 1489 4918 consumptum,
1526 4857 1574 4905 et
1614 4849 1805 4923 futura

202 4951 459 5023 eumipsa
491 4968 625 5009 unus
657 4962 706 5008 et
735 4953 755 4985 ³
800 4953 1044 5023 spiritus,
1076 4961 1126 5007 et
1156 4952 1395 5015 animus,
1423 4958 1472 5005 et
1500 4949 1678 5018 Deus,
1706 4950 1805 5006 ab-

203 5062 385 5122 sorpta
422 5069 455 5107 a
492 5054 596 5110 sita
634 5064 681 5111 et
724 5037 942 5110 nsortali
958 5064 1007 5109 et
1028 5054 1232 5124 ﬂuentis
1271 5052 1445 5120 Quam
1472 5051 1801 5109 sententiam

208 5156 476 5213 Maximus
516 5157 814 5230 explanatis
845 5176 858 5212 :
891 5156 961 5211 Ut
1013 5157 1172 5222 enim,
1217 5155 1414 5226 inquit,
1445 5155 1693 5226 absorpta
1725 5160 1806 5208 est

203 5276 300 5332 per
323 5268 589 5331 peccatum
612 5266 742 5317 caro
768 5278 800 5316 a
825 5261 1178 5329 corruptione,
1216 5266 1249 5313 α
1288 5266 1450 5314 eam
1477 5266 1593 5313 vero
1623 5258 1805 5312 ama

207 5373 417 5420 terrena
445 5358 832 5436 operationibus
860 5364 969 5419 suis
995 5358 1157 5434 facta,
1188 5356 1253 5417 ait
1280 5358 1457 5417 anima
1502 5368 1677 5414 autem
1714 5364 1809 5431 per

207 5474 627 5524 consummatam
650 5461 1002 5541 ignorantiam
1035 5465 1264 5538 cognitio
1294 5458 1418 5531 Dei,
1446 5468 1503 5518 iit
1530 5477 1712 5535 neque,
1760 5446 1809 5515 si

211 5569 356 5629 Deus
377 5581 475 5641 est,
497 5576 821 5647 cognosceret
843 5586 861 5627 :
883 5569 956 5630 sic
980 5571 1190 5629 omnino
1219 5581 1446 5641 tempore
1467 5564 1804 5624 resurrectio-

1876 616 2057 665 sancto
2082 624 2176 680 per
2201 609 2427 685 gratiam
2453 608 2712 664 incarnnti
2741 608 2839 665 Dei
2870 609 3224 667 absorbebitur
3251 626 3375 667 caro
3400 611 3468 667 ab

1876 703 2057 757 anima
2085 702 2140 757 in
2166 702 2381 773 spiritu,
2411 702 2589 757 anima
2617 710 2736 758 vero
2762 718 2795 757 a
2822 700 2957 767 Deo,-
2984 703 3165 774 quiest
3188 718 3301 758 vere
3321 702 3429 758 vita
3443 688 3482 770 ξ

1876 797 2047 869 ipsum
2069 796 2257 869 quippe
2283 795 2761 869 singularissimum
2807 812 2900 867 per
2937 790 3112 852 omnia
3153 805 3318 852 totum
3355 804 3470 852 tota

1877 888 2057 953 anima
2097 887 2371 958 manifeste
2412 888 2656 945 habitura
2701 897 2795 945 est.
2838 874 2908 943 Et
2949 887 3254 960 simpliciter
3291 888 3481 945 dicem

1876 981 2002 1035 dum
2034 994 2052 1034 δ’
2083 996 2175 1052 per
2216 982 2603 1039 conversionem
2643 997 2677 1036 a
2721 980 3095 1050 praesentibus,
3142 982 3282 1037 circa
3329 997 3466 1054 quae

1879 1091 2015 1130 nunc
2038 1090 2218 1130 sumus
2240 1084 2286 1129 et
2314 1073 2686 1140 convolvimur,
2717 1075 2893 1131 omnia
2925 1075 2982 1128 in
3004 1075 3184 1145 futuro
3212 1075 3481 1141 ostendet,

1875 1184 2008 1240 quae
2029 1176 2208 1223 nostra
2232 1176 2373 1233 sunt,
2401 1166 2515 1237 ipsa
2539 1166 2716 1222 divina
2746 1166 3136 1221 resurrectionis
3159 1166 3354 1236 gratia,
3384 1173 3470 1232 ut,

1876 1262 2010 1318 sicut
2039 1261 2123 1316 hic
2161 1276 2254 1317 nos
2297 1260 2553 1329 absorpsit
2578 1276 2721 1314 more
2745 1259 2919 1316 valida
2948 1276 3041 1330 per
3062 1268 3352 1329 peccatum,
3395 1257 3474 1312 sic

1876 1350 1987 1406 illic
2011 1349 2105 1406 illa
2132 1350 2277 1420 juste
2310 1350 2584 1421 inﬁrmata
2629 1352 2923 1421 deponatur
2957 1365 3050 1419 per
3091 1349 3339 1419 gratiam.
3377 1346 3470 1403 ln-

1880 1450 2051 1508 tuere,
2080 1456 2242 1511 quam
2270 1441 2416 1498 clare
2447 1450 2505 1498 et
2538 1448 2724 1512 aperto
2766 1439 2996 1511 praefati
3045 1439 3276 1511 theologi
3326 1425 3472 1494 redi-

1881 1544 1993 1591 tum
2035 1537 2281 1608 corporis
2324 1536 2379 1593 in
2423 1535 2657 1595 animam
2703 1536 3080 1600 inmnctanter
3116 1535 3362 1599 edocent.
3400 1531 3474 1589 Et

1879 1646 1950 1687 ne
1976 1630 2099 1700 quis
2125 1628 2266 1689 forte
2293 1644 2395 1686 nos
2423 1628 2717 1695 existimet,
2763 1627 2971 1685 nullum
3017 1626 3216 1695 latinae
3252 1625 3470 1696 linguae

1880 1734 2175 1789 auctorem,
2207 1723 2299 1794 qui
2325 1722 2452 1779 huic
2477 1723 2672 1781 rationi
2704 1722 3048 1783 adunatlonis
3073 1730 3331 1785 naturae,
3362 1720 3465 1775 hoc

1879 1825 1983 1883 est,
2025 1817 2095 1872 de
2127 1816 2301 1877 reditu
2348 1816 2662 1875 inferiorum
2692 1815 2747 1871 in
2771 1816 3051 1886 superiora
3073 1812 3289 1878 laverit,
3312 1825 3477 1883 posse

1882 1912 2128 1969 invenire
2159 1944 2175 1977 ,
2228 1910 2376 1969 beati
2423 1909 2699 1969 Ambrosii
2749 1908 3073 1969 sententiam
3126 1905 3475 1963 introducere

1883 2006 2138 2065 convenit
2180 2005 2237 2063 in
2275 2004 2613 2074 expositione
2654 2002 2712 2059 in
2754 2002 2979 2069 Lucem,
3011 2010 3077 2059 eo
3112 1999 3238 2066 Icci,
3278 1999 3371 2055 ubi
3399 1997 3471 2053 de

1885 2096 2112 2153 muliere
2164 2094 2253 2155 illa
2306 2095 2628 2165 Evangelics
2685 2100 2905 2159 tractat,
2953 2093 3060 2149 tria
3104 2099 3219 2149 sata
3266 2090 3483 2147 similae

1885 2187 2269 2250 abscondente.
2301 2186 2471 2243 donec
2500 2184 2954 2243 iermonterentur
2998 2184 3053 2240 in
3097 2196 3281 2241 unum.
3334 2180 3483 2252 Apon

1883 2283 2070 2346 stolus,
2102 2280 2292 2352 inquit,
2320 2280 2497 2335 nonin
2524 2287 2705 2344 carne,
2744 2278 2834 2334 sed
2872 2278 2929 2333 in
2972 2276 3159 2347 spiritu
3205 2272 3479 2329 ambulare

1885 2395 1978 2435 nos
2005 2375 2286 2449 praecepit,
2326 2384 2383 2429 ut
2410 2372 2724 2442 sancti/ictui
2750 2386 2853 2443 per
2895 2370 3162 2426 laeserunt
3202 2384 3475 2440 regenera-

1884 2472 2061 2535 tionis,
2090 2474 2308 2524 veterent
2339 2466 2601 2521 hominem
2633 2482 2751 2520 cum
2777 2466 2886 2519 suis
2910 2463 3183 2519 desideriis
3207 2471 3477 2528 enitentes,

1885 2563 2057 2618 induti
2080 2570 2289 2623 nerunt,
2311 2558 2400 2629 qui
2422 2555 2709 2613 secundum
2737 2555 3005 2611 Christum
3030 2562 3263 2624 creetur,
3288 2568 3393 2609 non
3421 2553 3480 2607 in

1885 2668 2137 2718 vetustate
2167 2657 2377 2729 literae,
2415 2653 2505 2709 sed
2530 2653 2587 2707 in
2618 2653 2832 2723 spiritus
2880 2651 3107 2706 nouitate
3144 2650 3477 2721 gradiantur,

1885 2768 1989 2826 quo
2038 2750 2199 2823 pessis
2246 2749 2395 2804 nobis
2443 2744 2839 2803 resurrectionis
2895 2752 3122 2813 tempere
3168 2742 3480 2813 incert-apta

1888 2845 2118 2913 corporis
2145 2854 2195 2899 et
2226 2845 2433 2897 animus
2466 2849 2516 2895 et
2553 2840 2769 2910 spiritus
2806 2848 3015 2892 manere
3053 2833 3369 2890 communia.
3413 2831 3486 2889 Et

1888 2938 2051 3011 paulo
2096 2942 2218 3006 post
2256 2946 2272 2989 :
2323 2933 2511 3004 Itaque
2555 2932 2604 2986 si
2653 2931 2710 2985 in
2751 2929 2851 2983 hac
2890 2929 2994 2983 vita
3039 2936 3149 2981 tres
3181 2940 3483 2992 mensurae,

1889 3032 2122 3104 corporis
2152 3027 2383 3084 videlicet
2411 3036 2461 3083 et
2484 3025 2693 3081 animos
2714 3031 2763 3077 et
2788 3021 3025 3092 spiritus,
3057 3020 3118 3073 iu
3145 3018 3324 3073 eodeni
3371 3018 3480 3089 fer.

1889 3137 2081 3192 mnta,
2108 3122 2203 3180 hoc
2226 3131 2323 3189 est,
2356 3122 2412 3177 in
2434 3118 2633 3176 unitate
2659 3114 2922 3171 Ecclesiae
2956 3111 3353 3185 permanserint,
3387 3112 3486 3166 dou

1893 3234 1987 3275 nec
2015 3219 2389 3289 {emetiuntur
2411 3221 2459 3268 et
2481 3211 2612 3279 ﬁant
2639 3223 2825 3271 unum,
2853 3216 2909 3260 ut
2939 3203 3314 3275 aequalitatem
3334 3201 3487 3257 milia

1893 3310 2146 3368 distantia
2171 3309 2277 3374 sit,
2304 3322 2397 3362 nec
2416 3302 2776 3375 composition:
2797 3299 2959 3354 triens
2983 3296 3281 3352 diversitate
3303 3294 3481 3349 videa-

1892 3418 2043 3473 mur,
2067 3400 2166 3460 erit
2189 3400 2446 3471 infitiare
2473 3396 2495 3428 δ
2532 3391 2866 3465 diligentibus
2891 3389 3161 3445 Christum
3179 3388 3487 3457 incorrupta

1894 3494 2216 3561 eomntunio,
2260 3504 2353 3549 nec
2394 3489 2665 3561 compositi
2702 3485 3052 3550 meminens.
3116 3481 3255 3537 Nam
3299 3489 3348 3534 et
3394 3479 3485 3551 qui

1894 3591 2167 3665 comitanti
2196 3598 2335 3645 nunc
2358 3592 2560 3651 sumus,
2584 3594 2750 3639 unum
2774 3581 2991 3645 erimus,
3017 3584 3064 3634 et
3093 3578 3153 3633 in
3182 3586 3344 3631 unum
3365 3570 3488 3630 eub-

1893 3688 2143 3745 stantiam
2168 3679 2686 3754 transformamur.
2747 3673 2935 3747 Neque
2972 3674 3113 3729 enim
3153 3672 3211 3727 tn
3257 3682 3490 3726 resurre-

1894 3781 2060 3838 ctione
2087 3776 2236 3831 niittd
2255 3775 2349 3829 erit
2380 3772 2487 3826 alio
2517 3766 2761 3839 inferius,
2812 3767 2950 3821 sicut
2994 3776 3135 3825 nunc
3180 3761 3386 3833 fragilis
3432 3762 3489 3816 in

1894 3871 2042 3926 nobis
2088 3878 2163 3922 est
2188 3863 2388 3921 .eornis
2435 3860 2753 3930 inﬁrmitas,
2803 3864 2853 3912 et
2900 3852 3188 3926 carpentis
3237 3851 3489 3906 habitudo

1897 3968 2119 4018 namrae
2138 3958 2215 4013 vel
2240 3952 2539 4017 vulneribus
2569 3959 2735 4021 patet,
2759 3946 2838 4004 sel
2865 3945 3077 4016 injuriis
3110 3942 3368 4014 subiacet,
3406 3940 3489 3996 sel

1896 4056 1979 4112 sui
2011 4052 2182 4108 oneris
2213 4046 2351 4103 mole
2378 4045 2626 4115 depressa
2654 4056 2817 4111 supra
2844 4047 3015 4093 terrae
3037 4034 3212 4104 nequit
3240 4030 3489 4087 extollere

1896 4142 2240 4218 uiiiuimque
2267 4142 2468 4199 sletne
2486 4136 2780 4207 vestigium,
2830 4130 2919 4186 sed
2958 4130 3016 4184 in
3064 4125 3315 4198 simplicis
3342 4140 3491 4193 creas-

1898 4254 2048 4302 turae
2088 4240 2318 4313 gratiam
2355 4231 2704 4307 ﬁgurubitnur
2726 4265 2744 4295 ,
2789 4240 2908 4280 cum
2950 4220 3263 4291 miletum
3306 4218 3466 4313 fuerit

1896 4342 2037 4416 quod
2062 4311 2259 4396 dictum
2286 4340 2361 4392 ea
2397 4350 2431 4389 α
2468 4332 2675 4388 totum
2723 4335 2743 4380 :
2789 4320 3063 4381 suum
3100 4318 3123 4352 ι
3148 4358 3173 4416 ,Δ
3202 4326 3351 4416 Δκρίνῳ
3391 4311 3492 4379 sm

1900 4409 1996 4495 Dei
2021 4446 2222 4502 sumus,
2260 4438 2309 4488 et
2363 4427 2594 4486 nondum
2652 4420 2934 4478 «sdatum
2970 4423 3047 4473 est
3080 4411 3213 4487 quid
3258 4409 3488 4502 erimus;

1900 4531 1990 4589 sed
2029 4497 2251 4593 scimus,
2296 4523 2448 4596 quia,
2492 4532 2610 4575 cum
2660 4513 2939 4571 metatum
2976 4507 3156 4581 fuerit,
3203 4499 3401 4596 similes
3443 4497 3492 4553 ei
3574 4557 3578 4562 ,

1900 4627 2112 4680 crinitis.
2166 4592 2353 4688 Itaque
2385 4629 2503 4669 cum
2542 4606 2638 4666 Det
2678 4613 2870 4662 natura
2908 4603 2976 4658 sit
3000 4596 3240 4670 sintptes,
3271 4592 3482 4665 spiritus

1903 4716 2039 4775 enim
2079 4709 2219 4768 Deus
2272 4714 2348 4765 est
2374 4749 2389 4775 ,
2437 4716 2532 4760 nos
2584 4714 2786 4774 quoque
2833 4700 2888 4752 in
2943 4692 3161 4750 eandem
3204 4688 3478 4759 imaginen

1903 4807 2250 4883 ﬁgurabimur
2275 4846 2289 4871 ,
2338 4806 2394 4855 ut
2444 4794 2617 4871 qualis
2660 4786 3087 4883 educunt-tales
3131 4792 3181 4838 et
3221 4779 3481 4883 caelestes.

1905 4874 2076 4975 initur
2095 4894 2227 4955 sicut
2256 4891 2573 4966 portavimus
2602 4886 2882 4955 imaginem
2902 4878 3045 4934 illius
3066 4874 3287 4975 terreni,
3314 4878 3492 4942 porte-
3518 4940 3530 4969 ζ

1906 4964 2021 5051 nius
2044 5003 2091 5049 et
2120 4964 2400 5060 imaginem
2429 4983 2587 5053 hujus
2609 4975 2841 5033 caelestis
2860 5012 2875 5039 ,
2907 4982 3066 5042 quam
3096 4964 3122 5001 ⁸
3394 4974 3493 5015 κο·-
3523 4964 3527 4969 “

1905 5093 2011 5146 ster
2045 5082 2191 5140 debet
2212 5054 2444 5137 induere.
2486 5070 2592 5130 Sed
2616 5080 2722 5126 non
2755 5068 2828 5122 tta
2862 5065 3009 5120 hunc
3038 5054 3486 5118 excelsissimum,

1910 5176 2254 5238 Ambrosium
2304 5148 2463 5235 dico,
2506 5164 2825 5238 inagistrum
2870 5146 3127 5214 debemus
3170 5146 3491 5238 intelligere,

1911 5236 2074 5330 veluti
2107 5260 2528 5325 substantiarum
2554 5236 2924 5315 confusionem
2945 5290 2960 5319 ,
2981 5246 3067 5303 vel
3091 5236 3495 5299 transmutat»

1911 5370 2037 5426 ‘nem
2062 5356 2195 5420 velit
2218 5353 2465 5425 suadere,
2484 5354 2577 5412 sed
2608 5346 2986 5408 adunationem
3010 5337 3285 5413 (mandant
3303 5331 3493 5426 incita-

1911 5424 2072 5518 bilem
2121 5462 2283 5527 atque
2314 5424 2765 5518 inintelligibilem
2813 5442 3120 5527 nostrarum
3168 5424 3496 5527 substitit-tias

2081 5514 2484 5615 evidentistiime
2527 5514 2792 5595 docuisse.
2848 5529 2907 5585 in
2943 5524 3180 5584 humana
3224 5514 3497 5591 siquidem

1513 5700 1777 5763 YABIAE
1812 5689 2217 5757 LICTIONEB.

234 5850 239 5859 ’
291 5851 310 5886 ¹
351 5848 445 5910 Sic
475 5844 593 5915 CF;
626 5840 671 5905 Α
693 5850 938 5915 sentiunt.
1013 5841 1034 5878 '
1073 5838 1120 5901 Α
1146 5844 1286 5902 Deus
1317 5818 1431 5902 est.‘
1492 5839 1513 5875 ³
1551 5844 1598 5896 et
1621 5850 1730 5897 om.
1761 5834 1827 5892 Α.

215 5942 340 6001 cap.
367 5923 422 5980 5.
498 5923 520 5957 ⁸
564 5910 655 5980 Sic
675 5910 791 5992 CF,;
829 5919 868 5975 A
901 5919 1024 5991 quia
1054 5934 1194 5974 eum.

1900 5835 1945 5909 7"
1986 5820 2077 5889 Sic
2125 5822 2241 5897 CF;
2283 5824 2327 5881 Α
2365 5824 2416 5880 in
2456 5820 2714 5895 futurum.
2873 5806 2969 5870 Sic
3012 5782 3132 5878 οὐκ
3173 5814 3270 5881 pro
3307 5780 3417 5861 ltii’ii
3452 5803 3499 5871 Α
