4028 6282
536 425 643 486 879

1928 419 2210 479 JOANNIS
2246 419 2444 478 SCO'I‘l

3711 411 3826 470 880

529 534 728 598 natura
755 540 830 597 nil
863 541 1128 607 subsistit,
1183 538 1328 612 quod
1369 537 1650 612 Spirituale
1688 547 1743 594 et
1790 536 2122 608 intelligibile
2149 541 2201 600 Α
2225 535 2541 605 deiﬁcantis,
2568 543 2707 589 totus
2730 534 2940 606 quidem
2966 533 3120 587 homo
3138 547 3353 587 manens
3380 531 3669 586 secundum
3702 528 3826 583 ani-

532 649 643 691 non
669 635 758 690 sit.
798 632 933 691 Nam
957 643 1012 690 et
1036 632 1334 689 substantia
1369 631 1614 703 corporis
1642 627 1888 702 proiecto
1924 627 2141 683 intelli-'

532 725 712 798 gibilis
738 733 842 791 est,
869 733 1029 797 atque
1059 724 1181 780 ideo
1209 739 1313 779 non
1338 731 1420 779 est
1441 721 1774 788 incredibile,
1801 736 1901 777 nec
1924 719 2133 798 rationi

534 810 796 874 resistens
841 817 884 893 ἦ,
953 812 1323 888 iutelligibiles
1364 815 1696 872 substantiae
1740 813 1845 870 sibi
1888 812 2117 869 invicem

533 907 761 962 adunari
785 907 831 972 ⁸,
860 915 921 962 ut
954 916 1010 962 et
1053 923 1219 961 unum
1252 907 1383 973 sint,
1418 912 1475 962 et
1506 895 1863 976 unaquaeque
1885 904 2139 976 proprie-‘

533 1007 699 1055 tatem
739 984 889 1054 suam
927 1007 985 1054 et
1022 999 1426 1055 subsistentiam
1466 997 1670 1054 habere
1712 1012 1824 1053 non
1874 997 2116 1065 desistat,

533 1089 608 1145 ita
652 1099 853 1156 tamen,
900 1097 960 1144 ut
1010 1089 1268 1146 inferiora
1302 1088 1670 1159 superioribus
1718 1087 2135 1144 contineantur.

532 1179 651 1236 Non
676 1180 819 1235 enim
847 1193 973 1235 vera
1004 1180 1144 1236 ratio
1170 1180 1320 1245 sinit,
1349 1178 1628 1250 superiora
1652 1176 1998 1233 inferioribus
2034 1175 2122 1233 vel

536 1271 823 1337 contineri,
862 1270 948 1326 vel
971 1271 1192 1337 attrahi,
1222 1270 1307 1326 vel
1337 1271 1619 1349 consumi.
1642 1269 1906 1326 Interiora
1934 1283 2064 1325 vero
2088 1284 2123 1325 a

532 1361 900 1433 superioribus
929 1360 1247 1416 naturaliter
1273 1361 1644 1428 attrahuntur,
1664 1368 1719 1416 et
1743 1360 2121 1425 absorbentur,

532 1467 640 1506 non
671 1461 730 1507 ut
755 1466 863 1508 non
888 1453 1015 1519 sint,
1046 1451 1142 1507 sed
1169 1459 1232 1507 ut
1254 1452 1307 1507 in
1336 1451 1416 1509 eis
1443 1452 1562 1522 plus
1590 1451 1894 1517 salventur,
1918 1458 1974 1508 et
1997 1452 2123 1507 sub-

530 1543 745 1610 sistant,
775 1550 830 1597 et
863 1557 1026 1598 unum
1055 1541 1183 1598 sint.
1220 1539 1358 1598 Nam
1398 1556 1575 1614 neque
1620 1556 1715 1598 aer
1753 1557 1905 1599 suam
1944 1541 2125 1614 perdit

534 1625 920 1703 substantiam,
937 1625 1059 1692 cum
1089 1628 1238 1694 totus
1261 1636 1317 1692 in
1343 1636 1522 1694 solare
1549 1636 1731 1693 lumen
1761 1637 2121 1701 convertitur,

533 1727 588 1780 iu
618 1735 849 1794 tantum,
889 1735 950 1781 ut
984 1725 1119 1782 nihil
1167 1727 1223 1783 in
1256 1720 1359 1783 'eo‘
1388 1737 1647 1799 appareat
1692 1727 1798 1783 nisi
1848 1727 1961 1793 lux,
1998 1742 2122 1783 cum

529 1817 673 1873 aliud
693 1820 766 1874 sit
791 1819 903 1886 lux,
926 1819 1071 1875 aliud
1102 1834 1226 1885 aer;
1256 1817 1349 1874 lux
1377 1826 1557 1875 tamen
1588 1818 1864 1890 praevalet
1888 1820 1942 1875 in
1972 1821 2122 1887 aére,

2222 646 2364 683 mam
2392 637 2440 683 et
2469 645 2656 699 corpus
2686 644 2781 699 per
2818 636 3089 693 naturam,
3119 634 3167 682 et
3189 635 3326 681 totus
3358 626 3530 696 factus
3554 621 3702 677 Dens
3736 638 3824 676 se-

2224 724 2452 779 cundum
2476 724 2709 778 animam
2733 731 2783 777 et
2805 709 2994 792 corpus
3018 738 3113 793 per
3149 722 3393 792 gratiam,
3421 729 3471 774 et
3499 718 3825 773 convenien-

2224 823 2325 869 tem
2347 814 2482 869 sibi"
2503 830 2595 887 per
2625 822 2789 868 totum
2817 812 3047 867 divinam
3071 812 3249 866 beatae
3267 810 3467 883 gloriae
3494 809 3824 872 claritatem,

2223 917 2338 980 post
2387 923 2543 979 quam
2599 904 2732 960 nihil
2776 913 2852 960 est
2898 905 2967 959 ad
3002 902 3398 974 intelligendum
3447 900 3685 955 lucidius
3727 908 3824 953 ω

2224 999 2500 1055 excelsius.
2529 996 2668 1064 Quid
2693 1005 2766 1052 est
2792 996 2816 1029 ⁸
2843 997 3090 1059 Θεῶσιως,
3105 994 3160 1048 id
3185 1002 3263 1048 est
3288 992 3627 1063 deiﬁcatione
3644 991 3824 1061 dignis

2225 1090 2526 1157 amabilius,
2550 1106 2642 1162 per
2670 1105 2828 1162 quam
2854 1090 3032 1146 θέωσιν
3060 1090 3082 1123 ⁹
3099 1087 3240 1142 Deus
3262 1086 3364 1141 diis
3395 1085 3555 1155 factis
3569 1082 3619 1116 “
3640 1085 3823 1139 unitas

2227 1183 2438 1239 omnino
2464 1182 2852 1237 universitatem
2886 1197 3038 1235 suam
3070 1179 3196 1249 facit
3215 1194 3308 1248 per
3336 1176 3672 1232 bonitatem?
3698 1174 3825 1230 Ani—

2228 1275 2525 1340 madverte,
2552 1273 2694 1344 quod
2735 1273 2832 1338 ait,
2863 1281 3008 1328 totus
3047 1272 3210 1329 homo
3245 1285 3474 1326 manens
3510 1269 3818 1329 secundum

2227 1367 2466 1422 animam
2513 1374 2568 1419 et
2621 1380 2820 1436 corpus
2858 1380 2954 1435 per
3009 1371 3292 1428 naturam,
3332 1370 3389 1416 et
3435 1369 3591 1417 totus
3642 1360 3820 1414 factus

2228 1460 2373 1516 Deus
2430 1459 2725 1516 secundum
2778 1458 3017 1513 animam
3069 1466 3126 1513 et
3169 1472 3365 1528 corpus
3411 1472 3512 1527 per
3562 1455 3817 1528 gratiam.

2229 1549 2557 1605 Naturarum
2592 1550 2634 1585 “
2659 1548 2827 1620 igitur
2870 1548 3113 1604 manebit
3155 1548 3481 1617 proprietas,
3526 1555 3590 1601 et
3629 1562 3819 1601 earum

2228 1640 2336 1697 erit
2369 1641 2571 1706 unitas,
2603 1653 2705 1695 nec
2744 1639 3052 1711 proprietas
3103 1636 3311 1693 auferet
3348 1646 3676 1694 naturarum
3731 1638 3821 1693 sd-

2230 1737 2569 1802 unationem,
2616 1749 2718 1791 nec
2775 1735 3033 1791 adunatio
3055 1743 3371 1790 naturarum
3391 1734 3817 1805 proprietatem.

2240 1827 2382 1884 Disc.
2412 1826 2585 1884 Istaec
2612 1826 2677 1892 δ’,
2716 1841 2855 1898 quae
2884 1842 2914 1880 a
2943 1835 2995 1881 te
3021 1826 3162 1881 dicta
3186 1834 3331 1892 sunt,
3367 1826 3623 1896 quamvis
3656 1840 3819 1880 verae

532 1920 591 1964 ut
624 1911 738 1965 sola
778 1911 1026 1966 videatur
1055 1926 1197 1968 esse.
1238 1911 1467 1969 Ferrum
1511 1922 1605 1969 aut
1643 1912 1665 1944 ⁸
1710 1913 1858 1969 aliud
1904 1913 2123 1985 aliquod
2152 1904 2201 1967 Β
2228 1919 2425 1975 rationi
2477 1918 2768 1973 videantur
2816 1916 3033 1982 similia,
3065 1917 3245 1972 minus
3290 1923 3472 1972 tamen
3520 1916 3819 1987 capacibus

529 1999 829 2068 metallum,
872 2000 925 2076 in
958 2001 1082 2073 igne
1130 2000 1498 2074 liquefactum,
1548 2003 1604 2059 in
1650 2003 1831 2077 ignem
1880 2006 2122 2061 converti

526 2089 760 2159 videtur,
803 2102 865 2149 ut
901 2094 1039 2167 ignis
1069 2112 1241 2167 purus
1268 2096 1516 2153 videatur
1542 2112 1683 2165 esse,
1722 2097 1870 2154 salva
1915 2099 2122 2154 metalli

529 2183 827 2239 substantia
856 2194 1225 2255 permanente.
1266 2186 1469 2243 Eadem
1494 2187 1704 2244 ratione
1726 2188 1980 2244 existimo
1997 2204 2121 2245 cor-

530 2274 772 2345 poralem
811 2277 1168 2332 substantiam
1208 2278 1265 2334 in
1313 2276 1704 2336 anintam'esse
1747 2282 2117 2347 transituram,

527 2381 637 2421 non
676 2378 738 2422 ut
779 2376 982 2439 pereat,
1019 2370 1160 2439 quod
1188 2370 1279 2437 sit,
1319 2371 1413 2427 sed
1448 2378 1511 2427 ut
1545 2371 1599 2426 in
1626 2371 1836 2428 meliori
1885 2374 2122 2430 essentia

529 2456 682 2510 salva
721 2456 810 2512 sit.
874 2456 1137 2515 Similiter
1182 2460 1250 2515 de
1295 2460 1411 2532 ipsa
1464 2461 1647 2518 anima
1692 2462 2118 2535 intelligendum,

526 2548 670 2619 quod
694 2549 767 2603 ita
798 2548 853 2604 in
882 2550 1210 2607 intellectum
1237 2554 1560 2622 movebitur,
1593 2556 1730 2611 utin
1758 2570 1824 2612 eo
1845 2556 2124 2628 pulchrior

527 2638 748 2709 Deoque
772 2638 1001 2698 similior
1021 2652 1391 2700 conservetur.
1431 2643 1544 2701 Nec
1576 2645 1736 2703 aliter
1787 2647 2018 2704 dixerim
2054 2650 2121 2705 de

524 2733 780 2801 transitu,
811 2742 872 2789 ut
909 2749 1017 2790 non
1045 2736 1223 2793 adhuc
1250 2736 1427 2794 dicam
1460 2740 1722 2805 omnium,
1759 2740 1855 2797 sed
1883 2742 2122 2798 rationa-

527 2822 719 2879 bilium
744 2825 1168 2882 substantiarum
1195 2826 1252 2882 in
1280 2827 1473 2895 Deum,
1505 2828 1561 2885 in
1591 2845 1701 2901 quo
1730 2841 1924 2889 cuncta
1955 2833 2119 2889 ﬁnem

524 2918 768 2988 positura
800 2928 945 2987 sunt,
976 2929 1033 2976 et
1077 2928 1454 2979 unum’erunt.
1499 2923 1605 2981 Sed
1629 2925 1773 2997 quod
1805 2925 1874 2983 de
1913 2926 2131 3001 aduna-q

526 3011 673 3066 tione
698 3012 969 3070 humanae
996 3023 1223 3072 naturae
1259 3017 1463 3088 absque
1504 3018 1840 3092 singularum
1869 3021 2121 3078 substan-

525 3103 724 3160 tiarum
764 3106 1113 3177 proprietatis
1146 3107 1439 3165 abolitione
1478 3111 1735 3179 diximus,
1766 3113 1912 3169 beati
1948 3112 1973 3145 δ
2010 3113 2122 3169 Ma-

530 3198 662 3255 ximi
697 3200 961 3255 sententia
991 3215 1277 3269 possumus
1302 3204 1620 3275 approbare.
1663 3205 1952 3278 Exponens
1974 3222 2121 3264 nam-

2228 2022 2524 2081 rerumque
2564 2015 2816 2063 naturam
2859 2006 3324 2062 considerantibus
3365 2004 3725 2071 videbuntur,
3762 2015 3817 2060 ut

2225 2102 2449 2175 Opinor,
2507 2100 2673 2157 veluti
2718 2099 2985 2172 quaedam
3038 2099 3431 2164 deliramenta,
3476 2113 3546 2154 ac
3600 2098 3819 2154 sibimet

2225 2193 2672 2251 contradicentia.
2694 2191 2919 2263 Magnus
2938 2191 3205 2261 siquidem
3223 2188 3520 2261 Gregorius
3541 2188 3818 2261 Nyssaens

2226 2285 2321 2348 ait,
2357 2292 2417 2339 ut
2437 2284 2590 2349 dicis,
2617 2283 2755 2355 quod
2794 2284 2970 2337 anima
3002 2298 3155 2337 suum
3196 2290 3360 2336 totum
3394 2297 3588 2352 corpus
3629 2283 3695 2336 in
3741 2298 3818 2335 se-

2222 2376 2391 2446 ipsam
2418 2382 2789 2446 consumptum
2809 2375 2898 2440 sit,
2929 2383 2976 2428 et
2999 2389 3115 2427 cum
3137 2373 3249 2443 ipso
3268 2388 3407 2428 unus
3426 2380 3475 2427 et
3502 2372 3749 2443 spiritus,
3770 2382 3817 2426 et

2224 2470 2454 2535 animus,
2487 2478 2535 2523 et
2577 2468 2717 2523 Deus
2752 2469 2953 2539 futura.
2987 2467 3083 2522 Cui
3124 2467 3289 2522 etiam
3334 2466 3479 2522 favet
3521 2465 3815 2531 Maximus,

2224 2564 2410 2621 dicens
2467 2582 2480 2618 :
2539 2561 2765 2619 Omnino
2815 2573 3043 2634 tempore
3083 2563 3473 2618 resurrectionis
3522 2564 3815 2618 secundum

2225 2656 2350 2711 bene
2368 2654 2605 2726 futuram
2635 2655 3021 2710 conuersionem
3044 2656 3100 2709 in
3122 2653 3325 2727 Spiritu
3355 2663 3537 2710 sancto
3561 2670 3659 2726 per
3695 2671 3819 2725 grue

2223 2748 2353 2801 tiam
2395 2747 2659 2801 incarnati
2703 2744 2800 2800 Dei
2850 2745 3213 2813 absorbebitur
3256 2762 3380 2801 caro
3426 2745 3489 2800 ab
3542 2746 3730 2799 animo
3762 2747 3819 2801 in

2222 2836 2434 2911 spiritu,
2458 2840 2640 2894 anima
2679 2855 2799 2896 vero
2826 2841 2883 2894 in
2910 2839 2954 2872 ¹³
2977 2839 3111 2895 Deo.
3140 2839 3405 2896 Addidisti
3430 2856 3647 2911 quoque
3667 2841 3817 2896 beati

2220 2932 2495 2990 Ambrosii
2526 2933 2845 2989 sententiam
2882 2934 2949 2989 de
2989 2930 3314 2989 adunatione
3348 2933 3613 2988 humanae
3653 2941 3819 2988 natu-

2221 3018 2335 3092 rae,
2379 3025 2484 3082 hoc
2503 3033 2608 3093 est,
2642 3024 2709 3081 de
2736 3026 2912 3081 reditu
2942 3024 2996 3081 in
3031 3040 3219 3089 unum,
3246 3040 3315 3081 ne
3347 3025 3604 3080 videreris
3633 3024 3815 3081 Grae-

2223 3131 2410 3173 corum
2462 3115 2799 3177 solummodo
2849 3122 3129 3171 auctorum
3181 3115 3555 3171 auctoritatem
3610 3099 3815 3187 Sequi,

2224 3204 2371 3266 nullo
2422 3209 2621 3265 auxilio
2667 3207 2925 3265 latialiter
2965 3208 3329 3280 loquentium,
3380 3209 3489 3264 imo
3534 3210 3711 3264 etiam
3754 3211 3817 3265 de

528 3305 634 3375 que
667 3306 923 3362 magnum
949 3292 1270 3366 Gregorium
1314 3295 1613 3375 Nyssaeum
1653 3299 1708 3354 in
1755 3315 2006 3357 sermone
2055 3303 2122 3360 de
2147 3278 2193 3341 Ο
2224 3311 2419 3359 natura
2452 3317 2635 3359 rerum
2664 3278 3050 3375 disputantium
3088 3301 3359 3358 suﬂ'ultus.
3390 3302 3508 3373 ipse
3539 3300 3815 3372 siquidem

530 3374 821 3448 Grandine,
858 3383 950 3439 ubi
973 3384 1049 3439 ait
1078 3404 1095 3442 ς
1124 3385 1193 3441 Et
1218 3403 1311 3442 nos
1334 3374 1543 3459 quidem
1565 3388 1959 3460 Iuniae/rabilis
1982 3393 2121 3447 acci-

522 3473 628 3543 piet
652 3511 668 3537 ,
719 3480 767 3526 et
815 3481 1029 3528 sanctae
1073 3491 1136 3530 ac
1194 3477 1384 3548 regalis
1430 3475 1795 3549 contemplatio
1846 3477 2119 3537 Trinitatis

522 3561 878 3619 illuminantis
928 3565 1136 3634 planius
1177 3578 1226 3623 et
1262 3569 1466 3640 purius,
1509 3577 1559 3624 et
1601 3570 1761 3626 totius
1798 3571 1893 3626 toti
1944 3573 2120 3629 animo

525 3656 721 3711 mixtae
747 3695 764 3722 ,
816 3673 974 3729 quam
1019 3660 1177 3716 etiam
1230 3652 1407 3717 solun?
1460 3679 1677 3735 regnum
1726 3664 1990 3721 caelorum
2027 3683 2120 3738 ego

525 3764 682 3819 pono,
722 3761 1116 3822 consequenter
1146 3754 1410 3826 adiunxit,
1450 3756 1635 3813 dicens
1658 3776 1672 3813 :
1694 3756 1764 3815 In
1801 3758 1943 3814 omni
1979 3775 2123 3815 crea-

526 3848 649 3895 tura
704 3842 1006 3899 rationabili
1060 3846 1364 3919 angelorum
1423 3858 1473 3904 et
1522 3850 1794 3908 hominum
1825 3892 1843 3919 ,
1891 3852 2118 3924 quicun-

527 3947 627 3998 que
660 3931 862 3990 nullant
901 3938 1187 3993 secundum
1233 3949 1453 4008 motum,
1490 3943 1581 4013 qui
1618 3942 1689 3998 ad
1732 3942 1891 4015 ﬁnem
1918 3955 1994 4001 est
2027 3960 2121 4000 παν

534 4028 785 4085 turaliter
836 4044 1227 4105 compactan
1272 4038 1347 4092 eis
1390 4037 1690 4093 divinarum
1738 4040 2003 4096 rationum
2052 4039 2119 4095 ab

526 4122 641 4192 ipso
674 4121 927 4181 Creatore
976 4143 1067 4198 per
1114 4128 1484 4201 negligentiam
1532 4141 1897 4203 corruperunt,
1948 4133 2117 4204 magis

531 4224 708 4269 autem
735 4216 932 4287 seipsos
972 4227 1323 4289 temperanter
1354 4221 1717 4291 salsaverant,
1759 4232 1894 4280 totos
1929 4225 2117 4280 incon-

528 4306 838 4389 eersibiliter
881 4319 1058 4379 utpote
1096 4310 1303 4367 divinae
1337 4328 1536 4384 organa
1567 4323 1790 4370 naturae
1813 4324 1861 4370 et
1910 4331 2040 4381 esse,
2069 4323 2119 4370 et

530 4396 739 4467 futuros
771 4416 882 4457 esse
908 4403 1147 4469 scientes,
1177 4420 1306 4474 quos
1334 4420 1428 4474 per
1452 4416 1617 4462 totum
1646 4416 1784 4462 totus
1813 4409 2120 4481 circumspi-

531 4503 658 4542 rans
679 4488 843 4557 Deus,
868 4491 924 4546 in
956 4490 1170 4570 modum
1206 4494 1416 4550 animae
1443 4496 1600 4552 veluti
1629 4496 1860 4553 membra
1885 4500 2118 4570 corporis

532 4590 835 4652 compacta,
865 4583 1059 4654 optimo
1088 4584 1313 4642 Domino
1347 4587 1515 4656 factos
1559 4589 1629 4644 ad
1655 4589 1973 4646 uoluntatem
2004 4600 2121 4649 tra-

2224 3392 2380 3451 docet
2425 3400 2537 3448 tres
2582 3392 2850 3448 humanae
2899 3400 3126 3450 naturae
3168 3392 3564 3460 subsistentias,
3609 3408 3816 3465 corpus

2221 3481 2494 3550 videlicet,
2544 3490 2600 3538 et
2646 3481 2904 3548 animam,
2954 3492 3011 3539 et
3071 3483 3427 3549 intellectum,
3483 3482 3652 3539 veluti
3710 3484 3815 3538 tria

2222 3575 2486 3646 quaedam
2517 3581 2632 3630 sata
2660 3573 2895 3639 farinae,
2929 3584 2989 3631 ut
3026 3591 3133 3632 non
3171 3576 3345 3632 dicam
3381 3576 3813 3641 confundendas,

2223 3666 2317 3722 sed
2347 3665 2507 3721 veluti
2536 3664 2802 3723 termento
2840 3667 3074 3738 quodam
3103 3668 3346 3725 caritatis
3374 3668 3587 3725 vinculo
3627 3685 3817 3725 resur—

2224 3756 2482 3814 rectionis
2526 3767 2770 3829 tempore
2811 3759 3148 3827 adunandas,
3191 3776 3296 3818 non
3333 3768 3395 3817 ut
3429 3760 3610 3832 aliqua
3663 3777 3815 3818 com-

2221 3849 2419 3921 positio
2446 3859 2665 3908 nostrae
2695 3860 2944 3917 naturae,
2987 3854 3081 3909 sed
3120 3854 3343 3910 omnino
3384 3854 3713 3926 simplicitas
3762 3865 3817 3911 et

2222 3939 2597 4011 inseparabilis
2623 3943 2804 3998 unitas
2828 3941 3112 3999 adiciatur.
3142 3943 3267 3999 Non
3296 3945 3461 4009 enim,
3484 3954 3549 3999 ut
3577 3944 3701 4015 ipse
3718 3948 3813 4011 ait,

2221 4032 2380 4088 aliter
2403 4034 2472 4089 ad
2505 4035 2783 4107 imaginem
2814 4034 2909 4091 Dei
2938 4037 3343 4104 restaurabitur,
3374 4038 3421 4092 si
3447 4053 3556 4092 non
3590 4038 3815 4109 simple:

2221 4125 2460 4196 spiritus,
2488 4122 2752 4200 omnique
2784 4114 3157 4201 compoiitione
3195 4129 3360 4185 libera
3397 4130 3582 4202 futura
3619 4133 3714 4186 sit.
3750 4132 3813 4186 Et

2220 4232 2367 4272 nunc
2403 4217 2600 4273 iterum
2642 4227 2765 4290 post
2803 4219 3206 4291 praedictorum
3245 4218 3467 4277 Patrum
3504 4222 3574 4279 de
3609 4223 3813 4293 simpli~

2221 4308 2440 4365 cissima
2511 4310 2782 4366 humanae
2833 4320 3059 4369 naturae
3114 4327 3220 4368 non
3271 4312 3447 4369 solum
3498 4314 3555 4369 in
3613 4317 3808 4388 seipsa,

2221 4417 2408 4457 verum
2438 4400 2600 4457 etiam
2632 4403 2687 4457 in
2727 4403 2836 4458 Deo
2868 4402 3194 4461 adunatione
3221 4406 3542 4471 sententias,
3570 4406 3810 4474 ejuslem

2221 4486 2438 4551 Maximi
2488 4495 2633 4551 dicta
2679 4495 3048 4562 introduxisti,
3093 4513 3233 4567 quae
3278 4507 3405 4553 sunt
3449 4498 3808 4569 huiusmodi:

2221 4589 2385 4645 Totus
2434 4589 2644 4663 quidem
2694 4591 2847 4646 homo
2895 4607 3110 4647 manens
3151 4591 3440 4647 secundum
3481 4592 3722 4647 animans
3765 4603 3809 4646 et

529 4680 667 4737 etat,‘
685 4675 963 4745 etpropria
984 4674 1161 4746 implet
1178 4677 1345 4749 gloria
1360 4688 1409 4734 et
1436 4679 1780 4748 beatitudine,
1802 4682 1961 4738 vitam
1979 4682 2113 4740 dans
2138 4656 2194 4720 D
2217 4698 2405 4754 corpus
2567 4691 2833 4749 naturam,
2875 4691 2926 4738 et
2964 4692 3104 4738 totus
3134 4682 3306 4754 factus
3337 4682 3480 4738 Deus
3521 4684 3805 4738 secundum

529 4770 578 4816 et
627 4760 833 4818 donans
887 4774 1153 4820 aeternam
1198 4776 1353 4838 atque
1393 4768 1733 4840 ineﬁ‘abilent,
1778 4779 1828 4826 et
1874 4772 2112 4829 omnibus

530 4854 702 4910 modis
729 4857 970 4912 universa
993 4855 1212 4914 liberam
1240 4860 1531 4931 cognitione
1551 4862 1862 4918 constitutae
1881 4865 2114 4936 proprie-

530 4949 654 5007 tatis
673 4951 980 5019 praesentis,
1001 4960 1049 5007 et
1073 4968 1168 5024 per
1190 4954 1573 5035 corruptionem
1600 4956 1929 5012 consistentis
1959 4957 2111 5027 vitae,

530 5055 711 5112 quam,
740 5043 974 5101 uidelicet
1012 5046 1172 5101 vitam
1209 5057 1507 5112 aeternam,
1555 5062 1662 5103 non
1695 5063 1787 5103 aer
1830 5049 2116 5120 inspirans,

530 5148 695 5204 neque
715 5136 991 5207 sanguinis
1004 5136 1160 5193 rivuli
1186 5138 1371 5209 Itepate
1386 5139 1595 5214 ﬂuentis
1607 5138 1630 5171 '
1658 5141 2000 5207 constituunt,
2025 5143 2117 5199 sed

530 5219 675 5278 Deus
702 5234 843 5279 totus
865 5226 989 5281 totis
1013 5227 1383 5298 participatus,
1415 5239 1465 5283 et
1491 5230 1702 5286 animae
1724 5231 1781 5286 in
1812 5233 2023 5287 modum
2047 5234 2116 5290 ad

529 5325 719 5383 corpus
748 5314 957 5371 animae
982 5316 1025 5381 ⁸,
1056 5325 1107 5372 et
1148 5333 1243 5388 per
1282 5319 1513 5374 medium
1546 5322 1781 5378 animum
1818 5322 1888 5377 ad
1927 5339 2116 5396 corpus

530 5403 726 5475 factus,
756 5407 889 5462 sicut
933 5410 1071 5464 nouit
1105 5409 1233 5484 ipse,
1273 5420 1330 5467 ut
1357 5429 1421 5468 ea
1462 5399 1672 5484 quidem
1701 5415 1881 5471 anima
1925 5417 2112 5472 incon-

525 5493 916 5552 msibilitatem
941 5500 1187 5572 accipiat,
1214 5500 1350 5556 illud
1380 5518 1501 5558 vero
1528 5519 1717 5576 corpus
1742 5505 2114 5561 immortalita-

2219 4772 2451 4826 animam
2481 4781 2530 4826 et
2572 4788 2759 4843 corpus
2805 4790 2896 4843 per
2929 4774 3173 4843 gratiam.
3212 4771 3420 4842 Quibus
3453 4773 3647 4830 verbis
3684 4774 3807 4846 quid

2219 4864 2364 4922 aliud
2385 4865 2545 4921 datur
2561 4864 2809 4937 intelligi,
2824 4866 2928 4922 nisi
2948 4874 3197 4922 naturam
3218 4880 3538 4937 corpoream
3561 4866 3619 4921 in
3636 4868 3807 4936 seipsa

2219 4971 2432 5029 semper
2454 4972 2889 5029 permansuram,
2910 4967 2966 5014 et
2989 4959 3138 5052 nullo
3161 4959 3321 5015 modo
3345 4974 3448 5015 nec
3471 4959 3528 5015 in
3548 4960 3802 5025 animam,

2221 5064 2323 5105 nec
2336 5050 2391 5105 in
2405 5050 2665 5116 animum,
2681 5065 2785 5107 nec
2799 5051 2852 5106 in
2867 5052 3042 5122 ipsum
3058 5050 3227 5108 Deum
3241 5051 3615 5116 transituram,
3633 5068 3808 5122 qnam-

2219 5139 2305 5196 vis
2341 5140 2754 5198 resurrectionis
2781 5140 2952 5214 gloria
2994 5141 3157 5197 beata
3184 5149 3240 5197 et
3278 5141 3707 5212 incorruptibilis
3736 5142 3806 5196 sit

2223 5233 2404 5292 futura
2444 5235 2658 5291 animae
2689 5244 2746 5292 et
2783 5234 2964 5292 animo
3009 5242 3068 5291 et
3109 5235 3221 5292 Deo
3261 5233 3592 5291 adunanda?
3630 5233 3803 5290 Simili

2220 5325 2382 5381 modo
2423 5324 2492 5381 de
2529 5326 2743 5383 animae
2774 5335 2967 5382 natura
3008 5327 3282 5398 animique
3312 5340 3419 5383 non
3455 5326 3622 5384 aliter
3644 5327 3799 5383 intel-

2217 5414 2417 5473 lexisse
2437 5416 2650 5487 opinor,
2670 5431 2778 5473 non
2809 5418 3152 5485 transituras,
3173 5418 3267 5473 sed
3295 5417 3538 5489 singulas
3558 5432 3801 5490 quasque

2217 5509 2271 5563 in
2326 5508 2544 5582 propria
2601 5509 2904 5566 substantia
2960 5526 3358 5582 permansuras.
3414 5510 3601 5583 Neque
3649 5512 3793 5568 enim

527 5594 705 5654 tem,et
722 5580 864 5645 totus
883 5588 1035 5646 homo
1049 5591 1319 5662 deiﬁsetur
1332 5594 1761 5666 perinhumanati
1772 5595 1872 5651 Dei
1887 5598 2111 5666 gratiam
2212 5589 2387 5687 parva,
2416 5580 2718 5658 differentia
2739 5610 2826 5659 est
2858 5580 3000 5659 inter
3024 5604 3261 5660 animam
3290 5612 3347 5660 et
3372 5580 3636 5671 animum,
3667 5604 3793 5659 dum

1816 5686 2091 5746 vanus
2130 5686 2532 5767 LECTIONES.

605 5772 626 5805 ¹
663 5771 756 5830 Sic
780 5772 896 5843 CF;
924 5773 970 5831 Α
993 5778 1294 5839 subsistens.

530 5844 557 5872 ⁵
575 5842 856 5921 beatipm.
1047 5850 1068 5880 '
1097 5842 1653 5921 CF._epareiﬂuentes.'

1383 5785 1405 5817 ³
1430 5779 1523 5857 _Sic
1544 5779 1661 5850 CF;
1687 5782 1734 5837 A
1754 5782 1806 5857 si
1836 5782 2199 5857 intelligibiles
2237 5799 2283 5841 s.
2312 5800 2373 5857 As.
2404 5786 2440 5841 i.
2480 5785 2796 5857 adtinentur.
2853 5784 2894 5857 λθ
2933 5784 3023 5842 Sic
3058 5785 3141 5855 A;
3184 5784 3268 5842 CF
3300 5786 3526 5841 Ferrum
3550 5797 3606 5840 ut
3630 5787 3790 5844 aliud.

1750 5853 1771 5885 °
1794 5853 2129 5932 animaeotn.
2161 5855 2228 5910 A.
2259 5876 2263 5880 ’
2356 5858 2455 5932 sibi
2476 5871 2585 5932 om.
2616 5855 2722 5912 CF.
2798 5857 2821 5889 ⁸
2843 5854 2935 5914 Sic
2962 5857 3092 5924 CF.;
3116 5853 3159 5913 Α
3181 5857 3319 5923 Quid
3340 5859 3530 5932 enim,
3576 5862 3598 5893 ν
3618 5861 3794 5915 bimari

531 5925 643 5968 om.
721 5915 765 5945 "’
803 5916 847 5970 Α
871 5916 1064 6014 factus.
1143 5920 1184 5952 ¹¹
1211 5915 1302 5974 Sic
1329 5915 1444 5989 CF";
1468 5922 1507 5977 A
1534 5934 1772 5980 naturae.
1851 5927 1893 5958 ¹¹
1920 5927 2023 5981 CF.
2056 5925 2205 5980 istac.
2286 5926 2330 5958 “
2354 5926 2439 5982 CF
2468 5942 2499 5980 a
2528 5926 2659 5982 Deo.
