4028 6282
247 409 353 468 ’881

1120 406 1209 466 DE
1245 404 1585 465 DlVlSlONE
1618 388 1973 462 NATURAE.
2005 436 2075 469 ——_
2109 405 2312 464 LIBER
2347 404 2671 476 QUINTUS.

3414 407 3519 464 882

254 527 347 584 ille
366 525 513 582 circa
555 524 735 581 divina
764 524 1121 593 solummodo,
1150 524 1239 580 illa
1267 537 1399 579 vero
1435 523 1581 579 circa
1623 512 1922 587 ereatu—A
1944 524 2067 581 dam
2126 523 2455 580 adunatione
2496 523 2619 580 fons
2662 508 3156 601 unus‘manatJn
3203 523 3319 595 ipsa
3372 526 3518 581 enim

256 638 348 679 ras
383 630 682 678 moveatur.
715 621 786 677 At
825 623 870 678 si
915 623 1016 678 ista
1049 621 1130 678 sic
1151 634 1210 677 se
1246 619 1481 676 habeant
1508 629 1549 688 ι,
1574 617 1841 690 quomodo

252 731 362 773 non
386 715 802 772 contradictoris
820 714 1189 771 videbuntur?
1248 740 1251 743 λ
1469 720 1497 749 '

236 786 278 845 »³
324 808 376 864 9.
420 798 718 864 MacQCur
753 816 806 864 te
846 807 972 864 talia
1016 813 1258 874 movent,
1304 805 1552 879 multum
1578 804 1838 870 admiror,

253 900 389 957 cum
410 900 528 967 tibi,
549 907 712 971 prout
737 899 910 971 potui,
935 900 1217 965 suaserim,
1241 896 1658 971 intelligibilium
1688 905 1845 953 natu-

255 1005 441 1046 rarum
462 989 843 1047 adunationem
878 990 995 1047 fieri
1034 1005 1195 1062 posse
1235 990 1352 1046 sine
1377 989 1594 1045 cumulo
1613 998 1668 1044 et
1696 1004 1843 1045 com-

255 1082 546 1153 positione,
585 1083 1007 1155 proprietatibus
1043 1084 1349 1141 observatis
1385 1092 1441 1139 et
1479 1084 1841 1139 incommuta-

253 1173 439 1228 biliter
466 1175 828 1232 manentibus.
866 1174 993 1231 Tria
1016 1176 1220 1233 etenim
1255 1186 1400 1241 sunt,
1429 1191 1569 1247 quae
1608 1176 1662 1231 in
1693 1176 1843 1231 omni

254 1261 584 1331 substantia,
626 1265 740 1322 sive
782 1266 1101 1338 corporibus
1144 1267 1494 1334 adhaerente,
1544 1268 1658 1323 sive
1695 1266 1843 1323 omni

252 1370 485 1428 corpore
530 1358 800 1425 absoluta,
855 1361 900 1416 si
952 1367 1130 1416 tamen
1185 1359 1364 1430 aliqua
1410 1359 1711 1416 substantia
1761 1370 1846 1416 est

252 1458 474 1521 praeter
518 1452 889 1525 Deum,‘quae
922 1455 1036 1511 sive
1080 1454 1400 1527 intelligibili
1439 1455 1552 1511 sive
1599 1453 1844 1510 sensibili

251 1560 484 1617 corpore
528 1555 752 1615 careat,
794 1549 1257 1629 incommutabilia
1306 1557 1363 1606 et
1406 1547 1842 1605 inconversibilia

250 1648 598 1711 permanent,
628 1649 688 1696 ut
723 1641 778 1698 in
810 1642 1085 1713 prioribus
1127 1642 1280 1699 libris
1307 1641 1679 1713 multipliciter
1716 1656 1843 1713 per-

250 1733 538 1791 docuimus
576 1753 590 1788 :
630 1737 887 1800 essentia,
937 1735 1130 1801 virtus,
1175 1744 1231 1792 et
1277 1735 1539 1791 naturalis
1578 1734 1841 1806 operatio.

252 1822 507 1894 Nunquid
535 1826 672 1883 haec
703 1827 806 1882 tria
835 1843 1000 1882 unum
1029 1836 1176 1894 sunt,
1207 1836 1262 1883 et
1286 1841 1395 1883 non
1424 1841 1592 1882 unum
1624 1840 1843 1896 compo—

252 1921 441 1988 situm,
494 1924 589 1979 sed
637 1924 1093 1997 simplicissimum
1141 1943 1311 1983 unum
1363 1934 1418 1983 et
1465 1925 1842 1998 inseparabilis

250 2012 481 2099 unitas?
505 2013 707 2072 Horum
739 2017 885 2073 enim
914 2018 1118 2074 nullum
1148 2019 1265 2076 sine
1293 2021 1466 2079 altero
1490 2038 1611 2080 esse
1640 2031 1841 2096 potest,

250 2106 509 2174 quoniam
563 2108 723 2165 unius
766 2107 1130 2187 ejusdemque
1189 2113 1523 2170 substantiae
1574 2123 1700 2171 sunt
1737 2133 1751 2170 :
1786 2124 1843 2171 et

254 2204 435 2252 tamen
468 2198 678 2254 ratione
715 2199 957 2255 consulta
997 2201 1253 2258 nonnulla
1294 2202 1597 2260 diﬂ‘erentia
1639 2205 1844 2262 discer-

253 2302 478 2350 nuntur.
529 2294 688 2351 Aliud
728 2305 812 2352 est
854 2297 999 2354 enim
1056 2314 1198 2366 esse,
1250 2300 1395 2357 aliud
1434 2318 1593 2374 posse
1639 2305 1842 2376 aliquid

252 2382 487 2451 cllicere,
531 2384 677 2441 aliud
721 2385 838 2458 ipse
882 2387 1127 2446 eﬁ‘ectns.
1160 2391 1319 2446 Aliud
1350 2401 1435 2448 est
1473 2394 1654 2451 arbori
1699 2411 1840 2464 esse,

254 2475 401 2531 aliud
440 2491 599 2547 posse
641 2494 911 2546 crescere,
959 2480 1104 2536 aliud
1131 2496 1395 2539 crescere.
1442 2484 1602 2541 Aliud
1638 2486 1841 2544 homini

252 2577 340 2623 est
377 2583 534 2636 esse,
566 2559 710 2627 aliud
754 2587 913 2644 posse
966 2573 1299 2648 intelligere,
1347 2575 1493 2633 aliud
1543 2578 1843 2651 intelligere

253 2663 397 2733 quod
416 2671 596 2733 potest
626 2666 945 2739 intelligere.
983 2668 1052 2725 Et
1085 2671 1221 2727 haec
1250 2671 1354 2728 tria
1378 2673 1526 2729 omni
1558 2684 1843 2735 creaturae

253 2754 454 2811 visibili
489 2765 544 2812 et
573 2756 827 2815 invisibili
852 2760 1029 2817 inesse
1051 2762 1274 2819 dubium
1297 2780 1405 2820 non
1435 2774 1541 2822 est.

327 2846 416 2901 lo.
454 2848 653 2919 Accipe
683 2850 826 2907 aliud
854 2854 1163 2924 exemplum
1195 2856 1261 2911 de
1308 2858 1639 2914 adunatione
1687 2871 1843 2916 natu-

256 2954 443 2996 rarum
467 2940 584 2996 sine
602 2941 937 3011 confusione,
952 2945 1036 3001 vel
1062 2946 1316 3014 mixtura,
1330 2947 1414 3003 vel
1430 2951 1839 3021 compositione.

256 3032 396 3089 Nnm
430 3033 483 3089 in
509 3049 615 3090 una
647 3036 823 3107 specie
852 3038 1006 3093 multi
1035 3040 1245 3094 numeri
1286 3041 1671 3099 substantiales
1693 3054 1839 3112 sunt,

255 3136 310 3182 et
340 3127 393 3182 in
417 3142 524 3183 uno
551 3143 745 3199 genere
785 3130 987 3187 multae
1031 3132 1259 3202 species,
1286 3141 1343 3189 et
1372 3133 1424 3190 in
1470 3151 1576 3191 una
1606 3138 1840 3193 essentia

254 3220 423 3275 multa
450 3236 671 3293 genera,
697 3230 755 3278 et
778 3224 852 3279 ita
887 3234 1035 3292 sunt,
1078 3233 1139 3281 ut
1174 3241 1302 3282 vera
1341 3227 1531 3284 edocet
1578 3230 1735 3296 ratio,
1782 3239 1841 3286 ut

254 3312 312 3367 in
344 3327 450 3369 una
479 3314 635 3371 οὐσία
653 3316 1074 3387 unumquodque
1102 3332 1287 3388 genus
1313 3332 1373 3374 su
1385 3334 1444 3374 as
1470 3319 1716 3391 proprias
1753 3337 1843 3378 ra-

255 3404 432 3461 tiones
464 3406 761 3476 possideat,
786 3407 1009 3464 alterius
1035 3410 1250 3482 generis
1280 3411 1587 3468 rationibus
1632 3413 1841 3471 discre-

256 3502 361 3561 tas,
392 3509 569 3566 neque
592 3494 867 3564 confusas,
910 3511 1088 3568 neque
1129 3501 1344 3582 mixtas,
1374 3518 1551 3574 neque
1574 3506 1843 3575 composi-

255 3592 363 3651 tas,
411 3586 676 3643 adunatas
708 3596 915 3655 tamen,
969 3597 1151 3659 atque,
1181 3599 1239 3645 ut
1306 3591 1379 3645 ita
1427 3593 1624 3659 dicam,
1676 3611 1842 3651 unum

252 3680 562 3751 quoddam‘
617 3681 895 3753 multiplex
925 3691 982 3738 et
1007 3683 1271 3755 simplex?
1311 3684 1574 3743 Similiter
1604 3688 1672 3745 de
1720 3703 1844 3760 spe-

251 3772 441 3829 ciebus
473 3773 526 3827 in
570 3788 788 3844 genere,
835 3781 891 3830 et
938 3774 1004 3831 de
1057 3776 1298 3833 numeris
1346 3778 1748 3848 specialissimis
1785 3780 1839 3837 in

253 3866 438 3937 specie
483 3867 885 3939 intelligendum
937 3876 1042 3925 est.
1097 3868 1301 3926 Horum
1347 3884 1581 3942 namque
1632 3871 1841 3944 singula

250 3972 500 4029 quaeque
525 3967 579 4014 et
603 3960 987 4031 proprietatem
1017 3976 1168 4017 suam
1195 3969 1250 4017 et
1283 3962 1662 4018 adunationem
1709 3978 1840 4033 pos-

252 4048 452 4114 sident,
474 4050 621 4104 omni
662 4051 1047 4123 compositione
1079 4060 1303 4106 remota.
1344 4049 1502 4106 Aliud
1532 4051 1837 4122 exemplum

253 4127 471 4198 intuere
490 4157 556 4197 ex
586 4143 827 4198 numeris
855 4143 1082 4199 materia
1106 4143 1390 4198 absolutis.
1426 4141 1616 4199 Nonne
1643 4150 1840 4200 omnes

251 4234 469 4290 numeri
498 4234 612 4290 sive
659 4234 798 4290 finiti
828 4236 943 4291 sive
987 4234 1205 4301 infiniti,
1248 4235 1352 4292 hoc
1380 4243 1487 4301 est,
1523 4234 1640 4291 sive
1669 4234 1839 4291 ratio-

251 4327 343 4382 nis
384 4313 926 4398 contemplationibus
977 4338 1033 4384 et
1080 4327 1540 4384 nominationibus
1591 4343 1839 4400 compre-

249 4416 571 4485 hensibiles,
595 4417 710 4475 sive
743 4419 1010 4475 humanae
1035 4419 1212 4476 adhuc
1253 4420 1306 4475 in
1333 4420 1437 4476 hac
1454 4420 1568 4476 vita
1590 4429 1837 4476 contem-

251 4509 509 4582 plationis
544 4519 600 4567 et
641 4512 1072 4569 ratiocinationis
1100 4513 1355 4571 virtutem
1402 4522 1741 4585 superantes,
1780 4514 1835 4570 in

1940 617 2183 674 binarius
2211 626 2267 674 et
2295 616 2566 673 ternarius
2602 630 2769 672 unum
2798 624 2944 683 sunt,
2970 624 3026 673 et
3067 617 3316 689 proprias
3355 616 3521 673 ratio-

1922 703 2041 768 'nes
2082 711 2422 787 custodiunt,
2450 723 2557 780 qua
2606 708 2628 742 ³
2675 708 2779 765 sibi
2825 709 3057 766 invicem
3098 699 3429 766 conveniunt
3463 708 3519 779 ⁸,

1941 801 2144 874 absque
2164 801 2271 857 ulla
2305 800 2447 857 mole
2471 814 2758 883 corporea,
2790 800 3011 882 absque
3030 799 3139 883 ulla
3163 800 3521 858 humanarum

1941 897 2327 970 cogitationum
2349 880 2634 969 phantasia
2660 909 2754 952 seu
2780 880 3182 967 phantasmate,
3218 912 3312 952 seu
3352 897 3526 968 phan-

1942 990 2114 1047 tasiae
2149 998 2204 1045 et
2226 989 2620 1061 phantasmatis
2641 986 3007 1058 capulatione,
3035 986 3128 1043 sed
3152 987 3269 1044 solo
3288 988 3524 1060 simplici

1941 1093 1999 1141 et
2042 1083 2367 1156 intelligibili
2428 1082 2705 1139 intellectu
2746 1081 3050 1138 subsistunt
3077 1120 3094 1148 ,
3142 1080 3285 1137 unde
3334 1082 3387 1136 in
3436 1097 3528 1138 res

1927 1172 2231 1249 'eorporeas
2253 1175 2368 1232 sive
2389 1174 2739 1244 incorporeas
2779 1172 3085 1244 procedunt
3123 1179 3249 1227 actu
3283 1180 3339 1226 et
3362 1184 3527 1241 opere

1942 1284 2039 1326 seu
2088 1277 2312 1323 naturae
2334 1266 2376 1333 ',
2427 1266 2532 1322 hoc
2577 1273 2685 1333 est,
2726 1279 2820 1320 seu
2848 1262 3084 1319 naturali
3117 1277 3212 1319 seu
3254 1261 3527 1318 artificiali

1942 1361 2255 1433 operatione
2307 1359 2362 1427 ⁸,
2424 1374 2520 1415 seu
2573 1357 2971 1414 arithmeticae.
3022 1354 3141 1412 Non
3193 1354 3381 1422 aliter,
3434 1354 3529 1409 sed

1942 1453 2132 1510 eadem
2170 1451 2381 1508 ratione
2419 1450 2486 1508 de
2513 1449 2766 1507 omnibus
2807 1448 3055 1504 numeris
3079 1462 3112 1503 a
3141 1446 3375 1503 monade
3401 1460 3531 1516 pro-

1943 1546 2335 1619 gredientibus,
2358 1552 2416 1601 et
2442 1543 2499 1601 in
2542 1543 2772 1601 eandem
2797 1541 3053 1599 resolutis
3088 1540 3521 1618 intelligendum.

1943 1637 2084 1706 Quid
2127 1637 2208 1714 de,
2240 1643 2440 1712 puncto
2502 1634 2810 1702 dicendum,
2868 1649 2900 1689 a
2957 1646 3067 1704 quo
3109 1646 3300 1695 omnes
3354 1631 3530 1686 lineae

1942 1730 2317 1803 egrediuntur,
2359 1738 2416 1784 et
2442 1727 2499 1784 in
2525 1726 2667 1798 quod
2698 1725 3067 1803 resolvuntur,
3106 1731 3163 1781 et
3191 1724 3245 1780 in
3276 1738 3342 1780 eo
3363 1738 3530 1778 unum

1947 1831 2096 1890 sunt,
2128 1837 2305 1893 neque
2334 1820 2466 1877 illud
2494 1835 2660 1876 unum
2707 1819 3092 1891 compositum,
3138 1815 3233 1873 sed
3269 1831 3335 1874 ex
3361 1816 3530 1872 ratio-

1946 1918 2105 1972 nibus
2130 1914 2360 1972 diversis
2381 1913 2713 1970 adunatum?
2741 1911 2852 1969 Nec
2881 1911 3067 1966 talium
3092 1908 3338 1981 exempla
3365 1909 3529 1964 etiam

1944 2010 1999 2066 in
2024 2009 2186 2065 rebus
2225 2007 2576 2064 sensibilibus
2602 2006 2821 2062 desunt.
2868 2002 2986 2058 Non
3032 2000 3280 2074 negabis,
3310 2009 3370 2055 ut
3411 2000 3530 2056 exi-

1944 2104 2127 2165 stimo,
2177 2084 2458 2157 oculorum
2500 2097 2692 2154 radios
2718 2138 2734 2164 ,
2778 2093 3202 2163 caelestiumque
3244 2105 3531 2162 corporum

1943 2193 2201 2265 fulgores,
2230 2174 2646 2262 ceterorumque
2676 2187 3026 2244 luminarium
3057 2183 3342 2241 sensibiles
3368 2192 3532 2254 atque

1943 2300 2237 2358 corporeos
2262 2299 2405 2341 esse.
2441 2284 2588 2339 Dtsc.
2619 2281 2752 2351 Quis
2779 2278 3033 2352 negarit?
3060 2276 3118 2333 Si
3137 2277 3282 2333 enim
3305 2275 3536 2331 lumina-

1942 2380 2084 2436 rium
2119 2377 2374 2449 splendor
2400 2389 2699 2447 corporeus
2740 2382 2848 2441 est,
2888 2387 2989 2429 cur
3018 2386 3127 2427 non
3155 2370 3319 2427 etiam
3351 2368 3537 2425 oculo-

1942 2473 2112 2529 rum?
2141 2471 2277 2528 Nam
2315 2470 2568 2527 fortassis
2599 2469 2719 2525 loca
2759 2482 2867 2523 non
2915 2465 3227 2538 implerent,
3273 2471 3330 2519 et
3354 2462 3537 2518 locali-

1942 2577 2028 2622 ter
2062 2580 2170 2621 nou
2225 2564 2661 2636 porrigerentur,
2713 2561 2759 2616 si
2808 2560 3116 2631 corporales
3171 2573 3279 2613 non
3329 2564 3532 2611 essent.

1941 2659 2083 2716 MAG.
2119 2658 2235 2731 Age
2270 2658 2384 2730 jam
2415 2657 2459 2721 ",
2500 2652 2623 2711 ‘sive
2666 2653 2759 2708 lux
2787 2652 3066 2709 oculorum
3095 2658 3151 2729 et
3189 2647 3535 2704 luminarium

1942 2769 2203 2825 corporea
2247 2752 2338 2817 sit,
2372 2749 2458 2806 vel
2500 2764 2622 2830 non_
2649 2748 2753 2813 sit,
2794 2745 3106 2803 sensibilem
3152 2744 3175 2778 ⁸
3217 2755 3338 2798 esse
3374 2754 3537 2796 nemo

1943 2846 2240 2918 denegarit.
2295 2843 2413 2899 DIC.
2468 2840 2660 2898 Nemo.
2734 2837 2864 2917 Sed,
2900 2851 3095 2908 quare‘
3131 2833 3413 2898 haesitas,
3472 2847 3537 2921 ac

1940 2938 2108 2995 veluti
2163 2935 2360 2991 dubius
2402 2933 2606 2989 videris
2656 2931 2725 2988 de
2771 2930 2913 2994 luce,
2955 2936 3138 2984 utrum
3192 2939 3389 2997 corpus
3439 2923 3533 2993 sit,

1942 3049 2010 3088 an
2050 3030 2200 3087 non?
2235 3029 2414 3100 Atque
2458 3027 2581 3085 ideo
2619 3025 2783 3084 velim
2818 3032 3026 3081 certam
3059 3021 3187 3078 inde
3212 3018 3535 3077 sententiam

1941 3124 2148 3181 audire.
2468 3130 2482 3145 '

2018 3218 2105 3272 ll.
2147 3214 2288 3272 ΜΑς.
2330 3213 2408 3270 De
2451 3211 2662 3268 ratione
2684 3209 2823 3266 lucis
2852 3223 2998 3265 nunc
3036 3221 3145 3263 non
3188 3204 3409 3279 agitur:
3441 3206 3547 3260 sed-

1946 3308 2078 3381 quid
2097 3306 2166 3364 de
2193 3307 2309 3377 ipsa
2339 3303 2533 3368 sentio,
2564 3301 2822 3373 quoniam
2865 3315 2898 3355 a
2943 3313 3030 3355 me
3055 3297 3252 3369 exigis,
3293 3294 3534 3352 breviter

1945 3401 2143 3457 dicam.
2180 3398 2238 3453 In
2269 3388 2464 3453 natura
2504 3407 2689 3450 rerum
2725 3391 2829 3448 tria
2873 3387 3213 3445 rationabilis
3254 3384 3535 3457 inquisitio

1944 3492 2171 3549 invenit.
2221 3488 2395 3549 Omne
2421 3487 2588 3553 enim,
2620 3485 2765 3557 quod
2803 3493 2909 3551 est,
2942 3490 3038 3539 aut
3066 3484 3410 3552 corpus'est,
3441 3487 3537 3535 aut

1946 3586 2345 3656 incorporeum,
2374 3589 2467 3636 aut
2496 3579 2757 3645 medium,
2798 3576 2944 3649 quod
2982 3574 3267 3648 corporale
3305 3573 3525 3638 dicitur,

1945 3689 2002 3735 et
2040 3691 2215 3748 neque
2240 3668 2437 3745 Corpus
2464 3680 2581 3740 est,
2607 3686 2782 3742 neque
2812 3670 3213 3740 incorporeum,
3242 3666 3297 3722 in
3338 3680 3536 3735 corpo-

1945 3771 2096 3826 ribus
2123 3776 2300 3823 tamen
2324 3766 2578 3831 sentitur,
2607 3773 2664 3820 et
2686 3771 2975 3836 propterea
3007 3759 3291 3833 corporale
3315 3758 3532 3814 dicitur.

1947 3861 2017 3919 Et
2049 3868 2133 3917 est
2176 3859 2393 3931 quidem
2418 3857 2440 3889 °
2472 3871 2670 3929 corpus
2698 3871 2882 3923 omne,
2904 3855 3050 3927 quod
3090 3851 3447 3924 longitudine,
3480 3858 3538 3904 et

1947 3952 2257 4017 latitudine,
2305 3959 2362 4006 et
2405 3948 2691 4005 altitudine
2738 3947 3076 4011 extenditur,
3123 3944 3239 4000 sive
3285 3939 3535 3998 naturale

1947 4045 2040 4112 sit,
2069 4043 2186 4100 sive
2210 4034 2623 4114 geometricum.
2648 4038 3032 4110 lncorporeum
3058 4043 3144 4091 est
3161 4047 3347 4099 omne,
3369 4030 3537 4101 quod-

1945 4151 2161 4207 cunque
2200 4133 2496 4207 praedictis
2554 4131 2747 4204 spatiis
2808 4129 3031 4188 omnino
3097 4135 3266 4193 caret,
3332 4131 3391 4179 ut
3451 4129 3536 4179 est

1944 4231 2079 4297 vita,
2108 4228 2255 4284 omni
2297 4227 2525 4283 materia
2578 4240 2793 4281 carens.
2848 4221 3142 4293 Corporale
3184 4234 3313 4277 vero
3340 4226 3447 4284 est,
3476 4225 3539 4272 ut

1945 4323 2117 4389 color,
2149 4330 2206 4378 et
2233 4320 2430 4385 forma,
2460 4327 2517 4375 et
2541 4315 2763 4383 similia,
2794 4328 2934 4386 quae
2962 4327 3138 4385 neque
3161 4324 3362 4382 corpus
3387 4317 3532 4374 sunt,

1944 4413 2071 4486 quia
2098 4412 2244 4468 circa
2270 4423 2501 4481 corpora
2542 4405 2940 4479 intelliguntur,
2988 4417 3168 4474 neque
3213 4401 3535 4470 incorporea

1944 4515 2093 4574 sunt,
2117 4505 2244 4576 quia
2285 4517 2503 4575 semper
2553 4499 2874 4572 corporibus
2924 4497 3244 4555 adhaerent.
3299 4493 3357 4551 Si
3405 4505 3537 4564 ergo

252 4601 491 4659 monade
518 4594 693 4660 unum"
725 4605 1069 4661 subsistunt?
1093 4605 1161 4661 Et
1199 4606 1419 4677 quidem
1447 4607 1500 4663 in
1542 4607 1659 4678 ipsa
1688 4607 1835 4663 nulla
1868 4639 1917 4700 υ
1946 4602 2037 4657 lux
2074 4600 2224 4657 color
2251 4607 2355 4665 est,
2384 4607 2440 4653 et
2470 4596 2674 4653 formas
2717 4609 2901 4651 rerum
2931 4591 3275 4649 sensibilium
3305 4588 3532 4661 detegit,

250 4704 607 4752 numerorum
648 4697 985 4769 compositio.
1023 4699 1111 4755 vel
1159 4699 1423 4765 confusio,
1475 4700 1559 4757 vel
1600 4701 1835 4757 mixtura

250 4802 605 4844 numerorum
628 4798 711 4846 est
735 4808 748 4844 :
769 4790 964 4863 singuli
991 4799 1172 4847 autem
1197 4807 1326 4847 suas
1347 4791 1648 4863 singulares
1675 4794 1845 4850 ratio-

252 4890 357 4934 nes
388 4878 444 4934 in
499 4893 566 4936 ea
606 4879 658 4934 vi
704 4889 759 4936 et
814 4888 1081 4953 potestate
1126 4882 1459 4938 custodiunt.
1503 4883 1635 4952 Quis
1695 4885 1838 4940 enim

252 4977 407 5025 recte
449 4969 838 5042 disputantium
870 4972 1091 5040 dixerit,
1129 4973 1402 5029 binarium
1443 4990 1728 5031 numerum
1756 4977 1841 5033 vel

253 5059 555 5117 ternarium
584 5063 639 5117 in
688 5064 918 5119 monade
943 5064 1274 5136 compositos
1300 5079 1443 5132 esse,
1484 5066 1559 5121 ita
1590 5074 1650 5121 ut
1690 5068 1841 5125 bina-

251 5152 374 5206 rius
421 5150 476 5207 in
518 5166 583 5208 ea
628 5153 715 5210 bis
762 5154 1012 5226 singulis,
1065 5164 1120 5211 et
1171 5157 1444 5212 ternarius
1489 5166 1574 5213 ter
1614 5160 1841 5232 singulis

250 5242 561 5299 subsistat?
587 5243 645 5301 Si
674 5247 818 5302 enim
845 5248 949 5304 hoc
977 5247 1152 5315 fleret,
1183 5264 1291 5304 non
1318 5259 1466 5307 esset
1501 5268 1708 5321 monas,
1747 5256 1842 5311 sed

250 5334 551 5392 multarum
593 5337 969 5395 diversitatum
1021 5348 1076 5396 et
1104 5341 1341 5411 partium
1383 5345 1747 5415 exaggeratio,
1787 5355 1845 5402 et

248 5428 674 5501 discrepantium
747 5449 1097 5490 numerorum
1152 5435 1418 5492 cumulus.
1504 5436 1600 5493 Est
1665 5447 1842 5496 autem

1943 4693 2072 4765 quid
2112 4691 2357 4763 impedit,
2393 4702 2463 4745 ne
2488 4688 2724 4756 dicatur,
2755 4700 2932 4756 neque
2956 4698 3159 4756 corpus
3188 4696 3330 4749 esse,
3360 4694 3538 4751 neque

1942 4788 2340 4856 incorporeum,
2373 4783 2466 4839 sed
2493 4781 2728 4839 medium
2761 4781 3053 4851 quoddam,
3086 4778 3231 4850 quod
3253 4774 3537 4848 corporale

1943 4877 2145 4934 dicitur
2173 4884 2337 4947 atque
2357 4872 2655 4930 sensibile?
2686 4872 2833 4927 Disc.
2864 4870 3000 4927 Redi
3029 4870 3099 4927 ad
3149 4868 3489 4942 propositum
3516 4885 3530 4922 :

1943 4984 2121 5041 neque
2147 4967 2290 5024 enim
2331 4967 2378 5001 ¹⁰
2412 4966 2503 5022 hic
2551 4965 2755 5021 diutius
2796 4964 3214 5020 immorandum.
3260 4958 3537 5016 Facillime

1946 5060 2147 5133 quippe
2188 5057 2540 5124 crediderim,
2572 5056 2751 5112 lumen
2794 5054 3076 5111 oculorum
3103 5067 3198 5109 seu
3228 5059 3531 5106 ceterorum

1946 5158 2294 5216 luminarium
2321 5157 2556 5213 colorem
2581 5169 2721 5221 esse,
2742 5163 2797 5210 ct
2817 5168 2992 5225 neque
3025 5165 3220 5223 corpus
3247 5164 3424 5221 neque
3447 5147 3536 5203 in-

1948 5268 2289 5326 corporeum.
2308 5251 2414 5308 Sed
2443 5252 2620 5307 adhuc
2637 5264 2744 5306 non
2767 5252 2900 5305 satis
2922 5247 3080 5303 video
3099 5287 3115 5312 ,
3136 5253 3320 5301 utrum
3343 5241 3432 5299 ille
3454 5258 3539 5297 ra-

1948 5349 2093 5411 dius,
2120 5345 2270 5403 verbi
2294 5346 2493 5418 gratia,
2536 5342 2748 5410 solaris,
2773 5341 2861 5398 vel
2886 5340 3165 5397 oculorum
3197 5334 3533 5401 animalium,

1947 5457 2143 5513 corpus
2164 5438 2431 5511 quoddam
2454 5438 2542 5502 sit,
2570 5452 2638 5492 an
2655 5434 2961 5506 corporale,
2989 5448 3055 5489 ac
3084 5430 3421 5488 solummodo
3446 5443 3541 5483 co-

251 5535 471 5590 monas,
510 5523 566 5580 in
599 5538 706 5596 qua
739 5524 983 5583 omnium
1029 5541 1378 5584 numerorum
1427 5527 1663 5585 mirabili
1711 5545 1846 5601 qua-
1945 5533 2428 5603 lorcircacorpora
2452 5528 2725 5588 sensibilis
2750 5547 2764 5584 :
2789 5525 3260 5601 ideoquedellnias
3278 5523 3536 5598 optarim,

1545 5638 1803 5698 VARIAE
1838 5644 2240 5703 LECTIONES.

260 5756 349 5814 ,ῖί
372 5749 467 5807 Sic
488 5748 595 5811 CF.
618 5768 633 5819 ;
656 5751 700 5806 A
725 5751 934 5808 habent.
976 5740 1032 5785 ’³
1061 5752 1144 5810 CF

248 5894 278 5928 ν
308 5894 519 5967 quidem
543 5910 650 5951 om.
684 5896 750 5954 A.
830 5896 875 5928 ¹⁰
900 5896 1039 5952 enim
1081 5911 1190 5953 om.
1222 5896 1290 5952 A.

710 5752 934 5831 Inopem.
1010 5754 1032 5785 ³
1061 5752 1144 5810 CF
1189 5752 1464 5831 quiddam.
1541 5752 1563 5785 ³
1590 5752 1684 5831 Sic
1706 5755 1792 5831 βε
1811 5757 1902 5831 ;__A
1925 5775 2080 5831 quae.

250 5822 452 5901 9F;_A
479 5828 713 5901 natura._'
789 5823 811 5855 ⁸
833 5825 937 5901 hoc
957 5833 1033 5901 est
1061 5841 1151 5879 seu
1170 5822 1404 5901 naturali
1444 5841 1532 5882 seu
1579 5827 1854 5897 artiﬁciali
1895 5822 2197 5901 operatione
2224 5822 2334 5888 out.
2383 5828 2489 5885 Cl".

2182 5758 2204 5791 ⁸
2234 5758 2352 5830 fons
2395 5773 2529 5830 unus
2556 5754 3037 5830 esti—conueniunt
3081 5750 3283 5830 om._C.
3386 5750 3535 5830 {Sic

2591 5828 2612 5860 ⁷
2633 5827 2750 5899 jam
2790 5842 2899 5884 om.
2945 5827 3012 5881 A.
3134 5825 3155 5857 ⁸
3183 5824 3226 5879 Α
3271 5822 3535 5883 sensibile.
