  <div class='ocr_page' id='page_1' title='image "/cluster/home/n/w/nwhite01/storage/ocr_20150623/122/hvd.32044015471659/479.png"; bbox 0 0 4028 6282; ppageno 0'>
   <div class='ocr_carea' id='block_1_1' title="bbox 525 358 629 427">
    <p class='ocr_par' dir='ltr' id='par_1_1' title="bbox 525 358 629 427">
     <span class='ocr_line' id='line_1_1' title="bbox 525 358 629 427; baseline -0.048 -12"><span class='ocrx_word' id='word_1_1' title='bbox 525 358 629 427; x_wconf 70' lang='lat' dir='ltr'><strong>ass</strong></span> 
     </span>
    </p>
   </div>
   <div class='ocr_carea' id='block_1_2' title="bbox 1910 344 2429 405">
    <p class='ocr_par' dir='ltr' id='par_1_2' title="bbox 1910 344 2429 405">
     <span class='ocr_line' id='line_1_2' title="bbox 1910 344 2429 405; baseline -0.004 -1"><span class='ocrx_word' id='word_1_2' title='bbox 1910 344 2195 405; x_wconf 80' lang='lat' dir='ltr'><strong>JOANNIS</strong></span> <span class='ocrx_word' id='word_1_3' title='bbox 2235 345 2429 403; x_wconf 83' lang='lat' dir='ltr'><strong>SCOTI</strong></span> 
     </span>
    </p>
   </div>
   <div class='ocr_carea' id='block_1_3' title="bbox 506 464 3806 546">
    <p class='ocr_par' dir='ltr' id='par_1_3' title="bbox 506 464 3806 546">
     <span class='ocr_line' id='line_1_3' title="bbox 506 464 3806 546; baseline 0.003 -19"><span class='ocrx_word' id='word_1_4' title='bbox 506 473 649 546; x_wconf 80' lang='lat' dir='ltr'><strong>quid</strong></span> <span class='ocrx_word' id='word_1_5' title='bbox 682 472 753 541; x_wconf 82' lang='lat' dir='ltr'><strong>sit</strong></span> <span class='ocrx_word' id='word_1_6' title='bbox 783 471 983 528; x_wconf 83' lang='lat' dir='ltr'><strong>radius.</strong></span> <span class='ocrx_word' id='word_1_7' title='bbox 1011 469 1151 529; x_wconf 65' lang='lat' dir='ltr'><strong>Msa.</strong></span> <span class='ocrx_word' id='word_1_8' title='bbox 1177 469 1386 526; x_wconf 81' lang='lat' dir='ltr'><strong>Radius</strong></span> <span class='ocrx_word' id='word_1_9' title='bbox 1422 474 1525 535; x_wconf 79' lang='lat' dir='ltr'><strong>est,</strong></span> <span class='ocrx_word' id='word_1_10' title='bbox 1556 475 1617 523; x_wconf 90' lang='lat' dir='ltr'><strong>ut</strong></span> <span class='ocrx_word' id='word_1_11' title='bbox 1646 467 1857 538; x_wconf 93' lang='lat' dir='ltr'><strong>opinor,</strong></span> <span class='ocrx_word' id='word_1_12' title='bbox 1888 465 2105 535; x_wconf 81' lang='lat' dir='ltr'><strong>igneum</strong></span> <span class='ocrx_word' id='word_1_13' title='bbox 2133 465 2187 526; x_wconf 81' lang='grc' dir='ltr'><strong>Δ</strong></span> <span class='ocrx_word' id='word_1_14' title='bbox 2215 472 2321 519; x_wconf 76' lang='grc' dir='ltr'><strong><em>ιϐιη</em></strong></span> <span class='ocrx_word' id='word_1_15' title='bbox 2373 464 2680 521; x_wconf 70' lang='grc' dir='ltr'><strong><em>ῐθεοινὶιιιΐο</em></strong></span> <span class='ocrx_word' id='word_1_16' title='bbox 2726 464 2825 521; x_wconf 74' lang='lat' dir='ltr'><strong>“is</strong></span> <span class='ocrx_word' id='word_1_17' title='bbox 2870 465 3053 537; x_wconf 75' lang='lat' dir='ltr'><strong>itaque</strong></span> <span class='ocrx_word' id='word_1_18' title='bbox 3079 474 3244 538; x_wconf 74' lang='lat' dir='ltr'><strong>atque</strong></span> <span class='ocrx_word' id='word_1_19' title='bbox 3276 466 3588 539; x_wconf 61' lang='grc' dir='ltr'><strong>Νικαιωῶ</strong></span> <span class='ocrx_word' id='word_1_20' title='bbox 3616 482 3806 526; x_wconf 61' lang='lat' dir='ltr'><strong>rerum</strong></span> 
     </span>
    </p>
   </div>
   <div class='ocr_carea' id='block_1_4' title="bbox 522 559 2108 640">
    <p class='ocr_par' dir='ltr' id='par_1_4' title="bbox 522 559 2108 640">
     <span class='ocr_line' id='line_1_4' title="bbox 522 559 2108 640; baseline -0.006 -18"><span class='ocrx_word' id='word_1_21' title='bbox 522 568 803 640; x_wconf 81' lang='lat' dir='ltr'><strong>quiddam,</strong></span> <span class='ocrx_word' id='word_1_22' title='bbox 828 566 1083 639; x_wconf 78' lang='lat' dir='ltr'><strong>simplex,</strong></span> <span class='ocrx_word' id='word_1_23' title='bbox 1116 564 1520 631; x_wconf 85' lang='lat' dir='ltr'><strong>tenuissimum,</strong></span> <span class='ocrx_word' id='word_1_24' title='bbox 1545 577 1760 634; x_wconf 88' lang='lat' dir='ltr'><strong>purum,</strong></span> <span class='ocrx_word' id='word_1_25' title='bbox 1788 559 1968 625; x_wconf 79' lang='lat' dir='ltr'><strong>velox,</strong></span> <span class='ocrx_word' id='word_1_26' title='bbox 1995 573 2108 613; x_wconf 92' lang='lat' dir='ltr'><strong>mo-</strong></span> 
     </span>
    </p>
   </div>
   <div class='ocr_carea' id='block_1_5' title="bbox 521 652 2108 729">
    <p class='ocr_par' dir='ltr' id='par_1_5' title="bbox 521 652 2108 729">
     <span class='ocr_line' id='line_1_5' title="bbox 521 652 2108 729; baseline -0.006 -13"><span class='ocrx_word' id='word_1_27' title='bbox 521 661 648 726; x_wconf 91' lang='lat' dir='ltr'><strong>bile,</strong></span> <span class='ocrx_word' id='word_1_28' title='bbox 677 657 977 725; x_wconf 80' lang='lat' dir='ltr'><strong>lucilluum,</strong></span> <span class='ocrx_word' id='word_1_29' title='bbox 1001 674 1069 715; x_wconf 76' lang='lat' dir='ltr'><strong>ex.</strong></span> <span class='ocrx_word' id='word_1_30' title='bbox 1107 674 1216 728; x_wconf 90' lang='lat' dir='ltr'><strong>quo</strong></span> <span class='ocrx_word' id='word_1_31' title='bbox 1249 657 1503 729; x_wconf 80' lang='lat' dir='ltr'><strong>splendor</strong></span> <span class='ocrx_word' id='word_1_32' title='bbox 1548 655 1848 727; x_wconf 83' lang='lat' dir='ltr'><strong>procedens</strong></span> <span class='ocrx_word' id='word_1_33' title='bbox 1892 652 2009 707; x_wconf 89' lang='lat' dir='ltr'><strong>loca</strong></span> <span class='ocrx_word' id='word_1_34' title='bbox 2052 658 2108 707; x_wconf 89' lang='lat' dir='ltr'><strong>et</strong></span> 
     </span>
    </p>
   </div>
   <div class='ocr_carea' id='block_1_6' title="bbox 521 742 2100 821">
    <p class='ocr_par' dir='ltr' id='par_1_6' title="bbox 521 742 2100 821">
     <span class='ocr_line' id='line_1_6' title="bbox 521 742 2100 821; baseline -0.008 -14"><span class='ocrx_word' id='word_1_35' title='bbox 521 764 775 820; x_wconf 84' lang='lat' dir='ltr'><strong>corpora,</strong></span> <span class='ocrx_word' id='word_1_36' title='bbox 818 763 958 821; x_wconf 72' lang='lat' dir='ltr'><strong>quae</strong></span> <span class='ocrx_word' id='word_1_37' title='bbox 999 756 1271 817; x_wconf 89' lang='lat' dir='ltr'><strong>penetrat,</strong></span> <span class='ocrx_word' id='word_1_38' title='bbox 1306 745 1578 801; x_wconf 78' lang='lat' dir='ltr'><strong>illuminat</strong></span> <span class='ocrx_word' id='word_1_39' title='bbox 1628 754 1793 816; x_wconf 88' lang='lat' dir='ltr'><strong>atque</strong></span> <span class='ocrx_word' id='word_1_40' title='bbox 1839 742 2100 817; x_wconf 80' lang='lat' dir='ltr'><strong>declarat.</strong></span> 
     </span>
    </p>
   </div>
   <div class='ocr_carea' id='block_1_7' title="bbox 504 818 2102 909">
    <p class='ocr_par' dir='ltr' id='par_1_7' title="bbox 504 818 2102 909">
     <span class='ocr_line' id='line_1_7' title="bbox 504 818 2102 909; baseline -0.004 -13"><span class='ocrx_word' id='word_1_41' title='bbox 504 818 666 898; x_wconf 24' lang='lat' dir='ltr'><strong>&#39;Disc.</strong></span> <span class='ocrx_word' id='word_1_42' title='bbox 685 818 849 899; x_wconf 75' lang='lat' dir='ltr'><strong>Talis</strong></span> <span class='ocrx_word' id='word_1_43' title='bbox 859 840 1103 897; x_wconf 80' lang='lat' dir='ltr'><strong>deﬁnitio</strong></span> <span class='ocrx_word' id='word_1_44' title='bbox 1124 839 1438 897; x_wconf 88' lang='lat' dir='ltr'><strong>verisimilis</strong></span> <span class='ocrx_word' id='word_1_45' title='bbox 1461 839 1692 894; x_wconf 81' lang='lat' dir='ltr'><strong>videtur.</strong></span> <span class='ocrx_word' id='word_1_46' title='bbox 1724 837 1829 893; x_wconf 91' lang='lat' dir='ltr'><strong>Sed</strong></span> <span class='ocrx_word' id='word_1_47' title='bbox 1848 850 2102 909; x_wconf 86' lang='lat' dir='ltr'><strong>quorsum</strong></span> 
     </span>
    </p>
   </div>
   <div class='ocr_carea' id='block_1_8' title="bbox 524 931 813 993">
    <p class='ocr_par' dir='ltr' id='par_1_8' title="bbox 524 931 813 993">
     <span class='ocr_line' id='line_1_8' title="bbox 524 931 813 993; baseline 0.024 -7"><span class='ocrx_word' id='word_1_48' title='bbox 524 931 693 987; x_wconf 87' lang='lat' dir='ltr'><strong>istaec</strong></span> <span class='ocrx_word' id='word_1_49' title='bbox 718 931 778 985; x_wconf 66' lang='lat'><strong>‘?</strong></span> <span class='ocrx_word' id='word_1_50' title='bbox 810 992 813 993; x_wconf 30' lang='grc' dir='ltr'><em>ν</em></span> 
     </span>
    </p>
   </div>
   <div class='ocr_carea' id='block_1_9' title="bbox 594 1007 2105 1092">
    <p class='ocr_par' dir='ltr' id='par_1_9' title="bbox 594 1007 2105 1092">
     <span class='ocr_line' id='line_1_9' title="bbox 594 1007 2105 1092; baseline -0.001 -16"><span class='ocrx_word' id='word_1_51' title='bbox 594 1007 681 1077; x_wconf 70' lang='grc'><strong>12.</strong></span> <span class='ocrx_word' id='word_1_52' title='bbox 723 1023 864 1079; x_wconf 71' lang='lat' dir='ltr'><strong>Mm.</strong></span> <span class='ocrx_word' id='word_1_53' title='bbox 907 1021 1024 1078; x_wconf 86' lang='lat' dir='ltr'><strong>Non</strong></span> <span class='ocrx_word' id='word_1_54' title='bbox 1057 1023 1337 1088; x_wconf 80' lang='lat' dir='ltr'><strong>aliorsum,</strong></span> <span class='ocrx_word' id='word_1_55' title='bbox 1391 1021 1496 1078; x_wconf 91' lang='lat' dir='ltr'><strong>nisi</strong></span> <span class='ocrx_word' id='word_1_56' title='bbox 1537 1030 1597 1077; x_wconf 93' lang='lat' dir='ltr'><strong>ut</strong></span> <span class='ocrx_word' id='word_1_57' title='bbox 1632 1020 1928 1092; x_wconf 84' lang='lat' dir='ltr'><strong>intelligas,</strong></span> <span class='ocrx_word' id='word_1_58' title='bbox 1969 1035 2105 1091; x_wconf 57' lang='lat' dir='ltr'><strong>quo.</strong></span> 
     </span>
    </p>
   </div>
   <div class='ocr_carea' id='block_1_10' title="bbox 522 1092 2102 1181">
    <p class='ocr_par' dir='ltr' id='par_1_10' title="bbox 522 1092 2102 1181">
     <span class='ocr_line' id='line_1_10' title="bbox 522 1092 2102 1181; baseline -0.001 -11"><span class='ocrx_word' id='word_1_59' title='bbox 522 1116 684 1170; x_wconf 89' lang='lat' dir='ltr'><strong>modo</strong></span> <span class='ocrx_word' id='word_1_60' title='bbox 707 1116 728 1147; x_wconf 79' lang='grc'><strong><em>⁸</em></strong></span> <span class='ocrx_word' id='word_1_61' title='bbox 756 1092 1051 1172; x_wconf 78' lang='lat' dir='ltr'><strong>multorum</strong></span> <span class='ocrx_word' id='word_1_62' title='bbox 1094 1124 1151 1172; x_wconf 92' lang='lat' dir='ltr'><strong>et</strong></span> <span class='ocrx_word' id='word_1_63' title='bbox 1179 1115 1648 1171; x_wconf 88' lang='lat' dir='ltr'><strong>innumerabilium</strong></span> <span class='ocrx_word' id='word_1_64' title='bbox 1675 1115 1974 1181; x_wconf 84' lang='lat' dir='ltr'><strong>hominum,</strong></span> <span class='ocrx_word' id='word_1_65' title='bbox 2007 1130 2102 1170; x_wconf 88' lang='lat' dir='ltr'><strong>seu</strong></span> 
     </span>
    </p>
   </div>
   <div class='ocr_carea' id='block_1_11' title="bbox 520 1204 2102 1278">
    <p class='ocr_par' dir='ltr' id='par_1_11' title="bbox 520 1204 2102 1278">
     <span class='ocr_line' id='line_1_11' title="bbox 520 1204 2102 1278; baseline -0.002 -15"><span class='ocrx_word' id='word_1_66' title='bbox 520 1216 829 1263; x_wconf 90' lang='lat' dir='ltr'><strong>ceterorum</strong></span> <span class='ocrx_word' id='word_1_67' title='bbox 874 1208 1226 1273; x_wconf 89' lang='lat' dir='ltr'><strong>animalium,</strong></span> <span class='ocrx_word' id='word_1_68' title='bbox 1279 1204 1497 1263; x_wconf 85' lang='lat' dir='ltr'><strong>videndi</strong></span> <span class='ocrx_word' id='word_1_69' title='bbox 1550 1223 1746 1263; x_wconf 81' lang='lat' dir='ltr'><strong>sensus</strong></span> <span class='ocrx_word' id='word_1_70' title='bbox 1799 1204 2102 1278; x_wconf 73' lang='lat' dir='ltr'><strong>Capacium,</strong></span> 
     </span>
    </p>
   </div>
   <div class='ocr_carea' id='block_1_12' title="bbox 522 1299 2104 1371">
    <p class='ocr_par' dir='ltr' id='par_1_12' title="bbox 522 1299 2104 1371">
     <span class='ocr_line' id='line_1_12' title="bbox 522 1299 2104 1371; baseline -0.001 -17"><span class='ocrx_word' id='word_1_71' title='bbox 522 1299 669 1355; x_wconf 90' lang='lat' dir='ltr'><strong>visus</strong></span> <span class='ocrx_word' id='word_1_72' title='bbox 695 1301 839 1355; x_wconf 88' lang='lat' dir='ltr'><strong>circa</strong></span> <span class='ocrx_word' id='word_1_73' title='bbox 866 1300 1084 1371; x_wconf 81' lang='lat' dir='ltr'><strong>aliquod</strong></span> <span class='ocrx_word' id='word_1_74' title='bbox 1122 1299 1335 1355; x_wconf 89' lang='lat' dir='ltr'><strong>visibile</strong></span> <span class='ocrx_word' id='word_1_75' title='bbox 1369 1315 1476 1354; x_wconf 89' lang='lat' dir='ltr'><strong>uno</strong></span> <span class='ocrx_word' id='word_1_76' title='bbox 1509 1300 1805 1369; x_wconf 89' lang='lat' dir='ltr'><strong>eodemque</strong></span> <span class='ocrx_word' id='word_1_77' title='bbox 1830 1306 2104 1355; x_wconf 90' lang='lat' dir='ltr'><strong>momento</strong></span> 
     </span>
    </p>
   </div>
   <div class='ocr_carea' id='block_1_13' title="bbox 518 1390 2100 1464">
    <p class='ocr_par' dir='ltr' id='par_1_13' title="bbox 518 1390 2100 1464">
     <span class='ocr_line' id='line_1_13' title="bbox 518 1390 2100 1464; baseline -0.003 -16"><span class='ocrx_word' id='word_1_78' title='bbox 518 1392 779 1463; x_wconf 86' lang='lat' dir='ltr'><strong>temporis</strong></span> <span class='ocrx_word' id='word_1_79' title='bbox 803 1393 1070 1448; x_wconf 80' lang='lat' dir='ltr'><strong>volvatur.</strong></span> <span class='ocrx_word' id='word_1_80' title='bbox 1106 1391 1269 1449; x_wconf 84' lang='lat' dir='ltr'><strong>Verbi</strong></span> <span class='ocrx_word' id='word_1_81' title='bbox 1295 1392 1491 1464; x_wconf 85' lang='lat' dir='ltr'><strong>gratia,</strong></span> <span class='ocrx_word' id='word_1_82' title='bbox 1517 1406 1682 1447; x_wconf 87' lang='lat' dir='ltr'><strong>aurea</strong></span> <span class='ocrx_word' id='word_1_83' title='bbox 1714 1391 2023 1463; x_wconf 75' lang='lat' dir='ltr'><strong>spliaerula,</strong></span> <span class='ocrx_word' id='word_1_84' title='bbox 2047 1390 2100 1446; x_wconf 90' lang='lat' dir='ltr'><strong>in</strong></span> 
     </span>
    </p>
   </div>
   <div class='ocr_carea' id='block_1_14' title="bbox 517 1484 2104 1563">
    <p class='ocr_par' dir='ltr' id='par_1_14' title="bbox 517 1484 2104 1563">
     <span class='ocr_line' id='line_1_14' title="bbox 517 1484 2104 1563; baseline -0.001 -22"><span class='ocrx_word' id='word_1_85' title='bbox 517 1485 831 1543; x_wconf 89' lang='lat' dir='ltr'><strong>summitate</strong></span> <span class='ocrx_word' id='word_1_86' title='bbox 852 1485 1117 1542; x_wconf 85' lang='lat' dir='ltr'><strong>altissima</strong></span> <span class='ocrx_word' id='word_1_87' title='bbox 1140 1486 1306 1541; x_wconf 90' lang='lat' dir='ltr'><strong>turris</strong></span> <span class='ocrx_word' id='word_1_88' title='bbox 1334 1485 1541 1563; x_wconf 71' lang='lat' dir='ltr'><strong>posita,</strong></span> <span class='ocrx_word' id='word_1_89' title='bbox 1566 1485 1726 1539; x_wconf 87' lang='lat' dir='ltr'><strong>simul</strong></span> <span class='ocrx_word' id='word_1_90' title='bbox 1761 1485 1830 1540; x_wconf 86' lang='lat' dir='ltr'><strong>ab</strong></span> <span class='ocrx_word' id='word_1_91' title='bbox 1851 1484 2104 1541; x_wconf 88' lang='lat' dir='ltr'><strong>omnibus</strong></span> 
     </span>
    </p>
   </div>
   <div class='ocr_carea' id='block_1_15' title="bbox 514 1576 2105 1651">
    <p class='ocr_par' dir='ltr' id='par_1_15' title="bbox 514 1576 2105 1651">
     <span class='ocr_line' id='line_1_15' title="bbox 514 1576 2105 1651; baseline -0.001 -17"><span class='ocrx_word' id='word_1_92' title='bbox 514 1578 751 1651; x_wconf 86' lang='lat' dir='ltr'><strong>undique</strong></span> <span class='ocrx_word' id='word_1_93' title='bbox 766 1578 1248 1635; x_wconf 75' lang='lat' dir='ltr'><strong>circumstantibus</strong></span> <span class='ocrx_word' id='word_1_94' title='bbox 1263 1587 1440 1649; x_wconf 86' lang='lat' dir='ltr'><strong>potest</strong></span> <span class='ocrx_word' id='word_1_95' title='bbox 1454 1576 1649 1643; x_wconf 90' lang='lat' dir='ltr'><strong>videri,</strong></span> <span class='ocrx_word' id='word_1_96' title='bbox 1664 1586 1720 1633; x_wconf 92' lang='lat' dir='ltr'><strong>et</strong></span> <span class='ocrx_word' id='word_1_97' title='bbox 1732 1578 2105 1649; x_wconf 84' lang='lat' dir='ltr'><strong>unusquisque</strong></span> 
     </span>
    </p>
   </div>
   <div class='ocr_carea' id='block_1_16' title="bbox 515 1669 2106 1741">
    <p class='ocr_par' dir='ltr' id='par_1_16' title="bbox 515 1669 2106 1741">
     <span class='ocr_line' id='line_1_16' title="bbox 515 1669 2106 1741; baseline 0.001 -16"><span class='ocrx_word' id='word_1_98' title='bbox 515 1670 663 1725; x_wconf 89' lang='lat' dir='ltr'><strong>illam</strong></span> <span class='ocrx_word' id='word_1_99' title='bbox 688 1670 1063 1740; x_wconf 88' lang='lat' dir='ltr'><strong>aspicientium</strong></span> <span class='ocrx_word' id='word_1_100' title='bbox 1083 1669 1308 1726; x_wconf 89' lang='lat' dir='ltr'><strong>obtutus</strong></span> <span class='ocrx_word' id='word_1_101' title='bbox 1335 1669 1418 1724; x_wconf 91' lang='lat' dir='ltr'><strong>sui</strong></span> <span class='ocrx_word' id='word_1_102' title='bbox 1440 1669 1620 1724; x_wconf 90' lang='lat' dir='ltr'><strong>radios</strong></span> <span class='ocrx_word' id='word_1_103' title='bbox 1640 1669 1694 1724; x_wconf 92' lang='lat' dir='ltr'><strong>in</strong></span> <span class='ocrx_word' id='word_1_104' title='bbox 1720 1685 1785 1725; x_wconf 91' lang='lat' dir='ltr'><strong>ea</strong></span> <span class='ocrx_word' id='word_1_105' title='bbox 1805 1669 2031 1741; x_wconf 79' lang='lat' dir='ltr'><strong>’inﬁgit,</strong></span> <span class='ocrx_word' id='word_1_106' title='bbox 2049 1679 2106 1726; x_wconf 90' lang='lat' dir='ltr'><strong>et</strong></span> 
     </span>
    </p>
   </div>
   <div class='ocr_carea' id='block_1_17' title="bbox 515 1762 2100 1836">
    <p class='ocr_par' dir='ltr' id='par_1_17' title="bbox 515 1762 2100 1836">
     <span class='ocr_line' id='line_1_17' title="bbox 515 1762 2100 1836; baseline 0.001 -18"><span class='ocrx_word' id='word_1_107' title='bbox 515 1763 691 1819; x_wconf 89' lang='lat' dir='ltr'><strong>nullus</strong></span> <span class='ocrx_word' id='word_1_108' title='bbox 711 1763 801 1819; x_wconf 85' lang='lat' dir='ltr'><strong>alii</strong></span> <span class='ocrx_word' id='word_1_109' title='bbox 833 1763 986 1831; x_wconf 86' lang='lat' dir='ltr'><strong>dicit,</strong></span> <span class='ocrx_word' id='word_1_110' title='bbox 1010 1762 1159 1821; x_wconf 87' lang='lat' dir='ltr'><strong>Tolle</strong></span> <span class='ocrx_word' id='word_1_111' title='bbox 1191 1773 1341 1819; x_wconf 90' lang='lat' dir='ltr'><strong>tuum</strong></span> <span class='ocrx_word' id='word_1_112' title='bbox 1364 1765 1557 1829; x_wconf 90' lang='lat' dir='ltr'><strong>visum,</strong></span> <span class='ocrx_word' id='word_1_113' title='bbox 1590 1772 1725 1820; x_wconf 89' lang='lat' dir='ltr'><strong>utet</strong></span> <span class='ocrx_word' id='word_1_114' title='bbox 1753 1779 1851 1836; x_wconf 87' lang='lat' dir='ltr'><strong>ego</strong></span> <span class='ocrx_word' id='word_1_115' title='bbox 1891 1765 2100 1820; x_wconf 87' lang='lat' dir='ltr'><strong>videam</strong></span> 
     </span>
    </p>
   </div>
   <div class='ocr_carea' id='block_1_18' title="bbox 2186 554 3807 633">
    <p class='ocr_par' dir='ltr' id='par_1_18' title="bbox 2186 554 3807 633">
     <span class='ocr_line' id='line_1_18' title="bbox 2186 554 3807 633; baseline 0.006 -24"><span class='ocrx_word' id='word_1_116' title='bbox 2186 554 2627 629; x_wconf 26' lang='lat' dir='ltr'><strong>‘iutclligibilium</strong></span> <span class='ocrx_word' id='word_1_117' title='bbox 2647 564 2701 613; x_wconf 89' lang='lat' dir='ltr'><strong>et</strong></span> <span class='ocrx_word' id='word_1_118' title='bbox 2726 556 3066 614; x_wconf 83' lang='lat' dir='ltr'><strong>sensibilium</strong></span> <span class='ocrx_word' id='word_1_119' title='bbox 3096 559 3362 632; x_wconf 80' lang='lat' dir='ltr'><strong>exemplis</strong></span> <span class='ocrx_word' id='word_1_120' title='bbox 3381 559 3644 617; x_wconf 74' lang='lat' dir='ltr'><strong>facillime</strong></span> <span class='ocrx_word' id='word_1_121' title='bbox 3672 578 3807 633; x_wconf 79' lang='lat' dir='ltr'><strong>pos-</strong></span> 
     </span>
    </p>
   </div>
   <div class='ocr_carea' id='block_1_19' title="bbox 2176 639 3809 719">
    <p class='ocr_par' dir='ltr' id='par_1_19' title="bbox 2176 639 3809 719">
     <span class='ocr_line' id='line_1_19' title="bbox 2176 639 3809 719; baseline 0.005 -16"><span class='ocrx_word' id='word_1_122' title='bbox 2176 639 2394 703; x_wconf 50' lang='lat' dir='ltr'><strong>&#39;sumus</strong></span> <span class='ocrx_word' id='word_1_123' title='bbox 2426 663 2777 719; x_wconf 83' lang='lat' dir='ltr'><strong>cognoscere,</strong></span> <span class='ocrx_word' id='word_1_124' title='bbox 2830 648 3212 707; x_wconf 84' lang='lat' dir='ltr'><strong>adunationem</strong></span> <span class='ocrx_word' id='word_1_125' title='bbox 3260 653 3534 710; x_wconf 82' lang='lat' dir='ltr'><strong>humanae</strong></span> <span class='ocrx_word' id='word_1_126' title='bbox 3569 664 3809 711; x_wconf 84' lang='lat' dir='ltr'><strong>naturae</strong></span> 
     </span>
    </p>
   </div>
   <div class='ocr_carea' id='block_1_20' title="bbox 2206 740 3807 816">
    <p class='ocr_par' dir='ltr' id='par_1_20' title="bbox 2206 740 3807 816">
     <span class='ocr_line' id='line_1_20' title="bbox 2206 740 3807 816; baseline 0.005 -21"><span class='ocrx_word' id='word_1_127' title='bbox 2206 740 2324 797; x_wconf 77' lang='lat' dir='ltr'><strong>ﬁeri</strong></span> <span class='ocrx_word' id='word_1_128' title='bbox 2349 756 2530 812; x_wconf 86' lang='lat' dir='ltr'><strong>posse,</strong></span> <span class='ocrx_word' id='word_1_129' title='bbox 2558 742 2985 813; x_wconf 82' lang='lat' dir='ltr'><strong>proprietatibus</strong></span> <span class='ocrx_word' id='word_1_130' title='bbox 3012 744 3347 816; x_wconf 76' lang='lat' dir='ltr'><strong>singularum</strong></span> <span class='ocrx_word' id='word_1_131' title='bbox 3365 746 3807 803; x_wconf 76' lang='lat' dir='ltr'><strong>substantiamm</strong></span> 
     </span>
    </p>
   </div>
   <div class='ocr_carea' id='block_1_21' title="bbox 2206 830 3811 905">
    <p class='ocr_par' dir='ltr' id='par_1_21' title="bbox 2206 830 3811 905">
     <span class='ocr_line' id='line_1_21' title="bbox 2206 830 3811 905; baseline 0.007 -19"><span class='ocrx_word' id='word_1_132' title='bbox 2206 830 2531 888; x_wconf 86' lang='lat' dir='ltr'><strong>observatis.</strong></span> <span class='ocrx_word' id='word_1_133' title='bbox 2578 830 2688 888; x_wconf 87' lang='lat' dir='ltr'><strong>Sed</strong></span> <span class='ocrx_word' id='word_1_134' title='bbox 2733 833 2991 905; x_wconf 87' lang='lat' dir='ltr'><strong>quoniam</strong></span> <span class='ocrx_word' id='word_1_135' title='bbox 3037 833 3106 890; x_wconf 87' lang='lat' dir='ltr'><strong>de</strong></span> <span class='ocrx_word' id='word_1_136' title='bbox 3134 835 3310 891; x_wconf 89' lang='lat' dir='ltr'><strong>reditu</strong></span> <span class='ocrx_word' id='word_1_137' title='bbox 3342 852 3525 894; x_wconf 76' lang='lat' dir='ltr'><strong>sermo</strong></span> <span class='ocrx_word' id='word_1_138' title='bbox 3566 848 3680 905; x_wconf 75' lang='lat' dir='ltr'><strong>est,</strong></span> <span class='ocrx_word' id='word_1_139' title='bbox 3716 856 3811 897; x_wconf 79' lang='lat' dir='ltr'><strong>ne-</strong></span> 
     </span>
    </p>
   </div>
   <div class='ocr_carea' id='block_1_22' title="bbox 2205 927 3810 1002">
    <p class='ocr_par' dir='ltr' id='par_1_22' title="bbox 2205 927 3810 1002">
     <span class='ocr_line' id='line_1_22' title="bbox 2205 927 3810 1002; baseline 0.008 -21"><span class='ocrx_word' id='word_1_140' title='bbox 2205 927 2502 983; x_wconf 88' lang='lat' dir='ltr'><strong>cessarium</strong></span> <span class='ocrx_word' id='word_1_141' title='bbox 2544 942 2830 1000; x_wconf 84' lang='lat' dir='ltr'><strong>quaerere,</strong></span> <span class='ocrx_word' id='word_1_142' title='bbox 2854 928 2985 1001; x_wconf 89' lang='lat' dir='ltr'><strong>quid</strong></span> <span class='ocrx_word' id='word_1_143' title='bbox 3011 932 3258 1002; x_wconf 82' lang='lat' dir='ltr'><strong>corporis</strong></span> <span class='ocrx_word' id='word_1_144' title='bbox 3285 932 3341 989; x_wconf 91' lang='lat' dir='ltr'><strong>in</strong></span> <span class='ocrx_word' id='word_1_145' title='bbox 3379 935 3626 991; x_wconf 82' lang='lat' dir='ltr'><strong>animam</strong></span> <span class='ocrx_word' id='word_1_146' title='bbox 3651 935 3680 970; x_wconf 87' lang='grc'>⁶</span> <span class='ocrx_word' id='word_1_147' title='bbox 3724 953 3810 994; x_wconf 81' lang='lat' dir='ltr'><strong>re-</strong></span> 
     </span>
    </p>
   </div>
   <div class='ocr_carea' id='block_1_23' title="bbox 2205 1018 3810 1099">
    <p class='ocr_par' dir='ltr' id='par_1_23' title="bbox 2205 1018 3810 1099">
     <span class='ocr_line' id='line_1_23' title="bbox 2205 1018 3810 1099; baseline 0.008 -27"><span class='ocrx_word' id='word_1_148' title='bbox 2205 1032 2487 1073; x_wconf 90' lang='lat' dir='ltr'><strong>versurum</strong></span> <span class='ocrx_word' id='word_1_149' title='bbox 2543 1019 2661 1085; x_wconf 87' lang='lat' dir='ltr'><strong>sit,</strong></span> <span class='ocrx_word' id='word_1_150' title='bbox 2707 1027 2767 1075; x_wconf 94' lang='lat' dir='ltr'><strong>ut</strong></span> <span class='ocrx_word' id='word_1_151' title='bbox 2806 1018 2903 1077; x_wconf 82' lang='lat' dir='ltr'><strong>ﬁat</strong></span> <span class='ocrx_word' id='word_1_152' title='bbox 2944 1035 3067 1077; x_wconf 89' lang='lat' dir='ltr'><strong>cum</strong></span> <span class='ocrx_word' id='word_1_153' title='bbox 3130 1022 3271 1093; x_wconf 84' lang='lat' dir='ltr'><strong>ipsa,</strong></span> <span class='ocrx_word' id='word_1_154' title='bbox 3311 1024 3455 1081; x_wconf 74' lang='lat' dir='ltr'><strong>siem</strong></span> <span class='ocrx_word' id='word_1_155' title='bbox 3494 1025 3810 1099; x_wconf 78' lang='lat' dir='ltr'><strong>Gregorius</strong></span> 
     </span>
    </p>
   </div>
   <div class='ocr_carea' id='block_1_24' title="bbox 2208 1106 3806 1185">
    <p class='ocr_par' dir='ltr' id='par_1_24' title="bbox 2208 1106 3806 1185">
     <span class='ocr_line' id='line_1_24' title="bbox 2208 1106 3806 1185; baseline 0.008 -23"><span class='ocrx_word' id='word_1_156' title='bbox 2208 1106 2515 1180; x_wconf 84' lang='lat' dir='ltr'><strong>Theologus</strong></span> <span class='ocrx_word' id='word_1_157' title='bbox 2542 1110 2637 1176; x_wconf 88' lang='lat' dir='ltr'><strong>ait,</strong></span> <span class='ocrx_word' id='word_1_158' title='bbox 2662 1127 2800 1166; x_wconf 78' lang='lat' dir='ltr'><strong>unus</strong></span> <span class='ocrx_word' id='word_1_159' title='bbox 2828 1119 2878 1167; x_wconf 83' lang='lat' dir='ltr'><strong>et</strong></span> <span class='ocrx_word' id='word_1_160' title='bbox 2921 1112 3139 1184; x_wconf 72' lang='lat' dir='ltr'><strong>spiritus</strong></span> <span class='ocrx_word' id='word_1_161' title='bbox 3166 1114 3188 1147; x_wconf 68' lang='grc' dir='ltr'><strong>ν</strong></span> <span class='ocrx_word' id='word_1_162' title='bbox 3217 1125 3266 1170; x_wconf 84' lang='lat' dir='ltr'><strong>et</strong></span> <span class='ocrx_word' id='word_1_163' title='bbox 3295 1118 3506 1173; x_wconf 68' lang='lat' dir='ltr'><strong>animus</strong></span> <span class='ocrx_word' id='word_1_164' title='bbox 3536 1129 3589 1172; x_wconf 78' lang='lat' dir='ltr'><strong>et</strong></span> <span class='ocrx_word' id='word_1_165' title='bbox 3630 1119 3806 1185; x_wconf 69' lang='lat' dir='ltr'><strong>Deus,</strong></span> 
     </span>
    </p>
   </div>
   <div class='ocr_carea' id='block_1_25' title="bbox 2207 1201 3806 1280">
    <p class='ocr_par' dir='ltr' id='par_1_25' title="bbox 2207 1201 3806 1280">
     <span class='ocr_line' id='line_1_25' title="bbox 2207 1201 3806 1280; baseline 0.008 -23"><span class='ocrx_word' id='word_1_166' title='bbox 2207 1201 2289 1257; x_wconf 86' lang='lat' dir='ltr'><strong>vel</strong></span> <span class='ocrx_word' id='word_1_167' title='bbox 2321 1213 2376 1256; x_wconf 84' lang='lat' dir='ltr'><strong>ut</strong></span> <span class='ocrx_word' id='word_1_168' title='bbox 2412 1203 2754 1275; x_wconf 78' lang='lat' dir='ltr'><strong>fermentetur</strong></span> <span class='ocrx_word' id='word_1_169' title='bbox 2778 1205 2835 1260; x_wconf 77' lang='lat' dir='ltr'><strong>in</strong></span> <span class='ocrx_word' id='word_1_170' title='bbox 2878 1222 3043 1262; x_wconf 81' lang='lat' dir='ltr'><strong>unum</strong></span> <span class='ocrx_word' id='word_1_171' title='bbox 3068 1207 3487 1280; x_wconf 74' lang='lat' dir='ltr'><strong>incompositum,</strong></span> <span class='ocrx_word' id='word_1_172' title='bbox 3520 1219 3587 1267; x_wconf 86' lang='lat' dir='ltr'><strong>ut</strong></span> <span class='ocrx_word' id='word_1_173' title='bbox 3611 1212 3806 1269; x_wconf 76' lang='lat' dir='ltr'><strong>beatas</strong></span> 
     </span>
    </p>
   </div>
   <div class='ocr_carea' id='block_1_26' title="bbox 2205 1294 3807 1374">
    <p class='ocr_par' dir='ltr' id='par_1_26' title="bbox 2205 1294 3807 1374">
     <span class='ocr_line' id='line_1_26' title="bbox 2205 1294 3807 1374; baseline 0.007 -25"><span class='ocrx_word' id='word_1_174' title='bbox 2205 1294 2527 1351; x_wconf 81' lang='lat' dir='ltr'><strong>Ambrosius</strong></span> <span class='ocrx_word' id='word_1_175' title='bbox 2550 1295 2761 1362; x_wconf 82' lang='lat' dir='ltr'><strong>edocet,</strong></span> <span class='ocrx_word' id='word_1_176' title='bbox 2790 1299 2836 1353; x_wconf 88' lang='lat' dir='ltr'><strong>si</strong></span> <span class='ocrx_word' id='word_1_177' title='bbox 2874 1299 3177 1356; x_wconf 85' lang='lat' dir='ltr'><strong>substantia</strong></span> <span class='ocrx_word' id='word_1_178' title='bbox 3214 1301 3405 1373; x_wconf 83' lang='lat' dir='ltr'><strong>ipsius,</strong></span> <span class='ocrx_word' id='word_1_179' title='bbox 3440 1306 3698 1374; x_wconf 80' lang='lat' dir='ltr'><strong>corporis</strong></span> <span class='ocrx_word' id='word_1_180' title='bbox 3725 1306 3807 1360; x_wconf 79' lang='lat' dir='ltr'><strong>di—</strong></span> 
     </span>
    </p>
   </div>
   <div class='ocr_carea' id='block_1_27' title="bbox 2205 1387 3805 1463">
    <p class='ocr_par' dir='ltr' id='par_1_27' title="bbox 2205 1387 3805 1463">
     <span class='ocr_line' id='line_1_27' title="bbox 2205 1387 3805 1463; baseline 0.008 -23"><span class='ocrx_word' id='word_1_181' title='bbox 2205 1399 2290 1451; x_wconf 90' lang='lat' dir='ltr'><strong>co,</strong></span> <span class='ocrx_word' id='word_1_182' title='bbox 2322 1401 2537 1457; x_wconf 89' lang='lat' dir='ltr'><strong>semper</strong></span> <span class='ocrx_word' id='word_1_183' title='bbox 2584 1387 3110 1447; x_wconf 85' lang='lat' dir='ltr'><strong>incommutabiliter</strong></span> <span class='ocrx_word' id='word_1_184' title='bbox 3137 1391 3344 1463; x_wconf 85' lang='lat' dir='ltr'><strong>absque</strong></span> <span class='ocrx_word' id='word_1_185' title='bbox 3380 1394 3486 1449; x_wconf 80' lang='lat' dir='ltr'><strong>ulla</strong></span> <span class='ocrx_word' id='word_1_186' title='bbox 3519 1406 3805 1452; x_wconf 74' lang='lat' dir='ltr'><strong>transmu-</strong></span> 
     </span>
    </p>
   </div>
   <div class='ocr_carea' id='block_1_28' title="bbox 2205 1478 3805 1557">
    <p class='ocr_par' dir='ltr' id='par_1_28' title="bbox 2205 1478 3805 1557">
     <span class='ocr_line' id='line_1_28' title="bbox 2205 1478 3805 1557; baseline 0.009 -26"><span class='ocrx_word' id='word_1_187' title='bbox 2205 1478 2409 1534; x_wconf 86' lang='lat' dir='ltr'><strong>tatione</strong></span> <span class='ocrx_word' id='word_1_188' title='bbox 2436 1479 2457 1511; x_wconf 84' lang='grc'>⁸</span> <span class='ocrx_word' id='word_1_189' title='bbox 2481 1494 2838 1551; x_wconf 88' lang='lat' dir='ltr'><strong>permansura</strong></span> <span class='ocrx_word' id='word_1_190' title='bbox 2869 1483 2961 1538; x_wconf 89' lang='lat' dir='ltr'><strong>sit.</strong></span> <span class='ocrx_word' id='word_1_191' title='bbox 3001 1483 3147 1541; x_wconf 85' lang='lat' dir='ltr'><strong>Idem</strong></span> <span class='ocrx_word' id='word_1_192' title='bbox 3195 1486 3380 1557; x_wconf 89' lang='lat' dir='ltr'><strong>itaque</strong></span> <span class='ocrx_word' id='word_1_193' title='bbox 3416 1497 3648 1544; x_wconf 82' lang='lat' dir='ltr'><strong>sanctus</strong></span> <span class='ocrx_word' id='word_1_194' title='bbox 3668 1488 3805 1544; x_wconf 75' lang='lat' dir='ltr'><strong>Gro-</strong></span> 
     </span>
    </p>
   </div>
   <div class='ocr_carea' id='block_1_29' title="bbox 2204 1569 3802 1650">
    <p class='ocr_par' dir='ltr' id='par_1_29' title="bbox 2204 1569 3802 1650">
     <span class='ocr_line' id='line_1_29' title="bbox 2204 1569 3802 1650; baseline 0.009 -26"><span class='ocrx_word' id='word_1_195' title='bbox 2204 1569 2388 1639; x_wconf 86' lang='lat' dir='ltr'><strong>gorius</strong></span> <span class='ocrx_word' id='word_1_196' title='bbox 2448 1570 2729 1642; x_wconf 83' lang='lat' dir='ltr'><strong>praefatus</strong></span> <span class='ocrx_word' id='word_1_197' title='bbox 2782 1575 2971 1646; x_wconf 82' lang='lat' dir='ltr'><strong>paucis</strong></span> <span class='ocrx_word' id='word_1_198' title='bbox 3014 1577 3195 1633; x_wconf 82' lang='lat' dir='ltr'><strong>verbis</strong></span> <span class='ocrx_word' id='word_1_199' title='bbox 3221 1579 3365 1634; x_wconf 83' lang='lat' dir='ltr'><strong>hanc</strong></span> <span class='ocrx_word' id='word_1_200' title='bbox 3411 1583 3802 1650; x_wconf 73' lang='lat' dir='ltr'><strong>quaestionem</strong></span> 
     </span>
    </p>
   </div>
   <div class='ocr_carea' id='block_1_30' title="bbox 2187 1662 3796 1747">
    <p class='ocr_par' dir='ltr' id='par_1_30' title="bbox 2187 1662 3796 1747">
     <span class='ocr_line' id='line_1_30' title="bbox 2187 1662 3796 1747; baseline 0.007 -28"><span class='ocrx_word' id='word_1_201' title='bbox 2187 1662 2381 1747; x_wconf 70' lang='lat' dir='ltr'><strong>solvit,</strong></span> <span class='ocrx_word' id='word_1_202' title='bbox 2416 1665 2602 1722; x_wconf 90' lang='lat' dir='ltr'><strong>dicens</strong></span> <span class='ocrx_word' id='word_1_203' title='bbox 2631 1685 2645 1722; x_wconf 92' lang='lat'><strong>:</strong></span> <span class='ocrx_word' id='word_1_204' title='bbox 2677 1667 2930 1741; x_wconf 80' lang='lat' dir='ltr'><strong>Absorpto</strong></span> <span class='ocrx_word' id='word_1_205' title='bbox 2957 1687 2991 1725; x_wconf 90' lang='lat' dir='ltr'><strong>a</strong></span> <span class='ocrx_word' id='word_1_206' title='bbox 3026 1672 3133 1725; x_wconf 80' lang='lat' dir='ltr'><strong>vita</strong></span> <span class='ocrx_word' id='word_1_207' title='bbox 3160 1681 3207 1726; x_wconf 81' lang='lat' dir='ltr'><strong>et</strong></span> <span class='ocrx_word' id='word_1_208' title='bbox 3247 1673 3463 1728; x_wconf 76' lang='lat' dir='ltr'><strong>mortali</strong></span> <span class='ocrx_word' id='word_1_209' title='bbox 3509 1685 3560 1730; x_wconf 77' lang='lat' dir='ltr'><strong>et</strong></span> <span class='ocrx_word' id='word_1_210' title='bbox 3585 1678 3796 1745; x_wconf 72' lang='lat' dir='ltr'><strong>ﬂuenti.</strong></span> 
     </span>
    </p>
   </div>
   <div class='ocr_carea' id='block_1_31' title="bbox 2204 1757 3799 1837">
    <p class='ocr_par' dir='ltr' id='par_1_31' title="bbox 2204 1757 3799 1837">
     <span class='ocr_line' id='line_1_31' title="bbox 2204 1757 3799 1837; baseline 0.008 -24"><span class='ocrx_word' id='word_1_211' title='bbox 2204 1757 2281 1814; x_wconf 83' lang='lat' dir='ltr'><strong>Ac</strong></span> <span class='ocrx_word' id='word_1_212' title='bbox 2308 1758 2352 1814; x_wconf 88' lang='lat' dir='ltr'><strong>si</strong></span> <span class='ocrx_word' id='word_1_213' title='bbox 2378 1770 2564 1831; x_wconf 88' lang='lat' dir='ltr'><strong>aperte</strong></span> <span class='ocrx_word' id='word_1_214' title='bbox 2592 1761 2796 1818; x_wconf 85' lang='lat' dir='ltr'><strong>diceret</strong></span> <span class='ocrx_word' id='word_1_215' title='bbox 2828 1780 2840 1816; x_wconf 87' lang='lat'><strong>:</strong></span> <span class='ocrx_word' id='word_1_216' title='bbox 2872 1763 3009 1818; x_wconf 89' lang='lat' dir='ltr'><strong>Dum</strong></span> <span class='ocrx_word' id='word_1_217' title='bbox 3045 1765 3361 1836; x_wconf 88' lang='lat' dir='ltr'><strong>absorptum</strong></span> <span class='ocrx_word' id='word_1_218' title='bbox 3404 1765 3577 1823; x_wconf 75' lang='lat' dir='ltr'><strong>fuerit</strong></span> <span class='ocrx_word' id='word_1_219' title='bbox 3600 1784 3633 1823; x_wconf 69' lang='grc' dir='ltr'><strong>ι</strong></span> <span class='ocrx_word' id='word_1_220' title='bbox 3664 1771 3799 1837; x_wconf 78' lang='lat' dir='ltr'><strong>vita,</strong></span> 
     </span>
    </p>
   </div>
   <div class='ocr_carea' id='block_1_32' title="bbox 512 1842 3801 1930">
    <p class='ocr_par' dir='ltr' id='par_1_32' title="bbox 512 1842 3801 1930">
     <span class='ocr_line' id='line_1_32' title="bbox 512 1842 3801 1930; baseline 0.001 -18"><span class='ocrx_word' id='word_1_221' title='bbox 512 1858 653 1927; x_wconf 90' lang='lat' dir='ltr'><strong>quod</strong></span> <span class='ocrx_word' id='word_1_222' title='bbox 703 1857 873 1923; x_wconf 78' lang='lat' dir='ltr'><strong>vides,</strong></span> <span class='ocrx_word' id='word_1_223' title='bbox 934 1858 1062 1927; x_wconf 89' lang='lat' dir='ltr'><strong>quia</strong></span> <span class='ocrx_word' id='word_1_224' title='bbox 1106 1856 1270 1912; x_wconf 91' lang='lat' dir='ltr'><strong>simul</strong></span> <span class='ocrx_word' id='word_1_225' title='bbox 1326 1872 1516 1913; x_wconf 88' lang='lat' dir='ltr'><strong>omnes</strong></span> <span class='ocrx_word' id='word_1_226' title='bbox 1569 1864 1796 1928; x_wconf 88' lang='lat' dir='ltr'><strong>possunt</strong></span> <span class='ocrx_word' id='word_1_227' title='bbox 1834 1857 2099 1930; x_wconf 88' lang='lat' dir='ltr'><strong>aspicere.</strong></span> <span class='ocrx_word' id='word_1_228' title='bbox 2130 1842 2178 1905; x_wconf 85' lang='grc' dir='ltr'><strong>Β</strong></span> <span class='ocrx_word' id='word_1_229' title='bbox 2205 1852 2464 1924; x_wconf 89' lang='lat' dir='ltr'><strong>quicquid</strong></span> <span class='ocrx_word' id='word_1_230' title='bbox 2505 1854 2733 1910; x_wconf 88' lang='lat' dir='ltr'><strong>mortale</strong></span> <span class='ocrx_word' id='word_1_231' title='bbox 2771 1863 2826 1911; x_wconf 89' lang='lat' dir='ltr'><strong>et</strong></span> <span class='ocrx_word' id='word_1_232' title='bbox 2873 1854 3059 1912; x_wconf 80' lang='lat' dir='ltr'><strong>ﬂuxile</strong></span> <span class='ocrx_word' id='word_1_233' title='bbox 3098 1864 3185 1912; x_wconf 90' lang='lat' dir='ltr'><strong>est</strong></span> <span class='ocrx_word' id='word_1_234' title='bbox 3239 1858 3294 1912; x_wconf 90' lang='lat' dir='ltr'><strong>in</strong></span> <span class='ocrx_word' id='word_1_235' title='bbox 3333 1873 3586 1930; x_wconf 85' lang='lat' dir='ltr'><strong>corpore.</strong></span> <span class='ocrx_word' id='word_1_236' title='bbox 3642 1860 3801 1928; x_wconf 81' lang='lat' dir='ltr'><strong>Quod</strong></span> 
     </span>
    </p>
   </div>
   <div class='ocr_carea' id='block_1_33' title="bbox 515 1949 2101 2022">
    <p class='ocr_par' dir='ltr' id='par_1_33' title="bbox 515 1949 2101 2022">
     <span class='ocr_line' id='line_1_33' title="bbox 515 1949 2101 2022; baseline 0 -16"><span class='ocrx_word' id='word_1_237' title='bbox 515 1949 573 2006; x_wconf 84' lang='lat' dir='ltr'><strong>Si</strong></span> <span class='ocrx_word' id='word_1_238' title='bbox 635 1965 766 2022; x_wconf 86' lang='lat' dir='ltr'><strong>ergo</strong></span> <span class='ocrx_word' id='word_1_239' title='bbox 796 1958 874 2007; x_wconf 92' lang='lat' dir='ltr'><strong>tot</strong></span> <span class='ocrx_word' id='word_1_240' title='bbox 915 1950 1052 2009; x_wconf 89' lang='lat' dir='ltr'><strong>radii</strong></span> <span class='ocrx_word' id='word_1_241' title='bbox 1111 1949 1164 2006; x_wconf 87' lang='lat' dir='ltr'><strong>in</strong></span> <span class='ocrx_word' id='word_1_242' title='bbox 1219 1966 1387 2006; x_wconf 90' lang='lat' dir='ltr'><strong>unum</strong></span> <span class='ocrx_word' id='word_1_243' title='bbox 1451 1949 1751 2018; x_wconf 82' lang='lat' dir='ltr'><strong>conﬂuunt,</strong></span> <span class='ocrx_word' id='word_1_244' title='bbox 1804 1961 1861 2006; x_wconf 84' lang='lat' dir='ltr'><strong>et</strong></span> <span class='ocrx_word' id='word_1_245' title='bbox 1922 1949 2101 2006; x_wconf 89' lang='lat' dir='ltr'><strong>nullus</strong></span> 
     </span>
    </p>
   </div>
   <div class='ocr_carea' id='block_1_34' title="bbox 512 2042 2096 2114">
    <p class='ocr_par' dir='ltr' id='par_1_34' title="bbox 512 2042 2096 2114">
     <span class='ocr_line' id='line_1_34' title="bbox 512 2042 2096 2114; baseline -0.001 -15"><span class='ocrx_word' id='word_1_246' title='bbox 512 2043 671 2100; x_wconf 86' lang='lat' dir='ltr'><strong>alteri</strong></span> <span class='ocrx_word' id='word_1_247' title='bbox 718 2043 1095 2109; x_wconf 84' lang='lat' dir='ltr'><strong>confunditur,</strong></span> <span class='ocrx_word' id='word_1_248' title='bbox 1139 2042 1225 2099; x_wconf 86' lang='lat' dir='ltr'><strong>vel</strong></span> <span class='ocrx_word' id='word_1_249' title='bbox 1272 2044 1553 2110; x_wconf 88' lang='lat' dir='ltr'><strong>miscetur,</strong></span> <span class='ocrx_word' id='word_1_250' title='bbox 1599 2043 1686 2100; x_wconf 87' lang='lat' dir='ltr'><strong>vel</strong></span> <span class='ocrx_word' id='word_1_251' title='bbox 1731 2042 2096 2114; x_wconf 88' lang='lat' dir='ltr'><strong>componitur,</strong></span> 
     </span>
    </p>
   </div>
   <div class='ocr_carea' id='block_1_35' title="bbox 509 2134 2099 2209">
    <p class='ocr_par' dir='ltr' id='par_1_35' title="bbox 509 2134 2099 2209">
     <span class='ocr_line' id='line_1_35' title="bbox 509 2134 2099 2209; baseline -0.001 -17"><span class='ocrx_word' id='word_1_252' title='bbox 509 2135 765 2207; x_wconf 89' lang='lat' dir='ltr'><strong>quoniam</strong></span> <span class='ocrx_word' id='word_1_253' title='bbox 815 2134 1012 2209; x_wconf 76' lang='lat' dir='ltr'><strong>singuli</strong></span> <span class='ocrx_word' id='word_1_254' title='bbox 1068 2135 1393 2191; x_wconf 91' lang='lat' dir='ltr'><strong>intuentium</strong></span> <span class='ocrx_word' id='word_1_255' title='bbox 1442 2136 1643 2207; x_wconf 85' lang='lat' dir='ltr'><strong>quique</strong></span> <span class='ocrx_word' id='word_1_256' title='bbox 1713 2137 2099 2208; x_wconf 88' lang='lat' dir='ltr'><strong>proprietatem</strong></span> 
     </span>
    </p>
   </div>
   <div class='ocr_carea' id='block_1_36' title="bbox 509 2228 2098 2301">
    <p class='ocr_par' dir='ltr' id='par_1_36' title="bbox 509 2228 2098 2301">
     <span class='ocr_line' id='line_1_36' title="bbox 509 2228 2098 2301; baseline 0.001 -16"><span class='ocrx_word' id='word_1_257' title='bbox 509 2244 663 2285; x_wconf 83' lang='lat' dir='ltr'><strong>suam</strong></span> <span class='ocrx_word' id='word_1_258' title='bbox 677 2230 698 2262; x_wconf 67' lang='grc'>⁸</span> <span class='ocrx_word' id='word_1_259' title='bbox 725 2230 990 2294; x_wconf 85' lang='lat' dir='ltr'><strong>obtinent,</strong></span> <span class='ocrx_word' id='word_1_260' title='bbox 1010 2229 1135 2283; x_wconf 92' lang='lat' dir='ltr'><strong>dum</strong></span> <span class='ocrx_word' id='word_1_261' title='bbox 1161 2228 1307 2286; x_wconf 89' lang='lat' dir='ltr'><strong>circa</strong></span> <span class='ocrx_word' id='word_1_262' title='bbox 1324 2246 1490 2285; x_wconf 87' lang='lat' dir='ltr'><strong>unam</strong></span> <span class='ocrx_word' id='word_1_263' title='bbox 1508 2230 1845 2301; x_wconf 77' lang='lat' dir='ltr'><strong>eandemque</strong></span> <span class='ocrx_word' id='word_1_264' title='bbox 1862 2246 1975 2286; x_wconf 88' lang='lat' dir='ltr'><strong>rem</strong></span> <span class='ocrx_word' id='word_1_265' title='bbox 1996 2232 2098 2286; x_wconf 84' lang='lat' dir='ltr'><strong>mi-</strong></span> 
     </span>
    </p>
   </div>
   <div class='ocr_carea' id='block_1_37' title="bbox 511 2320 2095 2396">
    <p class='ocr_par' dir='ltr' id='par_1_37' title="bbox 511 2320 2095 2396">
     <span class='ocr_line' id='line_1_37' title="bbox 511 2320 2095 2396; baseline 0.003 -19"><span class='ocrx_word' id='word_1_266' title='bbox 511 2320 667 2377; x_wconf 85' lang='lat' dir='ltr'><strong>rabili</strong></span> <span class='ocrx_word' id='word_1_267' title='bbox 692 2322 921 2393; x_wconf 88' lang='lat' dir='ltr'><strong>quadam</strong></span> <span class='ocrx_word' id='word_1_268' title='bbox 959 2320 1287 2378; x_wconf 87' lang='lat' dir='ltr'><strong>adunatione</strong></span> <span class='ocrx_word' id='word_1_269' title='bbox 1332 2333 1625 2380; x_wconf 83' lang='lat' dir='ltr'><strong>versantur</strong></span> <span class='ocrx_word' id='word_1_270' title='bbox 1656 2340 1672 2381; x_wconf 80' lang='lat' dir='ltr'><strong>t</strong></span> <span class='ocrx_word' id='word_1_271' title='bbox 1703 2324 1830 2396; x_wconf 83' lang='lat' dir='ltr'><strong>quid</strong></span> <span class='ocrx_word' id='word_1_272' title='bbox 1876 2325 2095 2395; x_wconf 82' lang='lat' dir='ltr'><strong>mirum,</strong></span> 
     </span>
    </p>
   </div>
   <div class='ocr_carea' id='block_1_38' title="bbox 513 2413 2098 2487">
    <p class='ocr_par' dir='ltr' id='par_1_38' title="bbox 513 2413 2098 2487">
     <span class='ocr_line' id='line_1_38' title="bbox 513 2413 2098 2487; baseline 0.004 -18"><span class='ocrx_word' id='word_1_273' title='bbox 513 2413 559 2469; x_wconf 82' lang='lat' dir='ltr'><strong>si</strong></span> <span class='ocrx_word' id='word_1_274' title='bbox 592 2422 701 2468; x_wconf 88' lang='lat' dir='ltr'><strong>tota</strong></span> <span class='ocrx_word' id='word_1_275' title='bbox 726 2413 964 2470; x_wconf 85' lang='lat' dir='ltr'><strong>humana</strong></span> <span class='ocrx_word' id='word_1_276' title='bbox 999 2423 1192 2472; x_wconf 85' lang='lat' dir='ltr'><strong>natura</strong></span> <span class='ocrx_word' id='word_1_277' title='bbox 1223 2416 1273 2471; x_wconf 92' lang='lat' dir='ltr'><strong>in</strong></span> <span class='ocrx_word' id='word_1_278' title='bbox 1322 2417 1584 2473; x_wconf 89' lang='lat' dir='ltr'><strong>unitatem</strong></span> <span class='ocrx_word' id='word_1_279' title='bbox 1616 2419 1888 2487; x_wconf 84' lang='lat' dir='ltr'><strong>quandam</strong></span> <span class='ocrx_word' id='word_1_280' title='bbox 1912 2417 2098 2476; x_wconf 79' lang='lat' dir='ltr'><strong>ineﬁ‘a—</strong></span> 
     </span>
    </p>
   </div>
   <div class='ocr_carea' id='block_1_39' title="bbox 504 2503 2095 2581">
    <p class='ocr_par' dir='ltr' id='par_1_39' title="bbox 504 2503 2095 2581">
     <span class='ocr_line' id='line_1_39' title="bbox 504 2503 2095 2581; baseline 0.005 -21"><span class='ocrx_word' id='word_1_281' title='bbox 504 2503 675 2574; x_wconf 81' lang='lat' dir='ltr'><strong>bilem</strong></span> <span class='ocrx_word' id='word_1_282' title='bbox 707 2505 1003 2576; x_wconf 78' lang='lat' dir='ltr'><strong>redigatur,</strong></span> <span class='ocrx_word' id='word_1_283' title='bbox 1054 2508 1479 2578; x_wconf 87' lang='lat' dir='ltr'><strong>proprietatibus</strong></span> <span class='ocrx_word' id='word_1_284' title='bbox 1502 2519 1558 2564; x_wconf 91' lang='lat' dir='ltr'><strong>et</strong></span> <span class='ocrx_word' id='word_1_285' title='bbox 1599 2511 1866 2581; x_wconf 87' lang='lat' dir='ltr'><strong>corporis,</strong></span> <span class='ocrx_word' id='word_1_286' title='bbox 1893 2519 1949 2568; x_wconf 92' lang='lat' dir='ltr'><strong>et</strong></span> <span class='ocrx_word' id='word_1_287' title='bbox 1973 2512 2095 2568; x_wconf 91' lang='lat' dir='ltr'><strong>ani-</strong></span> 
     </span>
    </p>
   </div>
   <div class='ocr_carea' id='block_1_40' title="bbox 513 2599 2096 2674">
    <p class='ocr_par' dir='ltr' id='par_1_40' title="bbox 513 2599 2096 2674">
     <span class='ocr_line' id='line_1_40' title="bbox 513 2599 2096 2674; baseline 0.006 -22"><span class='ocrx_word' id='word_1_288' title='bbox 513 2612 657 2665; x_wconf 85' lang='lat' dir='ltr'><strong>mae,</strong></span> <span class='ocrx_word' id='word_1_289' title='bbox 676 2607 731 2654; x_wconf 90' lang='lat' dir='ltr'><strong>et</strong></span> <span class='ocrx_word' id='word_1_290' title='bbox 756 2599 1064 2656; x_wconf 88' lang='lat' dir='ltr'><strong>intellectus</strong></span> <span class='ocrx_word' id='word_1_291' title='bbox 1094 2602 1606 2659; x_wconf 88' lang='lat' dir='ltr'><strong>incommutabiliter</strong></span> <span class='ocrx_word' id='word_1_292' title='bbox 1620 2606 2096 2674; x_wconf 85' lang='lat' dir='ltr'><strong>permanentibus?</strong></span> 
     </span>
    </p>
   </div>
   <div class='ocr_carea' id='block_1_41' title="bbox 508 2686 2091 2767">
    <p class='ocr_par' dir='ltr' id='par_1_41' title="bbox 508 2686 2091 2767">
     <span class='ocr_line' id='line_1_41' title="bbox 508 2686 2091 2767; baseline 0.008 -26"><span class='ocrx_word' id='word_1_293' title='bbox 508 2687 667 2744; x_wconf 81' lang='lat' dir='ltr'><strong>Aliud</strong></span> <span class='ocrx_word' id='word_1_294' title='bbox 689 2686 995 2761; x_wconf 78' lang='lat' dir='ltr'><strong>exemplum</strong></span> <span class='ocrx_word' id='word_1_295' title='bbox 1025 2707 1089 2748; x_wconf 76' lang='lat' dir='ltr'><strong>ex</strong></span> <span class='ocrx_word' id='word_1_296' title='bbox 1120 2693 1464 2750; x_wconf 85' lang='lat' dir='ltr'><strong>sensibilibus</strong></span> <span class='ocrx_word' id='word_1_297' title='bbox 1495 2694 1726 2761; x_wconf 89' lang='lat' dir='ltr'><strong>intuere,</strong></span> <span class='ocrx_word' id='word_1_298' title='bbox 1754 2696 1896 2767; x_wconf 91' lang='lat' dir='ltr'><strong>quod</strong></span> <span class='ocrx_word' id='word_1_299' title='bbox 1926 2696 2091 2763; x_wconf 89' lang='lat' dir='ltr'><strong>etiam</strong></span> 
     </span>
    </p>
   </div>
   <div class='ocr_carea' id='block_1_42' title="bbox 508 2778 2093 2859">
    <p class='ocr_par' dir='ltr' id='par_1_42' title="bbox 508 2778 2093 2859">
     <span class='ocr_line' id='line_1_42' title="bbox 508 2778 2093 2859; baseline 0.007 -27"><span class='ocrx_word' id='word_1_300' title='bbox 508 2778 699 2859; x_wconf 76' lang='lat' dir='ltr'><strong>beatus</strong></span> <span class='ocrx_word' id='word_1_301' title='bbox 732 2781 1014 2856; x_wconf 75' lang='lat' dir='ltr'><strong>Dionysius</strong></span> <span class='ocrx_word' id='word_1_302' title='bbox 1038 2783 1365 2856; x_wconf 82' lang='lat' dir='ltr'><strong>Areopagita</strong></span> <span class='ocrx_word' id='word_1_303' title='bbox 1395 2785 1463 2843; x_wconf 85' lang='lat' dir='ltr'><strong>de</strong></span> <span class='ocrx_word' id='word_1_304' title='bbox 1487 2785 1685 2842; x_wconf 88' lang='lat' dir='ltr'><strong>talibus</strong></span> <span class='ocrx_word' id='word_1_305' title='bbox 1705 2786 1987 2859; x_wconf 90' lang='lat' dir='ltr'><strong>disputans</strong></span> <span class='ocrx_word' id='word_1_306' title='bbox 2012 2788 2093 2843; x_wconf 87' lang='lat' dir='ltr'><strong>in-</strong></span> 
     </span>
    </p>
   </div>
   <div class='ocr_carea' id='block_1_43' title="bbox 510 2869 2093 2947">
    <p class='ocr_par' dir='ltr' id='par_1_43' title="bbox 510 2869 2093 2947">
     <span class='ocr_line' id='line_1_43' title="bbox 510 2869 2093 2947; baseline 0.011 -25"><span class='ocrx_word' id='word_1_307' title='bbox 510 2869 766 2931; x_wconf 82' lang='lat' dir='ltr'><strong>troduxit.</strong></span> <span class='ocrx_word' id='word_1_308' title='bbox 795 2871 1067 2930; x_wconf 88' lang='lat' dir='ltr'><strong>Ponamus</strong></span> <span class='ocrx_word' id='word_1_309' title='bbox 1099 2875 1262 2933; x_wconf 89' lang='lat' dir='ltr'><strong>veluti</strong></span> <span class='ocrx_word' id='word_1_310' title='bbox 1295 2877 1348 2931; x_wconf 93' lang='lat' dir='ltr'><strong>in</strong></span> <span class='ocrx_word' id='word_1_311' title='bbox 1376 2879 1607 2947; x_wconf 89' lang='lat' dir='ltr'><strong>quadam</strong></span> <span class='ocrx_word' id='word_1_312' title='bbox 1635 2880 1867 2937; x_wconf 84' lang='lat' dir='ltr'><strong>ecclesia</strong></span> <span class='ocrx_word' id='word_1_313' title='bbox 1894 2882 2093 2943; x_wconf 84' lang='lat' dir='ltr'><strong>multas</strong></span> 
     </span>
    </p>
   </div>
   <div class='ocr_carea' id='block_1_44' title="bbox 508 2959 2093 3034">
    <p class='ocr_par' dir='ltr' id='par_1_44' title="bbox 508 2959 2093 3034">
     <span class='ocr_line' id='line_1_44' title="bbox 508 2959 2093 3034; baseline 0.01 -19"><span class='ocrx_word' id='word_1_314' title='bbox 508 2959 759 3019; x_wconf 90' lang='lat' dir='ltr'><strong>lucernas</strong></span> <span class='ocrx_word' id='word_1_315' title='bbox 782 2965 947 3029; x_wconf 88' lang='lat' dir='ltr'><strong>simul</strong></span> <span class='ocrx_word' id='word_1_316' title='bbox 971 2969 1248 3034; x_wconf 88' lang='lat' dir='ltr'><strong>ardentes,</strong></span> <span class='ocrx_word' id='word_1_317' title='bbox 1287 2978 1342 3026; x_wconf 89' lang='lat' dir='ltr'><strong>et</strong></span> <span class='ocrx_word' id='word_1_318' title='bbox 1368 2985 1435 3026; x_wconf 85' lang='lat' dir='ltr'><strong>ex</strong></span> <span class='ocrx_word' id='word_1_319' title='bbox 1466 2971 1698 3029; x_wconf 86' lang='lat' dir='ltr'><strong>diversis</strong></span> <span class='ocrx_word' id='word_1_320' title='bbox 1723 2974 1942 3031; x_wconf 85' lang='lat' dir='ltr'><strong>sedibus</strong></span> <span class='ocrx_word' id='word_1_321' title='bbox 1961 2975 2093 3030; x_wconf 88' lang='lat' dir='ltr'><strong>lam-</strong></span> 
     </span>
    </p>
   </div>
   <div class='ocr_carea' id='block_1_45' title="bbox 508 3055 2091 3139">
    <p class='ocr_par' dir='ltr' id='par_1_45' title="bbox 508 3055 2091 3139">
     <span class='ocr_line' id='line_1_45' title="bbox 508 3055 2091 3139; baseline 0.011 -34"><span class='ocrx_word' id='word_1_322' title='bbox 508 3055 703 3123; x_wconf 88' lang='lat' dir='ltr'><strong>padum</strong></span> <span class='ocrx_word' id='word_1_323' title='bbox 734 3055 999 3128; x_wconf 79' lang='lat' dir='ltr'><strong>fulgentes</strong></span> <span class='ocrx_word' id='word_1_324' title='bbox 1031 3075 1045 3113; x_wconf 89' lang='lat'><strong>:</strong></span> <span class='ocrx_word' id='word_1_325' title='bbox 1076 3075 1256 3116; x_wconf 90' lang='lat' dir='ltr'><strong>nonne</strong></span> <span class='ocrx_word' id='word_1_326' title='bbox 1306 3077 1474 3116; x_wconf 91' lang='lat' dir='ltr'><strong>unum</strong></span> <span class='ocrx_word' id='word_1_327' title='bbox 1510 3063 1688 3120; x_wconf 89' lang='lat' dir='ltr'><strong>lumen</strong></span> <span class='ocrx_word' id='word_1_328' title='bbox 1728 3064 1987 3132; x_wconf 77' lang='lat' dir='ltr'><strong>elliciunt,</strong></span> <span class='ocrx_word' id='word_1_329' title='bbox 2017 3067 2091 3139; x_wconf 86' lang='lat' dir='ltr'><strong>ita</strong></span> 
     </span>
    </p>
   </div>
   <div class='ocr_carea' id='block_1_46' title="bbox 511 3146 2090 3230">
    <p class='ocr_par' dir='ltr' id='par_1_46' title="bbox 511 3146 2090 3230">
     <span class='ocr_line' id='line_1_46' title="bbox 511 3146 2090 3230; baseline 0.012 -33"><span class='ocrx_word' id='word_1_330' title='bbox 511 3154 569 3200; x_wconf 92' lang='lat' dir='ltr'><strong>ut</strong></span> <span class='ocrx_word' id='word_1_331' title='bbox 591 3146 768 3203; x_wconf 89' lang='lat' dir='ltr'><strong>nullus</strong></span> <span class='ocrx_word' id='word_1_332' title='bbox 810 3165 1103 3222; x_wconf 85' lang='lat' dir='ltr'><strong>corporeus</strong></span> <span class='ocrx_word' id='word_1_333' title='bbox 1129 3168 1321 3210; x_wconf 88' lang='lat' dir='ltr'><strong>sensus</strong></span> <span class='ocrx_word' id='word_1_334' title='bbox 1357 3155 1447 3224; x_wconf 89' lang='lat' dir='ltr'><strong>sit,</strong></span> <span class='ocrx_word' id='word_1_335' title='bbox 1477 3158 1567 3228; x_wconf 91' lang='lat' dir='ltr'><strong>qui</strong></span> <span class='ocrx_word' id='word_1_336' title='bbox 1594 3160 1984 3230; x_wconf 81' lang='lat' dir='ltr'><strong>proprietatem</strong></span> <span class='ocrx_word' id='word_1_337' title='bbox 2008 3161 2090 3216; x_wconf 84' lang='lat' dir='ltr'><strong>lu-</strong></span> 
     </span>
    </p>
   </div>
   <div class='ocr_carea' id='block_1_47' title="bbox 506 3238 2087 3327">
    <p class='ocr_par' dir='ltr' id='par_1_47' title="bbox 506 3238 2087 3327">
     <span class='ocr_line' id='line_1_47' title="bbox 506 3238 2087 3327; baseline 0.013 -34"><span class='ocrx_word' id='word_1_338' title='bbox 506 3238 668 3296; x_wconf 89' lang='lat' dir='ltr'><strong>minis</strong></span> <span class='ocrx_word' id='word_1_339' title='bbox 697 3243 1031 3317; x_wconf 80' lang='lat' dir='ltr'><strong>singularum</strong></span> <span class='ocrx_word' id='word_1_340' title='bbox 1057 3245 1361 3321; x_wconf 89' lang='lat' dir='ltr'><strong>lampadum</strong></span> <span class='ocrx_word' id='word_1_341' title='bbox 1401 3251 1470 3306; x_wconf 89' lang='lat' dir='ltr'><strong>ab</strong></span> <span class='ocrx_word' id='word_1_342' title='bbox 1495 3251 1714 3309; x_wconf 89' lang='lat' dir='ltr'><strong>alterius</strong></span> <span class='ocrx_word' id='word_1_343' title='bbox 1742 3254 1944 3312; x_wconf 85' lang='lat' dir='ltr'><strong>lumine</strong></span> <span class='ocrx_word' id='word_1_344' title='bbox 1962 3271 2087 3327; x_wconf 87' lang='lat' dir='ltr'><strong>pos-</strong></span> 
     </span>
    </p>
   </div>
   <div class='ocr_carea' id='block_1_48' title="bbox 504 3333 2086 3416">
    <p class='ocr_par' dir='ltr' id='par_1_48' title="bbox 504 3333 2086 3416">
     <span class='ocr_line' id='line_1_48' title="bbox 504 3333 2086 3416; baseline 0.011 -27"><span class='ocrx_word' id='word_1_345' title='bbox 504 3333 578 3389; x_wconf 88' lang='lat' dir='ltr'><strong>sit</strong></span> <span class='ocrx_word' id='word_1_346' title='bbox 624 3336 970 3395; x_wconf 88' lang='lat' dir='ltr'><strong>discernere?</strong></span> <span class='ocrx_word' id='word_1_347' title='bbox 1005 3340 1082 3395; x_wconf 90' lang='lat' dir='ltr'><strong>Eo</strong></span> <span class='ocrx_word' id='word_1_348' title='bbox 1118 3351 1297 3398; x_wconf 86' lang='lat' dir='ltr'><strong>autem</strong></span> <span class='ocrx_word' id='word_1_349' title='bbox 1343 3354 1665 3416; x_wconf 88' lang='lat' dir='ltr'><strong>argumento</strong></span> <span class='ocrx_word' id='word_1_350' title='bbox 1705 3347 2086 3407; x_wconf 86' lang='lat' dir='ltr'><strong>incunctanter</strong></span> 
     </span>
    </p>
   </div>
   <div class='ocr_carea' id='block_1_49' title="bbox 504 3429 2085 3508">
    <p class='ocr_par' dir='ltr' id='par_1_49' title="bbox 504 3429 2085 3508">
     <span class='ocr_line' id='line_1_49' title="bbox 504 3429 2085 3508; baseline 0.01 -27"><span class='ocrx_word' id='word_1_351' title='bbox 504 3429 907 3503; x_wconf 75' lang='lat' dir='ltr'><strong>apertissimum</strong></span> <span class='ocrx_word' id='word_1_352' title='bbox 948 3441 1048 3499; x_wconf 88' lang='lat' dir='ltr'><strong>est,</strong></span> <span class='ocrx_word' id='word_1_353' title='bbox 1080 3434 1373 3493; x_wconf 78' lang='lat' dir='ltr'><strong>multarum</strong></span> <span class='ocrx_word' id='word_1_354' title='bbox 1396 3438 1706 3508; x_wconf 87' lang='lat' dir='ltr'><strong>lampadum</strong></span> <span class='ocrx_word' id='word_1_355' title='bbox 1734 3440 1937 3497; x_wconf 89' lang='lat' dir='ltr'><strong>lumina</strong></span> <span class='ocrx_word' id='word_1_356' title='bbox 1961 3442 2085 3497; x_wconf 87' lang='lat' dir='ltr'><strong>nul-</strong></span> 
     </span>
    </p>
   </div>
   <div class='ocr_carea' id='block_1_50' title="bbox 505 3517 2085 3592">
    <p class='ocr_par' dir='ltr' id='par_1_50' title="bbox 505 3517 2085 3592">
     <span class='ocr_line' id='line_1_50' title="bbox 505 3517 2085 3592; baseline 0.014 -23"><span class='ocrx_word' id='word_1_357' title='bbox 505 3517 560 3571; x_wconf 92' lang='lat' dir='ltr'><strong>lo</strong></span> <span class='ocrx_word' id='word_1_358' title='bbox 583 3519 742 3573; x_wconf 87' lang='lat' dir='ltr'><strong>modo</strong></span> <span class='ocrx_word' id='word_1_359' title='bbox 766 3536 884 3576; x_wconf 88' lang='lat' dir='ltr'><strong>csse</strong></span> <span class='ocrx_word' id='word_1_360' title='bbox 914 3523 1158 3591; x_wconf 78' lang='lat' dir='ltr'><strong>confusa,</strong></span> <span class='ocrx_word' id='word_1_361' title='bbox 1186 3527 1280 3583; x_wconf 89' lang='lat' dir='ltr'><strong>sed</strong></span> <span class='ocrx_word' id='word_1_362' title='bbox 1303 3529 1643 3588; x_wconf 87' lang='lat' dir='ltr'><strong>solummodo</strong></span> <span class='ocrx_word' id='word_1_363' title='bbox 1665 3533 1921 3589; x_wconf 90' lang='lat' dir='ltr'><strong>adunata.</strong></span> <span class='ocrx_word' id='word_1_364' title='bbox 1948 3535 2085 3592; x_wconf 86' lang='lat' dir='ltr'><strong>Nam</strong></span> 
     </span>
    </p>
   </div>
   <div class='ocr_carea' id='block_1_51' title="bbox 506 3609 2085 3699">
    <p class='ocr_par' dir='ltr' id='par_1_51' title="bbox 506 3609 2085 3699">
     <span class='ocr_line' id='line_1_51' title="bbox 506 3609 2085 3699; baseline 0.014 -37"><span class='ocrx_word' id='word_1_365' title='bbox 506 3609 551 3693; x_wconf 79' lang='lat' dir='ltr'><strong>si</strong></span> <span class='ocrx_word' id='word_1_366' title='bbox 584 3610 727 3679; x_wconf 86' lang='lat' dir='ltr'><strong>quis,</strong></span> <span class='ocrx_word' id='word_1_367' title='bbox 756 3612 904 3668; x_wconf 89' lang='lat' dir='ltr'><strong>verbi</strong></span> <span class='ocrx_word' id='word_1_368' title='bbox 933 3616 1132 3686; x_wconf 87' lang='lat' dir='ltr'><strong>gratia,</strong></span> <span class='ocrx_word' id='word_1_369' title='bbox 1181 3616 1356 3675; x_wconf 91' lang='lat' dir='ltr'><strong>lucem</strong></span> <span class='ocrx_word' id='word_1_370' title='bbox 1385 3621 1542 3677; x_wconf 90' lang='lat' dir='ltr'><strong>unius</strong></span> <span class='ocrx_word' id='word_1_371' title='bbox 1570 3622 1835 3695; x_wconf 87' lang='lat' dir='ltr'><strong>lampadis</strong></span> <span class='ocrx_word' id='word_1_372' title='bbox 1872 3642 1939 3682; x_wconf 79' lang='lat' dir='ltr'><strong>ex</strong></span> <span class='ocrx_word' id='word_1_373' title='bbox 1968 3628 2085 3699; x_wconf 86' lang='lat' dir='ltr'><strong>ipsa</strong></span> 
     </span>
    </p>
   </div>
   <div class='ocr_carea' id='block_1_52' title="bbox 509 3700 2087 3779">
    <p class='ocr_par' dir='ltr' id='par_1_52' title="bbox 509 3700 2087 3779">
     <span class='ocr_line' id='line_1_52' title="bbox 509 3700 2087 3779; baseline 0.015 -25"><span class='ocrx_word' id='word_1_374' title='bbox 509 3700 688 3770; x_wconf 88' lang='lat' dir='ltr'><strong>domo,</strong></span> <span class='ocrx_word' id='word_1_375' title='bbox 723 3703 777 3759; x_wconf 93' lang='lat' dir='ltr'><strong>in</strong></span> <span class='ocrx_word' id='word_1_376' title='bbox 794 3720 899 3776; x_wconf 89' lang='lat' dir='ltr'><strong>qua</strong></span> <span class='ocrx_word' id='word_1_377' title='bbox 921 3705 1124 3774; x_wconf 89' lang='lat' dir='ltr'><strong>lucent,</strong></span> <span class='ocrx_word' id='word_1_378' title='bbox 1146 3708 1494 3779; x_wconf 80' lang='lat' dir='ltr'><strong>subtraxerit,</strong></span> <span class='ocrx_word' id='word_1_379' title='bbox 1512 3722 1567 3770; x_wconf 91' lang='lat' dir='ltr'><strong>et</strong></span> <span class='ocrx_word' id='word_1_380' title='bbox 1591 3714 1846 3773; x_wconf 85' lang='lat' dir='ltr'><strong>aliorsum</strong></span> <span class='ocrx_word' id='word_1_381' title='bbox 1868 3717 2087 3777; x_wconf 78' lang='lat' dir='ltr'><strong>duxerit</strong></span> 
     </span>
    </p>
   </div>
   <div class='ocr_carea' id='block_1_53' title="bbox 505 3795 2082 3874">
    <p class='ocr_par' dir='ltr' id='par_1_53' title="bbox 505 3795 2082 3874">
     <span class='ocr_line' id='line_1_53' title="bbox 505 3795 2082 3874; baseline 0.012 -26"><span class='ocrx_word' id='word_1_382' title='bbox 505 3795 815 3869; x_wconf 76' lang='lat' dir='ltr'><strong>ardentem,</strong></span> <span class='ocrx_word' id='word_1_383' title='bbox 858 3799 926 3869; x_wconf 85' lang='lat' dir='ltr'><strong>de</strong></span> <span class='ocrx_word' id='word_1_384' title='bbox 951 3816 1049 3857; x_wconf 93' lang='lat' dir='ltr'><strong>suo</strong></span> <span class='ocrx_word' id='word_1_385' title='bbox 1096 3804 1314 3874; x_wconf 89' lang='lat' dir='ltr'><strong>proprio</strong></span> <span class='ocrx_word' id='word_1_386' title='bbox 1346 3804 1546 3863; x_wconf 85' lang='lat' dir='ltr'><strong>lumine</strong></span> <span class='ocrx_word' id='word_1_387' title='bbox 1597 3808 1738 3864; x_wconf 85' lang='lat' dir='ltr'><strong>inter</strong></span> <span class='ocrx_word' id='word_1_388' title='bbox 1775 3818 2082 3867; x_wconf 85' lang='lat' dir='ltr'><strong>ceterarum</strong></span> 
     </span>
    </p>
   </div>
   <div class='ocr_carea' id='block_1_54' title="bbox 506 3885 2080 3968">
    <p class='ocr_par' dir='ltr' id='par_1_54' title="bbox 506 3885 2080 3968">
     <span class='ocr_line' id='line_1_54' title="bbox 506 3885 2080 3968; baseline 0.013 -27"><span class='ocrx_word' id='word_1_389' title='bbox 506 3885 811 3959; x_wconf 90' lang='lat' dir='ltr'><strong>lampadum</strong></span> <span class='ocrx_word' id='word_1_390' title='bbox 849 3892 1166 3964; x_wconf 89' lang='lat' dir='ltr'><strong>splendores</strong></span> <span class='ocrx_word' id='word_1_391' title='bbox 1198 3896 1327 3952; x_wconf 89' lang='lat' dir='ltr'><strong>nihil</strong></span> <span class='ocrx_word' id='word_1_392' title='bbox 1356 3899 1649 3968; x_wconf 86' lang='lat' dir='ltr'><strong>relinquet,</strong></span> <span class='ocrx_word' id='word_1_393' title='bbox 1678 3902 1813 3957; x_wconf 86' lang='lat' dir='ltr'><strong>nihil</strong></span> <span class='ocrx_word' id='word_1_394' title='bbox 1850 3903 2080 3961; x_wconf 82' lang='lat' dir='ltr'><strong>aliarum</strong></span> 
     </span>
    </p>
   </div>
   <div class='ocr_carea' id='block_1_55' title="bbox 501 3978 2082 4069">
    <p class='ocr_par' dir='ltr' id='par_1_55' title="bbox 501 3978 2082 4069">
     <span class='ocr_line' id='line_1_55' title="bbox 501 3978 2082 4069; baseline 0.013 -32"><span class='ocrx_word' id='word_1_395' title='bbox 501 3978 718 4052; x_wconf 86' lang='lat' dir='ltr'><strong>luminis</strong></span> <span class='ocrx_word' id='word_1_396' title='bbox 738 3985 1039 4055; x_wconf 77' lang='lat' dir='ltr'><strong>subtrahet.</strong></span> <span class='ocrx_word' id='word_1_397' title='bbox 1060 3986 1150 4043; x_wconf 88' lang='lat' dir='ltr'><strong>Sie</strong></span> <span class='ocrx_word' id='word_1_398' title='bbox 1179 3989 1245 4045; x_wconf 87' lang='lat' dir='ltr'><strong>de</strong></span> <span class='ocrx_word' id='word_1_399' title='bbox 1259 3992 1719 4052; x_wconf 86' lang='lat' dir='ltr'><strong>ceterisomnibus</strong></span> <span class='ocrx_word' id='word_1_400' title='bbox 1745 3996 2082 4069; x_wconf 84' lang='lat' dir='ltr'><strong>lampadibus</strong></span> 
     </span>
    </p>
   </div>
   <div class='ocr_carea' id='block_1_56' title="bbox 497 4074 2078 4155">
    <p class='ocr_par' dir='ltr' id='par_1_56' title="bbox 497 4074 2078 4155">
     <span class='ocr_line' id='line_1_56' title="bbox 497 4074 2078 4155; baseline 0.012 -28"><span class='ocrx_word' id='word_1_401' title='bbox 497 4074 855 4151; x_wconf 84' lang='lat' dir='ltr'><strong>sentiendum.</strong></span> <span class='ocrx_word' id='word_1_402' title='bbox 904 4075 1036 4135; x_wconf 88' lang='lat' dir='ltr'><strong>Nam</strong></span> <span class='ocrx_word' id='word_1_403' title='bbox 1062 4081 1107 4135; x_wconf 89' lang='lat' dir='ltr'><strong>si</strong></span> <span class='ocrx_word' id='word_1_404' title='bbox 1128 4091 1182 4136; x_wconf 87' lang='lat' dir='ltr'><strong>et</strong></span> <span class='ocrx_word' id='word_1_405' title='bbox 1218 4082 1364 4152; x_wconf 79' lang='lat' dir='ltr'><strong>ipsae</strong></span> <span class='ocrx_word' id='word_1_406' title='bbox 1405 4086 1982 4155; x_wconf 81' lang='lat' dir='ltr'><strong>subtractael&#39;uerint,</strong></span> <span class='ocrx_word' id='word_1_407' title='bbox 2006 4086 2078 4147; x_wconf 88' lang='lat' dir='ltr'><strong>nil</strong></span> 
     </span>
    </p>
   </div>
   <div class='ocr_carea' id='block_1_57' title="bbox 496 4164 2077 4251">
    <p class='ocr_par' dir='ltr' id='par_1_57' title="bbox 496 4164 2077 4251">
     <span class='ocr_line' id='line_1_57' title="bbox 496 4164 2077 4251; baseline 0.014 -32"><span class='ocrx_word' id='word_1_408' title='bbox 496 4164 652 4221; x_wconf 90' lang='lat' dir='ltr'><strong>alieni</strong></span> <span class='ocrx_word' id='word_1_409' title='bbox 672 4166 886 4225; x_wconf 88' lang='lat' dir='ltr'><strong>luminis</strong></span> <span class='ocrx_word' id='word_1_410' title='bbox 900 4186 1081 4229; x_wconf 89' lang='lat' dir='ltr'><strong>secum</strong></span> <span class='ocrx_word' id='word_1_411' title='bbox 1103 4176 1443 4244; x_wconf 82' lang='lat' dir='ltr'><strong>subtrahent,</strong></span> <span class='ocrx_word' id='word_1_412' title='bbox 1467 4178 1539 4233; x_wconf 93' lang='lat' dir='ltr'><strong>nil</strong></span> <span class='ocrx_word' id='word_1_413' title='bbox 1562 4180 1761 4251; x_wconf 87' lang='lat' dir='ltr'><strong>proprii</strong></span> <span class='ocrx_word' id='word_1_414' title='bbox 1785 4182 2077 4243; x_wconf 87' lang='lat' dir='ltr'><strong>dimittent.</strong></span> 
     </span>
    </p>
   </div>
   <div class='ocr_carea' id='block_1_58' title="bbox 512 4256 2079 4348">
    <p class='ocr_par' dir='ltr' id='par_1_58' title="bbox 512 4256 2079 4348">
     <span class='ocr_line' id='line_1_58' title="bbox 512 4256 2079 4348; baseline 0.016 -39"><span class='ocrx_word' id='word_1_415' title='bbox 512 4330 515 4335; x_wconf 28' lang='grc' dir='ltr'><strong>Ι</strong></span> <span class='ocrx_word' id='word_1_416' title='bbox 572 4256 656 4313; x_wconf 78' lang='lat' dir='ltr'><strong>l3.</strong></span> <span class='ocrx_word' id='word_1_417' title='bbox 688 4256 824 4315; x_wconf 80' lang='lat' dir='ltr'><strong>Num</strong></span> <span class='ocrx_word' id='word_1_418' title='bbox 870 4262 1033 4319; x_wconf 89' lang='lat' dir='ltr'><strong>simili</strong></span> <span class='ocrx_word' id='word_1_419' title='bbox 1086 4268 1243 4321; x_wconf 88' lang='lat' dir='ltr'><strong>modo</strong></span> <span class='ocrx_word' id='word_1_420' title='bbox 1282 4269 1360 4324; x_wconf 71' lang='lat' dir='ltr'><strong>.de</strong></span> <span class='ocrx_word' id='word_1_421' title='bbox 1394 4270 1646 4326; x_wconf 87' lang='lat' dir='ltr'><strong>humanis</strong></span> <span class='ocrx_word' id='word_1_422' title='bbox 1695 4275 2079 4348; x_wconf 81' lang='lat' dir='ltr'><strong>organicisque</strong></span> 
     </span>
    </p>
   </div>
   <div class='ocr_carea' id='block_1_59' title="bbox 497 4350 2078 4433">
    <p class='ocr_par' dir='ltr' id='par_1_59' title="bbox 497 4350 2078 4433">
     <span class='ocr_line' id='line_1_59' title="bbox 497 4350 2078 4433; baseline 0.015 -32"><span class='ocrx_word' id='word_1_423' title='bbox 497 4350 719 4407; x_wconf 88' lang='lat' dir='ltr'><strong>vocibus</strong></span> <span class='ocrx_word' id='word_1_424' title='bbox 749 4351 1101 4425; x_wconf 79' lang='lat' dir='ltr'><strong>intelligitur?</strong></span> <span class='ocrx_word' id='word_1_425' title='bbox 1133 4357 1355 4430; x_wconf 80' lang='lat' dir='ltr'><strong>Singula</strong></span> <span class='ocrx_word' id='word_1_426' title='bbox 1399 4376 1653 4433; x_wconf 78' lang='lat' dir='ltr'><strong>quaeque</strong></span> <span class='ocrx_word' id='word_1_427' title='bbox 1680 4381 1806 4431; x_wconf 77' lang='lat' dir='ltr'><strong>vox,</strong></span> <span class='ocrx_word' id='word_1_428' title='bbox 1844 4367 1959 4422; x_wconf 89' lang='lat' dir='ltr'><strong>sive</strong></span> <span class='ocrx_word' id='word_1_429' title='bbox 1976 4368 2078 4428; x_wconf 86' lang='lat' dir='ltr'><strong>bu-</strong></span> 
     </span>
    </p>
   </div>
   <div class='ocr_carea' id='block_1_60' title="bbox 500 4442 2071 4524">
    <p class='ocr_par' dir='ltr' id='par_1_60' title="bbox 500 4442 2071 4524">
     <span class='ocr_line' id='line_1_60' title="bbox 500 4442 2071 4524; baseline 0.015 -31"><span class='ocrx_word' id='word_1_430' title='bbox 500 4455 679 4510; x_wconf 88' lang='lat' dir='ltr'><strong>mana,</strong></span> <span class='ocrx_word' id='word_1_431' title='bbox 712 4442 827 4511; x_wconf 85' lang='lat' dir='ltr'><strong>sive</strong></span> <span class='ocrx_word' id='word_1_432' title='bbox 872 4445 1151 4511; x_wconf 83' lang='lat' dir='ltr'><strong>tlstularis,</strong></span> <span class='ocrx_word' id='word_1_433' title='bbox 1202 4449 1285 4505; x_wconf 89' lang='lat' dir='ltr'><strong>vel</strong></span> <span class='ocrx_word' id='word_1_434' title='bbox 1315 4451 1516 4522; x_wconf 85' lang='lat' dir='ltr'><strong>lyrica,</strong></span> <span class='ocrx_word' id='word_1_435' title='bbox 1564 4456 1884 4524; x_wconf 88' lang='lat' dir='ltr'><strong>qualitatem</strong></span> <span class='ocrx_word' id='word_1_436' title='bbox 1920 4476 2071 4517; x_wconf 87' lang='lat' dir='ltr'><strong>suam</strong></span> 
     </span>
    </p>
   </div>
   <div class='ocr_carea' id='block_1_61' title="bbox 498 4531 2154 4647">
    <p class='ocr_par' dir='ltr' id='par_1_61' title="bbox 498 4531 2154 4647">
     <span class='ocr_line' id='line_1_61' title="bbox 498 4531 2154 4647; baseline 0.016 -63"><span class='ocrx_word' id='word_1_437' title='bbox 498 4531 696 4589; x_wconf 87' lang='lat' dir='ltr'><strong>habere</strong></span> <span class='ocrx_word' id='word_1_438' title='bbox 736 4550 842 4591; x_wconf 89' lang='lat' dir='ltr'><strong>non</strong></span> <span class='ocrx_word' id='word_1_439' title='bbox 866 4533 1101 4604; x_wconf 86' lang='lat' dir='ltr'><strong>desistit,</strong></span> <span class='ocrx_word' id='word_1_440' title='bbox 1124 4539 1249 4595; x_wconf 89' lang='lat' dir='ltr'><strong>dum</strong></span> <span class='ocrx_word' id='word_1_441' title='bbox 1287 4558 1448 4612; x_wconf 85' lang='lat' dir='ltr'><strong>unam</strong></span> <span class='ocrx_word' id='word_1_442' title='bbox 1478 4546 1814 4603; x_wconf 87' lang='lat' dir='ltr'><strong>harmoniam</strong></span> <span class='ocrx_word' id='word_1_443' title='bbox 1841 4550 1981 4607; x_wconf 89' lang='lat' dir='ltr'><strong>inter</strong></span> <span class='ocrx_word' id='word_1_444' title='bbox 2014 4568 2073 4609; x_wconf 85' lang='lat' dir='ltr'><strong>se</strong></span> <span class='ocrx_word' id='word_1_445' title='bbox 2099 4582 2154 4647; x_wconf 66' lang='grc' dir='ltr'><strong>Β</strong></span> 
     </span>
     <span class='ocr_line' id='line_1_62' title="bbox 498 4623 1976 4647; baseline 0 0"><span class='ocrx_word' id='word_1_446' title='bbox 498 4623 679 4647; x_wconf 60' lang='lat' dir='ltr'><strong>.,I..-.--</strong></span> <span class='ocrx_word' id='word_1_447' title='bbox 721 4626 922 4647; x_wconf 50' lang='lat' dir='ltr'><strong>--_2.A._</strong></span> <span class='ocrx_word' id='word_1_448' title='bbox 958 4644 1039 4647; x_wconf 43' lang='grc' dir='ltr'><strong>,Αη</strong></span> <span class='ocrx_word' id='word_1_449' title='bbox 1318 4633 1333 4647; x_wconf 68' lang='grc' dir='ltr'><strong>ι</strong></span> <span class='ocrx_word' id='word_1_450' title='bbox 1411 4636 1422 4647; x_wconf 72' lang='lat'><strong><em>.</em></strong></span> <span class='ocrx_word' id='word_1_451' title='bbox 1528 4638 1573 4647; x_wconf 74' lang='grc' dir='ltr'><strong>ι...</strong></span> <span class='ocrx_word' id='word_1_452' title='bbox 1615 4640 1625 4647; x_wconf 96' lang='grc'>.</span> <span class='ocrx_word' id='word_1_453' title='bbox 1784 4642 1841 4647; x_wconf 87' lang='grc'><strong>---</strong></span> <span class='ocrx_word' id='word_1_454' title='bbox 1869 4644 1878 4647; x_wconf 78' lang='lat'><strong>-</strong></span> <span class='ocrx_word' id='word_1_455' title='bbox 1969 4645 1976 4647; x_wconf 33' lang='grc' dir='ltr'><em>Α</em></span> 
     </span>
    </p>
   </div>
   <div class='ocr_carea' id='block_1_62' title="bbox 498 4623 2073 4707">
    <p class='ocr_par' dir='ltr' id='par_1_62' title="bbox 498 4623 2073 4707">
     <span class='ocr_line' id='line_1_63' title="bbox 498 4623 2073 4707; baseline 0.017 -33"><span class='ocrx_word' id='word_1_456' title='bbox 498 4623 682 4693; x_wconf 82' lang='lat' dir='ltr'><strong>plures</strong></span> <span class='ocrx_word' id='word_1_457' title='bbox 721 4626 928 4684; x_wconf 89' lang='lat' dir='ltr'><strong>unitate</strong></span> <span class='ocrx_word' id='word_1_458' title='bbox 948 4644 1186 4702; x_wconf 88' lang='lat' dir='ltr'><strong>congrua</strong></span> <span class='ocrx_word' id='word_1_459' title='bbox 1213 4633 1459 4707; x_wconf 80' lang='lat' dir='ltr'><strong>analogia</strong></span> <span class='ocrx_word' id='word_1_460' title='bbox 1489 4638 1747 4701; x_wconf 80' lang='lat' dir='ltr'><strong>elliciunt.</strong></span> <span class='ocrx_word' id='word_1_461' title='bbox 1784 4642 1881 4699; x_wconf 90' lang='lat' dir='ltr'><strong>Ubi</strong></span> <span class='ocrx_word' id='word_1_462' title='bbox 1907 4645 2073 4701; x_wconf 89' lang='lat' dir='ltr'><strong>etiam</strong></span> 
     </span>
    </p>
   </div>
   <div class='ocr_carea' id='block_1_63' title="bbox 497 4712 2072 4803">
    <p class='ocr_par' dir='ltr' id='par_1_63' title="bbox 497 4712 2072 4803">
     <span class='ocr_line' id='line_1_64' title="bbox 497 4712 2072 4803; baseline 0.016 -34"><span class='ocrx_word' id='word_1_463' title='bbox 497 4725 741 4786; x_wconf 87' lang='lat' dir='ltr'><strong>apertum</strong></span> <span class='ocrx_word' id='word_1_464' title='bbox 767 4712 1144 4793; x_wconf 77' lang='lat' dir='ltr'><strong>argumentum</strong></span> <span class='ocrx_word' id='word_1_465' title='bbox 1173 4725 1240 4782; x_wconf 90' lang='lat' dir='ltr'><strong>de</strong></span> <span class='ocrx_word' id='word_1_466' title='bbox 1267 4730 1413 4787; x_wconf 89' lang='lat' dir='ltr'><strong>sonis</strong></span> <span class='ocrx_word' id='word_1_467' title='bbox 1438 4731 1619 4799; x_wconf 91' lang='lat' dir='ltr'><strong>datur,</strong></span> <span class='ocrx_word' id='word_1_468' title='bbox 1648 4735 1789 4803; x_wconf 89' lang='lat' dir='ltr'><strong>quod</strong></span> <span class='ocrx_word' id='word_1_469' title='bbox 1820 4737 1872 4792; x_wconf 92' lang='lat' dir='ltr'><strong>in</strong></span> <span class='ocrx_word' id='word_1_470' title='bbox 1897 4753 1956 4795; x_wconf 87' lang='lat' dir='ltr'><strong>se</strong></span> <span class='ocrx_word' id='word_1_471' title='bbox 1984 4739 2072 4794; x_wconf 88' lang='lat' dir='ltr'><strong>in-</strong></span> 
     </span>
    </p>
   </div>
   <div class='ocr_carea' id='block_1_64' title="bbox 497 4810 2074 4891">
    <p class='ocr_par' dir='ltr' id='par_1_64' title="bbox 497 4810 2074 4891">
     <span class='ocr_line' id='line_1_65' title="bbox 497 4810 2074 4891; baseline 0.018 -29"><span class='ocrx_word' id='word_1_472' title='bbox 497 4810 668 4891; x_wconf 74' lang='lat' dir='ltr'><strong>vicem</strong></span> <span class='ocrx_word' id='word_1_473' title='bbox 716 4828 822 4868; x_wconf 90' lang='lat' dir='ltr'><strong>non</strong></span> <span class='ocrx_word' id='word_1_474' title='bbox 870 4814 1292 4887; x_wconf 85' lang='lat' dir='ltr'><strong>confunduntur,</strong></span> <span class='ocrx_word' id='word_1_475' title='bbox 1335 4825 1429 4889; x_wconf 82' lang='lat' dir='ltr'><strong>sed</strong></span> <span class='ocrx_word' id='word_1_476' title='bbox 1458 4826 1796 4887; x_wconf 84' lang='lat' dir='ltr'><strong>solummodo</strong></span> <span class='ocrx_word' id='word_1_477' title='bbox 1829 4832 2074 4889; x_wconf 81' lang='lat' dir='ltr'><strong>adunan-</strong></span> 
     </span>
    </p>
   </div>
   <div class='ocr_carea' id='block_1_65' title="bbox 497 4900 2071 4991">
    <p class='ocr_par' dir='ltr' id='par_1_65' title="bbox 497 4900 2071 4991">
     <span class='ocr_line' id='line_1_66' title="bbox 497 4900 2071 4991; baseline 0.017 -35"><span class='ocrx_word' id='word_1_478' title='bbox 497 4913 601 4958; x_wconf 91' lang='lat' dir='ltr'><strong>tur.</strong></span> <span class='ocrx_word' id='word_1_479' title='bbox 627 4904 761 4971; x_wconf 85' lang='lat' dir='ltr'><strong>Nam</strong></span> <span class='ocrx_word' id='word_1_480' title='bbox 786 4900 839 4983; x_wconf 81' lang='lat' dir='ltr'><strong>si</strong></span> <span class='ocrx_word' id='word_1_481' title='bbox 864 4907 1043 4980; x_wconf 91' lang='lat' dir='ltr'><strong>aliqua</strong></span> <span class='ocrx_word' id='word_1_482' title='bbox 1072 4927 1171 4966; x_wconf 80' lang='lat' dir='ltr'><strong>vox</strong></span> <span class='ocrx_word' id='word_1_483' title='bbox 1205 4928 1271 4968; x_wconf 83' lang='lat' dir='ltr'><strong>ex</strong></span> <span class='ocrx_word' id='word_1_484' title='bbox 1303 4916 1435 4985; x_wconf 85' lang='lat' dir='ltr'><strong>ipsis</strong></span> <span class='ocrx_word' id='word_1_485' title='bbox 1464 4918 1694 4985; x_wconf 71' lang='lat' dir='ltr'><strong>siluerit,</strong></span> <span class='ocrx_word' id='word_1_486' title='bbox 1727 4922 1841 4979; x_wconf 88' lang='lat' dir='ltr'><strong>sola</strong></span> <span class='ocrx_word' id='word_1_487' title='bbox 1871 4923 2071 4991; x_wconf 85' lang='lat' dir='ltr'><strong>silebit,</strong></span> 
     </span>
    </p>
   </div>
   <div class='ocr_carea' id='block_1_66' title="bbox 493 4996 2071 5084">
    <p class='ocr_par' dir='ltr' id='par_1_66' title="bbox 493 4996 2071 5084">
     <span class='ocr_line' id='line_1_67' title="bbox 493 4996 2071 5084; baseline 0.015 -36"><span class='ocrx_word' id='word_1_488' title='bbox 493 5011 591 5050; x_wconf 88' lang='lat' dir='ltr'><strong>nec</strong></span> <span class='ocrx_word' id='word_1_489' title='bbox 620 4996 683 5051; x_wconf 91' lang='lat' dir='ltr'><strong>de</strong></span> <span class='ocrx_word' id='word_1_490' title='bbox 732 4998 960 5055; x_wconf 87' lang='lat' dir='ltr'><strong>melodia</strong></span> <span class='ocrx_word' id='word_1_491' title='bbox 988 5000 1197 5057; x_wconf 85' lang='lat' dir='ltr'><strong>silentis</strong></span> <span class='ocrx_word' id='word_1_492' title='bbox 1242 5004 1386 5061; x_wconf 87' lang='lat' dir='ltr'><strong>inter</strong></span> <span class='ocrx_word' id='word_1_493' title='bbox 1412 5007 1590 5066; x_wconf 88' lang='lat' dir='ltr'><strong>adhuc</strong></span> <span class='ocrx_word' id='word_1_494' title='bbox 1631 5022 1885 5071; x_wconf 79' lang='lat' dir='ltr'><strong>sonantes</strong></span> <span class='ocrx_word' id='word_1_495' title='bbox 1920 5016 2071 5084; x_wconf 87' lang='lat' dir='ltr'><strong>quic-</strong></span> 
     </span>
    </p>
   </div>
   <div class='ocr_carea' id='block_1_67' title="bbox 490 5091 2106 5179">
    <p class='ocr_par' dir='ltr' id='par_1_67' title="bbox 490 5091 2106 5179">
     <span class='ocr_line' id='line_1_68' title="bbox 490 5091 2106 5179; baseline 0.013 -39"><span class='ocrx_word' id='word_1_496' title='bbox 490 5104 652 5159; x_wconf 86' lang='lat' dir='ltr'><strong>quam</strong></span> <span class='ocrx_word' id='word_1_497' title='bbox 682 5091 926 5149; x_wconf 86' lang='lat' dir='ltr'><strong>resultat.</strong></span> <span class='ocrx_word' id='word_1_498' title='bbox 953 5094 1030 5150; x_wconf 86' lang='lat' dir='ltr'><strong>Ex</strong></span> <span class='ocrx_word' id='word_1_499' title='bbox 1060 5112 1168 5167; x_wconf 91' lang='lat' dir='ltr'><strong>quo</strong></span> <span class='ocrx_word' id='word_1_500' title='bbox 1195 5099 1543 5157; x_wconf 81' lang='lat' dir='ltr'><strong>manifestum</strong></span> <span class='ocrx_word' id='word_1_501' title='bbox 1573 5112 1673 5165; x_wconf 89' lang='lat' dir='ltr'><strong>est,</strong></span> <span class='ocrx_word' id='word_1_502' title='bbox 1705 5107 1868 5175; x_wconf 86' lang='lat' dir='ltr'><strong>quod,</strong></span> <span class='ocrx_word' id='word_1_503' title='bbox 1899 5125 2071 5179; x_wconf 88' lang='lat' dir='ltr'><strong>quan-</strong></span> <span class='ocrx_word' id='word_1_504' title='bbox 2092 5132 2106 5161; x_wconf 66' lang='grc' dir='ltr'><strong>ι</strong></span> 
     </span>
    </p>
   </div>
   <div class='ocr_carea' id='block_1_68' title="bbox 490 5180 2069 5270">
    <p class='ocr_par' dir='ltr' id='par_1_68' title="bbox 490 5180 2069 5270">
     <span class='ocr_line' id='line_1_69' title="bbox 490 5180 2069 5270; baseline 0.016 -37"><span class='ocrx_word' id='word_1_505' title='bbox 490 5180 559 5235; x_wconf 89' lang='lat' dir='ltr'><strong>do</strong></span> <span class='ocrx_word' id='word_1_506' title='bbox 590 5182 728 5237; x_wconf 89' lang='lat' dir='ltr'><strong>inter</strong></span> <span class='ocrx_word' id='word_1_507' title='bbox 766 5193 976 5241; x_wconf 89' lang='lat' dir='ltr'><strong>ceteras</strong></span> <span class='ocrx_word' id='word_1_508' title='bbox 1019 5190 1222 5253; x_wconf 89' lang='lat' dir='ltr'><strong>sonuit,</strong></span> <span class='ocrx_word' id='word_1_509' title='bbox 1250 5193 1636 5261; x_wconf 86' lang='lat' dir='ltr'><strong>proprietatem</strong></span> <span class='ocrx_word' id='word_1_510' title='bbox 1674 5212 1806 5254; x_wconf 89' lang='lat' dir='ltr'><strong>suae</strong></span> <span class='ocrx_word' id='word_1_511' title='bbox 1835 5201 2069 5270; x_wconf 87' lang='lat' dir='ltr'><strong>qualita-</strong></span> 
     </span>
    </p>
   </div>
   <div class='ocr_carea' id='block_1_69' title="bbox 490 5271 2066 5358">
    <p class='ocr_par' dir='ltr' id='par_1_69' title="bbox 490 5271 2066 5358">
     <span class='ocr_line' id='line_1_70' title="bbox 490 5271 2066 5358; baseline 0.016 -35"><span class='ocrx_word' id='word_1_512' title='bbox 490 5271 560 5327; x_wconf 89' lang='lat' dir='ltr'><strong>tis</strong></span> <span class='ocrx_word' id='word_1_513' title='bbox 617 5274 944 5332; x_wconf 83' lang='lat' dir='ltr'><strong>observavit.</strong></span> <span class='ocrx_word' id='word_1_514' title='bbox 975 5277 1108 5351; x_wconf 84' lang='lat' dir='ltr'><strong>Nam</strong></span> <span class='ocrx_word' id='word_1_515' title='bbox 1168 5279 1213 5335; x_wconf 90' lang='lat' dir='ltr'><strong>si</strong></span> <span class='ocrx_word' id='word_1_516' title='bbox 1257 5281 1380 5337; x_wconf 91' lang='lat' dir='ltr'><strong>aliis</strong></span> <span class='ocrx_word' id='word_1_517' title='bbox 1437 5282 1457 5315; x_wconf 84' lang='lat'><strong>&#39;</strong></span> <span class='ocrx_word' id='word_1_518' title='bbox 1496 5284 1935 5358; x_wconf 83' lang='lat' dir='ltr'><strong>confunderetur,</strong></span> <span class='ocrx_word' id='word_1_519' title='bbox 1960 5309 2066 5349; x_wconf 91' lang='lat' dir='ltr'><strong>non</strong></span> 
     </span>
    </p>
   </div>
   <div class='ocr_carea' id='block_1_70' title="bbox 493 5364 2068 5446">
    <p class='ocr_par' dir='ltr' id='par_1_70' title="bbox 493 5364 2068 5446">
     <span class='ocr_line' id='line_1_71' title="bbox 493 5364 2068 5446; baseline 0.017 -31"><span class='ocrx_word' id='word_1_520' title='bbox 493 5371 673 5430; x_wconf 85' lang='lat' dir='ltr'><strong>posset</strong></span> <span class='ocrx_word' id='word_1_521' title='bbox 706 5373 871 5446; x_wconf 85' lang='lat' dir='ltr'><strong>totam</strong></span> <span class='ocrx_word' id='word_1_522' title='bbox 901 5384 959 5423; x_wconf 89' lang='lat' dir='ltr'><strong>se</strong></span> <span class='ocrx_word' id='word_1_523' title='bbox 983 5368 1191 5427; x_wconf 82' lang='lat' dir='ltr'><strong>silendo</strong></span> <span class='ocrx_word' id='word_1_524' title='bbox 1220 5364 1563 5435; x_wconf 83' lang='lat' dir='ltr'><strong>subtrahere.</strong></span> <span class='ocrx_word' id='word_1_525' title='bbox 1588 5374 1742 5446; x_wconf 81' lang='lat' dir='ltr'><strong>Quod</strong></span> <span class='ocrx_word' id='word_1_526' title='bbox 1772 5383 1915 5439; x_wconf 89' lang='lat' dir='ltr'><strong>enim</strong></span> <span class='ocrx_word' id='word_1_527' title='bbox 1939 5399 2068 5441; x_wconf 88' lang='lat' dir='ltr'><strong>con-</strong></span> 
     </span>
    </p>
   </div>
   <div class='ocr_carea' id='block_1_71' title="bbox 2202 1944 3793 2016">
    <p class='ocr_par' dir='ltr' id='par_1_71' title="bbox 2202 1944 3793 2016">
     <span class='ocr_line' id='line_1_72' title="bbox 2202 1944 3793 2016; baseline 0.008 -19"><span class='ocrx_word' id='word_1_528' title='bbox 2202 1944 2363 1999; x_wconf 91' lang='lat' dir='ltr'><strong>etiam</strong></span> <span class='ocrx_word' id='word_1_529' title='bbox 2403 1944 2697 2016; x_wconf 86' lang='lat' dir='ltr'><strong>Apostolus</strong></span> <span class='ocrx_word' id='word_1_530' title='bbox 2740 1948 3190 2007; x_wconf 81' lang='lat' dir='ltr'><strong>manifestissime</strong></span> <span class='ocrx_word' id='word_1_531' title='bbox 3222 1950 3398 2009; x_wconf 85' lang='lat' dir='ltr'><strong>docet.</strong></span> <span class='ocrx_word' id='word_1_532' title='bbox 3443 1952 3537 2008; x_wconf 79' lang='lat' dir='ltr'><strong>Ait</strong></span> <span class='ocrx_word' id='word_1_533' title='bbox 3585 1953 3793 2010; x_wconf 75' lang='lat' dir='ltr'><strong>enim:</strong></span> 
     </span>
    </p>
   </div>
   <div class='ocr_carea' id='block_1_72' title="bbox 2203 2034 3796 2115">
    <p class='ocr_par' dir='ltr' id='par_1_72' title="bbox 2203 2034 3796 2115">
     <span class='ocr_line' id='line_1_73' title="bbox 2203 2034 3796 2115; baseline 0.005 -22"><span class='ocrx_word' id='word_1_534' title='bbox 2203 2034 2509 2094; x_wconf 83' lang='lat' dir='ltr'><strong>Semin&#39;atur</strong></span> <span class='ocrx_word' id='word_1_535' title='bbox 2554 2057 2744 2113; x_wconf 72' lang='lat' dir='ltr'><strong>corpus</strong></span> <span class='ocrx_word' id='word_1_536' title='bbox 2779 2042 3031 2109; x_wconf 84' lang='lat' dir='ltr'><strong>animale,</strong></span> <span class='ocrx_word' id='word_1_537' title='bbox 3059 2052 3234 2114; x_wconf 75' lang='lat' dir='ltr'><strong>surget</strong></span> <span class='ocrx_word' id='word_1_538' title='bbox 3264 2059 3454 2114; x_wconf 71' lang='lat' dir='ltr'><strong>corpus</strong></span> <span class='ocrx_word' id='word_1_539' title='bbox 3486 2044 3796 2115; x_wconf 59' lang='lat' dir='ltr'><strong>spiram.</strong></span> 
     </span>
    </p>
   </div>
   <div class='ocr_carea' id='block_1_73' title="bbox 2199 2122 3795 2206">
    <p class='ocr_par' dir='ltr' id='par_1_73' title="bbox 2199 2122 3795 2206">
     <span class='ocr_line' id='line_1_74' title="bbox 2199 2122 3795 2206; baseline 0.004 -22"><span class='ocrx_word' id='word_1_540' title='bbox 2199 2122 2330 2184; x_wconf 84' lang='lat' dir='ltr'><strong>[tem</strong></span> <span class='ocrx_word' id='word_1_541' title='bbox 2366 2148 2380 2186; x_wconf 89' lang='lat'><strong>:</strong></span> <span class='ocrx_word' id='word_1_542' title='bbox 2418 2130 2552 2187; x_wconf 85' lang='lat' dir='ltr'><strong>Dum</strong></span> <span class='ocrx_word' id='word_1_543' title='bbox 2580 2134 2915 2204; x_wconf 80' lang='lat' dir='ltr'><strong>corruptibile</strong></span> <span class='ocrx_word' id='word_1_544' title='bbox 2935 2133 3032 2189; x_wconf 84' lang='lat' dir='ltr'><strong>hoc</strong></span> <span class='ocrx_word' id='word_1_545' title='bbox 3058 2134 3285 2189; x_wconf 81' lang='lat' dir='ltr'><strong>induerit</strong></span> <span class='ocrx_word' id='word_1_546' title='bbox 3311 2135 3795 2206; x_wconf 71' lang='lat' dir='ltr'><strong>incorruptionem.</strong></span> 
     </span>
    </p>
   </div>
   <div class='ocr_carea' id='block_1_74' title="bbox 2199 2225 3798 2299">
    <p class='ocr_par' dir='ltr' id='par_1_74' title="bbox 2199 2225 3798 2299">
     <span class='ocr_line' id='line_1_75' title="bbox 2199 2225 3798 2299; baseline 0.004 -21"><span class='ocrx_word' id='word_1_547' title='bbox 2199 2232 2247 2278; x_wconf 83' lang='lat' dir='ltr'><strong>et</strong></span> <span class='ocrx_word' id='word_1_548' title='bbox 2281 2225 2502 2281; x_wconf 76' lang='lat' dir='ltr'><strong>mortale</strong></span> <span class='ocrx_word' id='word_1_549' title='bbox 2532 2226 2630 2280; x_wconf 85' lang='lat' dir='ltr'><strong>hoc</strong></span> <span class='ocrx_word' id='word_1_550' title='bbox 2656 2226 2886 2282; x_wconf 80' lang='lat' dir='ltr'><strong>induerit</strong></span> <span class='ocrx_word' id='word_1_551' title='bbox 2922 2226 3389 2283; x_wconf 77' lang='lat' dir='ltr'><strong>immortalitatem.</strong></span> <span class='ocrx_word' id='word_1_552' title='bbox 3412 2226 3583 2283; x_wconf 74' lang='lat' dir='ltr'><strong>Moles</strong></span> <span class='ocrx_word' id='word_1_553' title='bbox 3602 2229 3798 2299; x_wconf 74' lang='lat' dir='ltr'><strong>itaque</strong></span> 
     </span>
    </p>
   </div>
   <div class='ocr_carea' id='block_1_75' title="bbox 2201 2317 3800 2393">
    <p class='ocr_par' dir='ltr' id='par_1_75' title="bbox 2201 2317 3800 2393">
     <span class='ocr_line' id='line_1_76' title="bbox 2201 2317 3800 2393; baseline 0.004 -24"><span class='ocrx_word' id='word_1_554' title='bbox 2201 2322 2442 2384; x_wconf 86' lang='lat' dir='ltr'><strong>terrena,</strong></span> <span class='ocrx_word' id='word_1_555' title='bbox 2473 2318 2744 2385; x_wconf 83' lang='lat' dir='ltr'><strong>mortalis,</strong></span> <span class='ocrx_word' id='word_1_556' title='bbox 2775 2317 3000 2388; x_wconf 79' lang='lat' dir='ltr'><strong>ﬂuxilis,</strong></span> <span class='ocrx_word' id='word_1_557' title='bbox 3032 2335 3173 2392; x_wconf 90' lang='lat' dir='ltr'><strong>quae</strong></span> <span class='ocrx_word' id='word_1_558' title='bbox 3199 2335 3266 2377; x_wconf 76' lang='lat' dir='ltr'><strong>ex</strong></span> <span class='ocrx_word' id='word_1_559' title='bbox 3301 2319 3533 2377; x_wconf 83' lang='lat' dir='ltr'><strong>diversis</strong></span> <span class='ocrx_word' id='word_1_560' title='bbox 3555 2321 3800 2393; x_wconf 83' lang='lat' dir='ltr'><strong>qualita-</strong></span> 
     </span>
    </p>
   </div>
   <div class='ocr_carea' id='block_1_76' title="bbox 2200 2413 3791 2488">
    <p class='ocr_par' dir='ltr' id='par_1_76' title="bbox 2200 2413 3791 2488">
     <span class='ocr_line' id='line_1_77' title="bbox 2200 2413 3791 2488; baseline 0.006 -23"><span class='ocrx_word' id='word_1_561' title='bbox 2200 2413 2342 2470; x_wconf 89' lang='lat' dir='ltr'><strong>tibus</strong></span> <span class='ocrx_word' id='word_1_562' title='bbox 2363 2414 2700 2471; x_wconf 89' lang='lat' dir='ltr'><strong>sensibilium</strong></span> <span class='ocrx_word' id='word_1_563' title='bbox 2730 2415 3124 2474; x_wconf 90' lang='lat' dir='ltr'><strong>elementorum</strong></span> <span class='ocrx_word' id='word_1_564' title='bbox 3155 2425 3212 2473; x_wconf 87' lang='lat' dir='ltr'><strong>et</strong></span> <span class='ocrx_word' id='word_1_565' title='bbox 3239 2429 3515 2488; x_wconf 82' lang='lat' dir='ltr'><strong>assumpta</strong></span> <span class='ocrx_word' id='word_1_566' title='bbox 3544 2427 3599 2474; x_wconf 89' lang='lat' dir='ltr'><strong>et</strong></span> <span class='ocrx_word' id='word_1_567' title='bbox 3627 2432 3791 2474; x_wconf 79' lang='lat' dir='ltr'><strong>eom-</strong></span> 
     </span>
    </p>
   </div>
   <div class='ocr_carea' id='block_1_77' title="bbox 2196 2506 3796 2582">
    <p class='ocr_par' dir='ltr' id='par_1_77' title="bbox 2196 2506 3796 2582">
     <span class='ocr_line' id='line_1_78' title="bbox 2196 2506 3796 2582; baseline 0.003 -20"><span class='ocrx_word' id='word_1_568' title='bbox 2196 2506 2370 2576; x_wconf 86' lang='lat' dir='ltr'><strong>posita</strong></span> <span class='ocrx_word' id='word_1_569' title='bbox 2394 2516 2500 2571; x_wconf 81' lang='lat' dir='ltr'><strong>est,</strong></span> <span class='ocrx_word' id='word_1_570' title='bbox 2544 2509 2647 2564; x_wconf 91' lang='lat' dir='ltr'><strong>sub</strong></span> <span class='ocrx_word' id='word_1_571' title='bbox 2677 2509 2852 2565; x_wconf 80' lang='lat' dir='ltr'><strong>forma</strong></span> <span class='ocrx_word' id='word_1_572' title='bbox 2891 2510 3019 2577; x_wconf 85' lang='lat' dir='ltr'><strong>hac,</strong></span> <span class='ocrx_word' id='word_1_573' title='bbox 3045 2526 3186 2581; x_wconf 87' lang='lat' dir='ltr'><strong>quae</strong></span> <span class='ocrx_word' id='word_1_574' title='bbox 3225 2510 3474 2566; x_wconf 85' lang='lat' dir='ltr'><strong>sensibus</strong></span> <span class='ocrx_word' id='word_1_575' title='bbox 3503 2512 3796 2582; x_wconf 76' lang='lat' dir='ltr'><strong>corporeis</strong></span> 
     </span>
    </p>
   </div>
   <div class='ocr_carea' id='block_1_78' title="bbox 2199 2593 3794 2669">
    <p class='ocr_par' dir='ltr' id='par_1_78' title="bbox 2199 2593 3794 2669">
     <span class='ocr_line' id='line_1_79' title="bbox 2199 2593 3794 2669; baseline 0.005 -23"><span class='ocrx_word' id='word_1_576' title='bbox 2199 2593 2564 2662; x_wconf 66' lang='lat' dir='ltr'><strong>succumbit”,</strong></span> <span class='ocrx_word' id='word_1_577' title='bbox 2599 2596 2742 2651; x_wconf 88' lang='lat' dir='ltr'><strong>sicut</strong></span> <span class='ocrx_word' id='word_1_578' title='bbox 2768 2596 2821 2653; x_wconf 91' lang='lat' dir='ltr'><strong>in</strong></span> <span class='ocrx_word' id='word_1_579' title='bbox 2863 2599 3318 2669; x_wconf 87' lang='lat' dir='ltr'><strong>praecedentibus</strong></span> <span class='ocrx_word' id='word_1_580' title='bbox 3337 2598 3492 2656; x_wconf 84' lang='lat' dir='ltr'><strong>libris</strong></span> <span class='ocrx_word' id='word_1_581' title='bbox 3529 2602 3794 2655; x_wconf 75' lang='lat' dir='ltr'><strong>tractavi—</strong></span> 
     </span>
    </p>
   </div>
   <div class='ocr_carea' id='block_1_79' title="bbox 2197 2687 3792 2761">
    <p class='ocr_par' dir='ltr' id='par_1_79' title="bbox 2197 2687 3792 2761">
     <span class='ocr_line' id='line_1_80' title="bbox 2197 2687 3792 2761; baseline 0.006 -23"><span class='ocrx_word' id='word_1_582' title='bbox 2197 2690 2318 2740; x_wconf 88' lang='lat' dir='ltr'><strong>mus</strong></span> <span class='ocrx_word' id='word_1_583' title='bbox 2350 2727 2365 2751; x_wconf 86' lang='lat'><strong>,</strong></span> <span class='ocrx_word' id='word_1_584' title='bbox 2426 2687 2679 2755; x_wconf 89' lang='lat' dir='ltr'><strong>quoniam</strong></span> <span class='ocrx_word' id='word_1_585' title='bbox 2743 2689 2939 2744; x_wconf 91' lang='lat' dir='ltr'><strong>merito</strong></span> <span class='ocrx_word' id='word_1_586' title='bbox 2996 2691 3204 2761; x_wconf 88' lang='lat' dir='ltr'><strong>peccati</strong></span> <span class='ocrx_word' id='word_1_587' title='bbox 3260 2690 3491 2746; x_wconf 81' lang='lat' dir='ltr'><strong>naturali</strong></span> <span class='ocrx_word' id='word_1_588' title='bbox 3538 2692 3792 2761; x_wconf 77' lang='lat' dir='ltr'><strong>corporis</strong></span> 
     </span>
    </p>
   </div>
   <div class='ocr_carea' id='block_1_80' title="bbox 2197 2777 3791 2852">
    <p class='ocr_par' dir='ltr' id='par_1_80' title="bbox 2197 2777 3791 2852">
     <span class='ocr_line' id='line_1_81' title="bbox 2197 2777 3791 2852; baseline 0.005 -20"><span class='ocrx_word' id='word_1_589' title='bbox 2197 2777 2651 2850; x_wconf 84' lang='lat' dir='ltr'><strong>substantialiquc</strong></span> <span class='ocrx_word' id='word_1_590' title='bbox 2679 2782 3028 2852; x_wconf 90' lang='lat' dir='ltr'><strong>superaddita</strong></span> <span class='ocrx_word' id='word_1_591' title='bbox 3068 2783 3173 2848; x_wconf 86' lang='lat' dir='ltr'><strong>est,</strong></span> <span class='ocrx_word' id='word_1_592' title='bbox 3198 2782 3460 2849; x_wconf 86' lang='lat' dir='ltr'><strong>solvetur,</strong></span> <span class='ocrx_word' id='word_1_593' title='bbox 3487 2792 3545 2839; x_wconf 90' lang='lat' dir='ltr'><strong>et</strong></span> <span class='ocrx_word' id='word_1_594' title='bbox 3574 2784 3631 2839; x_wconf 92' lang='lat' dir='ltr'><strong>in</strong></span> <span class='ocrx_word' id='word_1_595' title='bbox 3678 2799 3791 2839; x_wconf 83' lang='lat' dir='ltr'><strong>me-</strong></span> 
     </span>
    </p>
   </div>
   <div class='ocr_carea' id='block_1_81' title="bbox 2194 2866 3789 2946">
    <p class='ocr_par' dir='ltr' id='par_1_81' title="bbox 2194 2866 3789 2946">
     <span class='ocr_line' id='line_1_82' title="bbox 2194 2866 3789 2946; baseline 0.007 -26"><span class='ocrx_word' id='word_1_596' title='bbox 2194 2866 2297 2923; x_wconf 92' lang='lat' dir='ltr'><strong>lius</strong></span> <span class='ocrx_word' id='word_1_597' title='bbox 2332 2869 2650 2939; x_wconf 88' lang='lat' dir='ltr'><strong>mutabitur,</strong></span> <span class='ocrx_word' id='word_1_598' title='bbox 2706 2872 2760 2926; x_wconf 90' lang='lat' dir='ltr'><strong>iu</strong></span> <span class='ocrx_word' id='word_1_599' title='bbox 2810 2874 3061 2944; x_wconf 90' lang='lat' dir='ltr'><strong>spiritum</strong></span> <span class='ocrx_word' id='word_1_600' title='bbox 3119 2875 3476 2946; x_wconf 88' lang='lat' dir='ltr'><strong>stabilemque</strong></span> <span class='ocrx_word' id='word_1_601' title='bbox 3530 2878 3789 2931; x_wconf 82' lang='lat' dir='ltr'><strong>substan—</strong></span> 
     </span>
    </p>
   </div>
   <div class='ocr_carea' id='block_1_82' title="bbox 2198 2954 3791 3032">
    <p class='ocr_par' dir='ltr' id='par_1_82' title="bbox 2198 2954 3791 3032">
     <span class='ocr_line' id='line_1_83' title="bbox 2198 2954 3791 3032; baseline 0.008 -19"><span class='ocrx_word' id='word_1_602' title='bbox 2198 2958 2345 3028; x_wconf 82' lang='lat' dir='ltr'><strong>tiam,</strong></span> <span class='ocrx_word' id='word_1_603' title='bbox 2400 2972 2539 3031; x_wconf 87' lang='lat' dir='ltr'><strong>qnae</strong></span> <span class='ocrx_word' id='word_1_604' title='bbox 2584 2954 2757 3019; x_wconf 85' lang='lat' dir='ltr'><strong>nescit</strong></span> <span class='ocrx_word' id='word_1_605' title='bbox 2809 2965 2977 3021; x_wconf 84' lang='lat' dir='ltr'><strong>ﬂuere</strong></span> <span class='ocrx_word' id='word_1_606' title='bbox 3014 2966 3101 3022; x_wconf 88' lang='lat' dir='ltr'><strong>vel</strong></span> <span class='ocrx_word' id='word_1_607' title='bbox 3143 2966 3305 3032; x_wconf 87' lang='lat' dir='ltr'><strong>mori,</strong></span> <span class='ocrx_word' id='word_1_608' title='bbox 3360 2969 3791 3026; x_wconf 80' lang='lat' dir='ltr'><strong>resurrectionis</strong></span> 
     </span>
    </p>
   </div>
   <div class='ocr_carea' id='block_1_83' title="bbox 2195 3052 3790 3131">
    <p class='ocr_par' dir='ltr' id='par_1_83' title="bbox 2195 3052 3790 3131">
     <span class='ocr_line' id='line_1_84' title="bbox 2195 3052 3790 3131; baseline 0.006 -24"><span class='ocrx_word' id='word_1_609' title='bbox 2195 3052 2437 3125; x_wconf 82' lang='lat' dir='ltr'><strong>tempore</strong></span> <span class='ocrx_word' id='word_1_610' title='bbox 2486 3070 2794 3112; x_wconf 89' lang='lat' dir='ltr'><strong>reversura.</strong></span> <span class='ocrx_word' id='word_1_611' title='bbox 2831 3055 3132 3115; x_wconf 87' lang='lat' dir='ltr'><strong>Sanissima</strong></span> <span class='ocrx_word' id='word_1_612' title='bbox 3165 3073 3398 3131; x_wconf 90' lang='lat' dir='ltr'><strong>namque</strong></span> <span class='ocrx_word' id='word_1_613' title='bbox 3425 3067 3481 3115; x_wconf 92' lang='lat' dir='ltr'><strong>et</strong></span> <span class='ocrx_word' id='word_1_614' title='bbox 3508 3060 3790 3117; x_wconf 82' lang='lat' dir='ltr'><strong>catholica</strong></span> 
     </span>
    </p>
   </div>
   <div class='ocr_carea' id='block_1_84' title="bbox 2196 3136 3793 3221">
    <p class='ocr_par' dir='ltr' id='par_1_84' title="bbox 2196 3136 3793 3221">
     <span class='ocr_line' id='line_1_85' title="bbox 2196 3136 3793 3221; baseline 0.006 -23"><span class='ocrx_word' id='word_1_615' title='bbox 2196 3140 2299 3200; x_wconf 78' lang='lat' dir='ltr'><strong>fide</strong></span> <span class='ocrx_word' id='word_1_616' title='bbox 2327 3144 2623 3213; x_wconf 90' lang='lat' dir='ltr'><strong>credimus,</strong></span> <span class='ocrx_word' id='word_1_617' title='bbox 2658 3147 2966 3203; x_wconf 89' lang='lat' dir='ltr'><strong>divinorum</strong></span> <span class='ocrx_word' id='word_1_618' title='bbox 3001 3148 3265 3215; x_wconf 87' lang='lat' dir='ltr'><strong>virorum,</strong></span> <span class='ocrx_word' id='word_1_619' title='bbox 3297 3136 3560 3221; x_wconf 80' lang='lat' dir='ltr'><strong>Theologi</strong></span> <span class='ocrx_word' id='word_1_620' title='bbox 3595 3152 3793 3208; x_wconf 77' lang='lat' dir='ltr'><strong>videli-</strong></span> 
     </span>
    </p>
   </div>
   <div class='ocr_carea' id='block_1_85' title="bbox 2117 3218 3791 3309">
    <p class='ocr_par' dir='ltr' id='par_1_85' title="bbox 2117 3218 3791 3309">
     <span class='ocr_line' id='line_1_86' title="bbox 2117 3218 3791 3309; baseline 0.003 -16"><span class='ocrx_word' id='word_1_621' title='bbox 2117 3218 2164 3284; x_wconf 74' lang='grc' dir='ltr'><strong>θ</strong></span> <span class='ocrx_word' id='word_1_622' title='bbox 2197 3246 2284 3293; x_wconf 85' lang='lat' dir='ltr'><strong>cet</strong></span> <span class='ocrx_word' id='word_1_623' title='bbox 2311 3236 2555 3309; x_wconf 82' lang='lat' dir='ltr'><strong>Gregorii</strong></span> <span class='ocrx_word' id='word_1_624' title='bbox 2586 3246 2642 3295; x_wconf 92' lang='lat' dir='ltr'><strong>et</strong></span> <span class='ocrx_word' id='word_1_625' title='bbox 2692 3236 2933 3306; x_wconf 79' lang='lat' dir='ltr'><strong>Maximi,</strong></span> <span class='ocrx_word' id='word_1_626' title='bbox 2968 3240 3033 3297; x_wconf 93' lang='lat' dir='ltr'><strong>de</strong></span> <span class='ocrx_word' id='word_1_627' title='bbox 3068 3242 3267 3298; x_wconf 90' lang='lat' dir='ltr'><strong>talibus</strong></span> <span class='ocrx_word' id='word_1_628' title='bbox 3296 3218 3657 3298; x_wconf 78' lang='lat' dir='ltr'><strong>inconcussas</strong></span> <span class='ocrx_word' id='word_1_629' title='bbox 3702 3260 3791 3298; x_wconf 58' lang='lat' dir='ltr'><strong>ra.</strong></span> 
     </span>
    </p>
   </div>
   <div class='ocr_carea' id='block_1_86' title="bbox 2195 3316 3790 3404">
    <p class='ocr_par' dir='ltr' id='par_1_86' title="bbox 2195 3316 3790 3404">
     <span class='ocr_line' id='line_1_87' title="bbox 2195 3316 3790 3404; baseline 0.004 -20"><span class='ocrx_word' id='word_1_630' title='bbox 2195 3329 2368 3385; x_wconf 91' lang='lat' dir='ltr'><strong>tiones</strong></span> <span class='ocrx_word' id='word_1_631' title='bbox 2412 3330 2754 3387; x_wconf 87' lang='lat' dir='ltr'><strong>reddentium</strong></span> <span class='ocrx_word' id='word_1_632' title='bbox 2801 3332 3050 3403; x_wconf 79' lang='lat' dir='ltr'><strong>dogmate</strong></span> <span class='ocrx_word' id='word_1_633' title='bbox 3098 3316 3316 3401; x_wconf 84' lang='lat' dir='ltr'><strong>imbuti,</strong></span> <span class='ocrx_word' id='word_1_634' title='bbox 3339 3334 3484 3404; x_wconf 86' lang='lat' dir='ltr'><strong>quod</strong></span> <span class='ocrx_word' id='word_1_635' title='bbox 3529 3333 3790 3391; x_wconf 84' lang='lat' dir='ltr'><strong>conditor</strong></span> 
     </span>
    </p>
   </div>
   <div class='ocr_carea' id='block_1_87' title="bbox 2194 3421 3792 3493">
    <p class='ocr_par' dir='ltr' id='par_1_87' title="bbox 2194 3421 3792 3493">
     <span class='ocr_line' id='line_1_88' title="bbox 2194 3421 3792 3493; baseline 0.003 -17"><span class='ocrx_word' id='word_1_636' title='bbox 2194 3421 2463 3476; x_wconf 85' lang='lat' dir='ltr'><strong>humanae</strong></span> <span class='ocrx_word' id='word_1_637' title='bbox 2494 3430 2721 3478; x_wconf 89' lang='lat' dir='ltr'><strong>naturae</strong></span> <span class='ocrx_word' id='word_1_638' title='bbox 2755 3431 2920 3479; x_wconf 92' lang='lat' dir='ltr'><strong>totam</strong></span> <span class='ocrx_word' id='word_1_639' title='bbox 2964 3423 3126 3480; x_wconf 90' lang='lat' dir='ltr'><strong>simul</strong></span> <span class='ocrx_word' id='word_1_640' title='bbox 3145 3440 3265 3480; x_wconf 90' lang='lat' dir='ltr'><strong>eam</strong></span> <span class='ocrx_word' id='word_1_641' title='bbox 3287 3425 3519 3493; x_wconf 88' lang='lat' dir='ltr'><strong>creavit,</strong></span> <span class='ocrx_word' id='word_1_642' title='bbox 3544 3441 3657 3482; x_wconf 88' lang='lat' dir='ltr'><strong>nec</strong></span> <span class='ocrx_word' id='word_1_643' title='bbox 3674 3429 3792 3483; x_wconf 80' lang='lat' dir='ltr'><strong>aui-</strong></span> 
     </span>
    </p>
   </div>
   <div class='ocr_carea' id='block_1_88' title="bbox 2193 3518 3789 3588">
    <p class='ocr_par' dir='ltr' id='par_1_88' title="bbox 2193 3518 3789 3588">
     <span class='ocr_line' id='line_1_89' title="bbox 2193 3518 3789 3588; baseline 0.006 -23"><span class='ocrx_word' id='word_1_644' title='bbox 2193 3528 2335 3567; x_wconf 90' lang='lat' dir='ltr'><strong>mam</strong></span> <span class='ocrx_word' id='word_1_645' title='bbox 2360 3524 2486 3569; x_wconf 87' lang='lat' dir='ltr'><strong>ante</strong></span> <span class='ocrx_word' id='word_1_646' title='bbox 2512 3530 2732 3585; x_wconf 84' lang='lat' dir='ltr'><strong>corpus,</strong></span> <span class='ocrx_word' id='word_1_647' title='bbox 2757 3531 2857 3572; x_wconf 90' lang='lat' dir='ltr'><strong>nec</strong></span> <span class='ocrx_word' id='word_1_648' title='bbox 2886 3532 3079 3588; x_wconf 90' lang='lat' dir='ltr'><strong>corpus</strong></span> <span class='ocrx_word' id='word_1_649' title='bbox 3101 3525 3227 3573; x_wconf 89' lang='lat' dir='ltr'><strong>ante</strong></span> <span class='ocrx_word' id='word_1_650' title='bbox 3248 3518 3487 3574; x_wconf 87' lang='lat' dir='ltr'><strong>animam</strong></span> <span class='ocrx_word' id='word_1_651' title='bbox 3515 3520 3789 3577; x_wconf 86' lang='lat' dir='ltr'><strong>condidit.</strong></span> 
     </span>
    </p>
   </div>
   <div class='ocr_carea' id='block_1_89' title="bbox 2191 3590 3787 3682">
    <p class='ocr_par' dir='ltr' id='par_1_89' title="bbox 2191 3590 3787 3682">
     <span class='ocr_line' id='line_1_90' title="bbox 2191 3590 3787 3682; baseline 0.006 -25"><span class='ocrx_word' id='word_1_652' title='bbox 2191 3590 2423 3674; x_wconf 82' lang='lat' dir='ltr'><strong>ideoque</strong></span> <span class='ocrx_word' id='word_1_653' title='bbox 2458 3619 2565 3658; x_wconf 92' lang='lat' dir='ltr'><strong>non</strong></span> <span class='ocrx_word' id='word_1_654' title='bbox 2590 3603 3040 3662; x_wconf 88' lang='lat' dir='ltr'><strong>irrationabiliter</strong></span> <span class='ocrx_word' id='word_1_655' title='bbox 3070 3616 3340 3674; x_wconf 86' lang='lat' dir='ltr'><strong>tenemus,</strong></span> <span class='ocrx_word' id='word_1_656' title='bbox 3368 3608 3426 3664; x_wconf 90' lang='lat' dir='ltr'><strong>in</strong></span> <span class='ocrx_word' id='word_1_657' title='bbox 3453 3609 3575 3680; x_wconf 76' lang='lat' dir='ltr'><strong>ipsa</strong></span> <span class='ocrx_word' id='word_1_658' title='bbox 3602 3612 3787 3682; x_wconf 84' lang='lat' dir='ltr'><strong>prima</strong></span> 
     </span>
    </p>
   </div>
   <div class='ocr_carea' id='block_1_90' title="bbox 2191 3686 3783 3774">
    <p class='ocr_par' dir='ltr' id='par_1_90' title="bbox 2191 3686 3783 3774">
     <span class='ocr_line' id='line_1_91' title="bbox 2191 3686 3783 3774; baseline 0.006 -23"><span class='ocrx_word' id='word_1_659' title='bbox 2191 3686 2498 3754; x_wconf 86' lang='lat' dir='ltr'><strong>conditione</strong></span> <span class='ocrx_word' id='word_1_660' title='bbox 2522 3695 2758 3754; x_wconf 92' lang='lat' dir='ltr'><strong>animam</strong></span> <span class='ocrx_word' id='word_1_661' title='bbox 2787 3700 2946 3755; x_wconf 91' lang='lat' dir='ltr'><strong>simul</strong></span> <span class='ocrx_word' id='word_1_662' title='bbox 2975 3709 3031 3757; x_wconf 90' lang='lat' dir='ltr'><strong>et</strong></span> <span class='ocrx_word' id='word_1_663' title='bbox 3056 3689 3254 3774; x_wconf 86' lang='lat' dir='ltr'><strong>corpus</strong></span> <span class='ocrx_word' id='word_1_664' title='bbox 3284 3703 3491 3773; x_wconf 88' lang='lat' dir='ltr'><strong>absque</strong></span> <span class='ocrx_word' id='word_1_665' title='bbox 3514 3703 3632 3760; x_wconf 86' lang='lat' dir='ltr'><strong>ulla</strong></span> <span class='ocrx_word' id='word_1_666' title='bbox 3665 3721 3783 3762; x_wconf 57' lang='lat' dir='ltr'><strong>eor.</strong></span> 
     </span>
    </p>
   </div>
   <div class='ocr_carea' id='block_1_91' title="bbox 2191 3780 3783 3879">
    <p class='ocr_par' dir='ltr' id='par_1_91' title="bbox 2191 3780 3783 3879">
     <span class='ocr_line' id='line_1_92' title="bbox 2191 3780 3783 3879; baseline 0.008 -35"><span class='ocrx_word' id='word_1_667' title='bbox 2191 3780 2559 3862; x_wconf 78' lang='lat' dir='ltr'><strong>ruptibilitatis</strong></span> <span class='ocrx_word' id='word_1_668' title='bbox 2584 3795 2884 3879; x_wconf 27' lang='lat' dir='ltr'><strong>et‘mortis</strong></span> <span class='ocrx_word' id='word_1_669' title='bbox 2927 3796 3229 3879; x_wconf 86' lang='lat' dir='ltr'><strong>capacitate</strong></span> <span class='ocrx_word' id='word_1_670' title='bbox 3264 3797 3607 3856; x_wconf 88' lang='lat' dir='ltr'><strong>substitisse.</strong></span> <span class='ocrx_word' id='word_1_671' title='bbox 3664 3800 3783 3856; x_wconf 77' lang='lat' dir='ltr'><strong>Non</strong></span> 
     </span>
    </p>
   </div>
   <div class='ocr_carea' id='block_1_92' title="bbox 2188 3876 3785 3962">
    <p class='ocr_par' dir='ltr' id='par_1_92' title="bbox 2188 3876 3785 3962">
     <span class='ocr_line' id='line_1_93' title="bbox 2188 3876 3785 3962; baseline 0.008 -24"><span class='ocrx_word' id='word_1_672' title='bbox 2188 3884 2331 3939; x_wconf 90' lang='lat' dir='ltr'><strong>enim</strong></span> <span class='ocrx_word' id='word_1_673' title='bbox 2363 3893 2546 3941; x_wconf 87' lang='lat' dir='ltr'><strong>rectae</strong></span> <span class='ocrx_word' id='word_1_674' title='bbox 2567 3876 2764 3943; x_wconf 84' lang='lat' dir='ltr'><strong>rationi</strong></span> <span class='ocrx_word' id='word_1_675' title='bbox 2791 3876 3047 3945; x_wconf 86' lang='lat' dir='ltr'><strong>convenit</strong></span> <span class='ocrx_word' id='word_1_676' title='bbox 3076 3891 3279 3962; x_wconf 89' lang='lat' dir='ltr'><strong>putari,</strong></span> <span class='ocrx_word' id='word_1_677' title='bbox 3308 3893 3661 3949; x_wconf 87' lang='lat' dir='ltr'><strong>conditorem</strong></span> <span class='ocrx_word' id='word_1_678' title='bbox 3688 3910 3785 3950; x_wconf 83' lang='lat' dir='ltr'><strong>na-</strong></span> 
     </span>
    </p>
   </div>
   <div class='ocr_carea' id='block_1_93' title="bbox 2187 3966 3784 4053">
    <p class='ocr_par' dir='ltr' id='par_1_93' title="bbox 2187 3966 3784 4053">
     <span class='ocr_line' id='line_1_94' title="bbox 2187 3966 3784 4053; baseline 0.007 -23"><span class='ocrx_word' id='word_1_679' title='bbox 2187 3984 2343 4053; x_wconf 86' lang='lat' dir='ltr'><strong>turae</strong></span> <span class='ocrx_word' id='word_1_680' title='bbox 2394 3966 2554 4032; x_wconf 84' lang='lat' dir='ltr'><strong>simul</strong></span> <span class='ocrx_word' id='word_1_681' title='bbox 2608 3966 2785 4035; x_wconf 74' lang='lat' dir='ltr'><strong>iactae</strong></span> <span class='ocrx_word' id='word_1_682' title='bbox 2810 3988 3018 4051; x_wconf 89' lang='lat' dir='ltr'><strong>partem</strong></span> <span class='ocrx_word' id='word_1_683' title='bbox 3048 3978 3164 4049; x_wconf 83' lang='lat' dir='ltr'><strong>ejus</strong></span> <span class='ocrx_word' id='word_1_684' title='bbox 3207 3982 3576 4039; x_wconf 86' lang='lat' dir='ltr'><strong>immortalem</strong></span> <span class='ocrx_word' id='word_1_685' title='bbox 3606 3995 3668 4040; x_wconf 86' lang='lat' dir='ltr'><strong>ot</strong></span> <span class='ocrx_word' id='word_1_686' title='bbox 3705 3986 3784 4040; x_wconf 80' lang='lat' dir='ltr'><strong>in-</strong></span> 
     </span>
    </p>
   </div>
   <div class='ocr_carea' id='block_1_94' title="bbox 2187 4070 3780 4148">
    <p class='ocr_par' dir='ltr' id='par_1_94' title="bbox 2187 4070 3780 4148">
     <span class='ocr_line' id='line_1_95' title="bbox 2187 4070 3780 4148; baseline 0.004 -22"><span class='ocrx_word' id='word_1_687' title='bbox 2187 4070 2619 4141; x_wconf 89' lang='lat' dir='ltr'><strong>corruptibilem,</strong></span> <span class='ocrx_word' id='word_1_688' title='bbox 2662 4072 2899 4129; x_wconf 90' lang='lat' dir='ltr'><strong>animam</strong></span> <span class='ocrx_word' id='word_1_689' title='bbox 2939 4074 3083 4140; x_wconf 91' lang='lat' dir='ltr'><strong>dico,</strong></span> <span class='ocrx_word' id='word_1_690' title='bbox 3132 4083 3344 4148; x_wconf 90' lang='lat' dir='ltr'><strong>partem</strong></span> <span class='ocrx_word' id='word_1_691' title='bbox 3396 4077 3699 4133; x_wconf 82' lang='lat' dir='ltr'><strong>mortalem</strong></span> <span class='ocrx_word' id='word_1_692' title='bbox 3727 4088 3780 4133; x_wconf 88' lang='lat' dir='ltr'><strong>et</strong></span> 
     </span>
    </p>
   </div>
   <div class='ocr_carea' id='block_1_95' title="bbox 2186 4163 3780 4243">
    <p class='ocr_par' dir='ltr' id='par_1_95' title="bbox 2186 4163 3780 4243">
     <span class='ocr_line' id='line_1_96' title="bbox 2186 4163 3780 4243; baseline 0.008 -27"><span class='ocrx_word' id='word_1_693' title='bbox 2186 4163 2616 4232; x_wconf 82' lang='lat' dir='ltr'><strong>corruptibilein,</strong></span> <span class='ocrx_word' id='word_1_694' title='bbox 2677 4179 2876 4237; x_wconf 90' lang='lat' dir='ltr'><strong>corpus</strong></span> <span class='ocrx_word' id='word_1_695' title='bbox 2921 4166 3210 4233; x_wconf 87' lang='lat' dir='ltr'><strong>videlicet,</strong></span> <span class='ocrx_word' id='word_1_696' title='bbox 3257 4183 3499 4225; x_wconf 78' lang='lat' dir='ltr'><strong>creasse.</strong></span> <span class='ocrx_word' id='word_1_697' title='bbox 3538 4169 3780 4243; x_wconf 80' lang='lat' dir='ltr'><strong>Ideoque</strong></span> 
     </span>
    </p>
   </div>
   <div class='ocr_carea' id='block_1_96' title="bbox 2187 4257 3779 4332">
    <p class='ocr_par' dir='ltr' id='par_1_96' title="bbox 2187 4257 3779 4332">
     <span class='ocr_line' id='line_1_97' title="bbox 2187 4257 3779 4332; baseline 0.006 -22"><span class='ocrx_word' id='word_1_698' title='bbox 2187 4264 2353 4330; x_wconf 75' lang='lat' dir='ltr'><strong>totam</strong></span> <span class='ocrx_word' id='word_1_699' title='bbox 2384 4265 2633 4312; x_wconf 88' lang='lat' dir='ltr'><strong>naturam</strong></span> <span class='ocrx_word' id='word_1_700' title='bbox 2662 4257 2921 4324; x_wconf 89' lang='lat' dir='ltr'><strong>hominis,</strong></span> <span class='ocrx_word' id='word_1_701' title='bbox 2944 4260 3183 4316; x_wconf 89' lang='lat' dir='ltr'><strong>animam</strong></span> <span class='ocrx_word' id='word_1_702' title='bbox 3211 4269 3268 4318; x_wconf 84' lang='lat' dir='ltr'><strong>et</strong></span> <span class='ocrx_word' id='word_1_703' title='bbox 3301 4276 3528 4332; x_wconf 85' lang='lat' dir='ltr'><strong>corpus,</strong></span> <span class='ocrx_word' id='word_1_704' title='bbox 3550 4264 3779 4319; x_wconf 82' lang='lat' dir='ltr'><strong>immor-</strong></span> 
     </span>
    </p>
   </div>
   <div class='ocr_carea' id='block_1_97' title="bbox 2185 4340 3777 4422">
    <p class='ocr_par' dir='ltr' id='par_1_97' title="bbox 2185 4340 3777 4422">
     <span class='ocr_line' id='line_1_98' title="bbox 2185 4340 3777 4422; baseline 0.004 -19"><span class='ocrx_word' id='word_1_705' title='bbox 2185 4340 2348 4405; x_wconf 82' lang='lat' dir='ltr'><strong>talem</strong></span> <span class='ocrx_word' id='word_1_706' title='bbox 2379 4358 2435 4404; x_wconf 89' lang='lat' dir='ltr'><strong>et</strong></span> <span class='ocrx_word' id='word_1_707' title='bbox 2463 4350 2931 4422; x_wconf 78' lang='lat' dir='ltr'><strong>incorruptibilein</strong></span> <span class='ocrx_word' id='word_1_708' title='bbox 2961 4361 3203 4409; x_wconf 87' lang='lat' dir='ltr'><strong>creatam</strong></span> <span class='ocrx_word' id='word_1_709' title='bbox 3226 4353 3413 4417; x_wconf 82' lang='lat' dir='ltr'><strong>fuisse,</strong></span> <span class='ocrx_word' id='word_1_710' title='bbox 3436 4370 3549 4412; x_wconf 89' lang='lat' dir='ltr'><strong>non</strong></span> <span class='ocrx_word' id='word_1_711' title='bbox 3579 4355 3777 4413; x_wconf 76' lang='lat' dir='ltr'><strong>incon-</strong></span> 
     </span>
    </p>
   </div>
   <div class='ocr_carea' id='block_1_98' title="bbox 2182 4442 3775 4519">
    <p class='ocr_par' dir='ltr' id='par_1_98' title="bbox 2182 4442 3775 4519">
     <span class='ocr_line' id='line_1_99' title="bbox 2182 4442 3775 4519; baseline 0.007 -24"><span class='ocrx_word' id='word_1_712' title='bbox 2182 4456 2336 4512; x_wconf 90' lang='lat' dir='ltr'><strong>grue,</strong></span> <span class='ocrx_word' id='word_1_713' title='bbox 2365 4450 2424 4495; x_wconf 91' lang='lat' dir='ltr'><strong>ut</strong></span> <span class='ocrx_word' id='word_1_714' title='bbox 2451 4442 2720 4509; x_wconf 89' lang='lat' dir='ltr'><strong>arbitror,</strong></span> <span class='ocrx_word' id='word_1_715' title='bbox 2769 4444 3142 4501; x_wconf 85' lang='lat' dir='ltr'><strong>aestimamus.</strong></span> <span class='ocrx_word' id='word_1_716' title='bbox 3180 4445 3318 4501; x_wconf 83' lang='lat' dir='ltr'><strong>Nam</strong></span> <span class='ocrx_word' id='word_1_717' title='bbox 3350 4458 3405 4502; x_wconf 90' lang='lat' dir='ltr'><strong>et</strong></span> <span class='ocrx_word' id='word_1_718' title='bbox 3431 4448 3667 4519; x_wconf 78' lang='lat' dir='ltr'><strong>angelos</strong></span> <span class='ocrx_word' id='word_1_719' title='bbox 3696 4458 3775 4505; x_wconf 77' lang='lat' dir='ltr'><strong>ta-</strong></span> 
     </span>
    </p>
   </div>
   <div class='ocr_carea' id='block_1_99' title="bbox 2184 4534 3773 4613">
    <p class='ocr_par' dir='ltr' id='par_1_99' title="bbox 2184 4534 3773 4613">
     <span class='ocr_line' id='line_1_100' title="bbox 2184 4534 3773 4613; baseline 0.008 -27"><span class='ocrx_word' id='word_1_720' title='bbox 2184 4534 2260 4613; x_wconf 87' lang='lat' dir='ltr'><strong>les</strong></span> <span class='ocrx_word' id='word_1_721' title='bbox 2290 4542 2506 4590; x_wconf 80' lang='lat' dir='ltr'><strong>creatos</strong></span> <span class='ocrx_word' id='word_1_722' title='bbox 2538 4534 2704 4591; x_wconf 84' lang='lat' dir='ltr'><strong>fuisse</strong></span> <span class='ocrx_word' id='word_1_723' title='bbox 2734 4537 3008 4606; x_wconf 87' lang='lat' dir='ltr'><strong>sapientes</strong></span> <span class='ocrx_word' id='word_1_724' title='bbox 3057 4538 3299 4595; x_wconf 88' lang='lat' dir='ltr'><strong>tradunt.</strong></span> <span class='ocrx_word' id='word_1_725' title='bbox 3341 4539 3451 4596; x_wconf 89' lang='lat' dir='ltr'><strong>Eos</strong></span> <span class='ocrx_word' id='word_1_726' title='bbox 3496 4542 3773 4613; x_wconf 83' lang='lat' dir='ltr'><strong>siquidem</strong></span> 
     </span>
    </p>
   </div>
   <div class='ocr_carea' id='block_1_100' title="bbox 2181 4611 3775 4703">
    <p class='ocr_par' dir='ltr' id='par_1_100' title="bbox 2181 4611 3775 4703">
     <span class='ocr_line' id='line_1_101' title="bbox 2181 4611 3775 4703; baseline 0.004 -23"><span class='ocrx_word' id='word_1_727' title='bbox 2181 4611 2403 4697; x_wconf 86' lang='lat' dir='ltr'><strong>spiritus</strong></span> <span class='ocrx_word' id='word_1_728' title='bbox 2458 4624 2807 4703; x_wconf 82' lang='lat' dir='ltr'><strong>incorporeas</strong></span> <span class='ocrx_word' id='word_1_729' title='bbox 2855 4636 2910 4684; x_wconf 90' lang='lat' dir='ltr'><strong>et</strong></span> <span class='ocrx_word' id='word_1_730' title='bbox 2977 4628 3286 4698; x_wconf 89' lang='lat' dir='ltr'><strong>spiritualia</strong></span> <span class='ocrx_word' id='word_1_731' title='bbox 3335 4611 3579 4702; x_wconf 74' lang='lat' dir='ltr'><strong>corpora</strong></span> <span class='ocrx_word' id='word_1_732' title='bbox 3618 4632 3775 4687; x_wconf 82' lang='lat' dir='ltr'><strong>omni</strong></span> 
     </span>
    </p>
   </div>
   <div class='ocr_carea' id='block_1_101' title="bbox 2180 4717 3769 4793">
    <p class='ocr_par' dir='ltr' id='par_1_101' title="bbox 2180 4717 3769 4793">
     <span class='ocr_line' id='line_1_102' title="bbox 2180 4717 3769 4793; baseline 0.003 -20"><span class='ocrx_word' id='word_1_733' title='bbox 2180 4717 2530 4793; x_wconf 89' lang='lat' dir='ltr'><strong>corruptione</strong></span> <span class='ocrx_word' id='word_1_734' title='bbox 2559 4720 2805 4775; x_wconf 84' lang='lat' dir='ltr'><strong>carentia</strong></span> <span class='ocrx_word' id='word_1_735' title='bbox 2833 4723 3161 4778; x_wconf 89' lang='lat' dir='ltr'><strong>constitutos</strong></span> <span class='ocrx_word' id='word_1_736' title='bbox 3185 4738 3307 4780; x_wconf 86' lang='lat' dir='ltr'><strong>esse</strong></span> <span class='ocrx_word' id='word_1_737' title='bbox 3334 4739 3441 4779; x_wconf 84' lang='lat' dir='ltr'><strong>non</strong></span> <span class='ocrx_word' id='word_1_738' title='bbox 3467 4723 3725 4780; x_wconf 87' lang='lat' dir='ltr'><strong>dubitant</strong></span> <span class='ocrx_word' id='word_1_739' title='bbox 3752 4741 3769 4777; x_wconf 86' lang='lat'><strong>:</strong></span> 
     </span>
    </p>
   </div>
   <div class='ocr_carea' id='block_1_102' title="bbox 2180 4811 3775 4890">
    <p class='ocr_par' dir='ltr' id='par_1_102' title="bbox 2180 4811 3775 4890">
     <span class='ocr_line' id='line_1_103' title="bbox 2180 4811 3775 4890; baseline 0.006 -24"><span class='ocrx_word' id='word_1_740' title='bbox 2180 4811 2494 4869; x_wconf 88' lang='lat' dir='ltr'><strong>hominibus</strong></span> <span class='ocrx_word' id='word_1_741' title='bbox 2526 4827 2654 4868; x_wconf 91' lang='lat' dir='ltr'><strong>vero</strong></span> <span class='ocrx_word' id='word_1_742' title='bbox 2700 4823 2755 4868; x_wconf 88' lang='lat' dir='ltr'><strong>et</strong></span> <span class='ocrx_word' id='word_1_743' title='bbox 2803 4816 3309 4884; x_wconf 85' lang='lat' dir='ltr'><strong>praevaricantibus</strong></span> <span class='ocrx_word' id='word_1_744' title='bbox 3344 4818 3559 4890; x_wconf 81' lang='lat' dir='ltr'><strong>angelis</strong></span> <span class='ocrx_word' id='word_1_745' title='bbox 3588 4834 3775 4889; x_wconf 76' lang='lat' dir='ltr'><strong>poena</strong></span> 
     </span>
    </p>
   </div>
   <div class='ocr_carea' id='block_1_103' title="bbox 2176 4911 3774 4987">
    <p class='ocr_par' dir='ltr' id='par_1_103' title="bbox 2176 4911 3774 4987">
     <span class='ocr_line' id='line_1_104' title="bbox 2176 4911 3774 4987; baseline 0.003 -20"><span class='ocrx_word' id='word_1_746' title='bbox 2176 4911 2385 4979; x_wconf 89' lang='lat' dir='ltr'><strong>peccati</strong></span> <span class='ocrx_word' id='word_1_747' title='bbox 2404 4919 2617 4966; x_wconf 89' lang='lat' dir='ltr'><strong>terrena</strong></span> <span class='ocrx_word' id='word_1_748' title='bbox 2634 4920 2691 4967; x_wconf 87' lang='lat' dir='ltr'><strong>et</strong></span> <span class='ocrx_word' id='word_1_749' title='bbox 2719 4913 3088 4984; x_wconf 87' lang='lat' dir='ltr'><strong>corruptibilia</strong></span> <span class='ocrx_word' id='word_1_750' title='bbox 3121 4930 3349 4987; x_wconf 85' lang='lat' dir='ltr'><strong>corpora</strong></span> <span class='ocrx_word' id='word_1_751' title='bbox 3380 4918 3658 4987; x_wconf 67' lang='lat' dir='ltr'><strong>aereaque</strong></span> <span class='ocrx_word' id='word_1_752' title='bbox 3681 4933 3774 4973; x_wconf 79' lang='lat' dir='ltr'><strong>su-</strong></span> 
     </span>
    </p>
   </div>
   <div class='ocr_carea' id='block_1_104' title="bbox 2175 5002 3773 5075">
    <p class='ocr_par' dir='ltr' id='par_1_104' title="bbox 2175 5002 3773 5075">
     <span class='ocr_line' id='line_1_105' title="bbox 2175 5002 3773 5075; baseline 0.008 -21"><span class='ocrx_word' id='word_1_753' title='bbox 2175 5002 2453 5071; x_wconf 88' lang='lat' dir='ltr'><strong>peraddita</strong></span> <span class='ocrx_word' id='word_1_754' title='bbox 2476 5018 2616 5069; x_wconf 88' lang='lat' dir='ltr'><strong>esse,</strong></span> <span class='ocrx_word' id='word_1_755' title='bbox 2636 5011 2850 5061; x_wconf 90' lang='lat' dir='ltr'><strong>terrena</strong></span> <span class='ocrx_word' id='word_1_756' title='bbox 2872 5006 3091 5075; x_wconf 89' lang='lat' dir='ltr'><strong>quidem</strong></span> <span class='ocrx_word' id='word_1_757' title='bbox 3106 5006 3440 5075; x_wconf 86' lang='lat' dir='ltr'><strong>hominibus,</strong></span> <span class='ocrx_word' id='word_1_758' title='bbox 3456 5010 3618 5067; x_wconf 67' lang='lat' dir='ltr'><strong>aerea</strong></span> <span class='ocrx_word' id='word_1_759' title='bbox 3638 5023 3773 5066; x_wconf 75' lang='lat' dir='ltr'><strong>rem</strong></span> 
     </span>
    </p>
   </div>
   <div class='ocr_carea' id='block_1_105' title="bbox 2178 5093 3769 5170">
    <p class='ocr_par' dir='ltr' id='par_1_105' title="bbox 2178 5093 3769 5170">
     <span class='ocr_line' id='line_1_106' title="bbox 2178 5093 3769 5170; baseline 0.004 -21"><span class='ocrx_word' id='word_1_760' title='bbox 2178 5094 2402 5167; x_wconf 84' lang='lat' dir='ltr'><strong>angelis.</strong></span> <span class='ocrx_word' id='word_1_761' title='bbox 2422 5093 2526 5152; x_wconf 91' lang='lat' dir='ltr'><strong>Sed</strong></span> <span class='ocrx_word' id='word_1_762' title='bbox 2540 5096 2682 5166; x_wconf 87' lang='lat' dir='ltr'><strong>quod</strong></span> <span class='ocrx_word' id='word_1_763' title='bbox 2702 5096 2857 5153; x_wconf 87' lang='lat' dir='ltr'><strong>nobis</strong></span> <span class='ocrx_word' id='word_1_764' title='bbox 2877 5097 3282 5168; x_wconf 81' lang='lat' dir='ltr'><strong>superadditum</strong></span> <span class='ocrx_word' id='word_1_765' title='bbox 3297 5108 3401 5164; x_wconf 84' lang='lat' dir='ltr'><strong>est,</strong></span> <span class='ocrx_word' id='word_1_766' title='bbox 3421 5102 3681 5170; x_wconf 69' lang='grc' dir='ltr'><strong><em>ιιιιοιιὶίιιι</em></strong></span> <span class='ocrx_word' id='word_1_767' title='bbox 3697 5117 3769 5156; x_wconf 74' lang='grc' dir='ltr'><strong>ιιι</strong></span> 
     </span>
    </p>
   </div>
   <div class='ocr_carea' id='block_1_106' title="bbox 2177 5186 3770 5264">
    <p class='ocr_par' dir='ltr' id='par_1_106' title="bbox 2177 5186 3770 5264">
     <span class='ocr_line' id='line_1_107' title="bbox 2177 5186 3770 5264; baseline 0.006 -24"><span class='ocrx_word' id='word_1_768' title='bbox 2177 5186 2541 5258; x_wconf 81' lang='lat' dir='ltr'><strong>ltedemptore</strong></span> <span class='ocrx_word' id='word_1_769' title='bbox 2562 5197 2749 5245; x_wconf 90' lang='lat' dir='ltr'><strong>nostro</strong></span> <span class='ocrx_word' id='word_1_770' title='bbox 2771 5198 3134 5261; x_wconf 87' lang='lat' dir='ltr'><strong>assumptum,</strong></span> <span class='ocrx_word' id='word_1_771' title='bbox 3171 5193 3266 5263; x_wconf 90' lang='lat' dir='ltr'><strong>qui</strong></span> <span class='ocrx_word' id='word_1_772' title='bbox 3292 5193 3534 5264; x_wconf 84' lang='lat' dir='ltr'><strong>seipsum</strong></span> <span class='ocrx_word' id='word_1_773' title='bbox 3569 5194 3770 5249; x_wconf 64' lang='lat' dir='ltr'><strong>exima-</strong></span> 
     </span>
    </p>
   </div>
   <div class='ocr_carea' id='block_1_107' title="bbox 2176 5279 3765 5356">
    <p class='ocr_par' dir='ltr' id='par_1_107' title="bbox 2176 5279 3765 5356">
     <span class='ocr_line' id='line_1_108' title="bbox 2176 5279 3765 5356; baseline 0.005 -22"><span class='ocrx_word' id='word_1_774' title='bbox 2176 5280 2331 5347; x_wconf 90' lang='lat' dir='ltr'><strong>nivit,</strong></span> <span class='ocrx_word' id='word_1_775' title='bbox 2371 5279 2602 5355; x_wconf 81' lang='lat' dir='ltr'><strong>formam</strong></span> <span class='ocrx_word' id='word_1_776' title='bbox 2651 5281 2793 5337; x_wconf 89' lang='lat' dir='ltr'><strong>servi</strong></span> <span class='ocrx_word' id='word_1_777' title='bbox 2853 5283 3147 5355; x_wconf 85' lang='lat' dir='ltr'><strong>accipiens,</strong></span> <span class='ocrx_word' id='word_1_778' title='bbox 3174 5285 3481 5345; x_wconf 81' lang='lat' dir='ltr'><strong>movebitur</strong></span> <span class='ocrx_word' id='word_1_779' title='bbox 3508 5286 3567 5341; x_wconf 86' lang='lat' dir='ltr'><strong>in</strong></span> <span class='ocrx_word' id='word_1_780' title='bbox 3594 5287 3765 5356; x_wconf 53' lang='lat' dir='ltr'><strong>spiri.</strong></span> 
     </span>
    </p>
   </div>
   <div class='ocr_carea' id='block_1_108' title="bbox 2173 5384 3764 5458">
    <p class='ocr_par' dir='ltr' id='par_1_108' title="bbox 2173 5384 3764 5458">
     <span class='ocr_line' id='line_1_109' title="bbox 2173 5384 3764 5458; baseline 0.004 -19"><span class='ocrx_word' id='word_1_781' title='bbox 2173 5392 2309 5451; x_wconf 89' lang='lat' dir='ltr'><strong>tum,</strong></span> <span class='ocrx_word' id='word_1_782' title='bbox 2339 5394 2394 5441; x_wconf 91' lang='lat' dir='ltr'><strong>et</strong></span> <span class='ocrx_word' id='word_1_783' title='bbox 2416 5385 2471 5441; x_wconf 91' lang='lat' dir='ltr'><strong>in</strong></span> <span class='ocrx_word' id='word_1_784' title='bbox 2498 5385 2673 5455; x_wconf 85' lang='lat' dir='ltr'><strong>ipsam</strong></span> <span class='ocrx_word' id='word_1_785' title='bbox 2720 5384 3087 5442; x_wconf 83' lang='lat' dir='ltr'><strong>substantiam</strong></span> <span class='ocrx_word' id='word_1_786' title='bbox 3115 5389 3371 5458; x_wconf 84' lang='lat' dir='ltr'><strong>primitus</strong></span> <span class='ocrx_word' id='word_1_787' title='bbox 3394 5404 3425 5444; x_wconf 84' lang='grc' dir='ltr'><strong>ιι</strong></span> <span class='ocrx_word' id='word_1_788' title='bbox 3466 5388 3581 5445; x_wconf 79' lang='lat' dir='ltr'><strong>Deo</strong></span> <span class='ocrx_word' id='word_1_789' title='bbox 3605 5402 3764 5445; x_wconf 71' lang='lat' dir='ltr'><strong>crea-</strong></span> 
     </span>
    </p>
   </div>
   <div class='ocr_carea' id='block_1_109' title="bbox 490 5444 3760 5549">
    <p class='ocr_par' dir='ltr' id='par_1_109' title="bbox 490 5444 3760 5549">
     <span class='ocr_line' id='line_1_110' title="bbox 490 5444 3760 5549; baseline 0.011 -44"><span class='ocrx_word' id='word_1_790' title='bbox 490 5452 735 5510; x_wconf 77' lang='lat' dir='ltr'><strong>funditur</strong></span> <span class='ocrx_word' id='word_1_791' title='bbox 765 5444 848 5513; x_wconf 86' lang='lat' dir='ltr'><strong>vel</strong></span> <span class='ocrx_word' id='word_1_792' title='bbox 880 5460 1159 5530; x_wconf 87' lang='lat' dir='ltr'><strong>miscetur,</strong></span> <span class='ocrx_word' id='word_1_793' title='bbox 1182 5479 1289 5521; x_wconf 87' lang='lat' dir='ltr'><strong>non</strong></span> <span class='ocrx_word' id='word_1_794' title='bbox 1322 5465 1478 5524; x_wconf 79' lang='lat' dir='ltr'><strong>facile</strong></span> <span class='ocrx_word' id='word_1_795' title='bbox 1505 5444 1734 5549; x_wconf 82' lang='lat' dir='ltr'><strong>insuam</strong></span> <span class='ocrx_word' id='word_1_796' title='bbox 1763 5476 2067 5545; x_wconf 89' lang='lat' dir='ltr'><strong>proprieta-</strong></span> <span class='ocrx_word' id='word_1_797' title='bbox 2172 5444 2308 5543; x_wconf 65' lang='lat' dir='ltr'><strong>tam,</strong></span> <span class='ocrx_word' id='word_1_798' title='bbox 2326 5444 2539 5548; x_wconf 71' lang='lat' dir='ltr'><strong>quando</strong></span> <span class='ocrx_word' id='word_1_799' title='bbox 2562 5478 2925 5539; x_wconf 69' lang='lat' dir='ltr'><strong>absorbebitur</strong></span> <span class='ocrx_word' id='word_1_800' title='bbox 2947 5497 3091 5536; x_wconf 76' lang='lat' dir='ltr'><strong>mora</strong></span> <span class='ocrx_word' id='word_1_801' title='bbox 3118 5444 3176 5537; x_wconf 67' lang='lat' dir='ltr'><strong>in</strong></span> <span class='ocrx_word' id='word_1_802' title='bbox 3198 5483 3497 5548; x_wconf 71' lang='lat' dir='ltr'><strong>victoriam,</strong></span> <span class='ocrx_word' id='word_1_803' title='bbox 3514 5492 3571 5539; x_wconf 73' lang='lat' dir='ltr'><strong>et</strong></span> <span class='ocrx_word' id='word_1_804' title='bbox 3611 5490 3760 5539; x_wconf 78' lang='lat' dir='ltr'><strong>totus</strong></span> 
     </span>
    </p>
   </div>
   <div class='ocr_carea' id='block_1_110' title="bbox 720 5562 2465 5627">
    <p class='ocr_par' dir='ltr' id='par_1_110' title="bbox 720 5562 2465 5627">
     <span class='ocr_line' id='line_1_111' title="bbox 720 5562 2465 5627; baseline 0.011 -22"><span class='ocrx_word' id='word_1_805' title='bbox 720 5562 725 5565; x_wconf 85' lang='lat'>&#39;</span> <span class='ocrx_word' id='word_1_806' title='bbox 1772 5563 1854 5619; x_wconf 86' lang='lat' dir='ltr'><strong>VA</strong></span> <span class='ocrx_word' id='word_1_807' title='bbox 1864 5564 2024 5622; x_wconf 81' lang='lat' dir='ltr'><strong>RIAE</strong></span> <span class='ocrx_word' id='word_1_808' title='bbox 2057 5568 2465 5627; x_wconf 84' lang='lat' dir='ltr'><strong>LECTIONES.</strong></span> 
     </span>
    </p>
   </div>
   <div class='ocr_carea' id='block_1_111' title="bbox 558 5656 1564 5737">
    <p class='ocr_par' dir='ltr' id='par_1_111' title="bbox 558 5656 1564 5737">
     <span class='ocr_line' id='line_1_112' title="bbox 558 5656 1564 5737; baseline 0.021 -26"><span class='ocrx_word' id='word_1_809' title='bbox 558 5659 577 5691; x_wconf 78' lang='grc' dir='ltr'>ί</span> <span class='ocrx_word' id='word_1_810' title='bbox 612 5656 698 5737; x_wconf 80' lang='lat' dir='ltr'><strong>C_F</strong></span> <span class='ocrx_word' id='word_1_811' title='bbox 723 5662 876 5737; x_wconf 53' lang='lat' dir='ltr'><strong>ista}.</strong></span> <span class='ocrx_word' id='word_1_812' title='bbox 947 5735 956 5737; x_wconf 21' lang='grc' dir='ltr'><em>Α</em></span> <span class='ocrx_word' id='word_1_813' title='bbox 984 5666 1008 5737; x_wconf 51' lang='grc' dir='ltr'><em>ε</em></span> <span class='ocrx_word' id='word_1_814' title='bbox 1035 5671 1294 5737; x_wconf 83' lang='lat' dir='ltr'><strong>quomodo</strong></span> <span class='ocrx_word' id='word_1_815' title='bbox 1323 5687 1433 5729; x_wconf 91' lang='lat' dir='ltr'><strong>om.</strong></span> <span class='ocrx_word' id='word_1_816' title='bbox 1460 5675 1564 5731; x_wconf 67' lang='lat' dir='ltr'><strong>Cl‘.</strong></span> 
     </span>
    </p>
   </div>
   <div class='ocr_carea' id='block_1_112' title="bbox 1659 5676 3749 5761">
    <p class='ocr_par' dir='ltr' id='par_1_112' title="bbox 1659 5676 3749 5761">
     <span class='ocr_line' id='line_1_113' title="bbox 1659 5676 3749 5761; baseline 0.009 -30"><span class='ocrx_word' id='word_1_817' title='bbox 1659 5676 1681 5708; x_wconf 85' lang='grc'>⁸</span> <span class='ocrx_word' id='word_1_818' title='bbox 1715 5676 1799 5732; x_wconf 87' lang='lat' dir='ltr'><strong>CF</strong></span> <span class='ocrx_word' id='word_1_819' title='bbox 1832 5680 1883 5746; x_wconf 86' lang='lat' dir='ltr'><strong>in</strong></span> <span class='ocrx_word' id='word_1_820' title='bbox 1913 5698 2045 5761; x_wconf 70' lang='lat' dir='ltr'><strong>eam.</strong></span> <span class='ocrx_word' id='word_1_821' title='bbox 2068 5744 2089 5761; x_wconf 30' lang='grc' dir='ltr'><strong>ὁ</strong></span> <span class='ocrx_word' id='word_1_822' title='bbox 2122 5682 2321 5761; x_wconf 26' lang='grc' dir='ltr'><strong><em>δέιιαμηι</em></strong></span> <span class='ocrx_word' id='word_1_823' title='bbox 2344 5701 2455 5742; x_wconf 91' lang='lat' dir='ltr'><strong>om.</strong></span> <span class='ocrx_word' id='word_1_824' title='bbox 2485 5685 2837 5761; x_wconf 18' lang='lat' dir='ltr'><strong>CFg&#39;ﬁic</strong></span> <span class='ocrx_word' id='word_1_825' title='bbox 2876 5688 2997 5761; x_wconf 57' lang='lat' dir='ltr'><strong>tif;</strong></span> <span class='ocrx_word' id='word_1_826' title='bbox 3046 5690 3087 5746; x_wconf 85' lang='lat' dir='ltr'><strong>A</strong></span> <span class='ocrx_word' id='word_1_827' title='bbox 3120 5707 3250 5761; x_wconf 69' lang='lat' dir='ltr'><strong>eum</strong></span> <span class='ocrx_word' id='word_1_828' title='bbox 3288 5691 3427 5748; x_wconf 86' lang='lat' dir='ltr'><strong>aliis.</strong></span> <span class='ocrx_word' id='word_1_829' title='bbox 3462 5750 3469 5757; x_wconf 87' lang='lat'><em>_</em></span> <span class='ocrx_word' id='word_1_830' title='bbox 3503 5689 3749 5760; x_wconf 51' lang='lat' dir='ltr'><strong>f6ieP;</strong></span> 
     </span>
    </p>
   </div>
   <div class='ocr_carea' id='block_1_113' title="bbox 484 5726 3753 5832">
    <p class='ocr_par' dir='ltr' id='par_1_113' title="bbox 484 5726 3753 5832">
     <span class='ocr_line' id='line_1_114' title="bbox 484 5726 3753 5832; baseline 0.011 -45"><span class='ocrx_word' id='word_1_831' title='bbox 484 5727 549 5832; x_wconf 49' lang='grc' dir='ltr'><strong>ρ.</strong></span> <span class='ocrx_word' id='word_1_832' title='bbox 552 5726 769 5832; x_wconf 53' lang='lat' dir='ltr'><strong>1m;</strong></span> <span class='ocrx_word' id='word_1_833' title='bbox 792 5728 839 5791; x_wconf 56' lang='lat' dir='ltr'><strong>&#39;C</strong></span> <span class='ocrx_word' id='word_1_834' title='bbox 867 5735 997 5808; x_wconf 71' lang='lat' dir='ltr'><strong>quid</strong></span> <span class='ocrx_word' id='word_1_835' title='bbox 1024 5726 1268 5813; x_wconf 71' lang='lat' dir='ltr'><strong>corporis</strong></span> <span class='ocrx_word' id='word_1_836' title='bbox 1288 5726 1883 5805; x_wconf 31' lang='lat' dir='ltr'><strong>humanivreversurum&#39;</strong></span> <span class='ocrx_word' id='word_1_837' title='bbox 2068 5744 2089 5787; x_wconf 79' lang='lat'><strong><em>&quot;</em></strong></span> <span class='ocrx_word' id='word_1_838' title='bbox 2702 5760 2724 5794; x_wconf 84' lang='grc'><strong><em>⁸</em></strong></span> <span class='ocrx_word' id='word_1_839' title='bbox 2859 5726 3486 5831; x_wconf 45' lang='grc' dir='ltr'><strong>ὶΑιιέοιῖιῃιίίῖιιῖιιὲῗιίὸ.</strong></span> 
     </span>
    </p>
   </div>
   <div class='ocr_carea' id='block_1_114' title="bbox 484 5794 754 5857">
    <p class='ocr_par' dir='ltr' id='par_1_114' title="bbox 484 5794 754 5857">
     <span class='ocr_line' id='line_1_115' title="bbox 484 5794 754 5857; baseline 0.007 -2"><span class='ocrx_word' id='word_1_840' title='bbox 484 5794 754 5857; x_wconf 55' lang='lat' dir='ltr'><strong>omnem.</strong></span> 
     </span>
    </p>
   </div>
  </div>
