4028 6282
124 400 235 458 885

986 394 1075 451 DE
1116 392 1459 450 DIVISIONE
1500 388 1855 449 NATURAE.
1895 419 1965 432 —
2005 388 2204 447 LIBER
2244 389 2569 460 QUINTUS.

3310 387 3416 446 886

124 519 314 579 homo,
338 510 580 567 exterior
610 507 859 563 videlicet
885 516 940 562 et
964 508 1215 576 interior,
1258 508 1530 565 sensibilis
1559 516 1615 563 et
1644 507 1721 563 in-
1746 507 1796 569 A
1826 510 2057 583 ϐάματα,
2088 509 2193 567 hoc
2247 518 2334 569 est
2375 511 2714 579 accidentia,
2765 526 2905 584 quae
2947 514 3341 570 rationabiliter
3370 516 3415 569 'a

125 603 444 675 telligibilis,
476 590 528 656 in
562 604 724 654 unum
758 599 1104 655 adunabitur.
1135 598 1191 654 Si
1224 598 1308 655 cui
1337 608 1519 654 autem
1546 599 1719 654 incre-

125 698 297 753 dibile
321 692 557 759 videtur,
575 708 773 763 corpus
794 692 1014 763 quidem
1043 701 1320 747 terrenum
1345 690 1543 746 mutari
1561 684 1723 763 posse

128 787 187 840 in
234 784 482 857 spirituin
510 824 526 848 ,
576 780 780 848 videat,
836 783 1108 853 quomodo
1156 770 1490 838 sensibilium
1541 782 1721 837 rerum

127 882 425 953 qualitates
485 866 538 934 in
594 878 915 951 semetipsas
974 886 1443 945 transmutantur,
1500 876 1727 933 'manen-

128 964 281 1031 tibus
310 964 656 1038 substantiis,
696 988 927 1043 quarum
970 972 1263 1043 qualitates
1302 982 1429 1027 sunt
1462 991 1475 1027 :
1516 959 1719 1037 videat,

127 1064 404 1141 quomodo
431 1063 687 1134 aquatilis
728 1063 963 1135 qualitas
981 1060 1033 1118 iu
1061 1062 1273 1136 igneam
1295 1062 1527 1119 vertitur
1547 1048 1722 1135 quali-

124 1170 299 1217 tatem
335 1179 347 1215 :
391 1160 589 1225 videat,
615 1154 887 1229 quomodo
920 1158 1089 1213 nubes
1120 1157 1188 1214 de
1219 1160 1345 1215 aére
1367 1158 1725 1230 conglobatae

122 1256 188 1309 in
215 1242 341 1311 aérd
374 1250 724 1323 purissimum
755 1244 1122 1319 resolvuntur,
1158 1252 1229 1307 ita
1259 1262 1317 1307 ut
1345 1254 1478 1308 nihil
1502 1254 1570 1308 de
1600 1254 1726 1309 den-

122 1345 293 1400 sitate
317 1342 502 1399 earum
535 1352 813 1398 remaneat
843 1340 859 1397 ἑ
882 1344 1084 1408 videat,
1110 1345 1380 1414 quomodo
1412 1346 1593 1418 ctipse
1607 1361 1723 1413 aer,

122 1446 191 1492 ut
220 1452 382 1507 saepe
412 1436 666 1502 diximus,
698 1436 860 1491 solari
923 1436 1175 1491 claritate
1230 1438 1568 1493 consumitur
1596 1456 1608 1490 ε
1646 1439 1726 1492 vi-

124 1530 275 1592 deat,
308 1532 577 1602 quomodo
607 1529 785 1586 fumus
816 1531 868 1586 in
899 1528 1174 1587 ﬁannnam
1222 1532 1452 1587 vertitur
1482 1550 1494 1586 :
1524 1531 1722 1599 videat,

126 1620 483 1677 fortissimam
515 1612 947 1677 ratiocinationis
982 1623 1259 1677 virtutem.
1298 1621 1353 1678 Si
1400 1621 1545 1677 enim
1590 1638 1725 1692 quav

1822 600 2158 672 sapientibus
2183 601 2464 673 passiones
2487 602 2663 659 soleat
2688 604 2969 677 appellari,
3001 605 3071 662 ab
3090 607 3171 662 eis
3194 620 3417 678 progred-

1823 692 2042 747 diantur
2076 692 2427 773 materialiter
2452 694 2520 750 ad
2543 695 2689 755 hunc
2720 698 2981 755 mundum
3004 699 3269 755 visibilem
3290 712 3416 770 pro»

1821 784 2144 851 creandum,
2171 793 2233 840 ut
2258 798 2324 841 eo
2352 786 2548 843 iterum
2578 787 2756 845 soluto
2792 790 2885 846 illa
2931 790 3229 856 solvantur,
3260 796 3317 847 et
3362 791 3413 846 in

1822 868 1949 936 suas
1987 880 2321 936 substantias
2370 890 2744 950 revertantur,
2777 892 2839 940 ut
2883 884 2937 941 in
2987 885 3067 942 eis
3111 885 3415 956 quiewant,

1824 976 2227 1047 terminumque
2253 988 2387 1031 suae
2442 978 2823 1035 mutabilitatis
2876 979 3226 1044 constituant,
3266 972 3414 1033 omni

1824 1068 1969 1124 ﬂuxu
2001 1072 2365 1141 generationis
2394 1080 2451 1130 et
2476 1070 2839 1141 corruptionis
2863 1085 2958 1142 per
3000 1070 3334 1126 incrementa
3363 1076 3420 1125 et

1820 1161 2167 1227 decrementa
2195 1164 2246 1219 in
2277 1164 2430 1230 locis,
2455 1163 2811 1233 temporibus,
2834 1162 3022 1227 libera,
3045 1162 3267 1232 suisque
3287 1160 3416 1217 subs

1819 1254 1980 1334 jeetis
2017 1256 2339 1313 substantiis
2370 1258 2559 1323 unita,
2589 1266 2646 1312 ut
2691 1255 3042 1313 aeternaliter
3079 1271 3244 1310 unum
3295 1264 3417 1309 cum

1822 1350 1978 1420 ipsis,
2004 1350 2388 1420 inseparabile,
2437 1359 2493 1405 et
2545 1350 2984 1406 incommutabile
3024 1345 3278 1405 ineﬂ'ahiii
3322 1347 3420 1403 ad—

1819 1441 2083 1509 iuratione
2109 1440 2430 1498 elﬁciantur.
2468 1442 2606 1498 Msa.
2632 1441 2803 1497 Nimis
2846 1442 2947 1498 ista
2991 1441 3265 1511 inquisitio
3285 1439 3418 1507 alta,

1827 1549 1892 1590 ac
1922 1534 2158 1590 nondum
2190 1535 2243 1589 in
2283 1535 2498 1591 civilem
2527 1534 2693 1590 animi
2734 1534 3141 1604 conceptionem
3177 1531 3421 1603 promul-

1821 1608 1974 1708 gata.
2016 1624 2122 1681 Sed
2164 1627 2292 1697 quia
2324 1625 2421 1682 abs
2444 1634 2496 1681 te
2536 1625 2851 1681 cautissime
2875 1633 2933 1681 et
2954 1625 3205 1681 ordinate
3223 1638 3422 1696 propovb

122 1714 311 1769 iitates
336 1732 514 1770 rerum
539 1712 828 1771 visibilium
862 1708 1233 1787 iucorporales
1267 1724 1414 1780 sunt,
1442 1715 1582 1769 unde
1608 1714 1725 1769 uul-
1826 1718 1928 1772 sita
1969 1725 2073 1782 est,
2104 1733 2208 1773 non
2241 1717 2409 1773 multa
2438 1730 2494 1773 et
2519 1717 2784 1773 laboriosa
2817 1717 3153 1773 reseratione
3178 1716 3421 1788 indiget;

126 1807 216 1858 ius
238 1802 383 1859 recte
407 1803 796 1874 disputantium
837 1803 1072 1870 dubitat,
1101 1813 1155 1859 et
1193 1804 1238 1860 si
1274 1805 1455 1859 omnia
1504 1814 1719 1861 terrena

1831 1806 1944 1865 fere
1981 1825 2215 1881 namque
2251 1825 2281 1865 a
2330 1819 2384 1865 te
2446 1810 2562 1881 ipso
2616 1809 2792 1866 soluta
2842 1818 2943 1865 est.
2992 1808 3196 1866 Causas
3242 1810 3423 1880 itaque

126 1906 361 1966 corpora
392 1898 456 1950 ex
489 1896 729 1965 ipsarum
761 1895 1080 1965 qualitatum
1129 1895 1549 1968 exaggeratione
1597 1872 1804 1951 con-B
1830 1904 2071 1961 omnium
2098 1920 2278 1961 rerum
2326 1904 2380 1959 in
2425 1904 2690 1975 sapientia
2739 1912 2952 1959 creatas
2994 1912 3049 1959 et
3095 1902 3420 1959 siibstitutas

128 1983 419 2055 globantdr
447 2004 459 2040 :
487 1986 616 2056 quid
640 1987 835 2041 mirum
856 1986 939 2041 vel
966 1984 1281 2043 incredibile
1312 1998 1395 2043 est
1422 1989 1462 2056 ¹,
1485 1988 1627 2060 quod
1660 2004 1727 2044 ex

128 2072 567 2149 incorporalibus
590 2070 942 2149 qualitatibtis
980 2081 1284 2147 Conﬁcitur,
1337 2080 1389 2136 in
1433 2082 1456 2114 ³
1506 2097 1591 2136 res
1640 2081 1724 2135 in-

127 2164 443 2241 corporales
474 2176 632 2245 posse
663 2170 880 2227 redire?
915 2172 1059 2227 Drsc.
1090 2166 1253 2227 Plane
1284 2173 1616 2228 intuentibus
1645 2187 1730 2227 re-

129 2268 259 2318 eum
301 2264 633 2320 'substantias
662 2274 716 2319 et
748 2263 1057 2335 qualitates,
1098 2264 1493 2321 tr:nisl'usiones
1514 2280 1729 2337 quoque

130 2368 189 2416 et
227 2360 666 2433 Compositiones,
686 2374 785 2416 nec
809 2364 911 2415 abii
940 2356 994 2416 et
1017 2357 1375 2416 adunationes
1402 2368 1455 2415 et
1484 2376 1728 2432 progres-

130 2452 313 2507 sioues
342 2467 407 2506 ex
446 2436 887 2522 primordialibus
934 2453 1132 2518 causis,
1170 2453 1329 2522 inque
1378 2453 1597 2508 easdem
1642 2468 1730 2509 re-

132 2534 300 2610 ditus,
333 2545 579 2601 fortassis
607 2561 706 2602 nec
731 2546 928 2601 mirum
955 2542 1051 2601 nec
1078 2546 1391 2603 incredibile
1437 2548 1726 2605 videbitur.

132 2636 266 2692 Mihi
334 2648 515 2692 autem
563 2628 761 2692 nullius
818 2637 1145 2694 sententiam
1200 2638 1610 2709 praescribeuti,
1645 2618 1730 2696 vel

134 2724 368 2798 titigibse
394 2718 680 2793 rcfelleuti,
706 2724 806 2784 etsi
829 2729 896 2784 de
924 2724 1118 2783 talibus
1145 2728 1301 2784 aliter
1326 2730 1575 2796 senserit,
1598 2732 1729 2786 satis

140 2826 346 2874 actum.
379 2816 494 2874 Non
520 2819 661 2874 enini
688 2818 809 2891 plus
839 2832 1043 2889 quacro
1074 2820 1237 2875 certis
1263 2820 1562 2877 rationibus
1607 2838 1730 2876 sua-

134 2910 252 2966 deri
291 2901 716 2968 substantiarum
743 2912 1124 2967 adunationem
1158 2913 1361 2987 absque
1389 2912 1513 2969 ullis
1544 2912 1730 2968 contu-

137 3004 376 3071 sionnm,
405 3003 486 3061 vel
522 2994 907 3069 mixturarum,
952 3005 1471 3077 compositionumve
1516 3016 1732 3078 pertur-

136 3097 445 3154 bationibtls
492 3113 586 3153 seu
641 3096 1204 3165 transmutationibus,
1237 3097 1555 3170 qualitatum
1599 3114 1731 3169 quo-

140 3202 267 3261 que,
286 3207 353 3247 ex
383 3193 577 3262 quibus
607 3192 740 3247 haec
764 3191 945 3246 ornnia
970 3192 1246 3247 sen’sibilia
1285 3208 1511 3263 corpora
1538 3191 1558 3223 ⁸
1580 3208 1728 3247 com-

140 3290 296 3359 pacta
323 3292 467 3353 sunt,
502 3280 730 3343 reditum
758 3296 813 3342 et
862 3286 1186 3344 solutionem
1219 3289 1271 3344 in
1305 3290 1450 3359 ipsas
1476 3289 1730 3344 substan-
1756 3253 1808 3324 α

141 3382 263 3448 tias,
290 3368 407 3439 sine
433 3374 629 3454 quibus
650 3366 947 3438 subsistere
977 3400 1082 3438 non
1114 3393 1361 3457 possunt.
1403 3366 1554 3437 Nulla
1586 3382 1730 3437 enim

142 3473 399 3545 qualitas,
437 3492 529 3531 seu
566 3466 865 3548 quantitas,
895 3492 989 3533 seu
1020 3472 1385 3549 quodcunque
1413 3474 1556 3532 aliud
1590 3474 1732 3531 acci-

139 3566 273 3621 dens
298 3582 396 3638 pcr
415 3582 474 3621 se
502 3564 642 3623 valet
675 3566 989 3624 subsistere.
1022 3569 1100 3622 Ac
1126 3583 1224 3637 per
1250 3567 1352 3623 hoc
1376 3583 1480 3624 nou
1506 3577 1732 3636 temere,

139 3669 200 3715 ut
246 3662 509 3728 arbitror,
534 3662 783 3726 dixerim,
815 3663 989 3733 ipsum
1031 3663 1296 3728 reditum,
1331 3663 1397 3720 de
1437 3680 1545 3735 quo
1593 3679 1735 3721 nunc

141 3761 459 3820 tractamus,
489 3771 595 3810 non
632 3746 1086 3835 substantiarum,
1134 3770 1274 3826 quae
1325 3757 1736 3813 immutabiliter

135 3854 194 3904 et
232 3847 593 3904 insolabiliter
622 3849 674 3903 in
711 3864 767 3904 se
794 3857 1135 3921 permanent,
1163 3840 1256 3903 sed
1304 3847 1624 3918 qualitatum
1679 3856 1736 3904 et

136 3938 507 4009 quantitatum
553 3936 913 4008 aliorumque’
946 3924 1330 4004 accidentium,
1354 3952 1495 4007 quae
1535 3951 1628 4007 per
1673 3950 1734 3992 se

135 4034 190 4084 et
230 4024 511 4085 mutabilia
562 4037 685 4085 sunt
735 4038 789 4084 et
832 4028 1160 4094 transitoria,
1209 4024 1339 4085 locis
1378 4022 1734 4101 temporibus-

134 4136 243 4191 que
273 4120 541 4192 subjecta,
573 4116 1011 4193 generationibus
1057 4130 1111 4176 et
1152 4124 1592 4193 eorruptiouibus
1632 4124 1734 4179 ob-

135 4214 327 4278 noxia,
357 4213 592 4269 futurum
616 4230 754 4270 esse.
780 4213 845 4269 Et
872 4214 915 4269 si
945 4215 1017 4269 ita
1048 4225 1149 4281 est,
1173 4226 1231 4269 ut
1267 4231 1399 4271 vera
1436 4217 1574 4271 ratio
1608 4232 1732 4272 sua-

137 4304 251 4370 det,
304 4321 414 4360 non
463 4306 811 4372 transeunda,
870 4300 963 4361 sed
1009 4302 1252 4376 diligenti
1305 4308 1737 4364 consideratione

138 4394 519 4469 investiganda
552 4397 799 4470 sequitur
846 4399 1111 4470 quaestio.
1162 4397 1299 4454 ΜΑο.
1345 4399 1461 4467 Dic,
1508 4415 1731 4471 quaeso,

137 4505 280 4561 quae
312 4498 366 4544 et
396 4487 570 4560 qualis
600 4489 670 4544 sit
697 4488 805 4555 illa,
838 4499 991 4545 acuta
1024 4489 1375 4560 inquisitione
1396 4490 1733 4545 inventione-

137 4598 247 4655 que
273 4581 457 4655 digna.

209 4671 300 4727 H.
339 4672 482 4727 Drsc.
510 4660 698 4729 Utrum
734 4688 914 4728 rerum
941 4664 1278 4728 conditarum
1306 4664 1655 4739 substantiae,
1681 4682 1735 4730 et

135 4765 445 4831 essentiae,
470 4774 526 4821 et
552 4765 791 4821 rationes
818 4782 884 4820 ex
924 4762 1362 4836 primordialibus
1410 4766 1589 4821 causis
1636 4783 1734 4837 per

134 4860 547 4931 generationem
584 4859 639 4913 iri
681 4855 816 4914 locis
864 4842 1335 4929 temporibusque,
1368 4854 1736 4913 diversorum-

134 4969 243 5024 que
275 4935 636 5006 accidentium
689 4952 1043 5023 capacitatem
1090 4950 1390 5021 procedunt
1433 4959 1596 5022 atque
1645 4950 1735 5007 de-

135 5045 431 5112 scendunt,
449 5055 506 5099 ut
526 5046 719 5101 iterum
749 5045 913 5101 ﬁnitis
936 5044 1286 5116 temporibus,
1305 5044 1407 5100 hoc
1425 5054 1509 5100 est
1534 5046 1734 5103 mundo

133 5136 384 5192 sensibili
433 5137 741 5205 terminato,
785 5138 837 5191 in
883 5130 1101 5193 easdem
1155 5136 1369 5205 eausas,
1423 5154 1489 5194 ex
1538 5139 1759 5208 quibus

133 5224 520 5301 proﬁuxerint,
551 5226 769 5287 redeant
801 5250 813 5287 :
846 5248 916 5288 an
946 5248 1160 5304 semper
1183 5233 1235 5287 in
1261 5231 1373 5289 suis
1393 5234 1572 5289 causis
1595 5234 1735 5290 ultra

134 5342 362 5381 omnem
410 5322 809 5400 generationem
859 5324 914 5383 et
967 5322 1321 5393 solutionem,
1371 5327 1512 5383 ultra
1553 5328 1734 5383 omnia

132 5418 259 5475 loca
293 5425 349 5473 et
389 5422 651 5490 tempora,
675 5428 750 5491 etJ
776 5428 831 5475 ut
866 5416 1103 5477 breviter
1131 5404 1307 5475 dicam
1330 5462 1345 5488 ,
1376 5420 1519 5476 ultra
1554 5420 1735 5476 omnia

133 5510 446 5569 accidentia
476 5502 991 5570 incommutabiliter
1030 5524 1371 5588 permanent,
1397 5514 1471 5570 ita
1507 5524 1568 5571 ut
1590 5515 1735 5586 ipsa-

134 5604 266 5658 riiin
296 5596 409 5659 sola
434 5598 598 5661 insita
627 5598 707 5662 eis
742 5592 1063 5664 naturaliter
1103 5616 1159 5664 et
1207 5598 1551 5679 superaddita
1598 5616 1735 5680 συμέ

1766 4631 1815 4694 D

1831 1996 1885 2051 in
1915 1996 2027 2065 ipsa
2058 1994 2410 2052 aeternaliter
2426 2005 2483 2050 et
2506 1994 3028 2050 incommutabiliter
3052 2010 3155 2049 non
3186 1994 3421 2059 dubitas;

1828 2095 1891 2167 ut
1923 2087 2134 2161 opinor,
2168 2102 2510 2157 permanere,
2526 2094 2581 2142 et
2605 2087 2676 2143 ab
2715 2087 2831 2156 ipsa
2854 2096 3121 2155 nusquam
3141 2096 3420 2156 nunquam

1832 2181 2107 2245 recedere,
2132 2180 2215 2235 vel
2243 2179 2445 2235 ﬂuxum
2478 2180 2710 2251 aliquem
2771 2180 2885 2250 pati
2932 2180 3001 2235 ad
3048 2195 3113 2236 ea
3158 2188 3295 2251 quae
3334 2180 3419 2235 im

1832 2271 2031 2328 feriora
2067 2280 2211 2329 sunt.
2246 2272 2361 2327 Non
2389 2273 2530 2328 enim
2564 2288 2659 2343 per
2680 2287 2738 2329 se
2762 2272 3138 2336 subsisterent,
3162 2272 3211 2328 si
3238 2271 3423 2343 aliquo

1832 2363 1992 2419 modo
2020 2364 2088 2419 ab
2118 2363 2231 2435 ipsa
2262 2365 2596 2420 recederent.
2649 2364 2796 2420 Disc.
2841 2364 2919 2419 De
2966 2369 3251 2423 causarum
3299 2378 3423 2420 oma

1833 2457 1981 2512 nium
2043 2456 2471 2511 incommutabili
2520 2455 2921 2525 perseverantia
2973 2454 3028 2509 in
3078 2455 3192 2524 ipsa
3240 2453 3424 2511 divina

1832 2551 2120 2623 sapientia,
2148 2552 2291 2620 quod
2319 2558 2402 2603 est
2446 2547 2680 2603 Verbum
2731 2546 2824 2602 Dei
2871 2545 3073 2612 Patris,
3116 2547 3170 2601 in
3216 2554 3327 2614 Quo
3367 2551 3425 2599 et

1833 2657 1929 2712 per
1954 2642 2098 2712 quod
2135 2650 2190 2696 et
2238 2638 2380 2695 facta
2428 2648 2553 2695 sunt
2596 2646 2651 2693 et
2696 2638 3022 2703 subsistunt,
3066 2636 3209 2692 nullo
3265 2636 3428 2692 motio

1834 2716 2149 2791 dubitarim.
2182 2732 2315 2789 illud
2366 2731 2633 2803 siquidem
2675 2740 2731 2786 et
2779 2730 2961 2785 divina
3013 2728 3318 2798 Scriptura,
3372 2734 3428 2783 et

1833 2837 2145 2883 sanctorum
2198 2826 2416 2881 Patrum
2497 2824 2713 2880 traditio
2766 2823 3145 2878 incunctanter
3205 2819 3423 2877 asserit.

1836 2918 1977 2977 MAG.
2012 2919 2151 2987 Quid
2180 2918 2276 2973 tibi
2302 2918 2514 2973 videtur
2560 2917 2626 2972 de
2670 2915 2990 2971 substantiis
3029 2924 3235 2979 rerum,
3286 2922 3427 2983 quae

1835 3016 1886 3070 in
1912 3014 2202 3085 praedictis
2226 3014 2406 3070 causis
2438 3012 2458 3044 “
2501 3020 2557 3068 et
2595 3009 2772 3067 factae
2798 3018 2853 3067 et
2886 3009 3213 3065 substitutae
3255 3007 3420 3064 sunt?

1828 3092 1972 3175 ,Num
1997 3107 2312 3174 verisimile,
2335 3107 2443 3162 imo
2470 3104 2835 3170 verissimum,
2851 3112 2910 3159 ut
2927 3103 3234 3167 credamus,
3257 3100 3425 3157 etiam

1837 3202 2001 3271 ipsas,
2029 3199 2361 3255 substantias
2382 3199 2528 3263 dico,
2553 3198 2607 3252 in
2637 3197 2750 3253 suis
2776 3196 2953 3253 causis
2981 3210 3195 3265 semper
3238 3202 3294 3250 et
3341 3193 3427 3248 in-

1837 3290 2293 3348 commutabiliter
2314 3303 2663 3361 permanere,
2693 3287 2842 3344 etab
2869 3288 2951 3343 eis
2980 3301 3255 3358 nunquam
3294 3299 3425 3341 ausa

1837 3399 1997 3454 quam
2027 3382 2178 3436 nullo
2206 3382 2364 3437 modo
2389 3380 2677 3436 recedere?
2722 3379 2791 3436 Ut
2839 3380 2982 3434 enim
3037 3379 3185 3448 ipsae
3230 3386 3429 3433 causae

1836 3476 2212 3550 primordiales
2241 3491 2345 3531 non
2375 3476 2625 3530 deserunt
2654 3472 3002 3544 sapientiam,
3026 3471 3105 3527 sic
3135 3473 3282 3541 ipsae
3302 3468 3431 3526 sub-
3524 3504 3528 3510 ι

1836 3568 2205 3643 διίιιιιὶίιθιιιοη
2232 3567 2491 3621 deserunt
2514 3581 2727 3630 causas,
2753 3564 2846 3620 sed
2870 3564 2925 3619 in
2952 3563 3032 3619 eis
3052 3576 3266 3634 semper
3298 3563 3429 3619 subs

1836 3659 2050 3715 sistunt.
2071 3657 2139 3713 Et
2160 3657 2610 3727 quemadmodum
2635 3671 2832 3711 causae
2861 3664 3016 3711 extra
3042 3654 3377 3711 substantias
3408 3652 3431 3685 ⁵

1837 3753 2085 3808 nesciunt
2115 3764 2258 3816 esse,
2289 3750 2361 3805 ita
2391 3749 2729 3807 substantiae
2756 3756 2911 3804 extra
2938 3762 3135 3804 causas
3164 3762 3271 3801 non
3310 3756 3430 3816 pos-

1837 3853 1963 3902 sunt
2004 3843 2190 3898 liuere.
2226 3840 2370 3896 DISC.
2404 3839 2487 3895 Nil
2516 3840 2896 3903 verisimilius,
2921 3848 2976 3894 et
3009 3840 3077 3895 ad
3128 3836 3429 3907 intelligen-

1836 3920 1963 3993 dum
1995 3936 2228 4002 facilius,
2256 3942 2310 3990 et
2333 3933 2549 3988 veritati
2576 3933 2951 4005 propinquius,
2982 3946 3147 4001 quam
3184 3938 3246 3985 ut
3275 3929 3344 3982 ita
3373 3935 3433 3983 et

1838 4032 2142 4094 credamus,
2195 4036 2251 4085 et
2309 4028 2630 4083 inconcusse
2687 4034 2988 4081 teneamus.
3044 4021 3185 4078 llas.-
3237 4019 3432 4074 Restat

1836 4126 2051 4197 itaque,
2081 4124 2147 4178 de
2186 4121 2538 4194 qualitatibus
2572 4118 3000 4175 substantiarum
3034 4146 3104 4156 —-—
3139 4113 3429 4187 qualitates

1837 4223 2018 4271 autem
2039 4214 2185 4278 dico,
2208 4211 2366 4269 sicuti
2396 4210 2568 4267 solent
2591 4210 2860 4281 sapientes
2886 4208 3091 4273 onmia,
3123 4220 3265 4276 quae
3301 4204 3430 4259 sub-

1837 4306 2052 4363 stautiis
2112 4304 2393 4369 accidunt,
2441 4294 2731 4372 appellare,
2779 4301 2907 4370 quia
2948 4297 3239 4354 mutabiles
3278 4302 3433 4362 sunt,

1837 4406 1892 4455 et
1915 4398 2056 4455 circa
2084 4394 2419 4452 substantias
2446 4409 2573 4450 suas
2598 4392 2888 4449 volvuntur
2906 4420 2971 4433 —-
2994 4389 3140 4447 hunc
3167 4386 3426 4463 mundum

1840 4482 2160 4545 fabricatum
2192 4494 2642 4559 compactumque
2664 4484 2852 4550 fuisse,
2879 4492 2934 4540 et
2973 4483 3029 4539 in
3079 4481 3298 4538 easdem
3341 4495 3435 4536 rec

1840 4582 2153 4637 solvendum
2183 4579 2317 4635 fore.
2352 4578 2523 4636 Omne
2552 4578 2720 4643 enim,
2747 4575 2890 4647 quod
2921 4571 3288 4646 temporalitcr
3328 4585 3428 4641 per

1843 4676 2245 4751 generationem
2274 4672 2461 4742 incipit
2478 4686 2621 4737 esse,
2646 4684 2866 4727 necesse
2894 4675 2978 4724 est
3003 4666 3217 4723 essendi
3246 4664 3426 4719 ﬁnem

1844 4769 2064 4835 habere.
2093 4768 2202 4824 Nec
2223 4768 2301 4823 sic
2323 4775 2500 4820 tamen
2526 4764 2829 4836 praedictas
2849 4761 3274 4818 substantiarum
3296 4773 3431 4828 qua-

1841 4850 2020 4919 litates
2046 4877 2173 4919 suas
2196 4859 2549 4922 substantias,
2565 4857 2708 4913 circa
2731 4871 2865 4928 quas
2882 4855 3190 4919 volvuntur,
3206 4851 3429 4907 omnino

1841 4944 2119 5020 deserere,
2152 4961 2207 5009 et
2233 4942 2284 5007 in
2318 4950 2601 5006 materiem
2626 4947 2897 5005 sensibilis
2929 4946 3114 5005 mundi
3141 4944 3444 5011 convenire,

1842 5026 2207 5111 arbitramur;
2253 5044 2348 5099 sed
2396 5041 2632 5098 mirabili
2657 5050 2712 5096 et
2737 5038 2996 5096 inetl‘abili
3020 5037 3196 5100 modo,
3225 5033 3323 5090 soli
3352 5032 3446 5105 fa-_

1843 5138 2100 5196 bricatori
2124 5138 2264 5193 illius
2286 5135 2522 5207 cognito,
2537 5142 2591 5190 et
2611 5134 2753 5191 circa
2780 5147 2910 5188 suas
2939 5127 3290 5192 substantias,
3307 5125 3428 5196 qui-

1844 5234 1943 5289 bus
1973 5228 2405 5302 inseparabiliter
2451 5226 2785 5289 adliaerent,
2830 5237 3044 5294 semper
3080 5224 3426 5295 permanent,

1842 5336 1897 5380 et
1932 5326 2075 5381 bane
2103 5321 2360 5378 niundum
2396 5321 2557 5376 modo
2592 5318 2614 5351 ⁸
2653 5317 2886 5389 quodam
2928 5310 3249 5383 intelligibili
3271 5326 3447 5383 com-i

1839 5412 2196 5491 positionibus
2234 5414 2345 5472 suis
2382 5412 2669 5486 perﬁciunt
2690 5421 2851 5481 atque
2894 5411 3244 5479 componunt.
3289 5402 3427 5491 Nam

1841 5490 2004 5581 supra
2031 5508 2443 5565 universitatem
2482 5503 2744 5561 visibilem
2777 5514 2968 5581 causas
2993 5506 3048 5577 et
3091 5490 3453 5574 substantias,

1838 5584 2080 5658 omnium
2117 5615 2405 5673 corporum
2434 5598 2549 5654 sive
2577 5582 2964 5652 catholicorum
2996 5592 3109 5648 sive
3134 5588 3427 5662 particula-

1431 5694 1688 5758 VARlAE
1720 5682 2123 5759 LECTIONES.
3246 5738 3251 5759 μ

214 5793 233 5873 ξ
264 5794 343 5851 est
382 5770 493 5851 oin.
713 5797 734 5829 ¹
766 5770 828 5857 2in
864 5798 974 5859 om.
1014 5788 1077 5857 Δ.
1158 5798 1179 5831 ³
1206 5808 1427 5873 corpora
1464 5810 1575 5857 om.
1604 5794 1669 5855 A.
1747 5795 1773 5832 ⁸
1798 5796 1973 5856 causis
1998 5800 2108 5853 oni.
2135 5790 2204 5849 Α.
2295 5782 2318 5825 ⁸
2359 5778 2449 5848 Sic
2475 5770 2592 5858 CF;
2646 5785 2693 5849 Δ
2736 5781 3107 5865 “inuuidiam.
3183 5776 3206 5813 ⁸
3231 5774 3423 5849 SicA.

133 5854 231 5925 CF
250 5877 400 5925 metu
427 5854 680 5944 quodam.
