4028 6282
567 370 670 429 887

1960 371 2241 431 JOANNlS
2282 374 2481 433 SCOTI

3786 372 3883 427 833

565 492 730 561 rium,
755 490 955 563 quibus
982 492 1352 560 constituitur,
1368 507 1478 550 non
1507 492 1961 550 irrationabiliter
1983 493 2164 549 credi-
2192 500 2240 559 Α
2267 495 2394 550 xisti
2425 494 2596 561 enim,
2630 508 2725 551 cas
2750 500 2880 550 ante
2917 508 3080 550 omne
3123 503 3333 566 tempus
3354 507 3707 564 omnemque
3736 509 3881 549 crea-

564 598 688 641 mus
708 597 849 642 esse.
879 584 958 640 Ex
982 582 1413 657 incorporalibus
1443 586 1588 642 enim
1611 593 1667 643 et
1691 585 2115 660 intelligibilibus
2137 587 2158 619 ¹

566 676 871 749 corporalia
901 686 959 734 et
981 678 1259 734 sensibilia
1289 678 1557 751 originem
1587 680 1809 735 ducunt.
1892 694 1897 699 ·

639 768 727 825 15.
768 770 914 828 Drsc.
956 770 1195 828 Restat:
1234 786 1337 828 nec
1382 770 1521 828 alius
1565 773 1743 829 exitus
1791 773 1856 829 de
1892 772 2164 844 praesenti

569 861 892 935 quaestione
918 862 1132 919 videtur
1160 877 1321 935 posse
1357 863 1611 920 inveniri.
1639 864 1832 920 Adhuc
1860 873 2043 921 tamen
2066 879 2163 922 ve-

570 951 665 1008 lim
696 952 938 1009 breviter
967 952 1216 1017 deﬁnias,
1247 953 1425 1023 qualis
1451 952 1597 1009 inter
1619 967 1814 1010 causas
1834 961 1891 1010 et
1912 953 2166 1011 substan-

572 1042 679 1099 tias
706 1040 1010 1099 diﬂ‘erentia
1049 1043 1138 1099 sit.
1188 1042 1463 1115 Utraeque
1510 1058 1742 1116 namque
1792 1043 2166 1116 incorporales

572 1147 630 1194 et
659 1138 1025 1211 intelligibiles
1062 1148 1209 1196 sunt.
1247 1138 1388 1196 MAG.
1426 1138 1631 1197 Causas
1671 1140 1902 1196 dicimus
1944 1155 2169 1212 genera-

574 1227 812 1286 lissimas
839 1232 1079 1287 omnium
1116 1247 1296 1288 rerum
1328 1231 1489 1288 simul
1517 1233 1757 1288 rationes
1785 1232 1838 1287 in
1858 1230 2038 1290 Verbo
2070 1232 2170 1290 Dei

574 1320 916 1379 constitutas.
968 1323 1314 1381 Substantias
1341 1340 1472 1381 vero
1497 1324 1741 1398 singulas
1785 1326 1807 1357 ¹
1864 1333 1920 1381 et
1964 1325 2171 1397 specia-

575 1415 814 1473 lissimas
848 1418 1179 1491 singularum
1210 1428 1266 1476 et
1290 1421 1807 1492 specialissimarum
1836 1436 2019 1477 rerum
2044 1436 2173 1492 pro-
2246 1478 2249 1481 .

576 1509 835 1579 prietates
869 1518 926 1567 et
959 1511 1228 1579 rationes,
1282 1513 1337 1568 in
1371 1513 1504 1587 ipsis
1552 1514 1734 1569 causis
1764 1512 2083 1570 distributas
2117 1521 2175 1570 et

578 1602 931 1661 constitutas.
956 1604 1107 1662 Dtse.
1136 1606 1339 1676 Aperte
1377 1620 1440 1662 ac
1477 1607 1714 1662 breviter
1740 1615 1826 1663 est
1853 1606 2170 1663 discretum.

578 1694 656 1751 Ex
696 1694 830 1766 ipsis
859 1696 1043 1767 itaque
1091 1698 1273 1754 causis
1315 1707 1372 1755 et
1414 1699 1733 1755 substantiis
1767 1700 2000 1756 mundus
2048 1699 2171 1767 iste,

579 1788 877 1862 coagulatis
898 1790 1147 1848 videlicet
1170 1791 1385 1850 illarum
1407 1793 1785 1865 qualitatibus,
1807 1804 2172 1866 processerat,

2266 599 2445 646 turam
2494 590 2666 645 factas
2703 588 2892 644 fuisse.
2933 588 3073 645 MAG.
3112 587 3229 643 Non
3270 596 3566 660 computo;
3612 601 3734 643 nec
3774 588 3883 643 siue

2264 686 2499 752 ratione,
2528 681 2784 755 quoniam
2811 683 3027 754 proprie
3052 689 3338 737 creaturae
3361 679 3643 736 vocabulo
3675 679 3883 751 signiﬁ-

2265 783 2482 842 cantur,
2507 787 2649 846 quae
2672 787 2771 844 per
2797 769 3205 844 generationem
3230 780 3379 826 motu
3403 770 3656 841 quodam
3683 776 3883 839 tempo-

2267 866 2368 921 rali
2396 866 2450 921 in
2489 865 2699 936 species
2725 864 2972 937 proprias
3010 863 3125 919 sive
3156 861 3395 918 visibiles
3421 862 3547 918 sive
3571 861 3881 917 invisibiles

2265 956 2559 1030 proﬂuunt.
2588 954 2740 1024 Quod
2774 964 2956 1011 autem
2990 964 3115 1011 ante
3152 954 3334 1027 omnia
3374 963 3639 1024 tempora
3681 962 3743 1007 et
3772 952 3879 1008 loc:

2269 1048 2618 1105 substitutum
2645 1055 2748 1113 est,
2780 1047 3035 1117 quoniam
3069 1044 3210 1100 ultra
3245 1052 3489 1115 tempora
3521 1054 3577 1099 et
3610 1042 3748 1099 loca
3785 1052 3876 1107 est.

2270 1149 2515 1197 creatura
2540 1137 2757 1209 proprie
2784 1151 2890 1193 non
2920 1136 3136 1202 dicitur,
3156 1135 3405 1207 quamvis
3440 1136 3617 1192 modo
3646 1134 3877 1206 quodam

2269 1230 2523 1303 loquendi
2552 1229 2930 1303 συνεκδοχικῶς
2959 1227 3360 1293 universalitas,
3375 1243 3520 1298 quae
3546 1237 3689 1301 post
3716 1227 3873 1285 Deum

2270 1332 2373 1390 est,
2414 1323 2483 1379 ab
2527 1323 2644 1393 ipso
2686 1323 2901 1378 condita
2953 1328 3204 1377 creatura
3237 1321 3534 1377 vocitetur.

2343 1415 2431 1473 l7.
2474 1414 2581 1471 Sed
2627 1429 2842 1471 rursum
2895 1412 3196 1485 quaeritur,
3247 1421 3429 1468 utrum
3480 1428 3701 1481 omne,
3748 1414 3875 1486 quod

2273 1510 2649 1581 temporaliter
2673 1517 2941 1574 movetur,
2974 1507 3221 1565 localiter
3247 1508 3413 1563 etiam
3443 1508 3672 1564 moveri
3704 1525 3875 1564 neces—

2274 1604 2476 1661 sarium
2516 1602 2605 1658 sit.
2642 1600 2699 1657 lu
2728 1616 2837 1673 qua
2876 1600 3194 1673 quaestione
3230 1599 3531 1656 multorum
3564 1614 3688 1656 non
3716 1600 3874 1654 solum

2277 1697 2566 1764 catltolice,
2599 1711 2790 1752 verum
2824 1695 2989 1752 etiam
3017 1695 3336 1751 seculariter
3364 1695 3431 1750 de
3460 1696 3684 1751 mundo
3717 1696 3874 1765 dispu.

2228 1830 2229 1833 η
2277 1792 2509 1850 lantiunt
2551 1790 2819 1849 sententia
2862 1790 3121 1845 variatur.
3163 1788 3302 1845 Sunt
3329 1788 3516 1855 enim,
3543 1789 3648 1860 qui
3681 1789 3874 1845 dicunt.

578 1890 635 1937 et
678 1880 732 1936 in
776 1881 995 1938 easdem
1023 1881 1046 1915 ⁸
1104 1883 1301 1940 iterum
1352 1900 1485 1941 suae
1536 1885 1883 1942 resolutionis
1934 1896 2180 1958 tempore
2205 1878 2255 1940 B
2282 1887 2417 1944 haec
2443 1887 2569 1950 duo,
2595 1885 2777 1941 locum
2810 1884 2932 1939 dico
2961 1891 3019 1939 et
3046 1891 3274 1954 tempus,
3310 1882 3459 1938 circa
3489 1891 3550 1937 et
3577 1888 3747 1936 extra
3772 1896 3874 1935 eor-

579 1988 900 2031 reversurus
936 1982 993 2030 et
1020 1975 1349 2032 transiturus
1377 1976 1501 2032 erit.
1535 1977 1675 2035 MAG.
1708 1976 1793 2032 Nil
1822 1977 2005 2033 verius
2029 1976 2174 2033 veri-

583 2066 794 2138 tatique
818 2067 1176 2138 propinquius
1204 2068 1538 2125 credendum
1566 2077 1649 2125 est
1675 2078 1728 2124 et
1749 2069 2177 2141 intelligendum.

587 2160 708 2232 Ipsa
754 2160 1021 2231 siquidem
1052 2161 1269 2218 Veritas
1304 2161 1382 2217 ait
1423 2180 1437 2217 :
1479 2148 1696 2218 Caelum
1731 2173 1778 2219 et
1826 2173 1965 2218 terra
2003 2172 2180 2218 trans.

581 2253 755 2319 ibunt,
788 2253 942 2308 verba
970 2261 1147 2308 autem
1184 2270 1302 2309 mea
1346 2271 1451 2309 non
1481 2256 1774 2311 transibunt
1806 2257 1849 2311 δ.
1881 2256 1987 2313 Sed
2016 2271 2183 2327 quor-

586 2359 705 2401 sum
735 2343 943 2401 caelum
990 2354 1047 2401 et
1085 2353 1230 2401 terra
1277 2346 1624 2402 transibunt?
1654 2347 1907 2419 Nunquid
1950 2348 2003 2403 in
2042 2348 2185 2404 nihi-

585 2437 740 2493 lum?
769 2440 914 2495 Dtsc.
947 2438 1126 2497 Absit.
1167 2438 1286 2496 Non
1326 2440 1472 2496 enim
1511 2441 1639 2497 illud
1668 2442 1777 2498 ullo
1804 2443 1965 2499 modo
1993 2436 2182 2499 dicen-l
2204 2452 2245 2469 ³

592 2528 739 2583 dum.
771 2526 1007 2585 Nihilum
1039 2536 1220 2585 autem
1260 2546 1404 2586 nunc
1433 2531 1554 2587 dico
1590 2532 1892 2588 absentiam
1922 2542 1979 2589 et
2006 2533 2187 2605 priva-

591 2621 790 2678 tionem
834 2624 1102 2691 omnium,
1148 2638 1290 2696 quae
1334 2632 1479 2690 sunt,
1510 2633 1569 2680 et
1607 2640 1747 2697 quae
1792 2641 1898 2681 non
1946 2633 2091 2692 sunt,
2129 2625 2184 2682 in

591 2716 734 2785 quod
765 2714 791 2749 '
818 2716 965 2773 nulla
1010 2724 1264 2774 creatura
1293 2727 1348 2775 et
1368 2717 1597 2781 visibilis
1624 2726 1682 2775 et
1715 2717 2002 2776 invisibilis
2030 2732 2189 2775 occa-

592 2821 719 2863 sura
747 2808 838 2864 sit.
890 2840 893 2849 ι

598 2918 601 2923 ί
666 2900 754 2957 16.
796 2900 935 2960 MAG.
976 2901 1246 2983 Quorsum
1277 2905 1444 2978 igitur
1485 2905 1698 2962 caelum
1734 2914 1789 2961 et
1832 2914 2032 2963 terram
2064 2921 2189 2962 cum

592 2992 872 3061 omnibus,
901 3009 1041 3065 quae
1090 2996 1145 3051 in
1194 2996 1275 3052 eis
1313 3006 1458 3063 sunt,
1487 2998 1820 3054 transitura?
1848 2997 2001 3066 Quod
2047 2997 2193 3053 enim

595 3086 800 3152 veritas
823 3088 1093 3158 promisit,
1125 3088 1517 3147 inevitabiliter
1541 3092 1666 3147 erit.
1711 3091 1859 3147 Dtsc.
1892 3090 2009 3147 Non
2037 3090 2196 3146 alior-

598 3196 742 3248 sum,
772 3189 832 3236 ut
863 3196 1079 3249 censeo,
1116 3183 1223 3239 nisi
1253 3183 1305 3239 in
1333 3198 1417 3251 ea,
1454 3200 1523 3240 ex
1561 3186 1755 3255 quibus
1782 3192 2192 3256 processerunt.

597 3270 986 3328 Processerunt
1014 3280 1197 3328 autem
1218 3288 1285 3329 ex
1312 3274 1494 3331 causis
1521 3274 1947 3347 generalissimis
1986 3283 2042 3330 et
2079 3290 2198 3345 spe-
2221 3246 2270 3310 C
2301 3279 2465 3336 etiam
2522 3275 2995 3333 ratiocinationem

599 3362 909 3419 cialissimis
948 3363 1287 3430 substantiis,
1328 3379 1426 3435 per
1464 3374 1775 3437 compactas
1821 3365 1876 3420 in
1915 3366 2197 3422 materiam

602 3458 915 3529 qualitates,
941 3457 1125 3514 addita
1147 3457 1340 3514 l‘orma.
1369 3459 1427 3514 In
1449 3461 1668 3516 easdem
1695 3459 1859 3532 igitur
1882 3459 2198 3516 incunctan-

605 3558 692 3605 ter
717 3549 1044 3605 transibunt.
1091 3548 1197 3605 Sed
1243 3564 1381 3621 quae
1425 3559 1553 3606 sunt
1592 3550 1682 3605 illa
1720 3551 1886 3607 verba
1928 3550 2195 3619 veritatis,

604 3657 746 3713 quae
774 3657 1047 3713 nunquam
1088 3643 1417 3710 transibunt,
1456 3659 1616 3700 nosse
1655 3644 1838 3701 velim.
1886 3643 2002 3700 Non
2053 3646 2197 3701 enim

604 3732 717 3801 illa,
756 3748 896 3805 quae
932 3733 1038 3789 ictu
1078 3734 1220 3789 aéris
1267 3733 1640 3806 proferuntur,
1670 3735 1869 3806 quibus
1912 3736 2027 3807 ipsa
2060 3737 2201 3792 veri-

604 3833 707 3892 tas,
739 3825 865 3881 dum
891 3840 1147 3896 praesens
1172 3826 1225 3883 in
1252 3842 1417 3883 carne
1443 3826 1643 3896 fuerat,
1670 3829 1981 3886 hominibus
2020 3829 2199 3887 locuta

603 3926 708 3985 est,
735 3916 1062 3974 crediderim
1097 3934 1237 3976 esse.
1271 3919 1608 3978 Transitoria
1635 3937 1869 3994 namque
1891 3932 2069 3991 erant,
2096 3924 2203 3981 sic-

603 4017 665 4065 ut
711 4018 767 4066 et
806 4017 1111 4066 ceterorum
1159 4012 1439 4069 hominum
1489 4015 1675 4070 verba.
1727 4014 1871 4072 MAG.
1924 4015 2041 4072 Non
2093 4016 2200 4074 alia

608 4109 839 4165 dixerim
864 4109 1031 4166 verba
1060 4109 1326 4176 veritatis,
1348 4110 1452 4176 vel,
1478 4118 1537 4165 ut
1567 4111 1642 4165 ita
1660 4112 1858 4178 dicam,
1884 4111 2046 4166 verba
2072 4111 2202 4168 Ver-

605 4201 683 4269 bi,
711 4201 836 4273 quia
861 4202 1066 4258 veritas
1098 4201 1335 4259 Verbum
1364 4211 1470 4270 est,
1498 4203 1602 4258 nisi
1632 4219 1825 4260 causas
1852 4203 2123 4274 praefatas
2146 4211 2203 4259 et

604 4295 969 4361 substantias,
996 4295 1101 4351 hoc
1126 4303 1211 4351 est
1251 4295 1721 4352 incommutabiles
1748 4311 1929 4351 rerum
1958 4295 2202 4353 rationes

604 4388 659 4443 in
685 4388 954 4458 sapientia
991 4387 1091 4442 Dei
1134 4386 1339 4453 factas,
1372 4389 1665 4444 secundum
1704 4403 1840 4459 quas
1867 4387 2099 4443 visibilia
2146 4396 2201 4444 et

607 4478 900 4535 invisibilia
929 4479 1146 4534 condita
1190 4488 1338 4545 sunt,
1368 4487 1424 4533 et
1459 4479 1513 4533 in
1559 4494 1695 4550 quas
1732 4480 1940 4535 caelum
1970 4487 2025 4535 et
2057 4488 2201 4535 terra

607 4572 938 4628 transibunt.
966 4570 1087 4643 Ipsa
1117 4571 1140 4604 ⁸
1184 4581 1363 4627 autem
1415 4587 1692 4642 nunquam
1722 4587 1989 4643 nusquam
2022 4581 2199 4628 trans-

608 4663 762 4720 ibunt
786 4664 832 4731 ',
854 4664 1112 4736 quoniam
1144 4664 1200 4720 in
1224 4662 1404 4720 Verbo
1426 4664 1518 4720 Dei
1544 4664 1820 4735 unigenito
1848 4664 2009 4720 veluti
2034 4678 2199 4735 quae-

606 4757 730 4812 dam
750 4757 917 4814 verba
935 4755 1227 4815 ineﬂ‘abilia
1248 4765 1304 4814 et
1328 4757 1789 4815 incommutabilia
1814 4757 2109 4830 perpetuali
2119 4765 2202 4815 ter

610 4857 849 4905 manent.
891 4848 1041 4919 Quae
1068 4850 1255 4917 verba,
1285 4858 1348 4905 ut
1393 4850 1608 4922 opinor,
1645 4849 1851 4906 audivit
1886 4849 2200 4920 Apostolus,

610 4943 825 5015 quando
854 4944 908 4999 in
935 4943 1245 5016 paradisum
1272 4950 1460 5014 raptus
1502 4952 1605 5000 est.
1639 4942 1772 5013 Quis
1807 4944 1952 4999 enim
1979 4944 2198 5016 angelo-

604 5050 726 5091 rum
751 5035 836 5091 vel
863 5036 1141 5092 hominum
1174 5033 1275 5090 fari
1314 5035 1494 5092 verbis
1532 5035 1617 5092 vel
1654 5044 1837 5091 mente
1876 5052 2203 5108 cognoscere

605 5127 799 5200 possit,
829 5140 985 5199 quas,
1011 5134 1068 5182 et
1090 5125 1299 5196 quales,
1330 5133 1384 5179 ct
1411 5135 1641 5197 quantas
1667 5125 1909 5183 rationes
1937 5143 2117 5183 rerum
2146 5128 2197 5184 in

605 5219 894 5291 principio,
955 5216 1129 5273 Verbo
1173 5216 1426 5274 videlicet
1471 5234 1590 5286 suo,
1641 5218 1805 5275 Pater
1851 5229 1976 5277 ante
2017 5221 2197 5276 omnia

607 5321 853 5386 tempora
881 5322 937 5371 et
963 5321 1089 5370 ante
1109 5328 1323 5370 omnem
1349 5323 1652 5370 creaturam
1679 5314 1887 5371 fecerit.
1912 5315 2056 5372 Dtsc.
2082 5314 2199 5371 Non

608 5405 794 5479 itaque
837 5421 1033 5464 causas
1081 5415 1137 5462 et
1173 5407 1505 5464 substantias
1544 5423 1746 5474 rerum,
1790 5408 1843 5463 in
1882 5406 2061 5465 Verbo
2102 5408 2198 5463 Dei

608 5501 932 5557 substitutas
956 5540 973 5568 ,
1001 5500 1055 5556 in
1093 5514 1321 5559 numero
1358 5509 1641 5576 computas
1664 5502 2073 5559 creaturarum?
2105 5502 2199 5559 Di-

2279 1998 2502 2056 poream
2530 1993 2834 2039 creaturam
2864 1994 3006 2046 esse,
3054 1986 3110 2034 et
3141 1979 3207 2034 ab
3244 1977 3325 2033 eis
3372 1976 3655 2033 contineri
3696 1984 3754 2031 et
3793 1974 3877 2029 cir-

2281 2077 2597 2134 cumscribi.
2635 2075 2705 2131 Et
2747 2074 2872 2146 quia
2915 2072 3145 2129 naturali
3186 2071 3398 2127 ratione
3436 2071 3567 2142 plus
3623 2079 3717 2127 est
3752 2070 3875 2141 quod

2283 2170 2546 2234 continet,
2599 2182 2762 2239 quam
2800 2165 2943 2238 quod
2984 2164 3311 2231 continetur,
3347 2178 3457 2218 non
3511 2163 3667 2219 intra
3714 2172 3878 2234 partes

2282 2263 2501 2329 mundi,
2534 2261 2626 2317 scd
2668 2269 2822 2316 extra
2867 2258 3039 2331 ipsius
3071 2257 3489 2313 universitatem
3520 2256 3651 2312 loca
3680 2264 3737 2311 et
3762 2265 3877 2310 tau-

2283 2371 2418 2429 pora
2458 2353 2820 2426 computanda
2865 2350 3185 2407 existimant
3213 2368 3226 2404 :
3258 2348 3592 2421 praesertim
3639 2347 3768 2402 dum
3810 2348 3877 2400 is-

2285 2447 2588 2521 corporalia
2620 2456 2781 2511 sunt,
2810 2445 2864 2500 in
2894 2458 3125 2500 numero
3162 2440 3533 2513 corporalium
3582 2455 3702 2494 non
3752 2447 3877 2493 recte

2287 2537 2730 2598 connumeranda
2759 2551 2880 2593 esse
2912 2533 3178 2606 judicant.
3218 2532 3325 2588 Alii
3355 2547 3491 2588 vero
3525 2531 3654 2586 loca
3683 2539 3739 2585 et
3764 2538 3879 2583 tem-

2285 2650 2419 2707 pora
2461 2633 2602 2688 intra
2648 2629 2978 2686 mundanam
3017 2625 3482 2682 universalitatem
3535 2623 3876 2680 concludunt.

2287 2725 2498 2783 Aiunt‘l
2524 2724 2691 2789 enim,
2745 2720 2906 2791 simul
2934 2735 3055 2775 cum
3096 2718 3310 2783 ceteris,
3352 2731 3499 2788 quae
3551 2716 3710 2771 intra
3747 2732 3881 2770 mneo

2291 2821 2418 2876 dum
2453 2816 2825 2879 continentur,
2860 2812 3149 2885 congenita
3181 2818 3235 2866 et
3278 2817 3576 2865 concreata
3618 2807 3809 2873 fuisse,
3835 2814 3879 2861 et

2291 2909 2745 2984 quemadmodum
2778 2914 2968 2962 cuncta
3022 2919 3088 2958 ex
3120 2902 3297 2958 causis
3341 2901 3456 2956 suis
3506 2899 3731 2970 prolata
3754 2909 3878 2961 sunt,

2295 3006 2370 3061 ita
2400 3013 2455 3058 et
2482 3003 2593 3057 illa.
2635 3000 2897 3055 Rationes
2931 2996 3199 3068 siquidem
3224 2997 3246 3029 θ
3283 2993 3529 3049 locorum
3581 3002 3645 3048 et
3689 3003 3880 3060 tempo-

2298 3112 2441 3162 rum,
2464 3094 2778 3166 priusquam
2808 3090 2861 3144 in
2886 3087 3086 3144 mundo
3111 3092 3446 3148 crearentur,
3477 3083 3536 3137 in
3562 3080 3756 3138 Verbo
3781 3081 3881 3143 Dei,

2299 3188 2353 3243 in
2403 3200 2509 3258 quo
2557 3182 2704 3238 facta
2754 3189 2880 3237 sunt
2930 3178 3142 3241 omnia,
3188 3182 3637 3247 praecesserunt.
3687 3172 3883 3227 Addant

3049 3289 3063 3326 :
3111 3269 3159 3325 si
3196 3269 3312 3325 loca
3359 3279 3414 3323 et
3469 3277 3725 3338 tempora
3775 3274 3883 3319 ante

2301 3371 2561 3429 mundum
2591 3368 2766 3436 fuere,
2795 3364 3039 3438 profecto
3068 3372 3288 3418 aeterna
3316 3367 3477 3426 sunt;
3517 3366 3577 3412 et
3604 3360 3654 3412 si
3678 3365 3881 3412 aeterna

2301 3472 2450 3530 sunt,
2475 3471 2570 3518 aut
2596 3460 2739 3517 Deus
2769 3467 2920 3525 sunt,
2947 3468 3041 3511 aut
3070 3452 3397 3526 principales
3424 3451 3683 3534 omnium
3707 3464 3885 3506 causae

2300 3557 2354 3613 in
2404 3553 2664 3626 sapientia
2702 3550 2884 3608 divina
2938 3547 3261 3604 substitutae
3290 3566 3303 3600 :
3339 3544 3484 3616 quod
3513 3543 3882 3598 stultissimum

2301 3658 2386 3706 est
2411 3646 2706 3703 aestimari.
2741 3643 2858 3698 Duo
2887 3642 3030 3698 enim
3061 3638 3282 3695 maximi
3310 3652 3531 3694 errores
3560 3646 3695 3692 sunt
3725 3635 3880 3691 homi-

2301 3757 2429 3799 num
2448 3784 2463 3807 ,
2492 3748 2553 3796 ut
2580 3739 2656 3795 ait
2682 3736 3017 3810 Augustinus
3045 3752 3060 3790 :
3092 3734 3209 3788 loca
3234 3749 3395 3803 supra
3424 3729 3639 3785 caelum
3659 3772 3675 3795 ,
3706 3739 3754 3783 et
3775 3738 3884 3782 tnt-

2301 3849 2431 3905 pora
2461 3842 2580 3886 ante
2611 3828 2868 3885 mundum
2889 3835 3095 3899 putare.
3120 3824 3197 3879 Ac
3218 3838 3316 3895 per
3341 3823 3444 3877 hoc
3464 3821 3812 3877 concluditur
3830 3820 3880 3878 “,

2306 3933 2550 3994 tempora
2578 3919 2845 3977 secularia
2888 3916 3049 3973 simul
3089 3931 3213 3971 cum
3243 3913 3445 3969 mundo
3475 3922 3601 3967 orta
3632 3922 3689 3968 et
3718 3918 3881 3966 coorta

2303 4030 2446 4080 esse,
2475 4023 2530 4069 et
2558 4010 2704 4067 nullo
2748 4009 2909 4065 modo
2950 4009 3126 4080 ipsum
3153 4005 3535 4076 praecessisse.
3577 4002 3639 4057 ιη
3679 4016 3884 4057 numero

2303 4107 2489 4177 itaque
2512 4118 2734 4167 eorum,
2766 4117 2905 4172 quae
2935 4100 3075 4154 intra
3116 4096 3374 4153 nmndum
3413 4094 3789 4156 continentur.
3822 4092 3885 4144 lc-

2304 4213 2427 4256 cum
2457 4206 2512 4254 et
2543 4206 2753 4267 tempus
2781 4190 3283 4251 connumerandum
3309 4203 3437 4242 vera
3464 4187 3613 4242 ratio
3642 4187 3805 4257 cogit,
3832 4199 3883 4237 ac

2303 4306 2400 4363 per
2447 4290 2574 4355 hoc,
2622 4302 2730 4343 non
2783 4284 2957 4341 solum
3004 4284 3060 4339 in
3116 4282 3268 4353 ipsis,
3324 4280 3584 4351 quicquid
3639 4280 3697 4334 in
3746 4294 3883 4333 mun-

2307 4385 2433 4440 dum
2460 4382 2628 4448 venit,
2654 4378 2901 4452 generari
2930 4409 3000 4419 —-
3027 4377 3273 4433 locorum
3303 4387 3539 4443 namque
3565 4380 3884 4443 temporum-

2304 4492 2411 4550 que
2437 4474 2679 4532 numeris
2706 4483 2761 4530 et
2786 4471 3029 4528 nascitur
3071 4477 3128 4525 et
3161 4474 3410 4524 movetur
3429 4496 3496 4505 —
3519 4479 3720 4521 verum
3740 4463 3883 4518 etiam

2304 4568 2576 4635 onmibus,
2621 4581 2761 4639 quae
2808 4565 2863 4621 in
2902 4563 2982 4619 eis
3019 4565 3369 4633 generantur,
3416 4554 3803 4627 congenerari,
3842 4559 3885 4605 ct

2306 4678 2374 4719 ex
2422 4658 2765 4731 generalibus
2810 4657 3012 4723 causis,
3058 4668 3199 4724 quae
3242 4647 3503 4706 mundum
3539 4647 3881 4719 praecedunt,

2306 4756 2544 4829 prodire.
2588 4753 2744 4824 Quod
2798 4761 2981 4808 autem
3031 4745 3432 4820 proposuimus,
3478 4754 3670 4798 utrum
3722 4752 3884 4799 omne.

2306 4848 2450 4921 quod
2481 4856 2728 4904 movetur
2754 4843 3126 4918 temporaliter
3145 4883 3161 4909 ,
3189 4852 3413 4897 necesse
3456 4837 3527 4893 sit
3555 4837 3734 4892 etiam
3763 4834 3885 4889 loca-

2306 4940 2434 4998 liter
2455 4939 2680 5004 moveri,
2717 4938 2909 4995 eodem
2936 4933 3097 4991 modo
3136 4930 3524 4989 catholicorum
3544 4937 3832 4983 auctorum
3854 4924 3884 4951 ”

2308 5032 2531 5089 traditio
2579 5030 2916 5087 dissimiliter
2964 5026 3151 5084 sentit.
3193 5023 3436 5080 Primum
3467 5021 3695 5093 quidem
3737 5021 3883 5075 Deum

2310 5126 2483 5183 solum
2533 5141 2631 5198 per
2675 5125 2910 5196 seipsum
2958 5122 3079 5177 sine
3116 5118 3233 5175 loco
3274 5125 3331 5172 et
3379 5124 3627 5187 tempore
3675 5111 3885 5171 moveri.

2306 5220 2511 5290 absque
2533 5217 2638 5273 ulla
2666 5215 3029 5286 discrepantia
3065 5210 3453 5285 dogmatizant.
3484 5206 3563 5262 De
3590 5216 3746 5263 motu
3775 5219 3886 5259 vero

2306 5313 2605 5388 spiritualis
2670 5320 2979 5377 creaturae,
3019 5306 3198 5363 omnis
3249 5302 3510 5359 materiae
3562 5297 3884 5372 corpulentia

2307 5409 2527 5472 liberae,
2561 5403 2835 5462 nonnullis
2856 5402 3139 5484 dissonant
3160 5396 3402 5484 tbeoriis.
3432 5389 3883 5484 Quidametcnim

2307 5502 2484 5574 ipsum
2531 5498 2646 5556 solo
2695 5505 2957 5571 tempore,
3008 5480 3128 5550 sine
3152 5480 3558 5558 ,loco,'moveri
3607 5482 3881 5543 aﬂirmanl.

1844 5623 1848 5627 ’
1909 5619 2166 5678 VARIAE
2204 5616 2605 5678 LECTIONES.

689 5711 708 5744 ⁸
733 5709 782 5783 ᾼ
811 5709 1341 5783 intelligibiljbusque.
1420 5712 1442 5744 '
1469 5710 1516 5767 A
1538 5709 1774 5783 singulas
1806 5711 2296 5783 veroisubstantias.

2373 5709 2394 5740 ³
2424 5710 2467 5764 A
2495 5707 2697 5763 eadem.
2774 5703 2797 5736 ⁸
2820 5702 2906 5760 CF
2939 5702 3217 5758 transient.
3293 5697 3316 5731 ⁵
3348 5695 3443 5753 Sic
3466 5693 3591 5761 CF;
3622 5693 3666 5749 A
3695 5693 3749 5749 in
3772 5707 3880 5764 qua.

614 5763 1435 5866 οιΑῇιὲᾶὲζ”’ῗ“ἑιε⁴’ἰῆι’ὴῖῐέηι.
1469 5763 1775 5839 "-‘sré'cr
1803 5763 2317 5848 ;"A'15;a;a;""‘-a
2347 5763 2578 5853 quidem.
2657 5778 2703 5866 ἑο
2733 5775 2826 5833 Sic
2855 5775 2930 5845 A;
2969 5771 3055 5831 CF
3095 5769 3407 5829 includitur.
3485 5769 3534 5800 ιν
3555 5766 3646 5823 Sic
3701 5763 3816 5829 CF;
3843 5764 3877 5815 A

621 5852 917 5909 doctorum.
