4028 6282
184 414 294 472 889

1040 399 1129 454 DE
1166 394 1502 455 DIVISIONE
1538 387 1903 457 NATURAE.‘
1928 420 1999 430 —
2034 388 2237 447 LIBER
2273 391 2598 463 QUINTUS.

3350 394 3457 453 890

184 542 406 589 omnem
445 541 575 583 vero
596 522 931 596 corporalem
966 528 1274 576 creaturam
1305 531 1410 571 non
1435 512 1608 570 solum
1629 519 1768 566 tem-
1795 509 1851 571 Δ
1872 522 2020 565 mere
2039 510 2267 567 dixerim
2289 511 2344 568 in
2363 511 2444 569 eis
2463 509 2799 583 praevalere,
2825 510 3082 584 quamdiu
3110 519 3278 568 totum
3301 512 3465 580 illud,

186 623 466 696 poraliter,
497 632 687 673 verum
720 616 884 671 etiam
911 612 1157 670 localiter
1186 606 1495 665 mutabilem
1517 619 1638 660 esse
1661 615 1771 658 non

186 716 486 785 incongrue
525 710 878 765 arbitrantur.
925 703 1037 760 Nec
1080 704 1098 735 ί
1138 702 1212 758 ibi
1249 698 1769 757 omnes‘dissonant.

188 805 435 875 Quorum
462 800 762 857 sententiae
782 797 973 852 beatus
1001 795 1167 851 etiam
1193 794 1215 824 ’
1232 789 1565 863 Augustinus
1590 788 1787 855 favet‘,

189 898 260 951 de
287 896 398 950 Deo
425 893 648 962 loquens
672 907 685 945 :
720 889 914 953 Movet,
946 886 1139 957 inquit,
1187 885 1415 954 seipsum
1441 881 1555 937 sine
1584 880 1698 935 loco
1723 886 1772 933 et

185 1000 438 1058 tempore,
487 993 656 1039 movet
690 982 957 1037 conditum
999 963 1243 1050 spiritum
1290 991 1384 1047 per
1427 984 1626 1043 tempus
1661 971 1773 1026 sine

187 1083 329 1148 loco,
354 1082 517 1136 movet
542 1066 728 1151 corpus
771 1092 863 1147 per
890 1084 1090 1144 tempus
1115 1082 1163 1127 et
1188 1070 1379 1125 locum.
1401 1066 1506 1123 Alii
1532 1080 1662 1120 vero
1689 1063 1771 1120 lo-

187 1188 318 1229 cum
349 1181 405 1227 et
432 1180 664 1241 tempus,
712 1174 851 1223 teste
885 1164 1116 1220 Maximo
1151 1162 1204 1217 in
1228 1158 1530 1230 Ambiguis,
1570 1154 1774 1226 Grego-

191 1265 335 1319 rium
362 1262 693 1333 Theologum
719 1265 1005 1328 sequentes
1036 1255 1078 1322 ³,
1132 1249 1514 1323 inseparabilia
1539 1262 1661 1303 esse
1692 1246 1775 1302 in-

187 1362 514 1411 cunctanter
540 1358 808 1416 astruunt,
858 1349 912 1404 in
954 1356 1179 1411 tantum,
1225 1353 1281 1398 ut
1304 1339 1454 1398 omne
1493 1337 1775 1410 temporale

166 1447 363 1509 ,locale
403 1445 491 1511 sit,
534 1453 580 1498 et
632 1440 915 1497 conversim
965 1455 1114 1494 omne
1159 1433 1324 1490 locale
1370 1430 1674 1505 temporale,
1725 1438 1774 1485 et

192 1536 342 1591 nullo
370 1535 523 1589 modo
558 1534 615 1587 in
654 1542 845 1587 natura
873 1545 1046 1584 rerum
1077 1526 1316 1591 inveniri,
1347 1523 1485 1596 quod
1512 1522 1626 1578 solo
1645 1531 1778 1576 tent-

189 1646 321 1701 pore
354 1629 463 1683 sine
495 1625 630 1690 loco,
656 1623 735 1679 vel
773 1621 884 1677 solo
917 1620 1030 1676 loco
1068 1618 1182 1673 sine
1213 1626 1440 1687 tempore
1476 1614 1639 1686 possit
1662 1628 1776 1667 mo-

191 1722 324 1778 veri.
360 1719 467 1776 Sed
494 1718 623 1790 quid
666 1716 861 1771 horum
901 1710 1308 1769 eonvenientius
1338 1706 1628 1762 tenendum
1680 1703 1772 1770 sit,

189 1829 303 1869 non
330 1821 412 1868 est
433 1818 674 1866 nosuum
700 1806 996 1879 dijudicare
1019 1805 1074 1869 *ς
1103 1800 1471 1872 unusquisque
1491 1798 1558 1853 de
1579 1796 1774 1853 talibus

1873 599 2026 671 cujus
2052 613 2235 673 partes
2262 615 2412 670 sunt,
2455 603 2835 674 permanserit.
2868 602 2946 660 Eo
2981 616 3113 659 vero
3142 612 3459 662 transeunte

1873 695 2034 751 simul
2066 704 2123 752 et
2159 696 2304 753 illius
2330 698 2593 755 vocabuli
2625 697 2797 754 virtus
2834 697 3192 754 ‘evacuabitur
3228 696 3274 750 ⁸.
3319 698 3455 753 Cum

1873 785 2018 842 enim
2047 801 2153 843 non
2195 785 2382 856 fuerit,
2428 789 2571 859 quod
2602 787 2769 844 locari
2797 796 2855 844 et
2897 788 3272 844 circumscribi
3319 788 3432 844 indi

1874 885 2018 948 geat,
2048 880 2318 950 quomodo
2352 880 2459 937 erit
2490 880 2675 938 locus?
2716 880 2787 941 Si.
2820 879 2963 936 enim
3003 879 3025 911 °
3058 880 3192 936 nihil
3239 880 3468 937 locave—‘

1877 969 1968 1036 rit,
2016 969 2166 1027 locus
2215 988 2325 1029 non
2367 973 2491 1029 erit.
2530 974 2608 1029 Eo
2653 973 2919 1045 siquidem
2968 981 3249 1043 pereunte,
3310 973 3453 1043 quod

1876 1059 2169 1117 collocatur
2199 1061 2267 1130 ιθ,
2295 1078 2402 1134 qua
2448 1064 2659 1121 ratione
2691 1063 2843 1121 locus
2868 1063 3008 1120 erit?
3041 1064 3216 1120 Locus
3262 1064 3459 1136 quippe

1877 1153 2098 1209 omnino
2121 1169 2227 1211 non
2257 1167 2360 1221 est,
2389 1157 2533 1228 quod
2561 1157 2689 1227 quid
2732 1172 2839 1212 non
2875 1156 3123 1212 collocat.
3158 1155 3276 1214 Non
3304 1156 3460 1212 aliter

1877 1244 1945 1301 de
1967 1253 2224 1318 tempore.
2274 1248 2497 1316 Quando
2540 1249 2682 1305 enim
2713 1249 2891 1305 nullus
2928 1258 3106 1305 motus
3142 1248 3266 1315 erit,
3298 1263 3457 1318 quem

1878 1349 2129 1391 mensura
2158 1339 2417 1409 temporis
2439 1353 2544 1394 non
2566 1339 2769 1396 dividet
2788 1349 2843 1396 et
2863 1338 3305 1410 comprehendet,
3328 1354 3473 1409 quo-.

1878 1429 2038 1483 modo
2068 1436 2277 1499 tempus
2316 1430 2457 1487 erit?
2493 1431 2590 1486 Est
2635 1430 2777 1485 enim
2827 1438 3038 1500 tempus
3070 1444 3344 1487 morarum
3374 1429 3458 1485 vel

1878 1527 2120 1576 motuum
2166 1530 2316 1578 certa
2352 1531 2409 1579 et
2436 1512 3029 1599 naturalis'dimenﬁo.
3066 1510 3475 1593 'P’ereunte'igit

1882 1604 2579 1685 tuﬁ'qiidd""mensuratttr,
2630 1618 2684 1673 et
2713 1616 2867 1684 illud,
2904 1617 3045 1687 quod
3088 1618 3329 1683 metitur,
3360 1631 3457 1672 ne-

1880 1708 2117 1763 cessario
2160 1708 2376 1779 peribit.
2417 1708 2475 1764 In
2519 1722 2628 1780 quo
2672 1709 2815 1765 enim
2854 1707 3191 1780 intelligetur,
3227 1716 3473 1780 tempus,

1883 1799 2101 1870 quando
2125 1800 2304 1858 nullus
2350 1802 2613 1858 sentietur
2656 1802 2875 1863 motus?
2899 1799 2985 1858 Ut
3014 1800 3161 1878 enim
3187 1810 3383 1860 .motus
3406 1802 3463 1857 in

191 1894 586 1977 disputantium
616 1903 757 1957 intra
802 1899 1036 1971 seipsum
1077 1894 1357 1961 deliberet,
1394 1892 1523 1964 quid
1552 1889 1655 1947 sibi
1694 1904 1774 1944 ra-
1801 1878 1852 1941 Β
1877 1891 2109 1961 quodam
2135 1900 2283 1976 moto
2318 1892 2644 1971 continetur,
2687 1892 2765 1973 ita
2798 1901 3007 1963 tempus
3032 1890 3103 1946 in
3127 1891 3361 1962 quodam
3382 1892 3479 1969 die

186 1998 505 2055 tionabilius
533 1992 868 2065 sequendum
908 1990 1014 2045 sit:
1044 2002 1144 2044 nos
1173 1994 1362 2068 autem.
1399 1984 1681 2040 redeamus
1707 1981 1774 2037 ad

185 2090 550 2165 propositum.
588 2087 733 2142 Dtsc.
770 2084 939 2141 Caute
983 2096 1049 2137 ac
1109 2080 1413 2151 vigilanter.
1455 2075 1573 2132 Non
1630 2075 1775 2131 enim

188 2189 454 2246 debemus
490 2187 557 2242 de
586 2182 867 2241 sententiis
920 2192 1236 2249 magnorum
1286 2183 1340 2232 et
1386 2171 1774 2230 venerabilium

186 2281 435 2337 virorum
476 2286 679 2334 temere
712 2273 977 2347 judicare.
1025 2269 1160 2325 Nam
1211 2268 1258 2324 si
1286 2282 1454 2323 unum
1484 2264 1777 2322 dixerimus

189 2372 403 2429 rectius
428 2368 679 2431 sensisse,
723 2364 1028 2420 videbimur
1070 2361 1297 2416 alterum
1324 2357 1610 2423 refellere;
1638 2370 1778 2427 quae.

188 2463 434 2518 maxima
471 2468 527 2516 et
565 2455 970 2531 promptissima
1007 2466 1171 2508 causa
1209 2449 1451 2519 litigandi
1477 2447 1617 2504 solet
1654 2460 1778 2501 eve-

188 2555 337 2611 nire.
422 2584 427 2589 ο
718 2560 723 2565 ‘
944 2576 949 2585 ν

272 2643 359 2699 18.
381 2642 520 2698 MAG.
562 2638 753 2695 Nullus
790 2637 879 2708 pie
912 2628 1075 2707 anque
1106 2631 1373 2690 catholice
1398 2628 1779 2702 philosophan-

192 2739 357 2802 tium,
381 2736 699 2803 divinaeque
719 2730 1032 2800 Scripturae
1051 2728 1308 2781 virtutem
1320 2721 1779 2780 considerantium

188 2826 415 2894 dixerit,
461 2833 521 2881 ut
565 2824 778 2896 opinor,
819 2821 935 2877 loca
969 2829 1025 2876 et
1061 2828 1303 2889 tempora
1351 2824 1477 2872 ante
1521 2814 1778 2870 mundum

190 2917 385 2974 fuisse.
426 2917 570 2973 DISC.
619 2914 793 2971 Istaec
836 2911 1225 2969 lcredentibus
1260 2918 1317 2965 et
1358 2904 1782 2979 intelligentibus

192 3024 307 3066 non
336 3007 777 3065 contradixerim.
818 3004 1115 3060 Sanissime
1139 3000 1286 3057 enim
1326 2999 1574 3065 credunt,
1597 3006 1654 3054 et
1682 3011 1782 3067 pu-

191 3100 415 3158 rissime
444 3097 765 3169 intelligunt.
790 3093 1092 3163 Quidnam'
1125 3090 1477 3163 praecederet
1497 3088 1777 3155 mundum,

193 3192 307 3248 nisi
332 3191 445 3248 sola
486 3189 803 3255 aeternitas,
844 3184 1163 3258 praesertim
1211 3198 1334 3239 eum
1360 3183 1619 3253 scriptum
1664 3181 1774 3236 sit:

196 3283 396 3338 Omnia
421 3283 479 3338 in
502 3291 758 3338 momento
785 3278 924 3334 oculi
962 3277 1105 3348 facta
1143 3284 1264 3331 sunt
1286 3277 1312 3329 Ρ
1347 3274 1490 3331 Loca
1521 3282 1702 3331 autem
1727 3280 1782 3327 et

195 3382 447 3443 tempora
473 3371 527 3427 in
550 3383 779 3427 numero
802 3367 1045 3423 omnium
1067 3372 1211 3422 sunt.
1240 3365 1372 3420 Item
1409 3383 1422 3420 :
1450 3363 1555 3431 Qui
1582 3364 1701 3420 vivit
1726 3365 1783 3418 in

194 3471 493 3529 aeternum,
531 3463 724 3516 creavit
766 3462 942 3517 omnia
991 3457 1168 3515 simul.
1201 3455 1343 3514 MAG.
1374 3454 1513 3524 Quid
1540 3471 1671 3528 ergo
1705 3455 1785 3510 di-

194 3566 409 3616 cemus,
438 3550 485 3607 si
505 3550 625 3607 loca
648 3559 705 3606 et
744 3559 985 3621 tempora
1032 3556 1160 3603 ante
1199 3547 1458 3602 mundum
1480 3561 1587 3602 non
1610 3545 1781 3613 fuere,

197 3642 300 3699 sed
324 3642 440 3699 sola
466 3642 761 3698 aeternitas
797 3642 971 3713 ipsum
999 3639 1337 3712 praecessit?
1371 3637 1622 3710 Nunquid
1642 3639 1786 3694 veri-

199 3734 381 3791 simile
406 3742 511 3801 est,
536 3742 595 3788 ut
616 3734 805 3790 eodem
831 3732 991 3789 modo
1018 3732 1325 3797 credamus,
1360 3744 1462 3786 nec
1485 3739 1608 3801 post
1630 3746 1787 3787 mun-

199 3825 335 3880 dum
355 3824 704 3880 remansura?
726 3822 785 3878 Si
813 3824 957 3878 enim
987 3822 1041 3877 in
1085 3821 1436 3877 universitate
1459 3821 1646 3878 mundi
1665 3822 1786 3879 loca

199 3924 261 3973 et
288 3925 532 3988 tempora
554 3923 954 3987 computantur,
978 3929 1086 3985 qua
1111 3915 1340 3982 ratione,
1365 3913 1541 3970 soluto
1561 3915 1781 3980 mundo,

197 4009 642 4082 permanebunt?
689 4007 885 4063 Totum
932 4006 1196 4076 siquidem
1243 4015 1337 4062 aut
1406 4007 1786 4064 universaliter

200 4102 409 4166 manet,
453 4108 545 4155 aut
580 4097 957 4155 universaliter
994 4098 1174 4169 perit;
1209 4106 1267 4153 ut
1300 4105 1481 4152 autem
1523 4113 1592 4154 ex
1630 4107 1787 4169 parte

198 4200 451 4258 maneat,
475 4206 544 4247 ex
572 4191 591 4223 τ
621 4199 777 4263 parte
807 4197 1016 4259 pereat,
1051 4188 1519 4260 impossiblleest.
1554 4190 1611 4245 Si
1641 4191 1785 4245 enim

198 4298 315 4340 una
335 4296 463 4353 pars
490 4297 559 4339 es
604 4289 716 4339 toto
746 4282 988 4353 perierit,
1031 4291 1204 4338 totum
1251 4282 1459 4338 interit.
1492 4280 1609 4339 Una
1632 4297 1788 4338 nam-

114 4366 121 4371 ’
199 4389 314 4446 que
341 4373 578 4445 dempta,
615 4381 787 4430 totum
825 4389 934 4430 non
975 4382 1081 4431 est.
1108 4371 1369 4429 Similiter
1414 4373 1462 4429 si
1516 4388 1625 4430 una
1663 4389 1789 4443 pars

200 4466 357 4524 salva
385 4466 566 4533 fuerit,
604 4475 661 4522 et
704 4476 920 4523 ceterae
965 4465 1295 4532 interierint,
1354 4472 1526 4521 totum
1578 4465 1784 4523 interit.

204 4561 379 4616 Totus
401 4560 586 4629 itaque
627 4560 862 4633 mundus
896 4566 990 4614 aut
1032 4566 1178 4616 totus
1218 4559 1484 4626 interibit,
1526 4569 1620 4615 aut
1646 4567 1789 4617 totus

204 4666 424 4722 semper
463 4650 585 4705 erit.
641 4648 847 4706 Peribit
892 4658 1095 4705 autem.
1133 4647 1304 4706 Totus
1350 4650 1516 4722 igitur
1566 4650 1788 4721 peribit,

202 4759 387 4815 neque
419 4742 526 4799 ulla
564 4758 694 4814 pars
718 4742 802 4800 sui
826 4751 949 4815 post
979 4758 1133 4799 suum
1168 4744 1447 4800 interitum
1491 4746 1794 4800 remanebit

205 4839 335 4898 sine
364 4838 605 4895 interitu.
637 4837 775 4894 Sunt
817 4846 999 4895 autem
1034 4847 1217 4908 partes
1245 4839 1365 4910 ejus
1406 4839 1555 4895 locus
1576 4847 1634 4894 et
1660 4848 1793 4895 tem-

204 4946 334 5007 pus.
382 4932 442 4987 ln
496 4932 615 5004 ipso
665 4931 828 5003 igitur
853 4939 1054 4988 etcum
1098 4930 1218 5000 ipso
1256 4931 1513 5002 peribunt
1541 4931 1694 4989 locus
1739 4943 1795 4989 et

209 5038 443 5097 tempus.
467 5024 670 5080 Locum
693 5040 838 5080 nunc
859 5024 981 5080 dico
1029 5039 1139 5079 non
1181 5038 1362 5080 rerum
1399 5024 1791 5095 definitionem,

204 5120 353 5190 quae
395 5131 610 5188 semper
654 5124 838 5172 manet
884 5115 940 5171 in
990 5116 1193 5183 animo,
1247 5117 1342 5172 sed
1385 5118 1640 5189 spatium,
1685 5134 1793 5189 quo

206 5225 502 5282 corporum
555 5208 829 5282 quantitas
871 5209 1200 5266 extenditur.
1230 5208 1362 5265 Nam
1409 5211 1553 5281 quod
1602 5211 1796 5287 Graeci

204 5302 348 5359 duas
401 5301 523 5358 illas
563 5300 745 5358 mundi
795 5307 1011 5371 partes,
1068 5300 1408 5366 locumdico
1460 5310 1517 5359 et
1565 5311 1797 5376 tempus,

205 5396 282 5454 ὧν
309 5394 452 5464 ἄνευ,
482 5397 587 5452 hoc
604 5404 709 5461 est,
739 5395 858 5452 sine
883 5396 1079 5467 quibus
1102 5403 1320 5453 ceterae
1342 5405 1528 5467 partes
1549 5410 1670 5453 esse
1690 5411 1794 5453 non

207 5497 459 5560 possunt,
498 5487 788 5561 appellant,
833 5487 1036 5543 tamdiu
1057 5486 1186 5543 illud
1226 5487 1547 5546 vocabulum
1587 5505 1694 5546 non
1719 5499 1800 5546 te-

1878 1999 2067 2043 menso
2104 1994 2273 2041 motu.
2317 1984 2470 2042 Sicut
2513 2000 2659 2057 ergo,
2702 1992 2879 2041 motus
2916 1999 3023 2040 non
3050 1983 3201 2062 erit,
3249 1983 3464 2054 quando

1876 2080 2020 2135 nulla
2066 2095 2195 2150 pars
2239 2079 2426 2136 mundi
2481 2078 2802 2145 movebitur,
2840 2079 2917 2134 ita
2969 2087 3203 2148 tempus,
3249 2077 3464 2148 quando

1876 2170 2056 2227 nullus
2081 2171 2488 2227 mensurabitur
2514 2180 2713 2226 motus.
2751 2169 2829 2225 De
2859 2170 3077 2227 interitu
3107 2179 3465 2226 autem'mun-

1879 2262 1931 2317 di
1953 2264 2113 2339 aede
2146 2260 2253 2317 line
2279 2261 2457 2316 nullus
2480 2248 2870 2317 catholicorum
2899 2260 3141 2332 ambigit.
3174 2260 3290 2317 Non
3317 2261 3463 2317 enim

1877 2349 1990 2406 sola
2020 2350 2160 2406 ratio
2198 2358 2254 2405 et
2306 2350 2569 2406 naturalis
2618 2351 2936 2416 necessitas,
2971 2350 3116 2421 quod
3146 2350 3466 2406 interiturus

1879 2443 1969 2509 sit,
1992 2458 2181 2499 verum
2206 2443 2369 2499 etiam
2410 2443 2715 2499 divinarum
2746 2443 3026 2499 literarum
3048 2441 3338 2511 verissima
3368 2458 3467 2496 au-

1878 2537 2107 2591 ctoritas
2145 2536 2496 2605 comprobat.
2520 2534 2740 2591 Maximi
2780 2550 3017 2607 namque
3055 2534 3126 2590 ob
3172 2534 3277 2590 hoc
3302 2534 3343 2566 “
3374 2550 3463 2590 sa—

1879 2629 2090 2700 pientes
2117 2627 2302 2684 mundi
2345 2643 2454 2684 non
2496 2627 2615 2684 ausi
2641 2635 2767 2683 sunt
2804 2627 3002 2685 docere
3026 2626 3113 2693 vel
3142 2626 3462 2694 concedere,

1878 2721 2023 2777 hunc
2043 2721 2303 2777 mundum
2333 2719 2613 2791 temporali
2642 2719 2909 2790 principio
2937 2733 3035 2789 per
3059 2702 3462 2789 generationem

1880 2815 2190 2882 inchoasse,
2215 2828 2283 2868 ne
2323 2820 2646 2885 cogerentur
2673 2810 2855 2877 fateri,
2885 2810 3048 2866 linem
3089 2808 3346 2880 temporis
3370 2823 3482 2878 per_

1880 2923 2132 2966 occasum
2160 2906 2469 2963 habiturum
2506 2919 2645 2962 esse.
2673 2903 2806 2960 Nam
2831 2904 2877 2960 si
2898 2903 3159 2963 mundum
3184 2901 3465 2974 temporali

1879 2998 2144 3070 principio
2166 2997 2423 3053 inchoare
2464 2995 2842 3061 concederent,
2871 2995 2979 3050 line
3003 3008 3219 3065 quoque
3262 3001 3469 3064 tempo-

1881 3092 1958 3148 ris
1982 3089 2261 3148 terminari
2307 3103 2504 3161 negare
2548 3102 2657 3143 non
2700 3093 2939 3158 possent.
2988 3084 3221 3155 Ideoque
3250 3083 3482 3153 illorum.

1881 3183 2098 3255 quidam
2121 3181 2400 3255 .mundum
2431 3188 2623 3245 totum,
2672 3179 2777 3234 hoc
2802 3185 2886 3234 est
2912 3176 3216 3247 [materiem
3255 3173 3371 3245 ejus
3415 3182 3471 3229 ct

1882 3272 2138 3340 formam,
2160 3281 2513 3329 coaeternum
2538 3270 2671 3341 ‘Deo
2705 3268 2893 3335 luisse,
2932 3268 3150 3339 quidam
3176 3264 3349 3323 solam
3388 3266 3475 3339 in-J

1884 3367 2115 3425 formem
2148 3366 2430 3422 materiem
2468 3374 2717 3421 astruere
2743 3362 2923 3420 conati
2961 3369 3108 3431 sunt,
3130 3359 3361 3416 formam
3388 3375 3479 3431 so-l

1883 3456 1993 3513 lam
2014 3465 2069 3513 et
2096 3455 2477 3512 formationem
2524 3453 2709 3511 mundi
2752 3452 2863 3510 Deo
2889 3451 3269 3518 attribuentes,
3305 3458 3474 3515 male:

1884 3550 2020 3606 riem
2078 3564 2206 3605 vero
2250 3548 2367 3619 ejus
2415 3557 2693 3605 aeternam
2739 3556 2795 3603 et
2842 3556 3190 3603 coaeternam
3228 3543 3341 3601 Deo
3377 3558 3473 3614 per

1884 3641 2118 3712 seipsam
2140 3640 2468 3708 substitisse,
2498 3640 2596 3696 Dei
2616 3647 2798 3696 tamen
2820 3638 3133 3696 formatoris
3156 3636 3471 3709 indiguisse,

1885 3739 1939 3788 et
1966 3747 2026 3789 se
2053 3733 2226 3804 ipsam
2256 3731 2491 3789 formare
2516 3747 2624 3788 non
2648 3731 2902 3788 valuisse.
3230 3782 3235 3793 ,
3296 3766 3299 3769 λ
3336 3790 3339 3793 _
3474 3774 3479 3779 η

1956 3822 2045 3878 19.
2060 3821 2205 3877 Sana
2231 3830 2411 3878 autem
2432 3831 2489 3878 et
2512 3821 2877 3880 ecclesiastica
2892 3820 3145 3893 doctrina
3164 3819 3480 3891 ﬁrmissime.

1885 3915 2077 3975 credit,
2093 3924 2148 3970 et
2160 3914 2585 3971 luculentissime
2595 3914 2877 3985 perspicit,
2892 3930 3057 3970 unum
3073 3921 3127 3969 et
3143 3912 3475 3982 omnipoten-

1886 4015 1996 4066 tem
2010 4007 2177 4065 Deum
2187 4047 2203 4075 ,
2219 4007 2543 4079 principium
2555 3992 2881 4078 causamque
2895 4008 3158 4073 omnium,
3174 4021 3315 4077 quae
3328 4014 3475 4071 sunt,

1886 4112 1941 4159 et
1960 4117 2101 4174 quae
2115 4117 2222 4158 non
2240 4109 2385 4168 sunt,
2414 4100 2698 4156 materiem
2715 4098 2928 4156 dedisse
2942 4099 3143 4169 mundo
3154 4096 3475 4165 etformam,

1886 4196 2104 4268 quando
2137 4194 2329 4261 voluit,
2360 4192 2632 4265 finemque
2653 4194 2914 4260 daturum
2948 4180 3088 4261 esse,
3122 4191 3339 4264 quando
3362 4180 3476 4247 sta-'

1890 4289 2030 4346 tuit:
2062 4289 2157 4361 qui
2200 4287 2328 4345 fecit
2355 4288 2538 4345 omnia
2576 4288 2633 4344 in
2670 4286 3035 4365 aeternalibus
3059 4286 3259 4353 causis,
3291 4285 3472 4357 prius-

1887 4397 2050 4455 quam
2079 4382 2274 4439 tierent
2306 4380 2694 4452 temporalibus
2724 4364 3012 4437 momentis
3052 4396 3066 4434 :
3098 4377 3190 4450 qui
3212 4385 3320 4443 est
3352 4375 3479 4433 linis

1889 4476 2147 4541 omnium,
2191 4473 2317 4546 quia
2352 4474 2410 4529 in
2451 4472 2628 4545 ipsum
2667 4479 3022 4537 revertentur,
3066 4468 3316 4542 quaeab
3361 4468 3479 4541 ipso

1814 4602 1870 4663 Β
1892 4566 2133 4639 profecta
2155 4574 2302 4630 sunt,
2325 4575 2379 4621 et
2402 4564 2454 4619 in
2476 4564 2595 4635 ipso
2623 4573 2905 4620 moventur
2929 4570 2984 4618 et
3007 4568 3170 4619 stant.
3217 4559 3478 4618 Dominus

1896 4662 2009 4734 ipse
2043 4661 2109 4717 de
2136 4660 2363 4716 transitu
2393 4658 2598 4726 mundi,
2626 4667 2687 4714 ut
2708 4657 2867 4729 paulo
2893 4656 3140 4727 superius
3176 4655 3479 4735 introduxif

1898 4767 2042 4820 mus,
2071 4752 2146 4807 ait
2174 4767 2190 4806 :
2218 4750 2435 4807 Caelum
2470 4760 2519 4805 et
2557 4759 2697 4805 terra
2746 4749 3061 4817 transibunt,
3107 4747 3262 4819 verba
3303 4756 3478 4803 autem

1899 4861 2015 4899 mea
2042 4859 2147 4899 non
2171 4842 2487 4898 transibunt.
2524 4841 2593 4897 Et
2621 4856 2690 4897 ne
2724 4841 2846 4911 quis
2881 4840 3165 4897 transitum
3187 4839 3374 4896 mundi
3415 4837 3483 4893 de

1899 4935 2019 4994 loco
2048 4936 2102 4992 in
2133 4935 2332 5001 locum,
2375 4933 2460 4991 vel
2505 4935 2573 4990 de
2615 4942 2856 5004 tempore
2902 4934 2958 4989 in
2998 4940 3231 5005 tempus,
3279 4929 3366 4985 vel
3416 4928 3483 4985 de

1899 5029 2075 5085 forma
2118 5027 2318 5085 visibili
2348 5027 2404 5083 in
2431 5026 2663 5084 formam
2692 5026 2957 5105 visibilem
2975 5066 2991 5094 ,
3019 5025 3106 5082 vel
3129 5025 3196 5091 de
3225 5021 3485 5094 qualitate

1900 5125 1959 5181 in
1993 5123 2329 5200 qualitatem,
2367 5120 2455 5177 vel
2503 5121 2572 5178 de
2606 5121 2905 5191 quantitate
2942 5106 2999 5176 in
3033 5116 3385 5197 quantitatem
3426 5112 3483 5169 in

1900 5215 1986 5272 bis
2004 5213 2187 5272 verbis
2208 5213 2502 5269 arbitretur
2521 5212 2569 5244 “
2595 5226 2754 5284 posse
2775 5209 3021 5293 intelligi,
3042 5207 3226 5265 audiat
3248 5205 3485 5275 Prophe-

1900 5321 2015 5369 tam
2068 5309 2384 5367 fabricatori
2429 5306 2616 5365 mundi
2664 5308 2978 5364 dicentem:
3016 5301 3190 5375 Opera
3214 5313 3485 5367 manuum

1897 5412 2112 5461 tuarum
2137 5410 2256 5458 sunt
2281 5399 2445 5468 caeli;
2474 5400 2573 5472 ipsi
2599 5384 2861 5471 peribunt,
2897 5406 2955 5450 tu
2988 5403 3163 5450 autem
3195 5404 3484 5465 permanes.

1899 5494 1994 5551 llle
2020 5502 2200 5551 autem
2237 5501 2427 5566 aperte
2469 5491 2626 5560 dixit,
2655 5488 2918 5563 peribunt,
2948 5495 3010 5544 ut
3040 5485 3330 5559 intelligas,
3356 5480 3486 5555 quid

1495 5602 1753 5664 VARIAE
1789 5608 2197 5669 LECTIONES.

212 5789 234 5820 Β
277 5716 426 5820 :‘S'ic
450 5718 653 5820 C§;'A
687 5715 834 5820 Non;
866 5718 956 5820 cf
981 5718 1168 5820 effuttiuit
1183 5718 1391 5820 01:111.}.
1459 5718 1507 5803 _'
1530 5718 1621 5777 Sic
1647 5722 1725 5806 Αξ
1756 5721 1843 5780 cr
1867 5741 2085 5799 sequens
2140 5727 2256 5799 (pro
2296 5707 2556 5800 sequente,
2589 5694 2667 5781 εδ.
2708 5717 2983 5796 Maximo).
3060 5721 3082 5755 ι
3106 5717 3154 5778 Α
3179 5692 3484 5803 άῇωτιεσαέι.

384 5799 459 5820 ..ιη
610 5799 716 5820 οη...
907 5805 955 5820 ιιι
1091 5806 1103 5818 α
1252 5806 1302 5820 ιι.
1390 5806 1520 5820 an...“
1619 5794 1641 5820 Ἰ
1670 5792 1760 5820 Ω.-
1790 5794 1906 5820 DD-
1943 5799 1961 5820 Δ
2011 5808 2093 5820 ---Α
2153 5815 2206 5820 -..
2233 5808 2382 5820 ..-ΛΑ
2483 5799 2505 5820 lt
2532 5796 2621 5820 Ωι-
2652 5793 2758 5820 PD.
2803 5795 2825 5820 Δ
2880 5794 3203 5820 ---.--...ι.;ι....
3296 5791 3318 5820 ί
3352 5806 3482 5820 ...ι-...α

277 5789 318 5844 C
345 5789 483 5869 ista,
510 5789 834 5869 istacin“
865 5787 957 5869 Sic
990 5787 1104 5855 CF;
1134 5788 1176 5844 A
1201 5789 1357 5869 quid
1386 5791 1543 5869 enim.
1619 5794 1641 5826 ’¹
1666 5787 1762 5869 Sic
1790 5794 1907 5869 CF;
1930 5787 1975 5852 Ἀ
2002 5808 2093 5869 aut
2142 5787 2206 5853 ἕω
2233 5787 2408 5869 parte.
2482 5799 2505 5831 ⁸
2532 5787 2625 5853 Sic
2652 5793 2761 5863 CF;
2792 5795 2838 5851 Α
2857 5787 3244 5851 ινείνοεαιιὶιιιν.⁷
3296 5791 3318 5823 ’
3347 5793 3485 5850 enim

211 5877 325 5917 om.
359 5860 464 5917 CF.
539 5861 584 5893 ¹⁰
610 5860 701 5917 Sic
726 5859 807 5916 CF
827 5877 842 5929 ;
868 5860 910 5915 A
931 5859 1153 5915 locatur.
1233 5861 1274 5892 ¹¹
1305 5861 1367 5916 ob
1389 5862 1484 5918 Izoc
1512 5879 1621 5919 om.
1653 5865 1715 5919 Λ.

1805 5866 1848 5899 ¹²
1877 5868 1970 5926 Sic
1992 5868 2075 5926 CF
2102 5886 2116 5938 ;
2153 5870 2197 5924 A
2223 5866 2384 5941 putet.
