4028 6282
210 380 316 441 895

1061 372 1149 427 DE
1189 368 1530 427 DIVISIONE
1571 358 1923 422 NATURAE.
1965 392 2033 404 —
2071 358 2273 415 LIBER
2311 355 2635 426 QUINTUS.

3380 342 3485 401 894

210 498 335 553 ﬁnis
363 494 546 563 mundi
580 502 664 552 est
697 494 739 564 ί,
783 494 836 553 ἰη
869 509 1029 571 quam
1060 490 1292 558 desinet,
1335 489 1550 565 quando
1597 484 1798 549 omnia,
1827 486 1880 547 Α
1906 489 1989 539 est
2019 481 2141 538 ﬁnis
2169 450 2410 536 omnium
2438 450 2733 532 visibilium
2760 480 2815 529 et
2835 452 3207 535 invisibiiium,
3231 458 3484 539 quoniam
3510 478 3515 507 ξ

211 605 351 661 quae
396 588 450 643 in
482 595 630 642 motu
683 597 827 661 sunt,
860 585 913 659 in
944 601 1031 661 eo,
1080 583 1225 657 quod
1267 590 1542 655 appetunt,
1588 579 1641 633 in
1688 577 1803 661 ipso

205 680 459 740 videlicet
489 681 585 736 Dei
627 677 824 745 Verbo,
859 688 1036 737 motus
1074 677 1154 735 sui
1194 675 1356 732 ﬁnem
1391 673 1723 730 constituant
1759 669 1817 743 ',

207 775 353 846 ultra
387 792 545 849 quem
575 774 737 832 ﬁnem
767 773 946 846 nullus
983 772 1144 828 ullius
1169 772 1190 804 ³
1232 778 1514 843 creaturae
1536 765 1804 845 appetitus

206 870 352 927 erit?
381 869 497 926 Non
524 869 669 924 enim
699 857 864 924 habet
893 866 1143 933 ulterius,
1171 881 1280 937 quo
1321 862 1530 928 tendat,
1562 859 1647 916 vel
1675 857 1802 930 quid

203 971 380 1037 petat.
414 959 751 1017 Universalis
781 960 981 1031 quippe
1024 958 1190 1013 totius
1222 963 1507 1011 creaturae
1548 950 1670 1006 linis
1707 948 1802 1006 Dei

204 1050 450 1109 Verbum
489 1058 593 1105 est.
643 1048 977 1121 Principium
1032 1048 1214 1117 itaque
1246 1054 1299 1101 ct
1347 1043 1469 1099 ﬁnis
1516 1039 1701 1098 mundi
1748 1037 1801 1093 in

205 1145 394 1203 Verbo
418 1144 513 1200 Dei
554 1143 877 1208 subsistunt,
909 1150 986 1210 et,
1016 1149 1077 1196 ut
1102 1139 1346 1215 apertius
1372 1137 1571 1209 dicam,
1626 1134 1802 1205 ipsum

208 1236 453 1301 Verbum
497 1245 641 1300 sunt,
686 1234 830 1309 quod
866 1242 950 1289 est
993 1230 1273 1305 multiplex
1312 1230 1431 1285 sine
1460 1229 1567 1282 line
1597 1224 1719 1280 ﬁnis
1750 1231 1806 1278 et

209 1332 539 1408 principium
565 1327 792 1409 ἄναρχον
819 1325 862 1393 ⁸,
894 1326 995 1381 hoc
1019 1332 1122 1389 est,
1152 1323 1270 1379 sine
1300 1318 1565 1395 principio
1589 1323 1804 1388 praeter

205 1425 453 1493 Patrem.
498 1420 638 1476 llinc
684 1420 851 1475 etiam
900 1417 1134 1472 breviter
1180 1412 1434 1487 colligere
1483 1422 1800 1481 possumus,

208 1513 358 1588 quod
397 1510 579 1567 multis
608 1506 1111 1565 ratiocinationibus
1159 1503 1389 1561 suadere
1424 1515 1707 1564 conamur,
1739 1511 1805 1552 ac

206 1609 295 1666 sic
324 1604 552 1675 delinire
579 1622 593 1659 :
623 1604 706 1675 Ab
741 1604 857 1683 ipso
882 1610 937 1657 et
965 1599 1030 1654 ad
1074 1598 1248 1677 ipsum
1282 1595 1498 1661 omnia;
1546 1601 1629 1665 est
1657 1591 1802 1649 enim

207 1697 539 1772 principium
564 1702 619 1753 et
636 1682 1127 1761 ﬁuis.Quod.etiam
1153 1685 1443 1758 Apostolus
1462 1682 1805 1758 apertissime

209 1788 484 1849 conclusit
504 1787 734 1843 dicens:
768 1782 1030 1851 Quoniam
1071 1796 1136 1835 ea:
1177 1781 1313 1848 ipso,
1338 1788 1387 1834 et
1411 1794 1504 1850 per
1528 1775 1723 1847 ipsum,
1752 1783 1803 1829 et

1905 576 2089 639 omnia
2142 572 2371 629 visibilia
2420 572 2474 643 in
2524 564 2902 638 intelligibiiia,
2945 572 3001 619 et
3046 558 3398 633 intelligibilia
3430 559 3515 614 in:

1905 666 2079 736 ipsum
2112 664 2279 721 Deum
2308 661 2616 718 transibunt
2656 655 2888 713 mirabili
2920 664 2973 710 et
3004 652 3263 710 ineﬁ'abili
3286 651 3490 707 aduna-

1905 755 2074 821 tione,
2119 770 2225 810 non
2271 763 2474 817 autem,
2524 759 2586 806 ut
2613 763 2775 820 saepe
2828 746 3083 812 diximus,
3130 744 3486 800 essentiarttm

1905 858 1999 904 aut
2030 848 2051 880 ⁸
2080 846 2501 903 substantiarum
2552 840 2870 898 confusione
2898 846 2990 892 aut
3018 836 3266 892 interitu.
3291 826 3359 888 Et
3386 834 3491 888 hoc

1905 950 2076 996 totum
2102 939 2382 1000 .Dominus
2431 945 2485 991 et
2530 932 2784 990 Salvator
2815 939 3002 986 noster
3042 926 3200 984 Iesus
3245 918 3509 983 (liristus'

1906 1032 2239 1106 resurgendo
2269 1046 2300 1085 a
2333 1028 2560 1085 mortuis
2589 1026 2643 1081 in
2672 1025 2856 1095 seipse
2877 1030 2932 1078 et
2956 1017 3209 1092 perfecit,
3234 1023 3493 1072 etexem-

1903 1127 2050 1199 plum
2096 1122 2359 1188 omnium,
2411 1135 2550 1190 quae
2589 1118 2767 1174 futura
2808 1122 2967 1180 sunt,
3018 1107 3491 1183 praemonstravit.

1906 1198 2213 1291 Resurgens
2255 1216 2451 1286 quippe
2496 1211 2698 1267 nullum
2742 1223 2928 1265 sexum
2979 1203 3185 1263 habuit.
3235 1198 3496 1268 Quamvis

1905 1313 2049 1369 enim
2082 1311 2135 1365 in
2168 1309 2282 1379 ipso
2312 1322 2469 1373 sexu,
2498 1302 2722 1360 masculi
2752 1299 3024 1364 videlicet,
3057 1296 3110 1352 in
3138 1308 3248 1366 quo
3284 1308 3352 1349 ex
3380 1292 3494 1345 νᾶες

1907 1404 2031 1475 gine
2067 1410 2248 1466 natus,
2278 1407 2335 1455 et
2373 1400 2514 1454 inter
2554 1395 2802 1453 homines
2830 1407 3005 1463 usque
3034 1400 3057 1431 θ
3099 1388 3166 1444 ad
3192 1386 3498 1457 passionem

1904 1501 2280 1558 conversatus,
2325 1500 2448 1564 post
2484 1487 2938 1546 resurrectionem
2978 1482 3257 1553 discipulis
3289 1480 3404 1539 suis
3430 1476 3501 1533 ad

1904 1587 2327 1644 conﬁrmandam
2378 1583 2589 1640 illorum
2637 1581 2799 1638 ﬁdem
2848 1577 3129 1649 apparuit;
3194 1589 3298 1631 non
3349 1573 3493 1630 enim

1904 1680 2060 1737 aliter
2081 1678 2254 1751 ipsum
2282 1683 2688 1748 cognoscerent,
2719 1671 2820 1728 nisi
2844 1670 2900 1726 in
2938 1669 3123 1725 habitu
3148 1668 3257 1723 illis
3280 1666 3500 1738 cognito

1906 1787 1966 1829 se
1992 1773 2168 1844 ipsum
2202 1768 2578 1825 manifestaret
2606 1783 2619 1819 :
2653 1763 2782 1819 nulli
2824 1772 3004 1817 tamen
3024 1759 3071 1794 ⁸⁸
3096 1758 3333 1814 ﬁdelium
3372 1755 3501 1810 licet

209 1884 274 1938 in
302 1882 433 1953 ipso,
460 1889 508 1935 et
531 1879 599 1933 ad
627 1878 797 1950 ipsum
830 1874 1027 1935 omnia.
1057 1871 1124 1928 Et
1151 1872 1255 1927 hoc
1290 1871 1452 1926 etiam
1480 1877 1798 1926 naturarum
1829 1859 1876 1919 B
1903 1866 2146 1934 credere,
2180 1864 2265 1921 vel
2292 1864 2336 1896 “
2369 1861 2480 1918 ullo
2510 1860 2667 1915 modo
2696 1856 2957 1928 cogitare,
2984 1855 3157 1925 ipsum
3180 1859 3499 1923 postresur-

164 1998 179 2004 ιη
212 1972 480 2047 omnium,
512 1982 656 2049 quae
699 1966 873 2039 factae
927 1971 1073 2030 sunt,
1111 1961 1548 2045 quinquepertita
1574 1957 1803 2029 divisio,

212 2082 354 2138 quae
382 2063 446 2119 ab
467 2058 756 2135 apostolica
785 2058 1115 2123 auctoritate,
1145 2064 1205 2111 ut
1240 2054 1507 2110 Maximus
1531 2052 1585 2107 in
1615 2049 1804 2106 Ambi-

212 2158 339 2233 guis
363 2156 635 2214 tricesimo
662 2152 892 2225 septimo
929 2148 1165 2231 capitulo
1202 2148 1408 2214 scribit,
1461 2146 1659 2207 tradita
1707 2153 1805 2210 est,

212 2246 550 2305 lucidissime
591 2242 847 2307 declarat,
897 2241 1210 2317 reditusque
1244 2239 1441 2299 iterum
1470 2245 1524 2292 et
1551 2233 1807 2291 adunatio

214 2336 516 2398 earundem
559 2348 656 2411 per
696 2331 914 2388 easdem
964 2330 1255 2386 divisiones
1298 2337 1353 2384 et
1402 2324 1810 2383 convolutiones

218 2427 388 2485 totius
434 2432 723 2483 creaturae
768 2423 824 2477 in
874 2435 1063 2487 unum,
1111 2432 1167 2476 et
1211 2426 1486 2491 postremo
1530 2416 1583 2471 in
1632 2415 1808 2487 ipsum

216 2516 412 2574 Deum.
448 2513 627 2570 Prima
664 2513 929 2585 siquidem
976 2512 1219 2568 omnium
1265 2519 1583 2565 naturarum
1619 2506 1811 2562 divisio

218 2617 334 2676 est,
364 2622 502 2680 quae
526 2615 765 2663 creatam
795 2621 827 2661 a
871 2620 980 2661 non
1008 2612 1214 2669 creata,
1257 2616 1395 2673 quae
1419 2609 1503 2656 est
1528 2600 1691 2665 Dens,
1725 2614 1812 2654 se-

221 2711 429 2776 gregat.
484 2700 731 2757 Secunda
776 2707 1017 2756 creatam
1060 2696 1251 2754 dividit
1295 2695 1351 2751 in
1400 2692 1708 2750 sensibilem
1760 2699 1814 2748 et

223 2789 635 2874 intelligibilem_.
671 2788 847 2845 Tertia
893 2787 1204 2846 sensibilem
1240 2786 1295 2841 in
1322 2785 1345 2818 '
1372 2784 1581 2842 caelum
1610 2783 1815 2840 discer-

223 2884 311 2940 nit
336 2892 391 2939 et
417 2892 639 2939 terram.
673 2882 881 2949 Quarta
926 2890 1143 2952 separat
1184 2879 1492 2950 paradisum
1538 2886 1594 2932 et
1626 2876 1815 2932 orbem

226 2984 521 3031 terrarum.
553 2972 754 3040 Quinta
783 2973 1133 3042 omniumque
1166 2971 1355 3027 ultima
1388 2969 1581 3026 divisio
1604 2976 1687 3025 est
1712 2968 1814 3023 ho-

226 3067 394 3124 minis
436 3065 497 3120 in
534 3065 834 3121 masculum
882 3073 938 3119 et
966 3062 1243 3119 feminam.
1290 3061 1349 3117 In
1392 3075 1521 3132 quo,
1565 3057 1818 3114 videlicet

225 3159 470 3226 homine,
495 3157 672 3214 omnis
698 3166 947 3214 creatura
972 3155 1197 3211 visibilis
1224 3164 1278 3210 et
1302 3153 1584 3209 invisibilis
1600 3151 1816 3209 condita

1907 1958 2202 2015 rectionem
2225 1954 2333 2011 ullo
2349 1969 2480 2011 sexu
2505 1950 2753 2008 detineri.
2781 1947 2847 2003 In
2868 1946 3078 2003 Christo
3098 1946 3235 1999 enim
3255 1942 3384 1998 Iesu
3411 1957 3500 1995 ne-

1904 2067 2003 2124 que
2031 2046 2303 2104 masculus
2339 2056 2416 2102 est
2456 2059 2622 2117 neque
2649 2041 2869 2114 femina,
2901 2039 2997 2095 sed
3025 2037 3201 2094 solum
3226 2050 3417 2091 verum
3444 2044 3500 2088 et

1909 2152 2078 2200 totum
2102 2140 2399 2207 hominem,
2441 2151 2636 2209 corpus
2672 2136 2816 2203 dico,
2837 2143 2892 2190 et
2919 2133 3178 2197 animam,
3212 2139 3269 2185 et
3294 2128 3501 2184 intelle-

1908 2251 2075 2307 ctum,
2119 2237 2326 2308 absque
2365 2234 2475 2290 ullo
2521 2248 2656 2289 sexu
2690 2229 2777 2287 vel
2812 2228 2990 2300 aliqua
3031 2221 3500 2297 comprehensibiii

1910 2335 2102 2403 forma,
2128 2331 2383 2403 quoniam
2411 2330 2550 2384 haec
2576 2327 2678 2382 tria
2704 2325 2757 2380 in
2785 2323 2903 2393 ipso
2931 2335 3098 2376 unum
3124 2325 3267 2382 sunt,
3285 2322 3342 2371 et
3360 2316 3504 2370 Deus

1911 2427 2075 2495 facta,
2128 2425 2244 2482 sine
2281 2414 2672 2499 proprietatum
2734 2410 3183 2471 transmutatione
3231 2407 3316 2463 vel
3367 2421 3503 2461 con-

1912 2521 2144 2576 fusione.
2175 2519 2342 2573 Totus
2370 2528 2601 2584 namque
2632 2513 2772 2567 Deus
2800 2518 2904 2575 est,
2934 2514 2989 2563 et
3026 2514 3170 2561 totus
3195 2504 3502 2569 honio,una

1914 2609 2236 2674 substantia,
2265 2606 2367 2669 vel,
2398 2612 2457 2660 ut
2483 2603 2737 2659 usitatius
2764 2600 2964 2664 dicam,
2993 2611 3100 2652 una
3137 2609 3393 2666 persona,
3428 2591 3506 2646 lo-

1916 2704 2018 2760 cali
2046 2711 2101 2760 et
2125 2697 2406 2771 temporali
2440 2704 2589 2752 motu
2622 2708 2841 2758 carens,
2870 2693 2997 2747 dum
3023 2688 3094 2744 sit
3127 2701 3290 2757 super
3322 2682 3520 2740 omnia

1917 2801 2034 2857 loca
2059 2807 2115 2854 et
2153 2805 2396 2866 tempora
2430 2791 2573 2846 Deus
2607 2796 2662 2844 et
2705 2788 2891 2852 homo,
2922 2784 3126 2852 absque
3151 2778 3260 2834 ulla
3305 2776 3504 2840 forma,

1918 2906 2041 2949 cum
2070 2888 2140 2945 sit
2176 2886 2349 2942 forma
2382 2882 2626 2939 omnium
2655 2888 2709 2934 et
2732 2886 2992 2950 paternae
3018 2871 3352 2929 substantiae
3376 2868 3508 2923 cha-

1920 2990 2117 3047 racter,
2142 2979 2347 3050 absque
2370 2975 2474 3031 ulla
2505 2971 2889 3037 similitudine,
2928 2968 3055 3023 dum
3097 2963 3278 3020 omnia
3313 2960 3507 3017 similia

1920 3077 1969 3135 ei
1990 3090 2109 3132 esse
2131 3069 2465 3144 appetunt“.
2490 3064 2810 3121 Humanitas
2838 3059 3102 3131 siquidem
3116 3054 3319 3112 Christi
3342 3067 3507 3109 unum

1923 3166 2278 3226 cumDeitate
2306 3161 2445 3219 facta
2489 3159 2635 3215 nullo
2656 3157 2777 3213 loco
2815 3152 3147 3216 continetur,
3190 3147 3339 3205 nullo
3373 3156 3509 3201 tem-

226 3260 335 3310 est.
362 3251 593 3322 Ideoque
619 3250 822 3321 aﬁicina
866 3248 1099 3303 omnium
1128 3247 1343 3313 dicitur,
1389 3245 1645 3319 quoniam
1672 3244 1725 3298 in
1752 3257 1818 3298 eo

1921 3278 2055 3335 pore
2085 3265 2351 3324 movetur,
2384 3253 2531 3309 nulla
2578 3251 2755 3307 forma
2793 3261 2887 3304 seu
2936 3260 3069 3302 sexu
3105 3239 3511 3299 circumson'ibi-

228 3351 438 3419 omnia,
489 3364 627 3422 quae
673 3356 795 3421 post
844 3347 1014 3403 Deum
1061 3354 1208 3413 sunt,
1256 3345 1627 3401 continentur.
1680 3340 1818 3397 Hine

228 3448 399 3506 etiam
435 3447 683 3501 medietas
731 3443 868 3500 solet
914 3441 1208 3514 appellari,
1259 3450 1503 3497 extrema
1553 3437 1821 3509 siquidem

229 3539 498 3614 longeque
523 3555 554 3597 a
584 3554 645 3595 se
681 3537 964 3604 distantia,
992 3535 1294 3607 spiritualia
1319 3533 1523 3590 scilicet
1554 3542 1609 3588 et
1633 3544 1825 3602 corpo-

232 3632 392 3698 ralia,
442 3631 498 3686 iu
544 3644 605 3686 se
630 3625 1043 3699 comprehendit
1088 3632 1143 3681 et
1187 3626 1241 3680 lu
1287 3624 1550 3679 unitatem
1593 3619 1824 3692 colligit,

233 3738 464 3795 corpore
491 3729 545 3777 et
572 3723 753 3777 anima
783 3719 1091 3777 consistens
1129 3718 1171 3771 ‘.
1220 3717 1452 3786 ideoque
1485 3716 1542 3771 in
1564 3729 1826 3771 consum-

234 3815 477 3871 matione
516 3828 698 3869 rerum
743 3811 983 3867 omnium
1027 3807 1399 3864 fabricationis
1442 3807 1617 3877 ipsum
1648 3805 1828 3860 divina

236 3908 540 3967 introduxit
562 3904 814 3973 historia,
853 3902 1182 3977 signiﬁcans,
1214 3899 1622 3957 universitatem
1668 3898 1831 3952 facta-

1926 3346 2035 3420 tur,
2063 3350 2188 3423 quia
2215 3362 2379 3419 super
2401 3345 2538 3402 haec
2564 3344 2745 3400 omnia
2782 3338 3024 3396 exaltata
3063 3344 3167 3403 est,
3205 3344 3259 3390 et
3287 3350 3396 3389 non
3422 3348 3513 3389 so-

1924 3445 2034 3501 lum
2065 3457 2228 3515 super
2248 3441 2400 3504 haec,
2427 3452 2612 3493 verum
2641 3433 2805 3489 etiam
2828 3448 2986 3502 super
3007 3445 3183 3485 omnes
3207 3429 3444 3490 virtutes,
3466 3433 3516 3479 et

1924 3545 2224 3609 potestates,
2254 3540 2573 3598 ceterosque
2606 3521 2916 3598 spirituales
2937 3521 3182 3593 ordines,
3223 3518 3349 3589 quia
3375 3517 3516 3571 sedet

1928 3626 1997 3683 ad
2027 3625 2265 3681 dextram
2300 3620 2505 3684 Patris,
2534 3632 2698 3690 quam
2727 3614 3024 3672 sessionem
3077 3610 3221 3666 nulla
3269 3617 3517 3664 creatura

1926 3725 2112 3790 potest
2141 3715 2426 3787 attingere.
2465 3709 2701 3767 Proinde
2726 3722 2833 3763 non
2861 3704 3135 3760 immerito
3159 3699 3516 3773 redarguendi

1932 3788 2078 3874 sunt,
2112 3807 2206 3878 qui
2230 3818 2427 3875 corpus
2452 3801 2790 3857 Dominicum
2816 3805 2940 3871 post
2983 3795 3436 3853 resurrectionem
3460 3788 3519 3846 in‘

1933 3901 2110 3971 aliqua
2144 3906 2297 3970 parte
2326 3894 2508 3950 mundi
2548 3900 2812 3949 conantur
2848 3889 3177 3946 constituere
3198 3886 3266 3952 ",
3295 3893 3348 3941 et
3376 3884 3523 3940 loca-

237 4020 365 4063 rum
398 4018 575 4059 rerum
604 4001 658 4056 in
688 4000 805 4073 ipso
835 3996 1121 4053 contineri.
1148 3993 1380 4050 Proinde
1408 4008 1475 4049 ex
1506 3992 1831 4047 adunatione
1933 3994 2059 4051 liter
2084 4002 2137 4049 et
2170 3989 2535 4061 temporaliler
2563 3985 2788 4051 moveri,
2823 3992 2880 4039 et
2906 3984 2963 4038 in
3009 3997 3074 4037 eo
3123 3995 3279 4045 sexu,
3308 3979 3366 4034 in
3415 3992 3521 4048 quo

237 4097 525 4158 divisionis
554 4095 791 4153 hominis
817 4093 872 4151 in
915 4091 1181 4161 duplicem
1211 4102 1399 4144 sexum
1430 4084 1831 4157 praedictarum
1936 4086 2187 4157 apparuit
2219 4081 2440 4145 mundo,
2468 4079 2606 4133 intra
2649 4074 2905 4132 mundum
2932 4071 3184 4127 detineri.
3242 4068 3523 4138 Quomodo

236 4188 565 4249 divisionum
588 4187 777 4258 incipit
803 4198 1059 4245 ascensus
1083 4190 1137 4238 et
1175 4179 1450 4236 adunatio.
1503 4177 1561 4232 In
1593 4190 1835 4232 resurre-
1937 4179 2082 4236 enim
2115 4178 2257 4232 inter
2276 4173 2457 4232 omnia
2481 4178 2664 4243 potest
2688 4182 2810 4225 esse
2834 4180 3050 4237 corpus,
3076 4162 3218 4234 quod
3240 4162 3292 4217 in
3317 4161 3523 4216 unitate

236 4281 424 4340 Clione
444 4280 584 4337 enim
608 4294 770 4335 sexus
789 4274 1086 4340 ειυίετειιιΐν
1123 4283 1178 4328 ει
1200 4280 1391 4327 natura
1414 4267 1760 4332 adllllabillll‘.
1783 4275 1838 4322 εἰ
1940 4272 2237 4330 divinitatis
2266 4284 2428 4342 super
2463 4266 2642 4323 omnia
2667 4263 2963 4321 exaltatum
3000 4259 3121 4316 est?
3149 4255 3353 4313 Deinde
3393 4271 3523 4311 con-

237 4373 352 4433 erit
380 4369 717 4429 solummodo
743 4369 927 4436 homo,
961 4366 1101 4423 sicut
1144 4363 1318 4431 ﬁeret,
1353 4364 1396 4418 si
1426 4378 1531 4419 non
1561 4369 1834 4434 peccaret.
1941 4364 2310 4430 siderandum,
2337 4360 2479 4433 quod
2510 4360 2624 4432 ipse
2652 4370 2943 4428 resurgens
2973 4368 3003 4407 a
3029 4349 3259 4406 mortuis
3288 4349 3342 4419 in
3369 4361 3523 4418 para-

237 4466 449 4524 Deinde
474 4463 624 4520 orbis
652 4472 920 4518 terrarum
951 4458 1241 4531 paradiso’
1284 4455 1632 4523 aduuahitur,
1656 4463 1840 4510 etnon
1942 4462 2120 4519 disum
2155 4473 2404 4515 reversus
2446 4463 2546 4510 ρει,
2592 4451 2713 4508 Non
2743 4449 2887 4505 enim
2922 4445 3247 4504 credendum
3272 4449 3383 4506 εει,
3433 4436 3528 4493 ηις.

238 4558 353 4616 erit
375 4554 476 4612 nisi
500 4555 802 4628 paradisus.
836 4518 1037 4607 Deinde
1058 4549 1267 4608 caelum
1288 4558 1343 4606 et
1362 4558 1502 4604 terra
1525 4518 1835 4604 adunabun-

1944 4558 2087 4630 quod
2119 4554 2275 4626 spatii
2306 4549 2563 4622 temporis
2586 4547 2727 4602 inter
2754 4544 2984 4600 reditum
3025 4539 3193 4610 ipsius
3220 4552 3248 4591 a
3274 4533 3524 4598 mortuis,
3568 4518 3580 4541 ⁸

245 4660 361 4718 tur,
406 4659 459 4706 et
492 4664 597 4707 non
634 4648 741 4703 erit
779 4646 883 4702 nisi
929 4645 1103 4701 solum
1135 4644 1364 4699 caelum.
1415 4643 1482 4698 Et
1512 4644 1830 4710 notandum,

1950 4608 2087 4630 Ί“⁷⁷“⁷
2120 4608 2193 4626 'I'
2242 4608 2251 4610 '
2416 4608 2430 4622 I
3049 4608 3059 4610 ν

1919 4633 1920 4643 “
1946 4656 1999 4706 et
2020 4646 2256 4721 paradisi
2281 4642 2558 4698 introitum
2588 4637 2773 4700 fuisse,
2805 4649 2905 4690 nec
2928 4635 3097 4703 ipsum
3120 4629 3448 4702 paradisum,
3473 4624 3526 4679 in

243 4745 396 4818 quod
431 4759 644 4817 semper
681 4740 935 4797 iuleriora
981 4740 1036 4795 in
1068 4740 1347 4809 superiora
1380 4745 1834 4793 transmutantur.

246 4839 430 4896 Sexus
450 4838 648 4910 quippe
667 4836 721 4892 in
747 4835 1018 4891 hominem
1046 4841 1314 4899 movetur,
1342 4831 1594 4903 quoniam
1617 4831 1841 4886 inferior

245 4941 339 4990 est
363 4948 526 4989 sexus
558 4931 794 4989 homine.
825 4928 986 4986 Orbis
1032 4934 1319 4990 terrarum,
1360 4923 1452 4994 qui
1491 4924 1716 4978 inferior
1736 4931 1839 4989 est,

249 5028 314 5084 in
368 5024 699 5098 paradisum.
754 5020 1028 5088 Terrena,
1087 5020 1213 5089 quia
1267 5017 1524 5074 inferiora
1570 5024 1726 5084 sunt,
1786 5017 1842 5072 in

252 5117 513 5177 caelestia
549 5115 902 5173 mutabuntur
928 5126 1180 5183 corpora.
1216 5110 1420 5165 Deinde
1467 5110 1629 5165 totius
1673 5109 1843 5164 sensi-

251 5211 383 5270 bilis
402 5218 685 5269 creaturae
704 5209 960 5267 adunatio
990 5216 1045 5263 et
1072 5206 1128 5262 in
1160 5204 1547 5277 intelligibilem
1574 5215 1844 5259 transmu-

230 5304 396 5375 _tatio
426 5302 691 5376 sequitur,
712 5301 800 5359 ita
823 5309 882 5355 ut
920 5299 1175 5354 universa
1207 5303 1454 5363 creatura
1493 5295 1845 5367 intelligihilis

256 5394 549 5463 elﬁciatur.
576 5391 871 5455 Postremo
906 5389 1244 5457 universalis
1300 5397 1550 5444 creatura
1600 5387 1848 5449 Creatori

261 5493 611 5562 aduuabitur,
641 5502 697 5550 et
719 5493 826 5551 erit
856 5490 916 5548 in
941 5491 1057 5562 ipso
1085 5498 1139 5547 et
1164 5504 1286 5545 cum
1312 5489 1429 5557 ipso
1454 5503 1641 5541 unum.
1672 5486 1739 5540 Et
1761 5486 1848 5541 hic

1944 4757 2104 4815 quem
2130 4756 2159 4795 a
2191 4735 2417 4792 mortuis
2444 4744 2731 4802 resurgens
2755 4726 2997 4790 intravit,
3026 4723 3249 4779 locaicm
3278 4734 3418 4786 esse,
3445 4715 3528 4772 vel

1946 4809 2000 4889 in
2029 4834 2205 4904 aliqua
2238 4836 2389 4901 parte
2422 4823 2580 4894 hujus
2611 4820 2794 4876 mundi
2824 4817 3093 4875 sensibilis
3116 4813 3399 4871 contineri.
3427 4809 3533 4865 Ne-

1945 4940 2071 4997 que,
2099 4921 2314 4992 quando
2344 4914 2729 4973 manifcstahat
2756 4927 2813 4967 se
2840 4909 3117 4979 discipulis
3145 4906 3277 4972 suis,
3309 4903 3531 4961 creden-

1948 4996 2073 5076 dum
2106 5026 2210 5083 est,
2259 5023 2411 5071 extra
2458 5009 2771 5087 paradisum
2819 5003 3005 5069 fuisse,
3052 5001 3145 5058 sed
3188 4996 3348 5055 simul
3391 5004 3445 5050 et
3473 4996 3528 5051 in

1946 5110 2199 5187 paradiso
2225 5114 2363 5172 erat,
2390 5114 2446 5160 et
2473 5118 2531 5159 se
2558 5103 2730 5173 ipsum
2758 5099 2872 5155 suis
2897 5091 3172 5165 discipulis
3194 5091 3532 5144 demonstra-

1946 5176 2062 5261 bat.
2089 5200 2181 5256 llle
2211 5198 2353 5254 enim
2377 5193 2489 5265 jam
2518 5193 2570 5248 in
2596 5189 2849 5264 paradiso
2868 5195 3006 5251 erat,
3030 5183 3157 5263 quia
3195 5181 3249 5235 in
3273 5178 3390 5250 ipso
3433 5176 3535 5231 hu-

1955 5312 2110 5354 mana
2163 5300 2355 5349 natura
2409 5295 2714 5343 restaurata
2760 5291 2886 5339 est:
2922 5278 2996 5333 illi
3028 5289 3183 5338 vero,
3237 5270 3432 5343 quibus
3475 5284 3534 5325 se

1953 5383 2341 5449 manifestavit,
2370 5381 2605 5437 nondum
2646 5378 2701 5433 in
2730 5373 3002 5447 paradiso,
3021 5369 3136 5449 hoc
3179 5375 3261 5421 est
3298 5362 3533 5423 nomium

1936 5482 1945 5547 ξ
1956 5486 2257 5539 restaurata
2286 5476 2340 5532 in
2370 5480 2562 5529 natura
2589 5474 2748 5527 erant
2773 5463 2838 5520 “.
2867 5460 3055 5532 Neque
3093 5456 3310 5531 quando
3336 5460 3535 5511 evane-

1528 5622 1791 5682 VARIAE
1833 5616 2239 5682 LECTIONES.

346 5751 368 5787 ⁸
395 5750 439 5806 Α
468 5746 596 5804 ﬁnis
617 5755 691 5802 est
715 5744 918 5801 mundi.
980 5744 1005 5776 ¹
1031 5741 1123 5799 Sic
1148 5738 1257 5806 CF;
1287 5739 1331 5794 Α
1358 5737 1689 5793 constituent.
1760 5736 1782 5769 ³
1804 5735 1899 5792 Sic
1920 5730 2098 5806 αἶ’ςρ
2130 5723 2539 5806 ηαιιεεσῃριιίίαέο
2606 5718 2702 5806 ΓΑ
2724 5714 2979 5806 ἄναρχεξςο
3022 5698 3079 5806 1:
3438 5693 3540 5806 sic

263 5822 384 5883 CF;
415 5821 459 5876 A
484 5818 799 5875 subsistens.
870 5816 997 5871 ’δῖε
1028 5811 1143 5879 (1F;
1176 5812 1221 5866 Δ
1250 5811 1304 5866 in
1334 5809 1603 5883 paradiso.
1666 5809 1729 5883 Au“
1760 5806 1852 5863 Sic

269 5878 309 5929 ‘7‘
349 5878 392 5949 Α
423 5902 530 5947 aut.
614 5891 657 5925 ¹²
686 5886 776 5944 Sic
794 5886 890 5943 CF
911 5904 925 5950 ;
960 5888 1002 5942 Α
1041 5886 1086 5941 ei
1114 5900 1227 5942 esse
1274 5878 1521 5954 appetunt
1556 5878 1771 5936 similia.

266 5979 381 6024 erat
402 5998 469 6008 —-
502 5970 652 6023 erant
687 5974 796 6019 om.
826 5958 928 6016 CF.

1873 5876 1917 5910 ³³
1950 5876 2042 5934 Sic
2069 5872 2184 5938 CF;
2219 5868 2535 5925 A-astrucre.

2249 5771 2548 5859 ’ς
2593 5771 2954 5861 Aqttotis‘q'zie;
3035 5783 3079 5861 ’_'
3129 5789 3301 5861 tanien
3331 5771 3536 5861 (unuaj

1958 5807 2000 5867 ῖς
2037 5803 2073 5856 F
2104 5816 2173 5855 et.
2249 5803 2268 5828 '
2310 5803 2402 5852 Sic
2428 5803 2548 5859 Ut";
2593 5803 2639 5848 Δ
2665 5803 2954 5861 quousque.
3036 5803 3078 5816 ι’
3129 5803 3301 5835 tamn
3331 5803 3438 5831 mu.
3470 5803 3536 5826 η.

1958 5876 2042 5927 Sic
2069 5872 2184 5927 CF;
2219 5868 2535 5925 A-astrttere.
2649 5863 2694 5896 "
2732 5858 2831 5915 [He
2867 5858 3002 5914 enim
3028 5856 3141 5927 jam
3183 5854 3237 5908 in
3293 5845 3539 5923 paradiso
