4028 6282
508 324 624 390 895

1890 312 2173 374 JOANNIS
2209 312 2409 372 SCOTl

3686 315 3805 373 896

506 443 698 505 scebat
722 442 793 500 ab
836 438 1010 498 oculis
1054 451 1264 505 eorum,
1315 434 1562 492 localiter
1585 433 1655 491 ab
1680 430 1761 488 eis
1786 430 2097 493 recedebat,
2125 429 2185 517 Α
2205 436 2398 482 terram
2419 436 2468 484 et
2493 428 2718 497 caelum,
2752 429 3026 486 ostendens
3051 444 3212 484 unam
3245 427 3387 499 apud
3414 436 3577 483 semet
3616 427 3804 496 ipsam

510 539 609 600 sed
661 538 717 595 in
768 534 1130 593 subtilitatem
1158 529 1459 604 spiritualis
1506 527 1753 599 corporis
1787 524 2097 582 carnalibus

509 632 688 689 adhuc
732 628 1101 701 apostolorum
1147 623 1321 684 oculis
1366 623 1775 695 inconspicuam
1831 635 1891 676 se
1937 620 1955 651 ¹
2005 634 2098 674 oc-

510 723 769 779 cultabat.
802 720 1130 777 Hine-datur
1158 715 1405 787 intelligi,
1436 730 1542 771 non
1570 713 1714 769 aliud
1743 726 1864 767 esse
1883 708 2098 782 paradi-

509 829 651 882 sum,
703 812 759 867 in
785 826 946 883 quem
998 822 1288 879 resurgens
1343 807 1620 878 ingressus
1646 803 1669 834 ¹
1718 811 1837 867 est,
1881 807 2099 871 praeter

511 906 687 977 ipsam
726 904 1000 960 humanae
1038 910 1267 958 naturae
1308 897 1695 971 integritatem,
1725 910 1888 967 quam
1916 894 1973 949 in
2013 907 2100 949 se-

510 997 627 1069 ipso
652 1004 1074 1059 restauraverat,
1113 1002 1169 1050 et
1195 995 1249 1050 in
1285 1008 1391 1064 qua
1422 992 1631 1064 primus
1677 991 1863 1056 homo,
1894 990 1941 1045 si
1989 1003 2114 1072 non,

508 1095 780 1160 peccaret,
806 1087 1073 1160 gloriosus
1098 1092 1462 1158 permaneret.
1515 1083 1634 1155 Ipse
1669 1090 1754 1138 est
1788 1081 2094 1154 paradisus,

509 1185 600 1255 qui
660 1183 865 1240 sanctis
911 1181 1263 1255 promittitur,
1299 1180 1354 1235 in
1382 1194 1545 1250 quem
1575 1192 1644 1233 ex
1691 1185 1868 1248 parte,
1916 1174 2098 1230 anima

509 1274 783 1341 videlicet,
807 1275 921 1346 jam
952 1273 1181 1346 ingressi
1211 1281 1355 1337 sunt,
1379 1288 1445 1327 ex
1474 1279 1647 1341 parte,
1664 1283 1892 1340 corpore
1913 1266 2092 1332 dico’,

513 1375 668 1425 extra
693 1367 870 1423 adhuc
898 1374 1043 1423 sunt.
1087 1364 1358 1421 Adunavit
1386 1364 1572 1435 itaque
1598 1364 1652 1419 in
1683 1377 1744 1419 se
1772 1360 1960 1418 orbem
1989 1370 2099 1417 ter-

511 1475 696 1516 rarum
723 1458 995 1531 paradiso.
1025 1456 1132 1527 lpsi
1158 1455 1425 1526 siquidem
1456 1455 1605 1512 orbis
1643 1463 1911 1510 terrarum
1938 1467 2097 1522 para-

509 1551 662 1608 disus
692 1559 829 1606 erat.
859 1548 1054 1604 Totum
1084 1563 1341 1619 namque,
1380 1549 1523 1618 quod
1552 1549 1618 1605 de
1653 1548 1786 1603 orbe
1823 1554 2095 1602 terrarum

510 1651 831 1715 acceperat,
869 1639 1208 1697 materialem
1256 1639 1511 1696 videlicet
1557 1654 1780 1695 carnem
1820 1653 1944 1695 eum
1983 1636 2096 1692 suis

509 1736 879 1795 accidentibus
902 1736 1106 1806 absque
1128 1740 1373 1807 peccato,
1405 1742 1462 1790 et
1489 1733 1702 1789 virilem
1745 1732 2012 1796 habitum,
2040 1731 2094 1785 in

2200 520 2482 578 visibilium
2495 532 2763 578 naturam.
2780 524 3043 579 Adunavit
3065 523 3331 580 sensibilia
3346 534 3394 579 et
3410 522 3804 594 iatelligibilia,

2199 631 2461 687 unamque
2486 605 2711 671 ostendit
2742 616 3049 672 eminentem
3071 634 3274 684 eorum,
3298 634 3435 690 quae
3455 616 3605 688 facta
3644 625 3805 681 sunt,

2201 716 2467 774 naturam,
2491 708 2725 779 quadam
2750 708 2973 779 mystica
2995 710 3200 765 ratione
3219 719 3536 780 coeptatam.
3569 709 3809 763 Adnue-

2200 799 2266 854 vit
2296 816 2390 870 per
2419 801 2675 856 rationem
2717 802 3172 874 supernaturalem
3197 821 3260 859 ac
3305 806 3521 860 modum
3559 815 3808 860 creatam

2200 901 2449 948 naturam
2471 910 2576 949 non
2598 904 2824 950 creatae.
2849 894 2999 952 Disc.
3021 895 3160 963 Quid
3182 896 3345 968 igitur
3367 896 3655 953 dicemus?
3685 895 3804 963 Qua

2200 984 2409 1040 ratione
2448 986 2533 1042 vel
2575 986 2927 1043 similitudine
2971 989 3298 1045 credendum
3338 1000 3455 1055 est,
3502 989 3805 1045 Dominum

2200 1074 2408 1145 absque
2430 1075 2539 1130 ulla
2561 1076 2802 1133 sensibili
2824 1085 2879 1133 et
2895 1078 3305 1150 circumscripta
3333 1079 3535 1147 forma,
3551 1090 3608 1136 et
3626 1081 3807 1134 maxi-

2201 1180 2289 1222 me
2310 1165 2514 1238 absque
2539 1166 2649 1233 illa,
2680 1184 2843 1239 quam
2875 1169 3148 1226 nascendo
3189 1185 3256 1227 ex
3303 1169 3527 1243 Virgine
3559 1172 3804 1241 accepit,

2199 1260 2684 1316 resurrexisse?Et
2698 1261 2955 1333 quoniam
2977 1261 3064 1318 ille
3085 1263 3392 1334 exemplum
3420 1264 3702 1334 generalis
3723 1273 3805 1317 at-

2198 1368 2323 1429 que
2354 1353 2569 1410 futurae
2616 1356 3032 1412 resurrectionis
3069 1364 3123 1411 et
3159 1365 3297 1423 erat,
3335 1364 3391 1413 et
3442 1365 3547 1424 est,
3578 1357 3627 1412 si
3674 1357 3805 1412 abso

2197 1459 2305 1516 que
2346 1444 2458 1502 ullo
2503 1460 2638 1503 sexu
2686 1447 3006 1514 resurrexit,
3050 1448 3362 1505 necessario
3404 1448 3688 1520 sequitur,
3750 1459 3809 1504 ut

2198 1550 2387 1592 omnes
2438 1537 2687 1595 homines
2734 1537 2788 1593 in
2851 1542 3251 1596 resurrectione
3289 1549 3347 1597 et
3378 1549 3519 1613 post,
3546 1556 3804 1597 resurre-

2197 1627 2433 1684 ctionem
2458 1628 2840 1685 universaliter
2865 1645 2997 1686 sexu
3019 1640 3261 1688 careant.
3289 1630 3429 1689 Msa.
3462 1631 3582 1689 Hoc
3604 1649 3805 1705 super-

2196 1718 2361 1774 fluum
2375 1729 2460 1776 est
2480 1735 2765 1791 quaerere,
2780 1723 3036 1794 quoniam
3061 1723 3115 1777 in
3130 1724 3402 1793 prioribus
3440 1724 3462 1757 ⁷
3478 1724 3643 1782 libris
3660 1727 3804 1780 mul-

509 1831 843 1903 spiritualem
889 1830 946 1886 in
976 1797 1155 1900 seipso
1198 1797 1432 1883 mutavit
1467 1836 1741 1883 naturam.
1780 1825 1861 1882 Ae
1900 1824 2095 1882 deinde
2124 1797 2171 1856 Β
2203 1811 2460 1903 ἚῙΡῙῘοίῐετ
2484 1824 2541 1870 ει
2589 1814 2797 1871 ι’ἑιιῖοηθ
2840 1831 3062 1872 suasum
3091 1825 3206 1882 est,
3235 1825 3291 1873 ει
3331 1817 3624 1874 sententiis
3658 1819 3805 1875 beati

508 1938 616 1980 non
644 1922 820 1980 solum
864 1921 1278 1987 humanitatem,
1328 1935 1492 1992 quam
1524 1926 1807 1992 acceperat
1835 1926 1891 1975 et
1939 1932 2098 1974 reno-

446 2018 449 2021 ’
505 2023 731 2072 vaverat
754 2015 809 2070 in
836 2014 1035 2085 seipso,
1068 2014 1122 2069 in
1160 2014 1541 2084 aequalitatem
1567 2012 1843 2086 angelicae
1870 2021 2098 2069 naturae

507 2104 766 2162 exaltavit
793 2112 850 2160 et
876 2103 1111 2170 reduxit,
1148 2102 1295 2174 quod
1335 2117 1435 2175 per
1479 2104 1854 2160 ascensionem
1894 2102 2014 2172 ejus
2041 2102 2097 2158 in

508 2196 717 2253 caelum
737 2195 1102 2268 significatum
1126 2202 1231 2262 est,
1254 2194 1471 2266 quando
1490 2194 1797 2250 videntibus
1821 2192 2097 2263 discipulis

509 2288 752 2344 elevatus
781 2296 864 2344 est
890 2288 944 2343 in
974 2288 1124 2353 aera,
1154 2287 1299 2342 nube
1328 2302 1452 2342 eum
1477 2286 1806 2357 suscipiente
1834 2287 1901 2341 ab
1925 2285 2098 2341 oculis

506 2394 719 2445 eorum,
752 2392 892 2449 quae
919 2386 977 2433 et
1020 2376 1320 2434 claritatem
1354 2377 1525 2448 ipsius
1553 2386 1609 2432 et
1657 2375 2097 2446 spiritualitatem

509 2468 824 2536 indicabat;
862 2467 1001 2543 dixit
1024 2468 1190 2535 enim,
1226 2468 1543 2540 priusquam
1566 2475 1888 2539 pateretur:
1912 2466 2094 2532 Pater,

507 2558 748 2630 clariﬁca
783 2556 1000 2625 ,Filium
1050 2567 1199 2614 tuum
1229 2574 1249 2614 :
1281 2550 1482 2615 verum
1501 2559 1666 2614 etiam
1697 2573 1860 2629 super
1908 2572 2098 2614 omnes

509 2650 731 2723 angelos
757 2661 815 2707 et
858 2651 1089 2709 virtutes
1114 2650 1399 2719 caelestes,
1433 2660 1509 2719 et,
1541 2658 1602 2706 ut
1628 2651 1868 2706 breviter
1895 2650 2096 2719 dicam,

510 2759 674 2815 super
709 2745 915 2812 omnia,
956 2759 1097 2816 quae
1127 2754 1254 2800 sunt
1277 2753 1335 2800 et
1361 2759 1501 2816 quae
1524 2759 1632 2799 non
1661 2752 1806 2810 sunt,
1840 2742 2098 2799 sublima-

460 2852 461 2855 ‘
507 2837 601 2893 vit.
640 2838 708 2895 Et
728 2838 872 2909 quod
904 2838 958 2893 in
982 2839 1164 2909 seipso
1200 2838 1606 2910 particulariter
1650 2837 1897 2909 perfecit,
1931 2853 2096 2910 gene—

509 2930 700 2987 raliter
746 2931 1160 2988 resurrectionis
1193 2940 1435 3002 tempore
1472 2931 1527 2986 in
1567 2940 1677 2987 tota
1725 2932 1959 2987 humana
2002 2946 2098 2985 na-

512 3033 631 3080 tura
671 3025 1013 3096 perfecturus
1059 3033 1163 3092 est,
1214 3026 1320 3081 hoc
1359 3034 1468 3093 est,
1513 3041 1624 3082 non
1664 3024 1839 3082 solum
1889 3024 2095 3090 omnia,

509 3129 649 3185 quae
677 3116 792 3186 ipsa
822 3124 946 3186 post
993 3126 1276 3187 peccatum
1329 3117 1399 3173 de
1445 3117 1549 3173 hoc
1584 3117 1789 3173 mundo
1827 3115 2097 3174 materiali

2199 1902 2446 1977 Gregorii
2476 1903 2700 1978 ejusque
2725 1908 3072 1979 expositoris,
3111 1907 3331 1964 Maximi
3366 1909 3521 1979 dico,
3549 1919 3639 1968 est
3669 1927 3804 1967 cono

2199 1996 2438 2065 clusum,
2483 1999 2626 2069 quod
2678 2000 2731 2054 in
2775 1998 2955 2056 futura
3007 2000 3118 2055 vita
3159 2010 3293 2071 post,
3329 2002 3803 2059 resurrectionem

2199 2101 2393 2148 natura
2434 2093 2714 2150 hominum
2743 2086 2965 2153 omnino
2993 2110 3125 2152 sexu
3146 2136 3161 2162 ,
3201 2096 3305 2152 hoc
3327 2106 3431 2164 est,
3458 2097 3611 2153 virili
3641 2106 3704 2155 et
3732 2098 3807 2155 fe-

2199 2184 2377 2240 minea
2421 2184 2601 2242 forma
2648 2185 2887 2252 carebit,
2933 2186 3188 2257 quoniam
3219 2188 3274 2243 in
3316 2189 3492 2259 ipsam
3532 2188 3805 2257 formam,

2200 2291 2340 2347 quae
2368 2276 2434 2332 ad
2462 2276 2753 2349 imaginem
2775 2276 2869 2332 Dei
2900 2275 3043 2333 facta
3069 2286 3174 2345 est,
3214 2293 3505 2335 reversura
3531 2288 3646 2336 est.
3670 2279 3807 2335 lina-

2199 2384 2267 2441 go
2294 2378 2476 2426 antem
2506 2371 2599 2427 Dei
2628 2386 2734 2428 non
2783 2379 2867 2428 est
2904 2371 3175 2427 masculus
3214 2386 3390 2443 neque
3427 2370 3681 2438 femina;
3710 2373 3806 2427 ista

2199 2462 2345 2518 enim
2358 2462 2552 2519 divisio
2568 2472 2794 2520 naturae
2819 2472 3043 2536 propter
3054 2472 3336 2535 peccatum
3350 2460 3499 2519 facta
3528 2473 3641 2519 est.
3658 2463 3803 2518 Disc.

2200 2556 2258 2611 ln
2286 2555 2467 2611 futura
2494 2557 2676 2627 itaque
2702 2558 2809 2613 vita
2857 2573 3032 2629 neque
3064 2558 3333 2614 masculus
3358 2557 3488 2625 erit,
3523 2573 3715 2629 neque
3738 2558 3808 2613 fe-

2201 2646 2368 2713 mina,
2402 2647 2449 2703 si
2477 2647 2588 2703 sola
2618 2648 2934 2719 simplicitas
2964 2658 3192 2705 naturae
3213 2648 3511 2721 duplicem,
3541 2654 3643 2720 qui
3673 2666 3807 2706 nunc

2199 2746 2304 2805 est,
2348 2753 2535 2795 sexum
2569 2740 2623 2796 in
2649 2741 2882 2812 seipsam
2912 2742 3262 2813 absorpserit.
3297 2740 3439 2798 MAG.
3465 2739 3586 2798 Cur
3612 2742 3689 2798 de
3714 2743 3809 2797 hoc

2201 2832 2475 2899 haesitas,
2527 2849 2651 2890 cum
2676 2833 2745 2890 de
2776 2834 3087 2891 hominibus
3113 2836 3167 2890 in
3202 2834 3615 2891 resurrectione
3646 2850 3806 2905 gene-

2203 2926 2394 2982 raliter
2422 2925 2638 2982 Veritas
2659 2927 2805 2983 dicat
2831 2947 2844 2982 :
2878 2927 3062 3001 Neque
3087 2929 3302 2996 nubent,
3327 2946 3494 3001 neque
3523 2928 3806 2993 nubentsr,

2201 3017 2291 3073 sed
2318 3027 2471 3072 erant
2497 3020 2632 3074 sicut
2658 3019 2834 3092 angeli
2869 3021 2927 3075 in
2957 3022 3101 3077 caelo
3119 3022 3146 3077 ?
3173 3020 3426 3092 Nunquid
3474 3020 3717 3091 angelos
3748 3036 3809 3075 ex

2206 3110 2481 3169 intellectu
2518 3123 2574 3170 et
2612 3115 2878 3186 spirituali
2918 3133 3148 3189 corpore
3192 3125 3445 3174 constare
3494 3116 3809 3173 credimus!

518 3166 645 3185 ,κη
677 3166 792 3186 τη
823 3166 943 3186 τ---
994 3166 1276 3187 ,__-_-_-__
1333 3166 1397 3173 _-
1445 3166 1547 3173 η--
1584 3166 1783 3173 mw---
1828 3166 2097 3174 ____-__“__
2232 3166 2235 3167 ν
2300 3166 2309 3168 -
2369 3166 2479 3169 --Ὗ
2526 3166 2572 3170 η
2614 3166 2878 3186 _,___-____
2923 3166 3145 3189 ---νη
3196 3166 3442 3174 _-__-__--
3501 3166 3804 3173 --η-ψ---

509 3215 830 3276 attraxerat,
863 3217 1145 3265 convertet
1182 3209 1239 3265 in
1281 3209 1561 3281 spiritum,
1596 3224 1784 3265 verum
1814 3211 1979 3265 etiam
2031 3208 2102 3264 ad
2126 3166 2179 3238 θ’
2209 3204 2370 3263 Omni
2415 3215 2595 3263 tamen
2634 3209 3045 3280 circumscripta
3093 3209 3268 3266 forma
3311 3224 3408 3265 eos
3453 3224 3663 3265 carere
3710 3224 3809 3263 non

512 3299 899 3370 aequalitatem
941 3301 1193 3358 caelestis
1239 3301 1464 3374 gloriae,
1511 3319 1675 3375 quam
1715 3303 1892 3373 angeli
1930 3303 2105 3374 possi-

510 3391 661 3456 dent,
710 3392 988 3461 perducet.
1042 3392 1111 3447 Et
1134 3409 1205 3449 ne
1241 3395 1483 3462 mireris,
1526 3396 1669 3466 quod
1700 3397 1768 3452 de
1812 3396 2011 3453 talibus
2046 3396 2103 3452 in

511 3480 631 3536 aliis
653 3478 806 3537 libris
830 3481 991 3552 hujus
1016 3491 1236 3539 nostrae
1264 3483 1645 3555 disputationis
1670 3486 1837 3541 multa
1869 3494 2102 3543 tractata

510 3580 659 3638 sunt,
705 3580 764 3628 et
812 3588 958 3628 nunc
993 3572 1194 3630 iterum
1231 3576 1680 3648 recapitulantur,
1733 3580 1989 3650 quoniam
2022 3580 2103 3636 sic

509 3663 644 3719 ordo
669 3668 726 3718 et
763 3663 1062 3720 necessitas
1107 3664 1557 3722 inveniendorum
1607 3682 1811 3734 rerum,
1844 3685 1981 3741 quas
2024 3669 2106 3726 in-

510 3752 802 3824 quirimus,
829 3754 1014 3827 exigit,
1046 3764 1107 3810 ut.
1138 3755 1357 3813 easdem
1400 3757 1698 3814 sententias
1725 3768 1779 3815 et
1807 3775 2101 3833 argumen-

517 3844 749 3900 tationes
776 3844 1153 3917 multipliciter
1178 3853 1491 3919 repetamus
1509 3856 1564 3904 et
1592 3849 1954 3919 revolvamus,
1979 3867 2045 3909 ac
2080 3834 2129 3883 δ’

511 3937 680 3994 veluti
717 3937 950 4010 quadam
990 3940 1425 4017 ἀνακεφαλαιώσιι
1467 3943 1522 3999 in
1548 3947 1864 4001 memoriam
1888 3961 2105 4004 revoce-

511 4045 651 4088 mus.
682 4030 798 4088 Hoc
822 4041 1003 4090 autem
1030 4033 1173 4101 dico,
1201 4035 1455 4104 quoniam
1480 4035 1532 4090 in
1556 4038 1929 4108 superioribus
1949 4039 2105 4098 libris

513 4121 730 4177 multa"
774 4123 842 4180 de
871 4123 1045 4181 reditu
1088 4133 1319 4181 naturae
1344 4124 1494 4185 beati
1538 4126 1757 4184 Maximi
1803 4132 2104 4188 sententias

512 4215 919 4274 introducentes
952 4217 975 4250 '
1020 4220 1530 4291 praegustavimus:
1563 4221 1658 4277 sed
1700 4238 1846 4280 nunc
1893 4222 2105 4295 plenius

515 4315 754 4363 tractare
781 4308 1060 4365 debemus.
1090 4308 1237 4366 ldem
1272 4311 1457 4382 itaque
1492 4310 1762 4368 Maximus
1791 4330 1900 4370 non
1926 4315 2104 4371 solum

514 4402 567 4458 in
593 4403 898 4476 Ambiguis,
928 4419 1121 4459 verum
1150 4404 1315 4460 etiam
1344 4406 1398 4460 in
1423 4407 1645 4464 sclioliis
1674 4409 1740 4465 de
1767 4409 2105 4467 adunatione

2208 3299 2538 3357 dubitamus.
2569 3300 2708 3357 Nam
2752 3304 2897 3374 quod
2942 3318 3103 3374 saepe
3137 3304 3193 3358 in
3239 3304 3477 3358 humana
3509 3300 3697 3373 eﬂigie
3725 3316 3810 3371 ap-

2205 3392 2453 3464 paruisse
2480 3392 2600 3449 illos
2630 3393 2812 3449 divina
2842 3403 3031 3451 narrat
3076 3394 3336 3462 historia,
3368 3410 3480 3450 non
3523 3410 3632 3449 nos
3674 3393 3809 3464 cogit

2207 3486 2519 3553 aestimare,
2552 3502 2648 3544 eos
2674 3487 2764 3543 tali
2815 3487 2987 3561 eﬂigie
3023 3488 3344 3544 naturaliter
3371 3487 3639 3542 detineri.
3683 3484 3807 3541 Illud

2205 3577 2349 3633 enim
2377 3593 2478 3649 pro
2503 3586 2746 3650 tempore
2778 3579 2981 3636 factum
3015 3589 3119 3646 est,
3150 3580 3405 3651 quoniam
3434 3579 3607 3636 aliter
3633 3579 3807 3635 homi-

2206 3670 2365 3725 nibus
2394 3686 2659 3743 apparere
2698 3671 2739 3737 ⁸,
2773 3680 2830 3728 et
2859 3687 2982 3727 cum
3029 3672 3339 3729 hominibus
3382 3671 3555 3741 loqui,
3582 3681 3688 3727 aut
3716 3672 3811 3725 im-

2206 3762 2463 3832 possibile
2493 3771 2587 3818 aut
2628 3779 2737 3819 non
2783 3763 2942 3820 facile
2984 3772 3125 3819 erat.
3175 3763 3233 3819 Si
3261 3778 3393 3836 ergo
3430 3762 3618 3835 angeli
3667 3760 3807 3818 omni

2208 3851 2379 3909 forma
2411 3854 2825 3926 circumscripta
2864 3862 3055 3912 carent
3078 3895 3094 3922 ,
3124 3855 3251 3926 quid
3275 3855 3500 3920 mirum,
3534 3855 3805 3918 homines,

2207 3945 2334 4000 dum
2361 3946 2614 4016 aequales
2635 3946 2842 4018 angelis
2865 3946 3084 4013 fuerint,
3116 3946 3261 4001 omni
3295 3959 3426 4000 sexu
3453 3943 3478 3975 ’
3509 3954 3567 3999 et
3612 3944 3808 3999 fortna-

2208 4051 2330 4090 rum
2365 4035 2874 4106 circumscriptione
2920 4036 3225 4092 carituros?
3252 4034 3439 4106 Neque
3466 4035 3623 4090 enim
3654 4034 3809 4089 aliter

2207 4126 2463 4197 aequales
2500 4128 2581 4184 eis
2618 4137 2801 4195 erunt,
2844 4143 3020 4200 neque
3062 4125 3520 4185 bocineredibile
3566 4128 3805 4183 videtur.

2208 4218 2483 4288 Quaedam
2506 4236 2742 4292 namque
2755 4236 2984 4293 corpora
3002 4229 3129 4277 sunt
3148 4218 3349 4292 liquida
3381 4234 3447 4275 ac
3473 4219 3808 4291 spiritualia,

2208 4316 2637 4396 circumscriptis
2657 4315 2849 4373 formis
2869 4316 3135 4372 carentia.
3158 4314 3312 4383 Quod
3334 4324 3520 4370 autem
3536 4313 3805 4385 liquidum

2208 4418 2264 4466 et
2296 4410 2339 4442 ¹⁰
2365 4410 2644 4481 Spirituale
2667 4419 2773 4478 est,
2804 4411 3237 4482 purissimaeque
3274 4408 3623 4465 substantiae
3641 4449 3659 4474 ,
3688 4424 3810 4464 cor—

511 4503 887 4549 creaturarum
913 4494 1153 4564 disputat
1179 4495 1597 4568 quadragesimo
1622 4510 1816 4555 octavo
1837 4500 2100 4572 capitulo,
2130 4515 2182 4575 1)
2209 4502 2485 4575 poralibus
2536 4503 2929 4574 quantitatibus
2977 4518 3042 4559 ac
3082 4502 3427 4558 lineamentis
3475 4516 3574 4558 seu
3626 4500 3808 4572 aliqua

513 4582 606 4639 ubi
635 4584 886 4650 turrium,
940 4600 1078 4656 quas
1115 4584 1275 4642 Ozias
1317 4586 1624 4644 aedificavit
1669 4588 1723 4644 in
1774 4588 2125 4661 Jerusalem,

515 4675 783 4732 theoriam
813 4677 1084 4748 exposuit.
1118 4676 1351 4751 Angulos
1400 4680 1667 4751 fortassis,
1702 4684 1899 4757 inquit,
1930 4704 2103 4743 sermo

514 4765 818 4840 Scripturae
846 4770 979 4826 dixit
1004 4770 1145 4843 ipsas
1183 4789 1275 4843 per
1307 4770 1573 4830 Christum
1597 4776 1766 4847 [actas
1804 4778 2103 4850 differentes

511 4868 876 4930 separatorum
902 4872 1265 4919 creaturarum
1286 4866 1651 4924 adunationes.
1676 4869 1942 4926 Adunavit
1966 4874 2105 4928 enim

512 4947 797 5018 hominem,
825 4950 994 5022 ipsam
1021 4955 1305 5009 secundum
1331 4955 1623 5012 masculum
1647 4969 1694 5014 et
1717 4959 1968 5030 feminam
1992 4963 2103 5033 dif-
2135 5016 2157 5021 ,.

513 5036 790 5109 ferentium
819 5043 1035 5114 mystice
1062 5044 1119 5100 in
1152 5046 1396 5116 spiritum
1436 5048 1704 5118 auferens,
1728 5061 1776 5107 et
1808 5056 2103 5125 proprieta-

512 5132 673 5200 tibus,
701 5150 837 5206 quae
876 5152 971 5208 per
1014 5138 1283 5208 passiones
1330 5150 1451 5196 sunt
1490 5142 1545 5197 in
1574 5144 1849 5213 ambobus,
1882 5146 2101 5203 liberam

514 5231 737 5279 naturae
762 5226 1019 5283 rationem
1047 5230 1385 5288 constituens;
1414 5231 1679 5293 Aduaavit
1719 5250 1895 5295 autem
1924 5251 1972 5296 et
2004 5251 2104 5296 ter-

513 5328 652 5383 ram,
679 5333 813 5390 quae
836 5330 910 5374 est
933 5323 1219 5377 secundum
1253 5325 1549 5381 sensibilem
1576 5332 1883 5400 paradisum
1926 5345 1974 5390 et
2010 5353 2100 5390 or-

511 5401 629 5464 bem
669 5417 955 5482 terrarum,
1005 5416 1389 5500 separationem
1433 5419 1715 5489 expellens.
1760 5424 2026 5481 Attuaavit
2054 5436 2102 5483 et

2158 4646 2161 4649 λ
2212 4594 2355 4651 mole
2383 4594 2795 4665 circumscripta
2822 4592 3086 4650 contineri
3128 4607 3285 4664 posse
3314 4606 3424 4646 non
3460 4591 3646 4656 video,
3678 4606 3810 4661 quo-

2212 4689 2359 4741 niam
2384 4701 2511 4742 vera
2541 4686 2679 4741 ratio
2708 4686 2832 4741 talia
2861 4685 3177 4742 existimem
3210 4700 3317 4741 non
3339 4698 3427 4739 me
3458 4682 3615 4739 sinit.
3640 4682 3812 4751 Quat-

2214 4786 2337 4836 tuor
2361 4777 2629 4848 siquidem
2659 4776 2926 4847 simplicia
2951 4775 3139 4831 mundi
3167 4773 3436 4830 elementa
3464 4771 3633 4829 nullis
3652 4789 3809 4830 coar-

2215 4880 2398 4927 tantur
2441 4871 2668 4939 formis;
2714 4871 2914 4942 ubique
2954 4870 3100 4925 enim
3130 4868 3185 4924 in
3215 4867 3416 4923 mundo
3455 4875 3610 4935 sunt,
3652 4868 3810 4939 cujus

2213 4964 2359 5019 nulla
2397 4979 2524 5034 pars
2546 4972 2633 5019 cst
2660 4962 2873 5019 illorum
2902 4976 3167 5019 concursu
3190 4975 3403 5017 carens.
3430 4958 3589 5028 Quod
3624 4969 3809 5015 autem

2212 5058 2413 5131 ubique
2438 5067 2523 5115 est
2564 5058 2619 5113 in
2667 5059 2889 5126 mundo,
2935 5058 3206 5130 quomodo
3248 5056 3427 5127 aliqua
3476 5055 3656 5111 forma
3698 5056 3811 5112 cir-

2210 5155 2504 5212 cumscribi
2536 5154 2739 5226 possit?
2788 5153 2926 5210 Sunt
2963 5153 3127 5224 igitur
3151 5166 3383 5222 corpora
3411 5150 3606 5207 formis
3633 5149 3813 5206 sensi-

2210 5248 2413 5307 bilibus
2434 5247 2700 5305 carentia.
2729 5246 2868 5316 Quid
2890 5244 2957 5302 de
2984 5245 3151 5302 radiis
3170 5244 3451 5301 oculorum
3481 5242 3814 5300 dicendum!

2212 5339 2402 5398 Nonne
2435 5351 2491 5399 et
2518 5341 2621 5413 ipsi
2646 5342 2899 5413 corporei
2931 5350 3078 5408 sunt,
3127 5338 3275 5397 omni
3306 5337 3482 5395 forma
3508 5335 3812 5395 carentes?

2214 5428 2274 5488 Si
2304 5442 2485 5491 autem
2513 5434 2718 5491 dixeris
2743 5432 2965 5508 angelos
2988 5430 3353 5506 intelligibiles
3375 5428 3581 5488 formas
3606 5428 3671 5496 “,
3703 5428 3807 5484 ba-

1808 5560 2066 5625 VARIAE
2104 5556 2514 5631 LECTIONES.

582 5684 817 5783 :fﬂg'f'
837 5684 911 5783 A;
948 5758 971 5783 Α
1000 5686 1767 5783 ἠδίορὲξέλξρῃεηαερει
1849 5700 1876 5783 ξ
1902 5702 1992 5783 Sic
2013 5705 2194 5783 ρξ’λᾍ
2217 5724 2284 5765 ex
2311 5721 2468 5782 parte
2489 5711 2699 5768 animae
2719 5707 3102 5783 videlicetjam
3126 5710 3405 5783 ingressae,
3423 5723 3491 5765 ex
3514 5717 3665 5783 parte
3693 5725 3807 5763 cor-

518 5773 645 5826 pora
669 5758 810 5834 dico.
888 5757 1179 5834 ‘_A_et._ﬂ_'
1209 5757 1302 5821 Sic
1321 5757 1450 5834 CF
1468 5768 1515 5823 Α
1540 5770 1758 5826 multas.

514 5843 627 5882 rere
654 5844 744 5885 om
778 5828 842 5885 A.
918 5830 940 5862 ’
971 5830 1063 5888 Sic
1080 5832 1201 5899 Cl";
1225 5835 1273 5890 A
1297 5828 1445 5893 omni
1476 5850 1524 5895 et
1557 5856 1691 5898 sexu
1719 5852 1776 5901 et
1794 5828 2117 5907 [omnia];

1855 5772 1877 5805 ⁸
1906 5775 1999 5832 Sic
2015 5772 2128 5846 CF,
2154 5780 2201 5835 A
2227 5772 2656 5852 introducendas.
2732 5784 2753 5815 ⁷
2785 5783 2877 5838 Sic
2901 5772 3020 5847 CF';
3047 5782 3091 5836 A
3129 5772 3528 5852 superioribus.-
3580 5781 3602 5813 ⁸
3641 5798 3806 5851 lippa.

2197 5850 2240 5884 ¹⁰
2264 5852 2310 5907 Α
2333 5871 2414 5910 ac.
2497 5856 2534 5888 “
2562 5857 2609 5912 Α
2648 5854 2849 5925 fortnas
2880 5850 3251 5926 intelligibiles.
