4028 6282
185 387 297 447 897

1043 383 1131 439 DE
1169 381 1508 438 DlVlSIONE
1546 377 1891 435 NA'l‘URAE-Z.
1933 409 2002 417 -κ
2039 374 2242 431 LIBER
2280 372 2603 441 QUINTUS.

3363 365 3470 423 898
3508 366 3511 373 ’

188 505 343 568 bere,
372 498 594 556 omnino
622 496 861 554 concedo
881 538 895 563 ,
942 513 1007 553 ac
1036 513 1133 567 per
1179 498 1283 553 hoc
1323 496 1571 552 homines
1614 495 1780 550 etiam
1808 498 1859 556 A
1885 505 2006 547 esse
2039 488 2362 545 substitutas
2385 526 2402 553 ,
2445 500 2608 541 nemo
2637 483 2875 540 fidelium
2906 482 3134 539 dubitat.
3181 482 3283 549 Qui
3326 481 3471 537 enim

188 594 248 650 in
312 591 718 648 resurrectione
777 590 794 621 ³
856 589 1106 644 similiter
1160 588 1526 661 intelligibiles
1580 585 1786 641 formas

190 684 477 740 habituros
503 697 639 748 esse,
670 698 775 738 non
803 681 975 738 solum
1006 697 1113 737 non
1149 682 1377 752 denego,
1407 695 1595 737 verum
1620 680 1785 737 etiam

193 773 426 831 affirmo.
471 774 579 829 Sed
600 788 739 844 quae
764 781 819 829 et
853 773 1043 845 quales
1069 786 1213 827 nunc
1240 772 1296 827 in
1324 770 1529 841 angelis
1557 777 1700 835 sunt,
1734 776 1791 824 et

196 867 255 920 in
287 866 595 923 hominibus
630 864 873 931 futurae,
918 864 1138 921 omnino
1182 879 1271 920 me
1299 863 1550 935 ignorare
1594 862 1789 925 fateor,

196 959 364 1013 donec
387 967 639 1025 transeat,
674 966 733 1013 ut
772 957 849 1013 ait
890 956 1259 1029 Augustinus,
1305 971 1495 1025 corpus
1523 970 1696 1009 meum
1736 954 1794 1006 in

198 1054 448 1124 affectum
478 1052 761 1108 voluntatis
791 1067 955 1107 meae.
1002 1050 1119 1107 Non
1165 1050 1356 1122 ignoro
1385 1058 1566 1105 tamen
1595 1047 1795 1104 multos

200 1157 539 1214 magnosque
567 1141 981 1212 sapientes,'qui
1013 1140 1234 1197 omnino
1260 1139 1419 1195 aliter
1439 1139 1508 1195 de
1547 1137 1797 1194 humanis

201 1235 527 1304 corporibus
571 1242 696 1305 post
737 1234 1195 1289 resurrectionem
1246 1231 1516 1295 sentiunt,
1566 1244 1797 1300 quorum

203 1326 512 1382 sententias
534 1312 873 1397 in'processu
908 1324 1071 1395 hujus
1106 1324 1231 1381 libri
1260 1340 1367 1381 non
1404 1323 1607 1395 pigebit
1636 1323 1804 1377 intro-

206 1417 445 1482 ducere,
477 1432 545 1472 ne
582 1417 866 1472 videamur
907 1432 1002 1473 eos
1046 1416 1135 1472 vel
1161 1430 1422 1488 Spernere
1466 1415 1553 1471 vel
1581 1430 1689 1470 non
1726 1414 1802 1471 lc-

204 1509 373 1581 gisse.
398 1509 543 1567 Dtsc.
564 1508 914 1581 Consequens
936 1509 1317 1580 disputationis
1342 1509 1476 1565 ordo
1502 1508 1690 1580 exigit,
1721 1517 1802 1574 ut,

206 1603 345 1674 quid
381 1603 611 1675 quisque
651 1602 1144 1660 ecclesiasticorum
1174 1602 1509 1673 sapientum,
1561 1616 1698 1671 quos
1728 1600 1805 1655 le-

208 1695 342 1768 gisti
363 1725 435 1737 —
455 1710 564 1751 non
589 1695 734 1751 enim
760 1709 950 1752 omnes
976 1704 1032 1749 te
1064 1694 1258 1767 legisse
1283 1678 1496 1765 opinor,
1533 1694 1675 1764 quod
1697 1692 1809 1747 cni-

207 1802 378 1859 quam
403 1786 733 1858 impossibile
754 1795 839 1844 est
857 1818 928 1828 —
954 1786 1023 1843 de
1045 1786 1242 1844 talibus
1267 1786 1520 1853 senserit,
1537 1785 1805 1857 proferas,

1890 581 2119 647 dubitat,
2146 589 2241 635 aut
2261 578 2493 635 inﬁdelis
2516 585 2708 633 estaut
2730 576 3010 645 insipiens.
3034 574 3269 631 Proinde
3287 590 3470 639 omne,

1890 676 2033 746 quod
2065 676 2117 731 in
2166 687 2387 731 causam
2425 686 2580 728 suam
2628 669 2927 736 reducitur,
2968 670 3024 724 in
3076 668 3246 725 Deum
3298 668 3478 724 redire

1892 783 1992 824 cur
2038 766 2413 823 dubitaretur?
2464 764 2533 819 Et
2577 777 2647 820 ne
2694 762 2899 828 rearis,
2954 776 3043 818 me
3074 771 3278 817 temere
3308 757 3480 817 Deum

1892 871 2122 914 vocasse
2150 856 2321 924 nihil,
2352 864 2409 911 et
2438 854 2583 910 nulla
2631 854 2958 910 auctoritate
2988 851 3263 909 suffultam
3290 893 3307 919 ,
3353 852 3484 908 audi

1894 948 2115 1005 beatum
2151 949 2465 1020 Dionysium
2507 946 2889 1019 AreOpagitam
2932 944 2985 1000 in
3022 945 3200 1015 primo
3244 944 3483 1014 capitulo

1898 1042 1965 1097 de
2007 1042 2206 1098 divinis
2232 1038 2555 1097 Nominibus
2597 1056 2611 1094 :
2643 1039 2914 1104 Diximus,
2952 1037 3152 1109 inquit,
3186 1053 3305 1093 cum
3339 1038 3488 1093 theo-

1898 1140 2095 1212 logicos
2143 1140 2471 1195 characteres
2519 1137 2877 1208 exposuimus,
2920 1153 3107 1203 unum,
3135 1135 3487 1206 incognitum,

1900 1232 2334 1305 superessentiale
2359 1272 2375 1299 ,
2419 1248 2512 1304 per
2546 1247 2602 1286 se
2636 1230 2922 1301 optimum,
2958 1227 3098 1299 quod
3139 1226 3349 1299 quidem
3379 1235 3490 1292 est,

1902 1329 2097 1382 trinam
2124 1327 2378 1381 unitatem
2403 1325 2543 1391 dico,
2575 1321 2782 1395 ὁμόθεον
2812 1333 2858 1377 et
2894 1320 3192 1397 ὁμοάναθον,
3222 1335 3384 1391 neque
3414 1319 3495 1373 di-

1904 1438 2019 1477 cere
2045 1436 2207 1492 neque
2231 1418 2521 1491 intelligere
2551 1416 2797 1488 possibile
2821 1425 2894 1471 est
2924 1428 2941 1467 :
2971 1415 3062 1470 sed
3099 1423 3148 1469 et
3186 1424 3496 1469 sanctarum

1906 1510 2157 1567 virtutum
2205 1508 2470 1581 angelicae
2506 1511 2765 1573 unitates,
2793 1523 2925 1578 quas
2965 1506 3069 1561 sive
3113 1503 3495 1576 speculativas,

1907 1606 2012 1659 sive
2038 1603 2329 1673 acceplivas
2364 1609 2564 1672 oportet
2591 1600 2766 1654 dicere
2789 1640 2804 1665 ,
2836 1598 3291 1669 superincognitae
3324 1605 3371 1652 et
3409 1613 3500 1651 su-

1907 1693 2224 1766 perlucentis
2265 1693 2513 1748 bonitatis
2532 1734 2545 1759 ,
2574 1701 2624 1748 et
2658 1707 2888 1746 arcanae
2916 1700 3037 1745 sunt
3068 1698 3118 1745 et
3156 1690 3457 1761 incognitae
3481 1728 3499 1756 ,

1910 1794 1957 1839 et
1993 1784 2118 1841 solis
2155 1785 2283 1855 ipsis
2319 1784 2631 1849 subsistunt,
2668 1783 2760 1853 qui
2793 1797 2951 1852 super
2988 1780 3261 1836 scientiam
3300 1777 3500 1850 angeli-

209 1879 358 1935 utin
397 1875 626 1935 arbitrio
648 1879 876 1952 legentis
904 1888 1161 1951 ponatur,
1212 1895 1371 1950 quem
1419 1879 1440 1910 ’
1470 1877 1597 1934 velit
1630 1878 1804 1949 sequi.
1835 1892 1885 1953 Β
1913 1893 2064 1943 cam,
2103 1877 2276 1948 dignis
2308 1875 2418 1930 suis
2456 1876 2477 1909 τ
2518 1872 2739 1945 angelis.
2796 1871 2897 1928 His
2946 1872 3225 1943 deiformes
3262 1870 3501 1943 angelica

210 1973 372 2030 Nunc
398 1982 579 2029 autem
608 1981 715 2030 ate
739 1989 963 2044 quaero,
992 1989 1099 2045 qua
1126 1972 1342 2028 ratione
1373 1971 1574 2027 dicitur
1604 1971 1807 2041 perire,

210 2063 362 2131 quod
408 2064 464 2119 in
515 2063 888 2134 primordiales
940 2079 1131 2119 causas
1155 2103 1172 2131 ,
1223 2063 1307 2119 vel
1353 2072 1499 2118 certe
1546 2062 1600 2118 in
1636 2062 1811 2134 ipsum

215 2157 390 2213 Deum
438 2155 756 2228 perhibetur
791 2170 1139 2213 reversurum
1164 2196 1180 2221 ,
1230 2154 1357 2210 dum
1412 2153 1531 2225 plus
1577 2167 1814 2224 pronun-

212 2250 471 2307 ciandum
513 2250 587 2306 sit
609 2249 792 2305 vivere
835 2258 890 2303 et
933 2261 1276 2319 permanere,
1316 2260 1479 2316 quam
1507 2244 1733 2301 interire
1759 2251 1814 2301 et

221 2340 459 2396 transire
477 2339 502 2394 ?

290 2434 381 2488 21.
402 2433 544 2488 MAG.
567 2432 707 2489 Huic
729 2442 850 2488 tuae
870 2428 1279 2504 interrogationi
1303 2427 1546 2485 breviter
1565 2442 1631 2483 ac
1656 2424 1815 2482 facile

220 2527 547 2599 respondeo,
577 2527 722 2583 beati
769 2526 1008 2597 Dionysii
1038 2523 1396 2595 AreOpagitae
1438 2520 1815 2592 propheticam

217 2617 893 2689 sententiam'exponentis
911 2632 1129 2673 sensum
1156 2614 1506 2671 considerans
1531 2630 1546 2667 :
1570 2609 1817 2668 Pretiosa

219 2712 278 2766 in
301 2719 579 2780 conspectu
598 2708 805 2763 Domini
830 2725 969 2764 mors
995 2717 1296 2763 sanctorum
1318 2705 1453 2777 ejus.
1487 2705 1816 2761 Sanctorum

222 2803 495 2875 siquidem
525 2811 754 2859 mortem
778 2816 884 2858 non
907 2802 1068 2857 aliam
1094 2802 1149 2856 in
1176 2800 1280 2855 hoc
1303 2814 1464 2855 versu
1486 2797 1816 2869 Prophetam

222 2897 430 2952 dixisse
469 2896 694 2962 astruit,
730 2905 947 2963 praeter
974 2894 1189 2950 illorum
1223 2890 1508 2947 transitum
1558 2890 1615 2946 in
1644 2888 1815 2945 Deum

224 2985 705 3056 contemplationis
732 2985 1072 3050 celsitudine,
1100 2982 1283 3039 omnia
1320 2980 1558 3036 visibilia
1586 2989 1642 3036 et
1683 2978 1819 3034 invi-

228 3080 412 3137 sibilia
440 3087 759 3152 superantes
784 3078 961 3134 adhnc
1008 3077 1063 3132 in
1092 3090 1318 3146 corpore
1343 3074 1644 3130 constituti.
1678 3070 1818 3127 Num

227 3181 287 3227 et
318 3172 513 3228 Petrus
541 3171 631 3227 ille
654 3167 1017 3241 apostolorum
1044 3174 1236 3222 vertex
1260 3174 1505 3220 mortuus
1526 3170 1648 3219 erat
1670 3161 1821 3217 omni

1911 1970 2205 2024 imitatione
2236 1976 2281 2035 ⁸,
2321 1979 2577 2040 quantum
2601 1969 2744 2034 licet,
2766 1967 3053 2023 coadunati
3072 1967 3293 2022 humani
3312 1967 3502 2032 animi,

1911 2063 2162 2134 quoniam
2187 2072 2209 2106 ο
2245 2063 2532 2118 secundum
2586 2078 2793 2117 onmem
2858 2060 3260 2116 intellectualem
3319 2076 3509 2131 opera-

1912 2152 2105 2209 tionem
2163 2154 2520 2225 requiescunt,
2586 2155 2711 2209 talis
2777 2163 2952 2209 autem
3018 2154 3079 2223 ﬁt
3139 2152 3510 2224 dei/icatorum

1914 2243 2214 2299 animorum
2254 2244 2325 2299 ad
2385 2260 2647 2300 summum
2704 2243 2898 2311 lumen,
2949 2243 3119 2300 Deum
3156 2242 3427 2312 videlicet,
3459 2241 3507 2276 ⁸⁸

1916 2328 2095 2393 unitas
2121 2339 2162 2371 “
2188 2351 2208 2390 :
2239 2337 2463 2393 laudant
2489 2340 2660 2409 ipsum
2680 2339 2948 2410 potissime
2967 2355 3059 2409 per
3086 2341 3341 2406 omnium,
3372 2353 3511 2410 quae

1915 2441 2058 2498 sunt,
2086 2430 2422 2487 ablutionem.
2450 2430 2521 2486 In
2549 2432 2647 2486 hoc
2677 2448 2793 2487 vere
2830 2441 2878 2486 et
2917 2430 3395 2504 supernaturaliter
3432 2429 3505 2485 il-

1916 2523 2167 2579 luminati
2201 2540 2267 2580 ea:
2306 2525 2608 2580 beatissima
2640 2541 2760 2580 cum
2793 2526 2906 2596 ipso
2947 2526 3171 2592 unitate,
3211 2540 3347 2596 quae
3384 2530 3505 2578 om:

1919 2621 2066 2676 nium
2104 2621 2317 2693 quidem
2352 2630 2428 2676 est
2451 2661 2467 2688 ,
2493 2636 2628 2692 quae
2655 2628 2812 2687 sunt,
2843 2618 3088 2687 causale,
3122 2619 3298 2690 ipsum
3330 2626 3514 2673 autem

1919 2714 2074 2783 nihil,
2102 2725 2161 2769 ut
2188 2713 2450 2780 omnibus,
2472 2729 2607 2784 quae
2643 2722 2786 2779 sunt,
2816 2710 3321 2784 superessentialiter
3354 2708 3508 2765 exal-

1921 2815 2111 2861 tatum.
2136 2804 2523 2861 Animadverte
2551 2803 2857 2875 praefatum
2880 2803 3210 2876 theologum,
3232 2802 3510 2874 quomodo

1920 2897 2301 2953 incunctanter
2336 2911 2609 2953 summum
2656 2896 2863 2964 lumen,
2893 2895 3065 2953 Deum
3098 2896 3373 2965 videlicet,
3414 2896 3513 2968 qui

1923 3008 2141 3048 omnem
2169 2990 2593 3049 intellectualem
2620 3000 2677 3047 et
2700 2991 3023 3049 rationalem
3062 2989 3327 3047 illuminat
3356 3005 3517 3048 erea-

1927 3095 2127 3154 turam,
2154 3087 2375 3143 nomine
2400 3085 2546 3157 quod
2570 3095 2654 3142 est
2695 3085 2850 3153 nihil,
2879 3085 3142 3143 insinuat.
3183 3084 3252 3141 Et
3281 3085 3518 3158 subjecit

1925 3178 2214 3244 rationem,
2240 3193 2340 3234 cur
2365 3176 2502 3233 nihil
2529 3185 2773 3233 vocatur.
2805 3174 2946 3243 Quia
2967 3192 3124 3247 super
3145 3176 3345 3243 omnia,
3381 3190 3519 3247 quae

230 3274 541 3330 creaturae:
568 3270 624 3318 ει
663 3260 915 3317 ῑηωεῖνίι
938 3260 993 3314 in
1027 3258 1218 3324 Deum»
1246 3257 1463 3329 quando
1487 3255 1719 3312 Domino
1746 3255 1823 3309 δυ’
1850 3264 1896 3329 C
1927 3280 2049 3326 sunt
2072 3312 2088 3338 ,
2129 3269 2636 3343 superessentialiter
2673 3268 2960 3325 exaltatur.
3004 3268 3304 3326 Commune
3352 3269 3522 3341 igitur

234 3358 566 3432 terroganti,
591 3372 751 3428 quem
792 3370 852 3411 se
887 3369 1006 3411 esse
1033 3353 1258 3420 diceret,
1286 3350 1606 3423 respondit:
1646 3348 1728 3403 Tu
1766 3364 1820 3403 es

232 3452 480 3508 Christus
536 3448 709 3505 Filius
756 3447 854 3503 Dei
906 3448 1048 3502 vivi?
1097 3445 1236 3501 Num
1287 3444 1537 3501 similiter
1585 3442 1823 3499 Joannes

234 3541 567 3615 evangelista
596 3541 866 3605 omnibus,
894 3554 1036 3610 quae
1062 3538 1208 3594 facta
1235 3545 1380 3604 sunt,
1408 3536 1696 3592 defunctus
1715 3545 1820 3603 est,

235 3637 524 3694 altitudine
564 3633 807 3691 theoriae
830 3643 1026 3689 cuncta
1057 3646 1321 3704 superans
1350 3638 1406 3687 et
1429 3631 1674 3687 clamans
1707 3646 1720 3683 :
1754 3628 1824 3683 In

233 3729 512 3799 principio
533 3736 644 3783 erat
680 3725 938 3793 Verbum,
970 3734 1019 3780 et
1059 3723 1285 3780 Verbum
1314 3732 1426 3777 erat
1454 3721 1596 3793 apud
1631 3720 1821 3786 Deum,

233 3831 289 3878 ct
329 3820 470 3875 Deus
504 3828 616 3874 erat
670 3816 931 3883 Verbum,
980 3824 1199 3885 totaque
1242 3814 1411 3885 ipsius
1457 3811 1722 3868 mirabilis
1770 3818 1828 3867 et

238 3908 532 3968 ineﬂ‘abilis
562 3908 820 3980 Theologi
842 3907 1091 3963 theoria?
1117 3906 1258 3963 Audi
1292 3905 1611 3977 Apostolum
1649 3904 1828 3960 adhuc

237 3999 460 4058 mortali
502 4013 728 4069 corpore
768 4000 1068 4065 detentum,
1129 4005 1403 4052 mortuum
1450 4005 1632 4051 tamen
1672 4010 1733 4053 se
1772 4002 1830 4051 et

238 4096 562 4155 crucifixum
621 4095 1071 4167 pronunciantem
1119 4112 1133 4149 :
1185 4092 1321 4149 Mihi
1386 4093 1614 4149 mundus
1666 4094 1831 4151 cruci-

238 4192 385 4262 [ia-us
408 4198 505 4254 est,
530 4187 725 4259 inquit,
757 4198 805 4243 et
826 4205 920 4261 ego
944 4187 1161 4243 mundo.
1186 4186 1333 4243 Talis
1358 4187 1541 4258 itaque
1561 4196 1645 4244 est
1662 4187 1831 4244 inter-

242 4283 357 4339 itus
404 4290 718 4336 sanctorum
764 4279 1236 4350 contemplationis
1281 4278 1482 4336 virtute
1532 4279 1589 4335 in
1654 4280 1832 4351 ipsum

242 4378 415 4433 Deum
446 4375 861 4442 transeuntium,
890 4384 946 4431 et
966 4375 1168 4444 omnia,
1199 4390 1340 4448 quae
1368 4387 1513 4441 sunt,
1544 4385 1600 4434 et
1622 4377 1831 4449 seipsos

243 4468 485 4525 deificati
515 4468 538 4500 ³
580 4468 860 4524 altitudine
919 4468 1135 4524 divinae
1182 4470 1388 4541 gratiae
1434 4470 1831 4542 superantium.

243 4562 324 4617 Eo
353 4562 538 4633 itaque
582 4562 764 4629 modo,
791 4576 899 4634 quo
930 4562 987 4627 ii,
1017 4563 1112 4633 qui
1156 4563 1357 4619 virtute
1397 4571 1561 4634 atque
1605 4564 1834 4621 scientia

1924 3363 2192 3431 omnium,
2232 3377 2372 3434 quae
2415 3361 2558 3419 facta
2602 3372 2752 3429 sunt,
2786 3360 2955 3418 veluti
3009 3363 3241 3433 quodam
3290 3362 3520 3418 interitu

1926 3454 2107 3510 redire
2129 3454 2186 3510 in
2209 3468 2425 3520 causas,
2456 3468 2596 3524 quae
2637 3454 2694 3509 in
2722 3451 2834 3510 Deo
2859 3452 3195 3521 subsistunt;
3231 3453 3512 3526 proprium

1926 3561 2057 3603 vero
2092 3545 2474 3604 intellectualis
2516 3555 2573 3603 et
2611 3545 2897 3603 rationalis
2932 3547 3271 3603 substantiae
3292 3587 3308 3613 ,
3349 3561 3517 3601 unum

1927 3657 2054 3698 eum
2088 3641 2200 3698 Deo
2225 3640 2428 3697 virtute
2459 3639 2969 3712 contemplationis,
2997 3647 3052 3696 et
3093 3639 3238 3696 Deus
3270 3654 3370 3709 per
3402 3654 3524 3711 gra-

1930 3732 2062 3787 tiam
2109 3728 2253 3787 ﬁeri.
2298 3729 2449 3786 Disc.
2499 3728 2668 3786 Plane
2708 3728 3002 3801 perspicio,
3054 3745 3163 3807 non
3203 3728 3351 3785 aliud
3401 3743 3525 3785 esse

1929 3824 2134 3880 mundo
2178 3822 2380 3893 perire,
2421 3838 2589 3894 quam
2630 3823 2685 3878 in
2727 3838 2925 3879 causas
2958 3838 3088 3879 suas
3126 3822 3341 3889 redire,
3372 3831 3427 3878 et
3467 3823 3529 3877 in

1929 3915 2127 3972 melius
2173 3916 2393 3972 mutari.
2450 3914 2560 3972 Sed
2620 3915 2748 3986 quia
2804 3930 2936 3986 pars
2995 3913 3271 3972 sensibilis
3332 3912 3524 3969 mundi

1934 4009 2170 4070 maxima
2196 4018 2282 4066 est
2313 4023 2512 4079 corpus
2534 4008 2864 4074 humanum,
2898 4020 3008 4065 non
3046 4006 3190 4064 mole
3220 4006 3315 4063 sed
3349 4006 3528 4076 digni-

1934 4111 2046 4158 tate
2085 4100 2367 4159 rationalis
2409 4101 2647 4169 animae,
2686 4116 2794 4173 qua
2819 4098 3091 4155 formatur
3126 4108 3183 4155 et
3218 4099 3525 4156 viviﬁcatur

1933 4204 1990 4252 ct
2051 4196 2260 4268 regitur
2290 4203 2366 4259 ,et
2420 4194 2765 4260 continetur,
2821 4192 2888 4250 de
2936 4192 3109 4264 ipsius
3171 4192 3349 4249 reditu
3410 4200 3527 4247 tra-

1934 4296 2089 4344 ctare
2134 4286 2269 4344 ordo
2292 4301 2475 4344 rerum
2528 4285 2698 4359 exigit
2735 4293 2793 4343 et
2819 4284 3199 4358 disputationis
3235 4284 3426 4352 series,
3467 4284 3530 4341 ni
3612 4355 3621 4366 δ

1935 4376 2114 4435 fallor.
3072 4380 3079 4388 '
3612 4360 3632 4383 ’⁶

2007 4471 2098 4528 22.
2138 4470 2280 4529 MAG.
2318 4470 2379 4528 ιη
2416 4472 2523 4529 hoc
2562 4486 2670 4528 non
2705 4470 2952 4541 falleris;
2999 4471 3074 4528 ita
3119 4471 3263 4528 enim
3315 4479 3529 4529 instans
3598 4518 3603 4523 .

1939 4562 2026 4618 via
2052 4563 2323 4634 carpenda
2369 4570 2472 4619 est.
2502 4562 2651 4619 Disc.
2680 4561 2969 4634 Ingredere
2996 4562 3197 4632 itaque.
3229 4560 3372 4619 Mss.
3414 4559 3529 4617 Re-

246 4655 566 4728 implentur,
603 4656 779 4713 adhuc
809 4657 863 4721 in
894 4656 997 4712 hac
1041 4657 1149 4713 vita
1180 4658 1458 4714 constituti
1497 4658 1614 4714 solo
1654 4658 1838 4715 animo
1866 4626 1919 4689 θ
1941 4655 2113 4712 ditum
2142 4656 2438 4712 secundum
2461 4655 2682 4711 humani
2710 4654 3047 4727 corporis—
3079 4671 3205 4719 nam
3232 4655 3439 4727 primus
3468 4636 3545 4713 ini

244 4749 556 4814 intereunt,
586 4756 729 4804 totus
755 4749 1018 4814 mundus,
1056 4750 1272 4818 quando
1313 4749 1713 4817 terminabitur,
1754 4751 1838 4805 in-

247 4839 456 4896 teribit.
497 4839 557 4894 ln
585 4839 757 4911 ipsum
786 4840 953 4907 enim,
985 4841 1078 4911 qui
1116 4850 1337 4912 propter
1377 4840 1840 4910 superessentiali-

248 4939 420 4987 tatem
467 4945 600 4986 suae
625 4940 852 4987 naturae
878 4931 1014 4986 nihil
1042 4932 1240 4987 dicitur
1265 4972 1280 4997 ,
1334 4947 1651 4988 reversurus
1672 4932 1697 4965 ⁸
1729 4940 1835 4999 est,

248 5039 364 5081 non
383 5031 445 5080 ut
462 5033 612 5081 totus
631 5024 933 5091 deillcetur,
961 5032 1057 5079 aut
1080 5040 1202 5079 cum
1224 5024 1336 5080 Deo
1356 5041 1523 5081 unum
1544 5025 1834 5095 efficiatur,

247 5131 314 5176 ut
360 5118 626 5176 caelestes
667 5118 915 5184 virtutes,
957 5127 1012 5173 et
1039 5118 1257 5173 humani
1302 5119 1470 5175 animi
1520 5108 1828 5191 illuminati,

248 5211 492 5284 purgati,
540 5210 787 5280 perfecti,
835 5209 931 5265 sed
990 5221 1051 5264 ut
1096 5210 1513 5283 unumquodque
1551 5214 1574 5245 ⁸
1621 5230 1834 5283 eorum,

249 5303 457 5376 quibus
496 5302 914 5368 constituitur“,
959 5303 1013 5357 in
1054 5318 1202 5369 suas,
1245 5312 1305 5358 ut
1358 5319 1520 5375 saepe
1565 5306 1833 5375 diximus,

250 5404 566 5452 revertatur
614 5410 828 5453 causas.
856 5395 1065 5452 Causas
1112 5404 1292 5452 autem
1341 5399 1580 5455 omnium
1624 5401 1677 5456 in
1728 5401 1838 5459 Deo

1942 4747 2212 4804 elementa
2253 4748 2453 4804 solutio
2487 4748 2605 4819 ejus
2646 4758 2730 4803 est
2757 4778 2828 4789 —
2857 4750 3317 4807 resurrectionem
3358 4751 3532 4822 ipsius

1941 4858 2097 4910 esse,
2158 4843 2519 4898 communiter
2571 4842 2749 4898 omnis
2804 4840 3048 4901 Ecclesia
3105 4844 3328 4902 fatetur.
3375 4844 3527 4901 DISC.

1942 4936 2196 4992 Omnium
2248 4935 2467 5005 proprie
2522 4945 2777 5007 recteque
2824 4938 3162 4995 credentium
3221 4939 3529 4995 communis

1941 5026 2210 5084 confessio
2237 5037 2341 5094 est,
2390 5042 2498 5083 non
2541 5027 2690 5083 aliud
2728 5044 2851 5086 esse
2900 5030 3133 5087 reditum
3156 5030 3455 5087 secundum
3484 5030 3530 5062 ¹¹

1942 5135 2228 5193 ρονροτωιι
2243 5128 2461 5191 praeter
2489 5135 2678 5177 eorum
2703 5122 3184 5190 resurrectionem,
3208 5130 3263 5179 et
3286 5137 3354 5177 ex
3373 5131 3530 5193 quat-

1944 5225 2064 5271 tuor
2086 5214 2270 5270 mundi
2293 5214 2597 5281 elementis,
2628 5214 2682 5269 in
2704 5214 2897 5285 quae"
2910 5215 3212 5281 solvuntur,
3229 5217 3534 5272 revocatio-

1943 5325 2089 5365 uem.
2123 5307 2314 5364 Utrum
2362 5321 2493 5364 vero
2537 5307 2865 5377 resurrectio
2898 5323 3189 5379 corporum
3232 5307 3528 5365 secundum

1945 5403 2199 5475 gratiam,
2223 5417 2294 5457 an
2322 5401 2618 5458 secundum
2654 5407 2936 5468 naturam,
2962 5415 3032 5455 an
3072 5408 3306 5473 utraque
3329 5400 3373 5434 ¹⁸
3403 5415 3530 5455 cono

1539 5514 1795 5575 VARIAE
1830 5514 2228 5579 LECTIONES.

333 5623 619 5702 f_Sic_CF_;
666 5626 712 5681 Α
735 5635 851 5698 post
899 5627 1357 5702 resurrectionem:
1426 5629 1448 5702 ξ
1479 5625 1570 5683 Sic
1597 5628 1715 5702 CF;
1762 5630 1807 5685 Λ
1844 5630 2005 5702 quod.
2077 5630 2121 5702 ξΔ
2145 5626 2390 5702 deiﬁcati
2424 5642 2535 5702 om.
2572 5625 2637 5680 A.

1097 5705 1119 5736 ⁶
1158 5697 1249 5752 Sic
1273 5696 1393 5763 CF;
1425 5698 1470 5751 Λ
1516 5696 1887 5757 constituatur.

1016 5770 1058 5800 ¹⁰
1101 5768 1265 5823 Deum
1309 5769 1544 5825 videlicet
1574 5786 1685 5828 ein.
1716 5772 1821 5829 CF.
1900 5774 1939 5805 “
1971 5772 2061 5828 Sic
2090 5770 2174 5827 CF
2200 5786 2215 5837 ;
2239 5770 2284 5824 A
2324 5770 2469 5824 unio.

255 5702 282 5737 ⁸
312 5696 409 5753 Sic
432 5695 516 5753 CF
543 5714 558 5763 ;
584 5699 632 5752 A
655 5695 818 5755 unum
839 5698 999 5769 quod.

257 5769 305 5843 ᾼ
330 5769 549 5843 unitate.
637 5775 658 5806 ο
696 5770 743 5825 Α
772 5771 917 5843 quia.

263 5838 312 5873 ιδ
352 5839 400 5892 Δ
423 5848 662 5913 utroque.

669 5937 938 5996 Parnm.
994 5935 1151 5993 CXX
1175 5933 1251 5994 ll.

2733 5625 2756 5657 ‘
2785 5625 2878 5683 Sic
2913 5626 3038 5694 CF;
3073 5629 3119 5683 A
3163 5645 3394 5685 reversus
3421 5640 3526 5686 est.

2244 5697 2319 5772 F;
2365 5698 2413 5772 AA
2441 5698 2729 5772 dignantur
2764 5695 2871 5772 illis
2917 5701 3143 5772 angelis.
3219 5697 3240 5731 ⁸
3280 5700 3373 5757 Sic
3409 5700 3525 5765 CF;

3260 5772 3304 5804 ”
3339 5773 3384 5828 Α
3402 5789 3523 5842 qua.

2004 5703 2024 5733 "
2067 5698 2159 5751 Sic

2067 5699 2159 5755 Sic
2199 5699 2319 5763 CF;
2365 5699 2409 5752 A
2441 5699 2729 5769 dignantur
2764 5699 2871 5753 illis
2917 5701 3143 5772 angelis.

2090 5770 2174 5827 CF
2200 5786 2215 5828 ;
2239 5770 2284 5824 A
2324 5770 2469 5824 unio.
2581 5768 2623 5799 ¹²
2656 5771 2944 5827 secundum
2972 5787 3080 5828 om.
3112 5772 3174 5826 A.

3054 5946 3131 6006 $20

3056 5984 3091 6005 ﬁ
