4028 6282
522 368 629 425 899

1908 354 2022 412 JOA
2035 355 2190 411 NNIS
2231 354 2428 411 SCOTl

3710 352 3819 407 900

523 486 778 539 currente
808 489 902 543 sn,
924 475 1331 547 quaerendum;
1364 487 1486 527 nam
1516 471 1631 529 fere
1658 486 1862 543 paucos
1902 472 1967 527 de
2008 472 2110 525 hoc
2139 478 2185 536 Α
2211 471 2358 539 pitur
2408 470 2428 500 ⁸
2477 472 2529 524 in
2585 478 2746 533 terra,
2810 476 2857 522 et
2904 476 3015 536 post
3070 474 3269 537 tempus
3321 476 3507 534 terra,
3565 484 3713 539 quae
3774 472 3822 522 ei

523 582 821 631 tractantes
849 572 1045 641 reperi.

589 667 681 722 25.
714 665 856 721 MAG.
888 664 1000 721 Nec
1033 680 1136 736 ego
1167 663 1444 728 recordor,
1471 675 1559 719 me
1603 660 1656 715 in
1686 660 1868 715 latinis
1900 658 2102 714 codici-

523 761 628 817 bus
656 760 872 832 legisse,
902 774 1011 814 non
1049 758 1193 830 quod
1234 755 1488 812 fortassis
1523 754 1590 811 de
1634 754 1738 810 hac
1784 751 2108 823 quaestione

522 861 820 909 tractatum
849 868 885 922 a
903 851 1137 923 quodam
1168 850 1329 907 nobis
1351 849 1528 906 adhuc
1557 847 1830 919 incognito
1865 861 1973 902 non
2002 845 2105 910 sit,

523 945 851 1015 utgopinor;
876 959 983 1000 non
1025 943 1169 998 enim
1208 941 1507 1013 putandum
1538 948 1644 1004 est,
1690 938 1964 993 Batnanae
2002 935 2109 990 lin-

526 1053 667 1109 guae
700 1043 957 1093 auctores
985 1036 1125 1090 hanc
1154 1048 1400 1106 magnam
1430 1031 1806 1103 quaestionem
1847 1029 2105 1085 intactam

521 1128 980 1199 praetermisisse,
1004 1134 1099 1181 aut
1119 1134 1358 1182 notatam
1380 1139 1488 1181 non
1520 1132 1779 1179 tractasse
1804 1136 1817 1175 :
1845 1121 1940 1177 sed
1965 1120 2112 1192 quod

524 1221 579 1276 in
626 1237 821 1277 manus
836 1228 1052 1277 nostras
1088 1219 1122 1283 ¹,
1159 1220 1203 1275 si
1231 1219 1358 1289 quid
1396 1219 1520 1273 inde
1548 1205 1830 1273 deﬁnitum
1871 1224 1974 1281 est,
2000 1230 2108 1270 non

522 1314 789 1386 pervenit.
821 1313 1052 1382 Ideoque
1081 1311 1208 1367 dum
1238 1309 1332 1366 diu
1357 1324 1455 1380 per
1482 1322 1567 1363 me
1588 1309 1760 1377 ipsum
1792 1307 1856 1360 de
1887 1306 1989 1360 hoc
2018 1318 2107 1359 co-

528 1406 788 1477 gitabam,
828 1404 907 1459 nil
956 1402 1097 1458 aliud
1148 1401 1281 1456 mihi
1326 1399 1669 1464 occurrebat,
1710 1407 1927 1469 praeter
1965 1395 2108 1465 quod

522 1494 857 1553 resurrectio
894 1502 1235 1551 mortuorum
1267 1490 1593 1562 generaliter
1632 1487 1898 1545 bonorum
1939 1486 2114 1542 malo-

450 1576 464 1621 ⁷
525 1602 757 1659 rumque
801 1601 907 1642 non
948 1584 1051 1642 nisi
1099 1582 1214 1639 sola
1266 1579 1647 1652 Redemptoris
1698 1578 1886 1634 mundi
1931 1577 2107 1649 gratia

522 1680 705 1736 futura
730 1679 823 1745 sit,
851 1676 997 1735 nulla
1025 1674 1258 1731 naturali
1288 1674 1485 1729 virtute
1506 1680 1754 1743 cogente,
1781 1670 1839 1726 in
1874 1678 2104 1738 tantum,

524 1783 588 1829 ut
621 1772 666 1829 si
709 1772 851 1831 Deus
881 1767 1112 1825 Verbum
1139 1782 1269 1823 caro
1290 1764 1492 1823 factum
1530 1781 1638 1822 non
1678 1764 1855 1831 tierct,
1886 1773 1941 1818 et
1968 1765 2110 1818 inter

523 1865 773 1920 homines
802 1869 1156 1919 conversatus
1191 1874 1298 1914 non
1328 1866 1510 1924 esset,
1539 1866 1593 1913 ct
1624 1868 1790 1913 totam
1817 1857 2112 1913 humanam

535 1966 786 2015 naturam
818 1970 926 2012 non
954 1954 1260 2024 reciperet,
1288 1952 1474 2022 inqua
1504 1966 1693 2021 passus
1728 1958 1813 2006 est
1841 1960 1896 2006 et
1926 1966 2111 2007 resur-

536 2051 701 2117 rexit,
728 2048 877 2105 nulla
903 2055 1237 2105 mortuorum
1282 2044 1613 2101 resurrectio
1642 2041 1801 2099 foret.
1835 2041 1901 2097 Et
1936 2051 1996 2097 ut
2035 2043 2114 2099 sic

534 2118 926 2217 iphéligerem,
966 2156 1033 2199 eo
1072 2140 1217 2212 quod
1258 2139 1373 2210 ipse
1415 2137 1582 2202 dixit,
1613 2144 1879 2192 attractus
1918 2151 2108 2192 eram:

535 2236 653 2307 Ego
686 2252 813 2297 sum.
841 2233 1151 2289 resurrectio
1179 2240 1227 2285 et
1258 2232 1365 2285 vita
1388 2247 1407 2295 ;
1444 2244 1508 2285 ac
1537 2229 1582 2283 si
1611 2243 1709 2300 per
1738 2226 1904 2283 solam
1936 2228 2114 2283 incar-

524 2329 802 2391 nationem
826 2326 995 2398 ipsius
1009 2335 1031 2367 ι
1050 2322 1301 2397 generale
1322 2324 1426 2378 hoc
1445 2322 1671 2388 donum,
1694 2320 1841 2375 nullo
1862 2328 2110 2390 excepto,

529 2431 707 2495 genus
742 2422 1040 2479 humanum
1069 2416 1342 2488 acceperit
1367 2414 1411 2483 ³,
1442 2414 1893 2477 resurrectionem
1926 2412 2113 2468 videli-

530 2522 623 2571 cet
646 2530 676 2568 a
707 2512 964 2578 mortuis,
991 2511 1096 2567 hoc
1141 2517 1225 2565 est
1256 2506 1657 2563 restitutionem
1692 2514 1747 2561 et
1774 2505 2115 2576 redintegra-

530 2606 732 2667 tionem
782 2604 947 2661 totius
995 2602 1232 2659 hominis
1276 2609 1544 2663 naturae,
1589 2615 1728 2669 quae
1784 2612 2013 2668 corpore
2060 2606 2113 2651 et

531 2698 713 2769 anima
746 2696 1040 2763 constituta
1077 2703 1179 2749 est.
1213 2692 1270 2748 Si
1304 2700 1484 2748 autem
1522 2690 1617 2747 Dei
1653 2689 1899 2749 Verbum
1923 2692 2111 2749 Imma-

526 2807 655 2859 πλείω
688 2800 943 2859 naturam
970 2805 1079 2849 non
1118 2787 1451 2859 susciperet,
1481 2794 1537 2842 et
1580 2786 1635 2841 in
1670 2801 1734 2843 ea
1772 2802 1839 2840 ex
1886 2786 2114 2840 mortuis

530 2901 638 2945 non
669 2891 1011 2954 resurgeret,
1040 2882 1233 2947 nullus,
1268 2881 1489 2949 omnino
1527 2879 1938 2935 resurrectionis
1990 2894 2111 2948 gra—

527 2978 658 3039 tiam
686 2976 935 3043 haberet,
959 2976 1078 3041 sed,
1100 2974 1244 3030 sicut
1271 2983 1578 3031 ceterorum
1611 2969 1921 3027 animalium
1953 2969 2108 3024 cada-

522 3087 676 3138 vera,
718 3072 771 3133 in
800 3080 1018 3141 terreno
1042 3070 1263 3140 pulvere
1293 3065 1679 3140 perpetualitcr
1717 3066 1950 3120 humana
1991 3077 2108 3117 cor-

525 3179 658 3237 pora
705 3171 1110 3235 pennanerent.
1156 3161 1269 3217 Hoc
1321 3161 1497 3215 etiam.
1532 3156 1787 3229 putabam
1815 3196 1829 3221 ,
1887 3154 2110 3209 audiens

527 3258 848 3331 Apostolum
891 3257 1157 3313 dicentem
1177 3296 1191 3320 ,
1229 3254 1372 3324 quod
1402 3252 1543 3315 Deus
1587 3248 1809 3304 Verbum
1842 3248 1906 3301 sit
1932 3246 2114 3318 primi-

526 3352 631 3405 tiae
677 3359 1026 3413 mortuorum.
1074 3345 1218 3400 Haec
1254 3356 1374 3399 erat
1432 3358 1551 3400 mea
1606 3342 1671 3401 de
1718 3338 2116 3394 resurrectione

533 3449 873 3496 mortuorum
913 3438 1116 3509 Opinio.
1153 3438 1261 3493 Sed
1284 3446 1569 3507 postquam
1609 3435 1779 3499 sancti
1806 3431 2115 3502 Epiphanii,

527 3534 768 3605 episcOpi
791 3532 1140 3593 Constantiae
1166 3529 1351 3603 Cypri,
1373 3531 1703 3584 Ancoratum
1727 3526 1748 3556 ⁵
1772 3524 1914 3599 Lseu]
1940 3526 1983 3562 δ’
2003 3540 2117 3581 ser-

530 3640 748 3683 monem
773 3626 839 3681 de
871 3624 1003 3680 Fide
1046 3623 1172 3694 legi,
1199 3624 1487 3694 magnique
1508 3619 1753 3689 Gregorii
1777 3617 2031 3689 Theologi
2054 3618 2119 3682 de

534 3718 775 3785 imagine
804 3715 1244 3787 disputationem,
1279 3714 1479 3768 mutavi
1520 3712 1957 3779 sententiam,,ut
2001 3710 2117 3765 illo-

534 3826 659 3867 rum
703 3807 1013 3864 auctoritati
1069 3806 1435 3873 consentiens,
1478 3819 1763 3875 meamque
1806 3804 2118 3887 opinionem

531 3900 941 3977 parsipendens
962 3899 1005 3965 ',
1028 3899 1482 3967 resurrectionem
1510 3906 1843 3963 mortuorum
1888 3895 2118 3965 naturali

528 3996 733 4051 uirtute
756 3992 999 4055 futuram
1018 4006 1147 4053 esse
1167 3992 1540 4055 concederern.
1562 3989 1796 4063 Ideoque
1822 3989 2116 4051 eorundem

532 4088 697 4149 verba
734 4086 862 4151 huic
904 4096 1121 4143 nostrae
1164 4084 1436 4156 praesenti
1486 4082 1833 4154 disputationi
1880 4083 2119 4136 inserere

537 4194 646 4237 non
670 4179 1028 4250 incongruum
1061 4177 1320 4249 iudicavi.
1353 4174 1638 4239 Praelatus
1682 4176 1863 4245 itaque
1892 4173 2120 4244 Epipha-

537 4271 663 4326 nius
689 4270 801 4341 ,_de
861 4268 1262 4335 resurrectione
1303 4266 1619 4336 disputans,
1650 4263 1993 4336 Graecosque
2041 4280 2119 4320 re-

532 4363 929 4422 mrrectionetn
948 4358 1168 4413 omnino
1195 4368 1454 4428 negantes
1475 4357 1820 4423 convincens,
1837 4357 1972 4412 haec
1996 4357 2071 4410 ait
2102 4374 2115 4413 :

538 4453 727 4517 Graeci
754 4452 965 4525 quidem
984 4452 1191 4523 penitus
1216 4452 1646 4517 resurrectionem
1674 4459 1885 4520 negant,
1900 4450 2069 4504 Deum
2099 4449 2119 4480 °

2210 564 2572 618 commendata
2624 572 2767 627 sunt,
2814 561 3005 617 reddit.
3067 556 3279 616 Semina
3322 562 3619 631 germinum
3661 565 3821 616 semi-

2211 665 2426 719 nantur,
2458 665 2503 709 et
2551 654 2777 725 primum
2829 653 3157 717 moriuntur;
3195 651 3242 706 si
3270 652 3407 706 enim
3435 669 3540 707 non
3573 654 3818 707 moriun-

2211 757 2316 812 tur,
2374 765 2476 801 non
2511 747 2858 815 riuiﬁcantur.
2904 743 3192 816 Signacula
3234 745 3287 798 in
3335 746 3481 799 nobis
3508 744 3657 799 Deus
3690 745 3818 814 {erit

2212 840 2610 895 resurrectionis
2655 857 2748 910 per
2794 856 2990 911 ungues
3032 838 3209 893 decem
3238 848 3287 893 et
3318 840 3530 904 decem,
3566 841 3817 893 testimo-

2210 934 2355 987 nium
2413 932 2686 1003 perltibens
2717 933 2780 986 de
2809 942 2987 987 nostra
3016 948 3124 1002 spe.
3191 930 3299 988 Sed
3338 940 3387 989 et
3418 932 3494 987 sic
3535 949 3631 1003 per
3659 949 3819 987 coro-

2212 1042 2336 1081 nam
2380 1026 2588 1092 capitis,
2616 1043 2807 1098 perque
2853 1026 3070 1096 capillos
3111 1035 3344 1080 nostram
3372 1026 3818 1080 resurrectionem

2210 1118 2498 1189 praedicat.
2547 1116 2700 1184 Quod
2722 1120 2861 1173 enim
2888 1118 3091 1172 videtur
3133 1118 3187 1171 in
3217 1119 3367 1171 nobis
3394 1127 3667 1171 mortuum
3699 1134 3821 1172 cor-

2212 1230 2332 1281 pus,
2364 1213 2462 1267 ltoc
2488 1222 2587 1279 est,
2610 1211 2811 1283 capilli,
2833 1212 3062 1284 quotidie
3095 1213 3279 1280 secuti,
3302 1220 3352 1267 et
3384 1229 3585 1283 ungues
3614 1213 3818 1269 item

2213 1316 2449 1360 crescunt
2471 1314 2518 1372 ο,
2569 1306 2927 1377 signiﬁcantes
2957 1306 3355 1363 resurrectionis
3402 1323 3571 1377 spem.
3602 1305 3684 1363 Et
3709 1324 3819 1364 non

2213 1410 2287 1455 est
2315 1399 2614 1470 fabulosum
2644 1402 2816 1456 dicere
2851 1411 3064 1471 propter
3092 1400 3391 1459 incredulos
3435 1402 3697 1473 exempla.
3722 1421 3821 1457 ne-

2213 1501 2383 1546 turae.
2429 1489 2712 1547 Palumbes
2759 1510 2905 1558 aues,
2935 1492 3189 1549 animalia
3242 1510 3344 1547 non
3371 1494 3531 1551 simul
3567 1494 3819 1553 uelociter

2214 1584 2469 1652 uolantia,
2496 1586 2795 1639 moriuntur
2840 1596 3169 1653 semenstres,
3218 1595 3267 1639 et
3299 1594 3414 1654 post
3449 1586 3819 1656 quadraginta

2214 1676 2325 1733 dies
2351 1679 2597 1732 continuo
2630 1679 2959 1735 reviviscunt.
3012 1676 3260 1751 κάνθαροι
3313 1716 3330 1742 ,
3351 1678 3450 1731 hoc
3484 1677 3813 1735 easeaer-

2217 1787 2328 1837 nes,
2356 1770 2595 1840 futuram
2614 1770 2697 1825 sui
2726 1780 2943 1825 mortem
2974 1770 3281 1836 sentientes,
3302 1770 3358 1822 in
3383 1770 3671 1840 sphaeram
3703 1770 3821 1838 ﬁni

2213 1880 2269 1917 se
2290 1862 2426 1933 ipsos
2474 1861 2823 1928 abscondunt,
2863 1860 3166 1932 sepelientes
3215 1862 3384 1932 ipsam
3431 1861 3731 1932 sphaeram.
3762 1863 3815 1917 in

2213 1964 2365 2011 terra
2402 1965 2450 2010 et
2499 1956 2806 2022 obruentes;
2859 1973 2921 2010 ac
2965 1957 3041 2012 sic
3093 1973 3159 2012 ex
3189 1974 3285 2012 suo
3336 1958 3563 2015 hutnore
3613 1959 3819 2011 iterm

2212 2046 2547 2102 inveniuntur
2590 2063 2657 2102 ea:
2682 2048 2792 2101 suis
2842 2046 3072 2119 reliquiis
3116 2049 3496 2103 reviviscentes.
3530 2046 3611 2105 De
3638 2044 3814 2102 Phae-

2216 2138 2330 2193 nice
2377 2155 2471 2193 ave
2523 2137 2752 2193 Arabica
2787 2140 3113 2210 superﬂuum
3164 2139 3297 2199 milii
3325 2150 3399 2195 est
3429 2140 3609 2195 dicere
3624 2156 3648 2205 ;
3696 2140 3811 2210 jetl

2215 2247 2440 2301 namque
2488 2230 2543 2285 in
2589 2247 2745 2286 aures
2778 2230 3063 2295 multorum
3094 2233 3227 2286 venit
3257 2231 3497 2300 ﬁdelium
3538 2242 3584 2286 et
3619 2231 3815 2301 inﬁde-

2214 2322 2363 2377 lium.
2399 2320 2541 2376 Haec
2598 2334 2674 2377 est
2706 2332 2879 2378 autem
2910 2325 3075 2395 ipsius
3099 2342 3282 2379 causa.
3315 2324 3810 2396 Quingentesim

2214 2430 2425 2469 annum.
2462 2431 2716 2484 peragens
2750 2415 3047 2483 praenoscit
3093 2424 3293 2487 tempus
3332 2415 3516 2471 mortis
3567 2433 3707 2471 suae
3738 2418 3811 2471 in-

2214 2519 2373 2565 stare.
2434 2508 2747 2580 Sepulcrum
2784 2512 2922 2566 enim
2967 2520 3218 2583 operatur
3244 2511 3603 2577 aromatibus,
3645 2511 3807 2565 illum

2214 2619 2315 2672 que
2336 2601 2511 2671 [cteris
2537 2603 2681 2657 uenit.
2703 2603 2758 2656 in
2784 2602 3044 2658 civitatem
3070 2601 3460 2676 Aegyptiorum,
3491 2621 3638 2674 quae
3664 2622 3808 2660 υοίαν

2214 2703 2301 2749 tur
2330 2692 2608 2764 Eliopalis,
2640 2694 2694 2748 id
2728 2704 2801 2748 est
2851 2694 2978 2749 solis
3030 2695 3234 2760 ciuitas,
3266 2705 3314 2749 et
3338 2695 3542 2766 plantis
3576 2699 3697 2753 suis
3724 2715 3808 2768 pe-

2214 2795 2357 2839 ctora
2386 2802 2495 2839 sua.
2515 2784 2738 2841 multum
2786 2786 3100 2855 percutiens,
3135 2785 3307 2857 ignem
3350 2787 3417 2843 de
3445 2804 3549 2842 suo
3592 2805 3811 2859 corpote

2211 2875 2501 2946 proferens,
2536 2875 2764 2931 incendit
2813 2876 3104 2946 subjectum
3146 2878 3200 2931 in
3243 2877 3355 2931 loco
3415 2878 3661 2949 sepulcri
3700 2898 3811 2933 usa-

2213 2966 2439 3034 teriam,.
2477 2983 2539 3033 ac
2573 2967 2650 3021 sic
2695 2967 2921 3038 seipsum
2956 2976 3121 3022 totum
3150 2968 3431 3037 comburit,
3482 2979 3533 3022 et
3579 2969 3627 3000 ¹⁹
3680 2980 3813 3024 totus

2213 3077 2394 3117 carnes
2423 3077 2547 3117 suas
2580 3077 2699 3116 cum
2737 3062 2958 3116 ossibus.
3012 3061 3200 3116 Diuina
3247 3073 3426 3119 autem
3463 3064 3812 3121 adndnistre»

2218 3156 2355 3217 tione
2382 3155 2809 3221 nubesmittitur,
2836 3166 2883 3209 et
2909 3153 3063 3225 pluit,
3091 3167 3137 3209 et
3166 3157 3679 3228 exstinguitlcorpus
3710 3160 3812 3213 esis

2220 3261 2604 3307 consumentem
2643 3252 2683 3281 ¹¹
2729 3252 3020 3321 ﬂantmam,
3049 3259 3257 3306 mortua
3283 3250 3496 3321 quidam
3536 3252 3665 3321 jam
3711 3254 3814 3307 esi-

2217 3354 2378 3399 stente
2402 3362 2521 3411 ave,
2538 3354 2586 3398 et
2608 3344 2811 3414 penitus
2833 3342 3081 3410 ardente;
3105 3344 3362 3399 exstincta
3391 3354 3575 3403 autem
3595 3346 3814 3416 ﬁamus

2220 3439 2473 3509 reliquiae
2494 3438 2670 3493 carnis
2699 3437 2812 3508 ejus
2837 3447 3175 3508 consumptae
3205 3435 3608 3509 relinquuntur,
3637 3449 3691 3492 et
3730 3454 3815 3507 per

2219 3545 2380 3584 unam
2406 3528 2545 3584 diem
2567 3545 2671 3583 non
2699 3538 3029 3600 apparentes,
3054 3546 3277 3584 vemens
3304 3530 3554 3599 gignunt,
3583 3532 3683 3601 qui
3712 3547 3816 3586 oss-

2218 3622 2319 3676 ntis
2349 3621 2645 3693 plumescit,
2681 3632 2728 3676 et
2772 3638 2933 3678 nouus
2976 3622 3060 3691 ﬁt,
3098 3622 3254 3677 tertia
3291 3622 3377 3676 die
3423 3622 3727 3689 solidatur,
3767 3634 3814 3678 et

2218 3712 2476 3768 solidatas
2531 3713 2704 3768 locum
2734 3713 3114 3784 inquirentibus
3161 3714 3679 3768 etntinistrantibus
3707 3713 3814 3767 loco

2219 3826 2273 3868 se
2318 3810 2491 3880 ipsum
2542 3809 2868 3879 manifestat,
2923 3819 2972 3864 et
3015 3810 3209 3865 iterum
3268 3810 3325 3864 in
3385 3826 3544 3865 suam
3594 3811 3815 3867 tecum!

2219 3900 2467 3972 patriam,
2509 3900 2649 3955 unde
2679 3901 2831 3966 venit,
2858 3910 2906 3957 et
2955 3900 3257 3955 combustus
3278 3900 3608 3971 justenescit.
3654 3901 3815 3959 Aldi-

2221 3991 2290 4048 eti
2325 3990 2708 4060 Epiphaniam.
2744 3990 2801 4046 Si
2844 4006 2973 4061 ergo
3025 3991 3078 4046 in
3109 3991 3493 4048 restaurandis
3534 3992 3817 4049 rebusin!-

2222 4080 2478 4151 maniquc
2524 4081 2769 4151 corporis
2803 4081 3051 4150 partibus
3105 4081 3373 4138 naturalis
3399 4082 3485 4138 vis
3531 4093 3813 4155 opust-tr,

2223 4173 2387 4244 inque
2427 4172 2752 4229 animalibus
2780 4173 3241 4230 irrationabilihtls
3289 4175 3719 4241 resuscitandis,
3760 4185 3815 4231 ut

2222 4266 2453 4337 praelati
2506 4267 2745 4323 auctoris
2773 4266 3072 4338 approbant
3096 4267 3345 4339 exempla
3377 4286 3390 4322 :
3425 4268 3560 4338 quid
3595 4270 3813 4331 mirum,

2224 4360 2269 4415 si
2314 4358 2492 4415 vitalis
2542 4367 2598 4419 et
2631 4359 2892 4416 naturalis
2947 4360 3141 4425 virtus,
3170 4375 3310 4431 quae
3350 4377 3638 4432 nunquam
3690 4363 3815 4417 suh-

2224 4451 2479 4505 stantiam
2526 4451 2887 4506 ltmnanorum
2918 4465 3203 4522 corporum
3245 4451 3468 4517 deserit,
3519 4454 3572 4507 in
3607 4463 3813 4509 tantum

534 4548 836 4618 ignorantes
885 4544 1115 4615 ejusque.
1139 4542 1425 4609 mandata;
1475 4554 1811 4600 ueruntamen
1854 4555 2118 4616 resurgent
2151 4578 2198 4639 υ
2224 4544 2518 4615 praevalet,
2569 4552 2627 4599 ut
2655 4544 2823 4615 ipsius
2849 4545 3165 4616 operatione
3198 4545 3315 4617 ipsa
3343 4562 3577 4618 corpora
3630 4549 3698 4603 ad
3734 4549 3811 4603 vi-

540 4642 701 4697 etiam
742 4637 993 4709 nolentes.
1028 4635 1153 4709 Ipsa
1186 4638 1321 4692 enim
1366 4645 1610 4690 creatura
1640 4636 1795 4706 plane
1820 4653 1905 4691 eos
1933 4637 2117 4690 redar-

536 4735 691 4807 guit,
732 4730 1075 4800 manifestans
1131 4728 1363 4801 quotidie
1420 4730 1815 4784 resurrectionis
1866 4729 2113 4799 formam.

543 4821 1008 4899 Qcciditnamque
1028 4823 1164 4888 dies,
1194 4832 1241 4877 et
1286 4832 1610 4877 mortuorum
1647 4823 1933 4878 imbuimur
1957 4824 1977 4856 ⁷
2007 4839 2118 4878 mo—

537 4915 708 4981 dum;
748 4915 927 4969 ablata
966 4926 1112 4970 nocte
1151 4915 1321 4970 oritur
1339 4915 1469 4982 dies,
1492 4931 1585 4970 nos
1625 4917 1912 4988 inspirans,
1946 4927 1995 4972 et
2041 4932 2123 4971 re-

545 5009 888 5065 surrectionis
931 5010 1137 5082 signum
1172 5009 1469 5065 insinuans.
1517 5008 1848 5083 Colliguntur
1893 5011 2120 5081 fructus,

537 5110 587 5155 et
642 5110 811 5155 status
854 5102 1203 5175 praesentium
1252 5111 1480 5167 secatur,
1535 5113 1743 5158 nostrae
1785 5104 1905 5159 hinc
1948 5114 2123 5160 trans-

549 5193 859 5251 mutationis
904 5193 1122 5267 deﬁnita
1167 5196 1374 5266 specie;
1410 5197 1701 5250 seminatur
1736 5204 1877 5252 terra
1921 5206 1969 5251 et
2006 5212 2124 5267 pro-

548 5286 691 5345 ducit
721 5326 759 5359 ,,
810 5288 934 5359 quia
1003 5288 1239 5358 deposita
1300 5288 1499 5343 semina
1567 5298 1681 5360 post
1746 5306 2004 5356 messem,
2067 5289 2123 5346 id

458 5372 465 5383 ’
539 5388 646 5445 est,
693 5389 817 5449 post
870 5378 1241 5436 collectionem
1286 5380 1524 5451 frugum,
1553 5391 1841 5453 resurgent.
1896 5380 2126 5439 Locusta

536 5482 749 5527 mortua
804 5483 851 5526 et
902 5471 1139 5540 sepulta,
1188 5473 1327 5542 quod
1376 5489 1440 5527 ea;
1487 5489 1547 5527 ea
1599 5473 1913 5544 projectum,
1946 5474 2126 5527 conci-

2228 4645 2336 4690 tam
2365 4635 2744 4702 restituantur,
2772 4647 2828 4691 et
2854 4638 2923 4693 ad
2970 4639 3136 4694 totius
3168 4640 3441 4696 humanae
3468 4650 3701 4697 naturae
3732 4643 3812 4697 in-

2222 4725 2564 4796 tegritatem?
2583 4724 2901 4783 Ceterornm
2923 4744 3161 4800 namque
3178 4731 3515 4799 animalium,
3539 4735 3813 4790 ninnium.

2221 4833 2326 4888 que
2356 4834 2537 4875 rerum
2564 4820 2902 4876 sensibilium
2932 4821 3147 4877 diversa
3178 4832 3231 4878 et
3262 4824 3519 4894 specialia
3556 4842 3814 4897 corpora.

2222 4917 2479 4989 quoniam
2520 4925 2576 4971 et
2614 4916 2668 4971 in
2712 4916 2844 4987 ipsis
2881 4917 3062 4972 vitalis
3091 4928 3291 4984 motus,
3314 4920 3442 4974 dum
3476 4918 3670 4978 formis
3704 4923 3819 4979 suis

2223 5011 2591 5077 continentur,
2644 5011 2784 5082 viget
2815 5020 2870 5066 et
2918 5019 3116 5078 movet,
3151 5013 3276 5069 dum
3323 5013 3642 5081 solvuntur,
3671 5016 3814 5082 silet,

2223 5119 2565 5176 nequaquam
2616 5111 2794 5159 tamen
2830 5119 3016 5159 eorum
3064 5105 3421 5160 substantiam
3470 5107 3700 5171 deserit,
3728 5124 3817 5179 ge-

2226 5194 2488 5253 neraliter
2511 5208 2634 5249 cum
2650 5195 2851 5249 mundo
2877 5194 3184 5250 transibunt
3212 5196 3278 5261 ¹³,
3311 5211 3378 5252 eo
3423 5198 3583 5254 modo
3637 5208 3812 5254 trans-

2227 5287 2412 5354 eundi,
2462 5286 2530 5341 de
2556 5302 2664 5356 quo
2704 5286 2857 5356 plura
2887 5287 3135 5357 superius
3167 5289 3539 5349 tractavimus.
3592 5292 3657 5345 Et
3684 5308 3819 5362 que-

2228 5379 2376 5435 niam
2406 5388 2598 5434 cuncta
2628 5377 2907 5433 sensibilia
2950 5386 3006 5432 et
3038 5377 3396 5450 intclligihilia
3445 5382 3500 5436 in
3547 5383 3819 5437 humane

2230 5483 2458 5529 naturae
2503 5470 2838 5541 plenitudine
2863 5471 3078 5527 condita
3112 5481 3256 5539 sunt,
3301 5490 3431 5529 num
3461 5475 3656 5530 rationi
3692 5477 3819 5531 resi-

1856 5583 2112 5640 VARIAE
2154 5581 2559 5640 LECTIONES.

613 5704 630 5735 ¹
656 5703 746 5757 Sic
776 5698 859 5754 CF
884 5717 897 5761 ;
940 5701 982 5753 A
1009 5716 1167 5754 nteas.
1246 5700 1267 5731 '
1298 5697 1389 5754 Sic
1426 5672 1541 5764 CF;
1567 5699 1609 5753 A
1636 5700 1769 5770 ejus.
1849 5700 1869 5731 ³
1908 5698 1992 5754 CF
2030 5698 2355 5770 acciperet.__
2378 5700 2399 5733 δ
2426 5695 2520 5770 Sic
2546 5695 2614 5770 Cp;
2642 5694 2725 5750 Cl"
2759 5707 3115 5770 accuratum._
3166 5697 3207 5729 δ’
3230 5715 3324 5756 seu
3344 5716 3455 5755 om.
3489 5700 3663 5770 A89;
3693 5704 3814 5761 ald.

876 5774 896 5804 ⁸
922 5773 963 5823 Α
1003 5787 1191 5839 parum
1227 5771 1473 5840 pendens.
1554 5771 1573 5801 ⁶
1613 5771 1650 5823 Α
1688 5770 1985 5824 Dominum.

541 5791 611 5830 ex.
659 5773 798 5843 conj.
876 5774 896 5804 ⁸
922 5773 963 5823 Α
1003 5787 1191 5839 parum
1227 5786 1343 5840 pent

542 5844 661 5895 CF;
714 5844 756 5895 Λ
796 5852 1039 5895 crescent.
1136 5841 1177 5870 ¹⁰
1210 5842 1256 5893 Α
1282 5858 1343 5895 ac

542 5844 626 5899 CF
646 5862 661 5911 ς
714 5844 756 5896 Λ
796 5852 1020 5896 crescent
1031 5879 1039 5889 .

2084 5769 2105 5800 ⁷
2142 5766 2239 5823 Sic
2272 5767 2355 5823 LF
2383 5785 2395 5828 ;
2438 5768 2477 5820 Λ
2507 5768 2759 5822 imitatur.

1446 5842 1484 5871 “
1536 5841 1618 5895 CF
1661 5851 2069 5895 consumantem.
2110 5839 2269 5909 (sic!)
2349 5841 2391 5877 ¹¹
2425 5838 2513 5893 Sic
2557 5838 2683 5903 CF;
2718 5840 3044 5896 Atransibit.

2861 5774 2883 5805 ⁸
2913 5769 3003 5842 Sic
3032 5768 3156 5836 CF;
3188 5771 3239 5825 Δ·
3260 5768 3602 5842 conspicitan
3680 5775 3703 5804 "
3731 5776 3815 5830 Sic
