4028 6282
227 381 324 436 901

1084 382 1168 438 DE
1212 381 1552 441 DIVISIONE
1594 384 1942 440 NATURAE.
1984 415 2053 425 -—
2093 385 2292 440 LIBER
2333 385 2655 454 QUINTUS.

3401 391 3506 446 902

226 493 340 555 stit,
371 492 416 546 si
444 501 614 546 totum
657 493 915 548 mundum
972 509 1090 549 cum
1125 500 1379 556 omnibus
1409 503 1521 558 suis
1573 502 1818 573 partibus
1847 511 1893 568 Α
1923 513 2062 563 rere,
2113 513 2273 569 quam
2321 514 2550 568 corpora
2601 501 2652 552 in
2698 499 2986 555 caelestem
3019 501 3332 571 qualitatem
3376 517 3507 557 con-

229 594 475 654 tempore
517 585 880 641 restitutionis
939 587 1106 656 ipsius
1153 601 1403 660 naturae,
1439 595 1491 648 in
1532 609 1638 665 qua
1677 601 1820 649 totus

229 675 558 738 continetur,
611 676 848 745 generali
894 681 1124 746 quadam
1177 685 1594 740 resurrectionis
1640 686 1821 756 specie

228 778 663 822 resurrecturum
681 767 1418 830 deliberemus?Praesertim
1434 781 1556 832 cuni
1567 777 1820 831 omnium

226 859 594 922 sensibilium,
619 861 744 914 dum
778 861 832 915 in
878 879 938 917 se
968 865 1080 934 ipsa
1111 867 1126 896 ¹
1171 869 1548 924 consideratur
1599 881 1816 934 natura,

227 969 333 1006 una
381 953 679 1023 eademque
727 955 1074 1025 perspicitur,
1125 968 1180 1012 et
1227 959 1282 1013 in
1324 961 1427 1016 hoc
1469 962 1669 1015 mundo
1711 976 1819 1016 non

226 1047 670 1116 magnitudinem
706 1063 1001 1118 corporeae
1028 1053 1203 1115 molis,
1251 1054 1344 1108 sed
1398 1054 1819 1125 incorporalium

226 1140 652 1194 substantiarum
691 1142 1070 1198 adunationem
1097 1147 1302 1214 absque
1335 1148 1481 1201 omni
1523 1148 1737 1202 cumulo
1766 1158 1820 1203 et

225 1233 465 1302 partium
497 1235 918 1304 exaggeratione
937 1237 1018 1290 vel
1069 1240 1462 1309 compositione
1485 1253 1612 1295 vera
1638 1241 1820 1296 consi-

225 1326 542 1380 derat-ratio
568 1341 582 1378 :
615 1327 757 1381 sicut
802 1328 854 1382 in
901 1331 1130 1385 monade
1157 1340 1212 1386 et
1234 1333 1286 1386 in
1308 1342 1498 1389 centro
1524 1345 1819 1406 non‘quan;

228 1420 435 1473 titatem
462 1420 543 1474 vel
565 1420 885 1489 qualitatem
936 1437 1286 1480 ntunerorum
1314 1435 1368 1480 et
1401 1426 1687 1492 linearum,
1725 1427 1820 1482 sed

225 1510 397 1563 solam
429 1510 706 1575 virtutem,-
735 1527 874 1582 quae
907 1513 1050 1567 nulla
1081 1515 1241 1581 mole,
1270 1516 1418 1571 nullo
1447 1519 1646 1587 spatio,
1673 1518 1818 1572 nulla

223 1601 532 1669 quantitate
581 1611 634 1656 et
687 1603 948 1672 qualitate
983 1591 1478 1674 circumscribitur,
1539 1610 1814 1680 perspicit.

225 1693 324 1747 Est
344 1695 488 1749 enim
523 1703 633 1750 tota
661 1710 758 1767 per
783 1706 953 1753 totum
980 1700 1033 1754 in
1058 1701 1257 1771 seipsa,
1280 1701 1426 1757 nullo
1448 1702 1567 1758 loco
1590 1702 1815 1770 ambita,

224 1787 376 1841 nullo
405 1797 648 1860 tempore
679 1801 841 1847 mota.
874 1791 1110 1848 Proinde
1154 1797 1198 1849 si
1228 1796 1283 1850 in
1316 1795 1669 1852 universitate
1696 1812 1817 1852 sen-

1918 607 2099 658 versa,
2143 606 2410 663 omneque
2456 601 2733 648 terrenum
2777 594 3158 650 universaliter
3182 595 3505 665 deponentia

1919 685 2240 749 existimari,
2262 685 2508 740 sensibus
2531 683 2836 739 mortalium
2872 686 3434 756 incomprehensibilia
3461 694 3506 753 ο,

1918 779 2174 848 omnique
2229 777 2381 832 locali
2431 777 2935 846 circumscriptione
2985 778 3176 832 libera.
3248 778 3305 833 Si
3359 779 3506 833 enim

1919 872 2184 942 simplicia
2233 872 2414 926 mundi
2468 869 2628 938 hujus
2670 869 3039 939 corruptibilis
3085 870 3392 934 elementa,
3452 882 3506 924 ut

1920 981 2081 1036 saepe
2123 967 2398 1029 dlitimus‘,
2449 973 2650 1028 omne,
2702 965 2842 1033 quod
2891 965 3032 1018 intra
3081 964 3343 1019 ambitum
3391 962 3511 1032 ejus

1921 1061 2248 1123 continetur,
2272 1063 2575 1128 penetrant,
2605 1057 2912 1127 nulliusque
2949 1058 3346 1128 circumscripti
3381 1073 3508 1113 cor—

1920 1153 2071 1222 poris
2108 1150 2349 1205 densitas
2389 1150 2586 1214 obst'at,
2637 1167 2702 1203 ne
2746 1149 2944 1220 ubique
2992 1149 3046 1203 in
3089 1150 3271 1204 omnia
3318 1149 3512 1206 dill’un—

1921 1244 2152 1298 dantur:
2185 1244 2432 1312 quisnam
2463 1243 2530 1296 de’
2565 1240 2793 1295 visibilis
2822 1240 2976 1309 hujus
3007 1241 3290 1297 machinae
3316 1251 3508 1298 natura

1922 1337 2208 1407 diligenter
2253 1336 2684 1407 disputantium,
2757 1334 2982 1404 ejusque
3045 1335 3439 1392 catholicorum
3490 1339 3510 1370 "

1921 1428 2278 1484 subtilitatem
2335 1444 2398 1482 ac
2448 1426 2610 1482 veluti
2673 1423 2961 1496 quandam
3010 1429 3512 1498 incorporalitatetn

1923 1523 2125 1577 mentis
2171 1521 2429 1577 contuitu“
2461 1519 2924 1590 investigantium,
2979 1536 3082 1576 non
3133 1522 3514 1578 incunctanter

1927 1615 2161 1678 a‘sserat,
2191 1614 2315 1667 acra
2369 1611 2744 1667 tenuissimum
2788 1613 2966 1668 omnia
3008 1613 3266 1668 caelestia
3309 1621 3362 1669 et
3407 1623 3514 1670 lcr-

1924 1706 2118 1760 re's‘tria
2145 1723 2172 1770 ,·
2208 1719 2419 1760 necnon
2446 1712 2499 1760 et
2536 1703 2694 1760 a‘é'rea
2740 1697 2795 1759 et
2836 1703 3123 1775 Neptunia,
3154 1705 3299 1760 nullo
3326 1707 3510 1761 obsta-

1923 1798 2042 1854 Culo
2083 1799 2426 1862 demorante,
2483 1806 2808 1869 penetrare,
2882 1812 3054 1868 eoque
3108 1797 3407 1853 mirabilius
3460 1809 3515 1855 et

223 1879 462 1933 sibiliutn
489 1881 721 1936 humana
744 1881 1027 1953 praecellit
1053 1895 1266 1951 natura,
1296 1895 1351 1943 et
1371 1889 1649 1959 superiora
1676 1903 1816 1944 sem-
1846 1871 1892 1940 Β
1922 1889 2188 1960 spirituali
2241 1885 2486 1944 tenuitati
2549 1889 2904 1960 propinquius
2951 1889 3164 1958 igneum
3215 1890 3468 1961 spiritum
3495 1931 3510 1954 ,

224 1987 322 2043 per
359 1974 615 2030 interiora
662 1975 731 2031 ad
759 1992 820 2033 se
847 1979 1161 2047 attrahunt;
1217 1996 1323 2037 non
1350 1982 1494 2037 enim
1522 1981 1661 2037 ratio
1683 1983 1822 2037 si'n‘lt'

223 2067 506 2137 superiora
538 2069 617 2124 ab-
649 2069 999 2128 inferioribus
1029 2075 1298 2141 consumi,
1333 2074 1608 2130 inferiora“
1632 2083 1812 2131 autem

225 2160 280 2213 in
329 2162 607 2232 superiora
661 2165 896 2220 transire
943 2167 1266 2222 certissimis
1329 2168 1819 2238 approbationibus

223 2254 532 2323 approbat:
571 2267 698 2310 num
740 2257 1039 2314 verisimile
1093 2267 1193 2322 est,
1241 2261 1532 2315 humanam
1567 2269 1815 2316 naturam

221 2347 674 2404 cuncta‘intra'se
702 2358 756 2405 et
785 2349 926 2405 inlra
949 2367 1007 2406 se
1035 2353 1252 2407 condita
1285 2354 1505 2410 sibimet
1537 2355 1819 2426 copulatu-

223 2451 342 2492 ram
369 2445 424 2492 et
454 2439 812 2495 a‘dunaturam
844 2441 897 2494 in
948 2442 1054 2497 line
1092 2444 1332 2498 omnium
1369 2445 1724 2502 existimare“?
1742 2447 1820 2504 De

221 2531 715 2601 spirittrali‘a‘utem
767 2535 1126 2591 humanorum
1173 2551 1459 2607 corporum
1490 2548 1612 2607 post
1637 2535 1822 2595 resur-

226 2624 523 2679 rectionem
555 2626 858 2683 subtilitate
889 2627 1129 2699 ejusdem
1162 2629 1454 2701 Epiphanli
1489 2627 1816 2687 sententiam

224 2730 335 2770 non
367 2720 824 2786 prae'tereimdam
863 2736 982 2777 esse
1011 2722 1266 2778 arbitror.
1320 2723 1454 2778 Nam
1488 2727 1558 2780 de“
1593 2741 1820 2796 corpore

222 2809 428 2865 Christi
469 2815 592 2880 post
621 2815 1098 2882 resurrectionem,
1143 2817 1195 2871 in
1225 2821 1331 2888 qn'o
1362 2813 1818 2886 perfeCtissiInum

229 2904 395 2958 totius
423 2905 690 2960 h'timanae
713 2908 1130 2963 resurrectionis
1157 2910 1457 2980 praecessit
1487 2913 1817 2982 exemplum,

225 2995 669 3066 disputansbaec
701 3000 815 3054 ait:
846 2999 1072 3056 Intravit
1113 3002 1534 3072 januis'clausis
1557 3003 1824 3069 ;'c'arnale

223 3089 365 3142 enim
408 3087 794 3160 ipsius‘corpus
884 3091 1163 3160 spirituale
1205 3094 1490 3149 resurrexit
1529 3109 1548 3149 :
1589 3099 1636 3148 et
1667 3094 1689 3126 ³
1718 3110 1823 3149 non

225 3182 376 3236 aliud
419 3193 626 3252 praeter
653 3184 792 3255 quod
820 3192 914 3238 est.
967 3184 1035 3239 Et
1075 3187 1214 3256 quod
1227 3199 1232 3202 '
1268 3191 1365 3250 est,
1399 3187 1596 3242 Deitati
1625 3185 1820 3240 coa‘dtt-

1919 1981 2146 2052 simplex
2187 1983 2231 2047 ⁸,
2277 1998 2492 2052 purum,
2535 1982 2680 2036 omni
2708 1989 2972 2053 corporeo
3009 1997 3168 2037 sensu
3221 1993 3508 2047 remotum,

1919 2088 2027 2128 non
2070 2074 2470 2130 solum'cunc‘ta
2499 2073 2682 2128 mundi
2721 2074 2893 2145 spatia
2938 2075 3174 2143 implere
3201 2081 3253 2129 et
3282 2074 3509 2141 ambire,

1919 2180 2107 2220 verum
2154 2167 2319 2221 etiam
2370 2168 2546 2238 ipsum
2599 2165 2979 2222 tenuissimum
3031 2169 3157 2221 aera
3211 2165 3376 2222 nimia
3427 2167 3546 2223 sui‘

1921 2259 2217 2315 subtilitate
2268 2263 2336 2314 et'
2373 2258 2805 2331 incorporalibus
2853 2259 3064 2313 naturis
3109 2258 3463 2315 similitudine
3493 2301 3508 2327 ,

1921 2353 2046 2407 dum
2071 2352 2141 2408 sit
2168 2353 2390 2409 intimus
2412 2352 2679 2419 omnium,
2705 2361 2924 2408 tranare
2960 2357 3001 2406 °.
3057 2349 3428 2424 Similiterque
3449 2353 3515 2410 de

1923 2461 2059 2517 aqua
2111 2447 2340 2517 simplici
2389 2456 2443 2501 et
2487 2456 2635 2504 terra
2681 2447 3069 2512 sentiendum;
3131 2463 3256 2501 nam
3298 2455 3352 2502 et
3398 2447 3514 2517 ipsa

1921 2539 2122 2609 ubique
2146 2540 2399 2595 omnibus
2435 2539 2755 2612 corporibus
2797 2541 2985 2594 insunt
3018 2539 3312 2595 secundum
3361 2553 3513 2594 suam

1923 2630 2248 2702 analogiam.
2317 2629 2459 2698 Quid
2505 2631 2742 2694 mirum",
2804 2629 3222 2684 resurrectionis
3285 2625 3518 2698 eoi-para

1921 2721 2064 2776 uitra
2113 2721 2691 2778 omnem‘s‘ensibilem
2754 2721 3070 2791 qualitatem
3121 2719 3514 2782 ascendentia',

1921 2817 2069 2871 omni
2118 2816 2258 2871 mole
2304 2823 2358 2872 et
2407 2815 2681 2872 localitate
2710 2815 2976 2880 absoluta,
3015 2823 3086 2879 et,
3121 2824 3180 2869 ut
3211 2805 3294 2870 ita
3316 2813 3515 2881 dicam,

1924 2907 1978 2961 in
2021 2908 2276 2979 spiritum‘
2315 2906 2535 2964 omnino
2578 2922 2862 2970 conversa,
2911 2905 3164 2975 vitaeque
3216 2903 3514 2972 simillima,

1924 3016 2089 3071 super
2127 3016 2307 3064 omne,
2355 3002 2498 3071 quod
2546 2997 2754 3056 sensus
2784 3014 3082 3068 corporeus
3130 3003 3308 3068 potest
3355 2997 3517 3053 attin-

1923 3103 2080 3166 gere,
2136 3093 2392 3150 inell‘abili
2435 3109 2532 3149 sua
2572 3092 2837 3163 spirituali
2892 3089 3192 3146 subtilitate
3237 3089 3518 3145 exaltari?

1897 3189 1999 3254 ,De
2048 3203 2114 3243 eo
2159 3203 2327 3253 vero,
2374 3186 2518 3257 quod
2565 3185 2894 3240 resurrectio
2940 3199 3228 3254 corporum
3282 3181 3516 3237 naturali

224 3273 370 3326 navit
386 3273 498 3326 "in
519 3273 860 3328 subtilitatem
875 3275 1376 3344 spiritus'ornatum.
1399 3274 1456 3332 Si
1473 3279 1610 3331 enim
1627 3276 1699 3330 ibi
1719 3291 1822 3331 non
1851 3271 1896 3334 C
1928 3280 2129 3336 virtute
2175 3281 2545 3349 cooperatrice
2592 3279 2682 3332 sit'
2706 3278 2884 3331 futura
2908 3320 2920 3341 ,
2967 3284 3020 3330 et
3062 3292 3166 3331 non
3211 3292 3308 3345 per
3348 3276 3517 3330 solam

223 3372 340 3418 erat
370 3363 632 3418 subtilitas
675 3366 939 3436 quaedam
987 3367 1223 3437 spiritus,
1261 3385 1448 3439 corpus
1470 3370 1830 3438 ponderosuni'

225 3454 448 3519 accepit.
484 3453 587 3508 Sed
612 3464 669 3508 ut
710 3456 1029 3523 ostenderet,
1061 3459 1186 3528 quia
1217 3459 1314 3512 hoc
1356 3457 1692 3529 corruptibite
1724 3475 1821 3512 no—

226 3557 397 3600 urunt
448 3547 697 3602 induatur
734 3549 1183 3620 incorruptionem
1220 3553 1272 3604 in
1323 3555 1580 3616 veritate;
1629 3555 1824 3606 n'n'msi

225 3637 450 3692 mortale
472 3648 570 3704 est,
594 3640 845 3694 induatur
865 3641 1316 3697 immortalitatem
1338 3660 1358 3700 :
1373 3646 1596 3699 intrarit
1613 3646 1826 3717 quidem

212 3734 405 3804 januis
429 3747 432 3752 '
458 3735 676 3800 clausis,
734 3745 792 3789 ut
833 3738 1139 3792 ostenderet
1179 3738 1574 3792 crassimembre
1614 3740 1820 3793 subtili-

222 3828 476 3893 membre,
501 3838 548 3882 et
581 3829 803 3884 mortale
833 3829 1147 3895 immortale,
1191 3839 1237 3884 et
1267 3830 1602 3900 corruptibile
1646 3833 1818 3885 inror-

223 3921 494 3991 ruptibile.
528 3915 594 3976 Ut
637 3930 811 3978 autent
861 3935 1035 3978 otnnes
1063 3923 1402 3994 redargueret
1423 3924 1722 3978 incredulos
1763 3927 1817 3978 in

225 4026 412 4071 nostra
441 4015 634 4086 salute,
675 4017 793 4069 dico
844 4023 1018 4070 autent
1063 4017 1462 4082 resurrectione,
1495 4018 1547 4070 in
1576 4015 1816 4069 subtilem

221 4115 591 4165 transmutans
625 4119 812 4179 carpas
857 4110 1124 4179 spiritum,
1151 4109 1553 4179 contemperavit
1587 4123 1818 4161 resurre-

225 4202 473 4257 ctionem.
505 4200 746 4266 intuere,"
771 4207 1029 4268 quantum
1058 4200 1436 4254 incunctanter
1456 4198 1816 4267 spiritualium

225 4307 520 4365 corporum
559 4294 1009 4349 resurrectionem
1049 4301 1103 4348 et
1125 4294 1196 4346 'in
1225 4291 1577 4347 subtilitatem
1611 4292 1817 4346 incom—

231 4389 657 4462 preliensibilem
708 4389 960 4453 reditum,
987 4388 1135 4442 omni
1172 4387 1429 4442 tarditate
1462 4397 1516 4441 et
1561 4386 1820 4455 qualitate

239 4491 493 4540 terrenae
515 4483 696 4549 molis,
711 4484 982 4553 totiusque
997 4483 1252 4552 ponderis
1273 4483 1551 4552 corporeis
1574 4481 1822 4536 sensibus

228 4576 655 4641 succumbentis,
689 4575 1058 4646 localibusque
1091 4577 1282 4646 spatiis
1306 4575 1728 4645 circumscripti,
1754 4574 1821 4628 ab

230 4668 430 4738 spiritu
447 4669 700 4737 absorpta
715 4640 1050 4737 pronuntiat,
1068 4640 1355 4737 purissime
1369 4640 1671 4736 intelligens
1685 4668 1822 4734 Apo-
1851 4640 1899 4700 υ

229 4759 430 4814 stolmn
481 4759 1110 4815 dicentem:Seminatur
1155 4775 1344 4829 corpus
1370 4760 1620 4822 animale,
1644 4765 1821 4828 surget

230 4852 732 4924 corpusspirituale.
755 4852 896 4907 DISC.
923 4853 1156 4914 Intueor,
1183 4853 1428 4920 etmagni
1456 4851 1556 4905 viri
1581 4851 1821 4905 auctori-

237 4955 406 4999 tatem
433 4945 744 5015 amplector.
768 4946 842 4998 De
869 4944 1250 5015 spiritualitate
1275 4943 1621 5012 siquidem‘et
1639 4939 1823 4997 illnca-

233 5040 390 5094 litate
404 5039 641 5093 onmium
661 5038 985 5110 generaliter
1007 5039 1365 5092 humanorum
1395 5037 1684 5106 corporum
1703 5043 1834 5106 p‘ost'

233 5132 716 5198 resurrectionem,
745 5132 959 5201 quando
988 5132 1222 5185 humana
1266 5139 1458 5184 natura
1479 5172 1492 5195 ,
1530 5146 1670 5199 quae
1701 5145 1823 5184 cor-

230 5239 368 5295 pore
412 5233 467 5278 et
510 5225 688 5278 anima
739 5231 987 5288 constat,
1036 5222 1276 5291 aequalis
1321 5223 1424 5277 erit
1472 5219 1716 5292 angelis,
1769 5230 1823 5276 et

233 5327 553 5374 sanctorum
590 5317 810 5371 Patrum
847 5317 1170 5371 auctoritate
1217 5315 1348 5370 mihi
1382 5315 1495 5386 jam
1534 5315 1555 5344 ⁸
1600 5329 1821 5370 suasum

234 5421 323 5466 est
365 5420 406 5475 δ,
454 5422 510 5466 et
554 5411 694 5466 intra
731 5426 815 5465 me
852 5409 1103 5480 perSpexi
1153 5410 1440 5475 rationem,
1484 5408 1817 5472 consultans,

234 5505 316 5560 nil
351 5504 494 5558 aliud
541 5503 873 5574 probabilius
901 5504 1223 5574 veritatique
1249 5503 1606 5574 propinquius
1631 5518 1822 5558 occur-

1928 3374 2197 3429 inca‘rnati
2229 3369 2395 3427 Verbi
2448 3371 2679 3442 gratiam
2712 3371 2779 3435 ¹⁶,
2844 3373 2998 3424 nunc
3036 3369 3280 3440 primum
3319 3369 3519 3438 incipio

1926 3467 2185 3537 cogitare,
2225 3469 2279 3518 et
2322 3463 2407 3517 ubi
2440 3459 2950 3533 prius'tiutbabam,
2997 3461 3048 3514 in
3096 3458 3409 3530 operatione
3442 3460 3518 3512 vi-

1926 3559 2122 3614 delicet
2146 3556 2401 3620 naturali,
2430 3557 2612 3609 utrum
2642 3553 3058 3609 resurrectiOnis
3085 3553 3152 3608 sit
3180 3547 3424 3607 ellectiva
3447 3582 3518 3592 —

1925 3655 2144 3709 humani
2182 3653 2377 3722 quippe
2417 3645 2660 3720 corporis
2703 3649 3215 3719 redintegrationem
3261 3639 3364 3703 soli
3406 3646 3512 3701 Re-

1925 3749 2221 3820 demptoris
2242 3749 2446 3820 gratiae
2473 3745 2799 3811 ‘tribuebam,
2823 3747 2962 3801 sicut
2983 3754 3035 3801 et
3062 3754 3114 3799 tu
3140 3745 3429 3814 aliquando
3448 3775 3514 3788 --

1925 3842 1992 3896 ibi
2035 3841 2147 3908 jam
2192 3833 2374 3895 certus
2401 3837 2857 3893 cllicior'ratione
2897 3839 3052 3892 duce.
3106 3837 3320 3890 Nullum
3368 3838 3509 3890 enim

1926 3938 2245 3992 miraculum
2303 3937 2353 3989 in
2407 3931 2516 3989 hoc
2557 3935 2757 3988 mundo
2808 3944 2998 3989 contra
3049 3944 3296 3988 naturam
3344 3935 3510 3988 Deum

1923 4029 2116 4082 fecisse
2158 4026 2385 4098 legimus
2417 4046 2427 4078 :
2457 4026 2548 4080 sed
2591 4026 2769 4079 causis
2795 4025 3129 4080 naturalibus
3171 4025 3515 4079 administra-

1923 4119 2047 4174 ti\'is
2097 4129 2150 4172 ct
2198 4117 2601 4180 ell'eclricibns,
2647 4113 2816 4185 jussn'
2857 4117 2948 4169 Dei
2997 4127 3284 4182 movente,
3345 4116 3515 4170 factas

1920 4227 2038 4265 esse
2080 4225 2429 4280 quascunque
2457 4209 2718 4262 virtutum
2765 4207 3139 4278 theophanias,
3173 4208 3351 4261 divina
3387 4224 3510 4262 nar-

1921 4313 2005 4357 rat
2049 4301 2293 4357 liistOria.
2373 4297 2462 4355 Et'
2497 4301 2539 4355 si
2604 4301 2923 4355 miraculum
2985 4299 3392 4356 miraculorum
3432 4313 3515 4355 est

1922 4393 2188 4467 generalis
2235 4401 2570 4450 mortuorum
2617 4393 2965 4457 resurrectio,
3016 4392 3168 4463 cujus
3215 4373 3510 4447 niaximum

1923 4488 2224 4556 exeniplnm
2252 4487 2543 4558 praecessit
2571 4488 2621 4541 in
2646 4485 2882 4550 Christo,
2918 4487 2968 4540 in
2996 4481 3224 4552 tantum,
3250 4496 3309 4542 ut
3335 4496 3518 4542 cetera

1925 4579 2039 4635 fere
2078 4579 2260 4634 omnia
2306 4577 2571 4633 naturalia
2618 4585 2934 4647 argumenta
2971 4576 3026 4633 in
3057 4577 3517 4648 praeliguratione

1929 4669 2100 4740 ipsius
2139 4669 2276 4724 facta
2320 4669 2484 4722 fuisse
2512 4674 2658 4721 recte
2693 4663 3104 4737 intelligantur:
3149 4667 3517 4725 num‘veritati

1928 4763 2238 4834 putandum‘
2266 4773 2349 4815 est
2394 4779 2495 4814 non
2541 4759 2867 4825 convenire,
2917 4776 3014 4814 nos
3063 4761 3398 4827 existimare,
3449 4780 3517 4818 ex

1928 4870 2211 4910 causarum
2255 4853 2582 4908 naturalium
2620 4839 2867 4905 ei‘fectiva
2906 4852 3145 4920 potentia
3183 4851 3395 4906 divinae
3423 4869 3518 4905 vo-

1929 4949 2118 5002 luntati
2141 4947 2356 5001 'snbdita
2383 4947 2577 5016 ipsam,
2601 4945 3056 5000 resurrectionem
3083 4937 3516 5022 dieminturam?

1929 5041 2066 5097 MAG.
2099 5040 2374 5095 Ambabus
2402 5039 2584 5108 itaque
2631 5036 3111 5108 c00pm'at'ricibus,
3147 5037 3256 5105 ipsa
3293 5035 3512 5104 quidem

1927 5144 2120 5189 natura
2141 5142 2197 5187 et
2222 5131 2419 5203 gratia,
2449 5130 2774 5185 resurrectio
2795 5127 3125 5200 perﬁcietur.
3153 5126 3298 5181 Disc.
3327 5125 3514 5180 Credi-

1926 5228 2119 5282 derim.
2191 5223 2297 5280 Sed
2344 5224 2473 5294 quid
2517 5223 2585 5278 ad
2629 5223 2899 5294 gratiam,
2959 5219 3090 5290 quid
3141 5219 3206 5272 ad
3262 5227 3511 5271 naturam

1926 5319 2141 5390 proprie
2195 5317 2246 5371 in
2301 5317 2403 5370 hac
2450 5312 2866 5370 resurrectionis
2930 5311 3146 5366 actione
3202 5310 3512 5378 pertineat,

1927 5427 2034 5466 non
2063 5411 2195 5466 satis
2221 5407 2525 5478 consmcor.
2578 5403 2788 5458 Nullam
2817 5397 3082 5474 siquidem
3112 5403 3253 5456 inter
3277 5417 3369 5456 eas
3394 5415 3515 5455 esse

1927 5519 2085 5557 nemo
2130 5502 2359 5558 solerter
2401 5497 2698 5567 sapientiae
2726 5502 2936 5552 secreta
2974 5493 3286 5550 rimantium
3315 5490 3516 5549 dixerit

1477 5613 1727 5670 VARIAE
1766 5611 2144 5669 LECTIONES

313 5733 328 5762 ⁸
362 5732 474 5800 ipsa
507 5748 616 5786 om.
651 5732 757 5786 CF.
864 5743 886 5775 ο
913 5748 1100 5800 corpus
1130 5748 1238 5786 om.
1283 5731 1387 5785 CF.
1510 5729 1531 5759 ³
1556 5740 1603 5782 et
1647 5745 1753 5784 om.
1797 5727 1839 5781 A

235 5819 356 5857 sum
385 5804 438 5855 in
491 5803 859 5858 subtilitatem.

249 5876 624 5928 cuticula-orum
660 5893 766 5931 om.
800 5875 862 5930 Α.

1283 5731 1387 5855 (ἐξ

1543 5807 1562 5834 ³
1585 5815 1658 5854 est
1689 5818 1796 5854 om.
1833 5799 1938 5855 CF.

969 5880 990 5910 ⁸
1017 5877 1105 5930 Sic
1134 5876 1176 5928 Α
1209 5874 1326 5942 CF;
1360 5872 1400 5926 F
1435 5890 1580 5929 corr.
1616 5871 1924 5943 simplicem.

1975 5727 2015 5758 ³⁵
2043 5727 2134 5782 Sic
2179 5726 2302 5791 CF;
2338 5722 2379 5779 A'
2423 5732 2638 5794 praeter
2701 5723 2844 5792 quod
2894 5723 3064 5791 fuerat
3123 5721 3213 5776 sed
3263 5719 3397 5774 illud
3431 5721 3450 5774 i
3485 5748 3512 5761 -

2044 5800 2062 5828 ⁸
2089 5799 2173 5847 (ΣΡ
2206 5797 2583 5847 immortalitth
2625 5793 3133 5847 comnrehensibilia.
3229 5794 3248 5824 ⁷
3273 5791 3361 5847 Sic
3388 5737 3510 5847 Cl‘e:

2044 5800 2062 5828 °
2089 5799 2173 5853 (1F
2206 5791 2583 5851 immortalium
2625 5791 3133 5863 comprehensibilia.
3229 5794 3248 5824 ⁷
3273 5791 3361 5847 Sic
3388 5791 3510 5859 CF;

2015 5879 2034 5909 ³
2065 5871 2102 5923 ιε
2136 5883 2394 5923 tt‘aanart’.
2476 5868 2513 5896 ³⁸³
2543 5869 2634 5922 Sic
2660 5865 2774 5930 CF;
2809 5865 2851 5919 Α
2883 5883 2987 5920 non
3021 5864 3132 5919 sola
3166 5867 3198 5920 i.
3234 5881 3284 5917 ν.
3314 5865 3510 5935 gratia.
