4028 6282
525 398 631 453 905

1868 387 2148 446 JOANNIS
2186 387 2378 444 SCOTI

3697 383 3810 439 90L

525 507 904 565 differentiam.
934 505 1074 560 MAG.
1100 505 1213 560 lmo
1251 518 1524 574 magnam,
1553 502 1906 572 diligentique
1930 500 2105 570 inqui-
2131 505 2182 563 Α
2208 501 2380 556 dictas
2404 499 2667 568 quaedam
2696 498 3062 564 constituitur,
3100 511 3239 569 quae
3265 497 3461 554 dicitur
3489 499 3630 554 bene
3654 514 3810 565 esse,

525 601 725 658 sitione
765 596 1419 676 lucidaqueinvcntione
1463 594 1698 664 dignam.
1745 592 1804 647 In
1842 607 1905 646 ea
1936 591 2106 660 siqui-

526 693 933 754 demtheoriae
992 699 1147 762 parte
1197 692 1211 720 ¹
1247 690 1348 744 tria
1412 689 1677 759 quaedam
1723 687 1920 740 intueri
1947 685 2109 739 debe-

525 800 684 839 mus:
734 791 792 838 et.
835 761 1011 853 primo
1049 780 1429 836 iiiexbaustam
1467 777 1686 832 divinae
1723 774 1982 830 bonitatis
2023 773 2105 828 in-

531 876 849 946 ﬁnitamque
903 889 1001 944 per
1055 888 1119 929 ea
1177 881 1232 926 et
1287 871 1342 926 in
1395 885 1497 935 ea,
1558 881 1697 939 quae
1746 866 1888 922 facta
1939 872 2106 932 sunt,

532 967 898 1033 dill‘usionem,
946 965 1140 1021 deinde
1188 961 1683 1034 ipsius‘divisionis
1728 961 1749 991 ¹
1800 957 2107 1030 generalem

526 1057 950 1128 bipertitamque
1000 1054 1389 1123 scaturiginem
1438 1051 1492 1105 in
1540 1065 1646 1115 ea,
1695 1063 1837 1119 quae
1887 1049 2105 1112 dantur,

526 1158 582 1202 et
621 1163 705 1213 ea,
745 1135 896 1216 quae
938 1146 1226 1202 donantur.
1291 1144 1418 1198 Tria
1459 1143 1642 1212 itaque
1685 1149 1813 1195 sunt
1857 1140 2107 1196 conside-

527 1240 719 1305 randa,
761 1237 1000 1304 bonitas,
1047 1239 1270 1309 ejusque
1296 1237 1442 1302 data,
1485 1245 1540 1292 et
1577 1235 1760 1290 dona:
1802 1249 1943 1304 quae
1980 1249 2009 1287 a
2051 1248 2109 1289 se

527 1332 764 1389 invicem
785 1331 1046 1386 discernit
1068 1329 1296 1385 rationis
1335 1330 1499 1396 acies,
1527 1316 1856 1399 propriaque
1882 1325 2109 1396 singulis

525 1430 758 1490 coaptat.
812 1420 1006 1475 Datum
1044 1420 1226 1490 itaque
1260 1420 1474 1477 divinae
1499 1419 1760 1474 bonitatis
1783 1428 1866 1474 est
1893 1417 2109 1472 univer-

524 1512 1076 1582 sitatisvsubstitutio,
1124 1520 1180 1566 et
1223 1498 1520 1567 secundum
1565 1511 1845 1582 generales
1890 1519 1945 1565 et
1988 1525 2109 1580 spe-

525 1605 689 1660 ciales
727 1605 964 1660 rationes
1003 1612 1323 1675 cunctarum
1362 1615 1733 1660 creaturarum
1775 1603 2104 1671 distributio,

523 1713 684 1764 quam
735 1694 1209 1765 superessentialis
1258 1695 1512 1762 bonitas,
1579 1709 1718 1765 quae
1779 1696 1921 1750 Deus
1981 1703 2104 1759 est,

524 1788 902 1843 universaliter
924 1789 1176 1844 omnibus
1201 1787 1426 1858 largitur
1453 1804 1483 1843 a
1509 1804 1722 1844 summo
1748 1803 1920 1857 usque
1949 1787 2108 1843 deor-

2212 593 2329 649 sine
2355 608 2472 666 qua,
2493 593 2639 662 ipsae
2663 593 3059 658 extremitates,
3078 590 3208 648 esse
3233 591 3482 648 videlicet
3505 600 3813 663 et-semper

2210 699 2350 758 esse,
2381 699 2480 739 nec
2514 699 2642 740 vere
2678 692 2822 750 sunt,
2853 685 3101 755 quamvis
3145 685 3272 750 sint,
3300 699 3402 740 nec
3431 692 3581 740 recte
3610 684 3812 739 dicun-

2181 819 2194 832 ρ
2211 788 2301 834 tur
2314 795 2434 836 esse
2449 780 2599 820 "‘—
2619 794 2742 835 esse
2769 779 2911 834 enim
2941 788 2996 834 et
3021 795 3234 850 semper
3260 794 3399 844 esse,
3421 778 3635 834 sublato
3666 780 3814 834 bene

2209 883 2346 934 esse,
2385 885 2487 924 nec
2511 883 2637 925 vere
2665 884 2786 924 esse
2812 877 2929 935 est,
2955 884 3056 924 nec
3078 884 3206 924 vere
3229 882 3444 938 semper
3467 882 3594 923 esse
3621 883 3636 921 :
3676 867 3813 922 illud

2209 962 2352 1017 enim
2380 976 2508 1016 vere
2535 969 2591 1016 et
2616 968 2700 1016 est
2722 969 2777 1015 et
2805 969 3139 1030 semperest,
3163 958 3308 1030 quod
3348 959 3484 1014 bene
3530 973 3598 1013 ac
3639 959 3810 1013 beate

2211 1052 2456 1108 subsistit
2482 1081 2554 1092 —
2582 1051 2672 1107 illa
2704 1051 2866 1106 insita
2893 1051 3174 1115 medietas,
3213 1049 3318 1104 hoc
3351 1058 3436 1104 est
3471 1049 3612 1104 bene
3657 1064 3810 1113 esse,

2211 1143 2412 1199 donum
2441 1143 2656 1200 divinae
2680 1142 2938 1199 bonitatis
2977 1149 3080 1207 est,
3110 1140 3280 1197 libero
3305 1154 3369 1194 ac
3389 1140 3532 1195 bono
3555 1139 3813 1195 volunta-

2211 1237 2283 1293 tis
2305 1236 2683 1292 intellectualis
2704 1244 2758 1290 et
2785 1234 3062 1312 rationalis
3093 1242 3374 1290 creaturae
3413 1241 3563 1289 motu
3611 1234 3815 1301 adjun-

2210 1337 2317 1385 cto.
2381 1327 2477 1383 llis
2523 1327 2666 1382 enim
2705 1326 2913 1382 duobus
2969 1324 3194 1381 eﬂicitur
3243 1325 3381 1380 bene
3417 1339 3574 1389 esse,
3627 1323 3811 1378 libera

2211 1405 2460 1477 videlicet
2501 1420 2796 1486 voluntate,
2845 1419 3091 1490 donoque
3136 1417 3336 1482 divino,
3382 1417 3529 1488 quod
3577 1418 3812 1487 gratiam

2211 1522 2558 1569 sacrosancta
2602 1520 2762 1567 vocat
2799 1509 3099 1581 Scriptura.
3138 1507 3245 1564 Sed
3282 1508 3415 1563 illud
3449 1509 3656 1563 donum
3705 1523 3813 1561 non

2210 1602 2462 1659 omnibus
2485 1600 2808 1672 generaliter
2827 1599 3188 1656 distribuitur.
3236 1597 3352 1654 Soli
3398 1598 3595 1668 quippe
3639 1613 3812 1667 ange-

2211 1694 2346 1751 licae
2369 1696 2742 1765 humanaeque
2771 1703 2998 1749 naturae
3020 1694 3250 1748 donatur
3274 1691 3564 1765 deiﬁcatio.
3618 1689 3814 1762 Neque

2213 1786 2316 1842 illis
2359 1786 2759 1853 universaliter,
2795 1787 2902 1852 sed
2949 1785 3079 1841 solis
3115 1785 3340 1856 angelis,
3391 1785 3813 1858 quiCreatoris

522 1895 663 1945 sum,
707 1879 810 1934 hoc
849 1889 950 1942 est,
1002 1879 1069 1933 ab
1100 1878 1445 1934 intellectuali
1478 1872 1695 1945 natura,
1722 1894 1862 1948 quac
1889 1893 2100 1933 summa
2128 1867 2180 1929 B
2205 1879 2290 1934 sui
2331 1877 2616 1934 dilectione
2640 1878 2911 1948 ardentes,
2946 1876 3168 1932 stabiliti
3191 1877 3232 1908 "
3275 1876 3330 1930 in
3351 1877 3813 1947 contemplatione

521 1972 761 2026 onmium
802 1981 1174 2030 creaturarum
1223 1982 1345 2038 est,
1394 1988 1565 2042 usque
1611 1973 1678 2027 ad
1724 1972 2060 2043 corporalem
2087 2012 2102 2037 ,

521 2082 659 2134 quae
703 2066 870 2121 imum
908 2075 965 2122 et
987 2077 1289 2122 extremum
1334 2066 1706 2121 universitatis
1747 2065 1986 2135 possidet
2029 2065 2106 2120 lo-

485 2194 499 2205 ρ
522 2173 663 2211 cuni.
713 2157 937 2212 Summa
979 2157 1143 2228 igitur
1165 2158 1380 2212 bonitas
1407 2157 1500 2211 dat
1526 2158 1811 2212 universae
1854 2158 2106 2213 conditae

521 2257 747 2302 naturae
784 2263 922 2312 esse,
969 2249 1222 2317 quoniam
1275 2249 1448 2317 ipsam
1491 2263 1558 2302 ex
1601 2248 2106 2321 non'existentibus

522 2341 578 2395 in
605 2342 894 2396 existentia
929 2341 1172 2396 adduxit.
1221 2340 1360 2396 Hinc
1383 2342 1574 2396 beatus
1596 2341 1886 2412 Dionysius
1902 2329 2106 2409 'quarto

527 2434 762 2502 capitulo
795 2434 815 2465 ³
859 2435 924 2488 de
983 2434 1200 2489 caelesti
1238 2434 1573 2509 lerarcliiac
1603 2432 1864 2501 Primum,
1909 2436 2102 2505 inquit,

527 2526 760 2579 omnium
814 2525 945 2579 illud
999 2527 1170 2580 dicere
1206 2544 1408 2595 verum,
1455 2536 1509 2580 ut
1556 2527 1782 2581 bonitate
1824 2528 2106 2582 universali

521 2619 964 2687 superessentialis
995 2620 1243 2676 divinitas
1273 2637 1474 2685 eorum,
1515 2637 1648 2692 quae
1673 2630 1818 2685 sunt,
1850 2623 2104 2675 essentias

523 2710 841 2766 substituens
868 2712 937 2765 ad
961 2729 1070 2766 esse
1097 2712 1317 2768 adduxit
1354 2713 1396 2768 ‘.
1433 2713 1531 2768 Est
1558 2715 1696 2769 enim
1747 2715 1843 2769 hoc
1874 2715 2107 2770 omnium

522 2802 754 2884 causaeli
797 2813 845 2856 et
892 2820 1048 2872 super
1100 2805 1275 2858 omnia
1312 2805 1558 2860 bonitatis
1595 2792 1627 2836 ’⁸
1677 2807 1945 2876 proprium
1971 2847 1986 2872 ,
2038 2805 2106 2860 ad

525 2895 940 2948 communionem
981 2894 1002 2926 ⁷
1039 2913 1121 2961 ea,
1152 2914 1284 2968 quae
1324 2909 1466 2964 sunt,
1507 2914 1709 2964 vocare,
1741 2907 1799 2952 ut
1827 2899 2108 2970 unicuique

522 3003 727 3053 eorum,
775 3004 909 3059 quae
937 2998 1076 3054 sunt,
1124 3006 1190 3043 ex
1241 2991 1455 3061 propria
1498 2991 1748 3059 deﬁnitur
1789 2991 2034 3062 analogia
2059 2993 2102 3046 ⁸.

523 3079 716 3134 Omnia
737 3080 922 3150 igitur,
947 3097 1081 3150 quae
1099 3091 1243 3146 sunt,
1261 3084 1573 3153 participant
1595 3093 1617 3124 ⁸
1639 3084 2018 3154 providentiam
2043 3103 2108 3140 ea:

523 3172 944 3241 superessentiali
989 3182 1039 3226 et
1080 3174 1450 3228 causalissima
1487 3174 1532 3206 ¹⁰
1573 3175 1856 3230 Divinitate
1885 3194 2108 3230 manan—

521 3273 624 3317 tem
640 3262 703 3315 η.
724 3261 846 3316 Non
869 3263 1006 3316 enim
1029 3263 1271 3331 fortassis
1293 3275 1460 3319 essent
1479 3283 1678 3330 eorum,
1696 3283 1832 3338 quae
1857 3277 1999 3333 sunt,
2025 3285 2105 3322 es-
2134 3261 2156 3335 Ὺ

520 3355 741 3421 sentiae,
755 3355 856 3408 nisi
883 3372 915 3407 a
940 3356 1196 3424 principio
1213 3369 1536 3411 assumerent
1555 3359 1619 3410 “.
1635 3356 1930 3412 Existentia
1943 3360 2107 3430 igitur

523 3447 698 3500 omnia
748 3462 857 3499 esse
889 3446 1002 3514 ejus
1027 3447 1343 3517 participant
1368 3467 1385 3512 ;
1413 3465 1523 3502 esse
1567 3449 1707 3503 enim
1733 3450 1963 3503 omnium
2007 3460 2102 3516 est,

523 3552 795 3605 superesse
821 3535 864 3565 ¹³
896 3536 1159 3591 divinitas.
1223 3536 1495 3594 Hactenus
1533 3538 1842 3610 Dionysius.
1889 3541 1956 3596 Et
2001 3558 2104 3598 non

522 3625 695 3681 solum
737 3627 1206 3696 superessentialis
1246 3629 1461 3684 bonitas
1508 3629 1604 3685 dat
1655 3631 1907 3688 omnibus
1951 3648 2105 3701 esse,

522 3732 712 3771 verum
758 3717 922 3773 etiam
969 3718 1316 3774 aeternaliter
1357 3734 1497 3776 esse.
1561 3719 1751 3776 Omnis
1779 3723 1977 3794 quippe
2017 3739 2105 3779 es-

527 3809 700 3863 sentia
729 3815 797 3880 get
837 3808 1139 3864 substantia
1169 3824 1277 3866 non
1322 3810 1540 3867 aliunde
1565 3820 1620 3867 et
1643 3820 1730 3869 est
1753 3821 1809 3868 et
1835 3814 2104 3880 subsistit,

521 3900 623 3956 nisi
647 3901 716 3956 ab
741 3916 805 3956 ea
829 3903 1268 3973 superessentiali
1303 3913 1358 3959 et
1387 3903 1894 3975 supersubstantiali
1921 3903 1968 3939 ιδ
2013 3908 2107 3962 bo-

523 3996 716 4060 nitate,
765 4010 905 4065 quae
943 4011 1041 4066 per
1085 4011 1145 4052 se
1179 4013 1308 4054 vere
1346 4006 1431 4053 est
1469 4007 1525 4054 et
1563 3998 1830 4054 subsistit.
1891 3997 2105 4053 Nullum

526 4102 762 4156 namque
782 4087 1136 4145 substantiale
1156 4090 1241 4146 vel
1264 4091 1557 4147 essentiale
1576 4092 1776 4148 bonum
1799 4106 1898 4162 per
1917 4108 1977 4149 se
1999 4102 2105 4160 cst,

521 4187 741 4248 praeter
768 4178 940 4249 ipsam
967 4181 1158 4248 solam,
1181 4183 1334 4253 cujus
1366 4183 1713 4254 participatio
1740 4184 1832 4239 dat
1851 4185 2105 4241 omnibus

522 4271 662 4326 bona
702 4287 846 4338 esse,
870 4271 1000 4328 solis
1034 4272 1224 4329 electis
1264 4274 1430 4329 donat
1472 4274 1733 4331 deiﬁcari.
1776 4275 1930 4331 Nulla
1959 4277 2107 4332 enim

521 4364 756 4419 essentia
778 4364 864 4419 vel
889 4366 1191 4420 substantia
1215 4367 1257 4402 ¹⁸
1280 4379 1363 4421 est
1389 4367 1568 4422 divina
1595 4367 1838 4424 bonitate
1866 4371 2101 4435 condita,

521 4473 662 4526 quae
685 4472 792 4511 non
809 4457 1157 4513 aeternaliter
1172 4466 1226 4512 et
1241 4459 1754 4516 incommutabiliter
1767 4472 2098 4531 permaneat.

523 4546 602 4600 Ea
635 4546 923 4616 siquidem,
948 4563 1086 4618 quae
1121 4558 1381 4619 perpetuo
1411 4564 1763 4618 perseverare
1800 4565 2095 4622 nequeunt,

523 4638 825 4693 accidentia
873 4648 1000 4694 sunt
1047 4641 1366 4697 substantiis
1413 4643 1760 4711 superaddita
1788 4684 1804 4711 ,
1855 4653 1910 4698 et
1955 4648 2100 4704 circa

523 4747 615 4786 eas
637 4731 976 4802 conglobata,
1009 4733 1169 4804 inque
1198 4749 1292 4789 eas
1336 4749 1638 4792 reversura.
1683 4738 1779 4793 Est
1803 4739 1987 4810 itaque
2013 4742 2106 4798 da-

524 4831 637 4878 tum
665 4823 879 4879 divinae
905 4823 1160 4881 bonitatis
1189 4831 1381 4881 natura
1418 4829 1612 4894 omnis,
1651 4845 1789 4900 quae
1831 4831 1884 4887 in
1924 4847 2107 4889 essen-

522 4915 654 4970 tiam
681 4916 839 4972 ducta
866 4927 970 4984 est,
991 4927 1047 4974 et
1071 4919 1453 4989 perpetualiter
1469 4923 1790 4991 custoditur,
1813 4940 1879 4980 ne
1898 4936 2102 4996 pereat.

520 5005 592 5063 At
612 5023 744 5066 vero
764 5010 1018 5080 quoniam
1038 5010 1182 5067 inter
1205 5025 1327 5068 esse
1347 5020 1403 5068 et
1425 5015 1772 5072 aeternaliter
1793 5015 1969 5075 “esse
1987 5034 2104 5076 me-

2205 1970 2448 2028 veritatis
2504 1971 2547 2012 ¹ο
2599 1978 2949 2041 permanent,
3004 1971 3238 2040 solisque
3277 1970 3584 2026 hominibus
3621 1989 3809 2026 secun—

2207 2065 2333 2118 dum
2359 2065 2924 2135 propositumuocatis.
2966 2063 3082 2118 Huc
3128 2063 3380 2128 acccdit,‘
3413 2064 3557 2134 quod
3596 2065 3804 2121 donum

2207 2157 2412 2229 gratiae
2437 2172 2610 2226 neque
2637 2156 2780 2210 intra
2805 2156 3065 2210 terminos
3097 2155 3344 2210 conditae
3366 2165 3597 2211 naturae
3630 2159 3808 2212 conti-

2208 2258 2386 2314 netur,
2415 2258 2592 2318 neque
2619 2247 2916 2304 secundum
2964 2247 3265 2302 naturalem
3307 2247 3565 2302 virtutem
3606 2263 3808 2319 opera-

2209 2351 2319 2406 tur,
2367 2340 2461 2395 sed
2504 2337 3028 2409 superessentialiter
3080 2337 3317 2403 ctlultra
3358 2352 3553 2394 omnes
3591 2352 3809 2394 creatas

2210 2430 2484 2488 naturales
2513 2430 2555 2460 ιν
2591 2429 2828 2485 rationes
2866 2427 3089 2483 effectus
3122 2443 3248 2482 suos
3268 2429 3496 2498 peragit.
3545 2427 3741 2498 Itaque
3766 2431 3807 2484 si

2208 2537 2307 2592 per
2345 2519 2517 2575 solam
2563 2519 2799 2574 divinam
2841 2518 3075 2589 gratiam
3106 2519 3438 2574 resurrectio
3465 2529 3807 2576 mortuorum

2210 2611 2394 2679 fuerit,
2428 2611 2648 2668 omnino
2675 2610 2940 2666 naturalis
2978 2611 3153 2666 virtus
3194 2611 3568 2678 evacuabitur,
3601 2613 3807 2668 vitalis-

2210 2720 2315 2776 que
2342 2714 2543 2771 motus,
2576 2706 2670 2774 qui
2703 2718 2885 2779 rerum
2911 2702 3247 2765 substantias
3272 2719 3555 2774 nunquam
3584 2704 3808 2768 deserit,

2211 2798 2326 2853 sive
2348 2798 2402 2853 vi
2433 2806 2486 2854 et
2515 2805 2784 2868 potestate
2817 2795 3049 2863 siltierit,
3095 2806 3154 2850 ut
3201 2796 3255 2850 in
3299 2796 3534 2851 monade
3567 2800 3806 2876 numeri,

2212 2892 2325 2948 sive
2349 2899 2473 2948 actu
2493 2899 2548 2946 et
2576 2891 2890 2963 operatione
2919 2900 3104 2963 aperta
3124 2891 3170 2923 ὀ
3193 2891 3284 2957 sit,
3311 2899 3371 2945 ut
3391 2891 3614 2947 numeri
3642 2907 3674 2946 a
3703 2907 3810 2947 mo-

2210 2990 2350 3046 nade
2372 2989 2746 3060 procedentes,
2782 2997 3094 3056 ceteraque,
3123 3002 3261 3056 quae
3278 3001 3345 3040 ex
3365 2985 3604 3041 occultis
3637 2986 3811 3041 causis

2212 3082 2266 3138 in
2293 3091 2509 3154 apertos
2525 3081 2746 3138 eﬂ'eCtus
2774 3081 3059 3150 prodeunt.
3096 3078 3165 3134 Et
3189 3079 3384 3134 iterum
3413 3077 3486 3144 ",
3515 3079 3563 3132 si
3588 3090 3810 3134 natura-

2213 3175 2281 3230 lis
2303 3175 2475 3231 virtus
2511 3173 2927 3231 resurrectionis
2957 3171 3200 3228 eil‘ectiva
3230 3182 3314 3228 est
3352 3172 3566 3241 absque
3597 3173 3807 3242 adjuto-

2213 3268 2295 3322 rio
2323 3266 2547 3338 gratiae,
2588 3265 2857 3336 quomodo
2904 3264 3280 3334 Redemptoris
3323 3263 3554 3319 humani
3596 3265 3809 3335 generis

2205 3361 2463 3416 virtutem
2515 3358 2569 3414 in
2627 3359 3025 3415 resurrectione
3089 3365 3426 3431 mortuorum
3495 3357 3809 3427 praevalere

2206 3450 2460 3524 possibile
2498 3459 2581 3507 est
2618 3449 2862 3516 credere,
2912 3464 3035 3504 cum
3085 3449 3202 3519 ipse
3250 3446 3450 3503 dixerit
3480 3461 3497 3499 :
3527 3447 3647 3518 Ego
3699 3464 3807 3502 sum

2207 3543 2516 3598 resurrectio
2569 3551 2615 3596 et
2665 3542 2768 3595 vita
2813 3540 2839 3594 7
2901 3539 3018 3596 Non
3070 3540 3215 3621 enim
3265 3540 3409 3594 lianc
3466 3539 3806 3594 Dominicam

2207 3634 2530 3692 sententiam
2557 3634 2624 3689 de
2646 3623 3062 3702 resurrectione,
3087 3633 3409 3696 animarum,
3453 3647 3602 3702 quae
3631 3642 3720 3688 est
3747 3632 3810 3686 de.

2207 3736 2382 3783 morte
2407 3725 2703 3797 injustitiae
2723 3733 2779 3780 et
2804 3724 3194 3800 impietatisad
3215 3722 3464 3800 justitiae
3498 3732 3554 3779 et
3590 3724 3809 3794 pietatis

2207 3823 2398 3887 vitam,
2427 3820 2533 3874 hoc
2567 3826 2652 3874 est
2679 3818 2733 3873 in
2770 3818 3017 3891 veritatis
3038 3798 3580 3888 contemplationem,
3611 3819 3810 3875 solam-

2209 3914 2367 3969 modo
2401 3913 2657 3968 debemus
2696 3913 2961 3983 accipere,
2995 3925 3184 3966 verum
3239 3911 3408 3978 etiam
3447 3911 3519 3966 de
3562 3926 3810 3969 murre-

2208 4006 2388 4060 ctione
2412 4019 2718 4074 corporum,
2751 4002 2906 4073 cujus
2933 4002 3230 4073 principale
3271 4002 3586 4074 exemplum
3620 4005 3676 4058 in
3715 4021 3808 4059 sua

2207 4098 2425 4170 propria
2476 4112 2640 4153 carne
2701 4095 3178 4167 praemonstravit.
3245 4093 3390 4149 Sana
3450 4094 3643 4164 itaque
3707 4096 3810 4151 ﬁde

2207 4204 2493 4260 possumus
2516 4177 2808 4244 attribuere
2832 4186 3246 4244 resurrectionis
3288 4185 3546 4241 virtutem
3591 4197 3650 4242 et
3685 4189 3809 4243 dato

2208 4281 2425 4338 divinae
2471 4280 2731 4337 bonitatis
2780 4279 3077 4337 secundum
3138 4278 3442 4334 naturalem
3499 4278 3808 4334 ell‘ectivam

2205 4373 2525 4445 potentiam,
2563 4381 2620 4429 et
2658 4371 2798 4428 dono
2827 4369 3069 4440 ejusdem
3095 4370 3355 4427 bonitatis
3383 4372 3688 4426 secundum
3719 4387 3808 4424 su-

2206 4465 2657 4538 perexcellentem
2724 4478 2914 4520 omnes
2968 4474 3192 4522 naturas
3245 4465 3511 4538 gratiam.
3561 4463 3697 4519 Nam
3755 4475 3808 4519 et

2209 4559 2346 4614 haec
2371 4559 2497 4624 duo,
2530 4557 2713 4628 datum
2736 4557 2855 4612 dico
2877 4566 2932 4612 et
2947 4558 3176 4630 donum,
3205 4573 3236 4628 a
3270 4573 3330 4614 se
3359 4558 3592 4636 invicem
3623 4573 3806 4626 segreo

2213 4648 2360 4720 gavit
2383 4646 2614 4703 Jacobus
2639 4635 2936 4718 apostolus,
2966 4647 3150 4720 dicens
3179 4667 3192 4704 :
3226 4646 3394 4705 Omne
3436 4649 3621 4703 datum
3639 4653 3806 4718 .opti-

2212 4759 2356 4797 mum
2383 4750 2432 4797 et
2454 4758 2604 4796 omne
2625 4743 2821 4796 donum
2841 4741 3124 4812 perfectum
3143 4743 3208 4796 de
3227 4759 3436 4797 sursum
3463 4752 3558 4806 est,
3589 4745 3808 4796 desum

2213 4835 2340 4890 dens
2367 4851 2398 4888 a
2425 4832 2589 4888 Patre
2618 4832 2894 4888 luminum.
2931 4834 3009 4888 Ac
3046 4834 3092 4890 si
3131 4843 3315 4904 aperte
3341 4834 3586 4890 diceret:
3612 4825 3806 4890 Omnis

2211 4934 2530 4981 naturarum
2561 4924 2683 4980 data
2719 4923 3028 4980 substitutio
3062 4933 3119 4979 et
3165 4924 3510 4996 restauratio,
3551 4940 3693 4994 quae
3733 4939 3797 4978 es

2213 5018 2340 5076 dato
2359 5026 2415 5075 et
2435 5018 2576 5076 dono
2599 5017 2985 5086 conformatur,
3005 5017 3290 5088 omnisque
3315 5016 3552 5090 perfecta
3583 5031 3798 5078 eorum,

1829 5210 2085 5269 VARIAE
2122 5213 2524 5274 LECTIONES.

600 5377 619 5412 ί
668 5373 760 5429 Sic
797 5370 913 5439 CF,
945 5369 992 5426 A
1018 5371 1218 5426 theoria
1247 5369 1303 5422 id
1332 5375 1405 5423 est
1434 5371 1496 5421 de
1526 5367 1898 5439 resurrectione
1929 5367 2050 5420 tria.

2168 5374 2188 5403 ²
2209 5367 2251 5421 Α
2280 5368 2553 5422 divisionis
2597 5368 2783 5438 ipsius.

2887 5343 2926 5401 ’³
2954 5366 2998 5422 Α
3049 5366 3281 5438 capitulo
3322 5379 3531 5439 quarto.
3651 5368 3670 5398 "
3705 5372 3796 5424 Sic

522 5441 641 5508 CF;
671 5444 717 5498 A
747 5437 1010 5506 Primum,
1040 5443 1232 5512 inquit,
1260 5441 1490 5512 omnium
1521 5438 1654 5492 illud
1681 5437 1902 5512 dicimus
1931 5437 2214 5512 secundum
2237 5441 2518 5512 ceritatem
2545 5437 2683 5512 quod
2701 5439 2856 5512 Deus
2884 5455 3058 5493 omnes
3102 5437 3370 5512 creaturas
3413 5441 3640 5493 bonitate
3690 5460 3796 5494 non

525 5516 831 5571 necessitate
889 5508 1176 5566 substituit.
1281 5511 1301 5541 ⁸
1335 5512 1380 5563 Α
1418 5527 1609 5564 cassae
1656 5508 1906 5563 omnium.

515 5590 675 5658 juxta
707 5583 1261 5658 analogiaeAcujusque
1288 5581 1662 5658 deﬁnitionem:

523 5666 874 5710 emanantem.

525 5727 811 5781 Divinitas.
890 5723 933 5756 “‘
966 5723 1057 5779 Sic
1084 5723 1202 5787 CF;
1254 5725 1298 5776 Α
1327 5720 1679 5775 substantiali.

529 5798 592 5833 μ’
637 5814 744 5849 esse
773 5814 880 5850 om.
916 5795 1020 5849 CF.
1099 5797 1139 5825 ¹⁷
1181 5795 1270 5848 Sic
1294 5795 1368 5855 A;
1399 5790 1480 5846 Cl“
1505 5790 1792 5845 stabititati.

533 5866 571 5920 Α
601 5877 798 5933 reperta
829 5867 916 5919 sit.
992 5867 1032 5894 ²¹
1075 5865 1117 5917 ,Χ
1148 5880 1340 5918 verum.

2021 5508 2040 5538 ⁸
2067 5510 2109 5562 Α
2149 5508 2245 5561 Dei
2272 5510 2538 5564 bonitatis.

1765 5580 1785 5609 ⁹
1813 5581 1855 5632 Α
1887 5579 2118 5633 divinam
2147 5580 2493 5648 participant.

971 5654 1014 5684 “
1038 5650 1085 5708 Α
1106 5650 1378 5718 Quomodo
1408 5651 1544 5703 enim
1568 5650 1853 5720 quidquam
1879 5662 2011 5711 erat,
2040 5651 2085 5703 si
2115 5667 2287 5703 rerum
2320 5668 2534 5704 causam
2560 5667 2663 5705 non
2690 5651 3098 5721 participabant.

971 5723 1057 5774 Sic
1084 5723 1202 5774 CF:
1254 5725 1298 5774 A
1327 5720 1679 5774 substantiali.
1760 5720 1803 5750 ¹⁸
1835 5722 1924 5774 Sic
1949 5721 2064 5774 Cl“:
2117 5723 2160 5774 Λ
2189 5723 2479 5774 esseiititifis
2531 5723 2847 5774 substantia.
2927 5721 2970 5751 ¹⁶
3012 5722 3098 5774 Sic

1835 5722 1924 5775 Sic
1949 5722 2064 5776 Cl“:
2117 5723 2160 5774 Λ
2189 5723 2479 5776 esseiitiufis
2531 5723 2847 5775 substantia.

1876 5765 1924 5775 ,ν
1954 5765 2015 5774 ν-
2052 5765 2064 5785 ,
2117 5765 2160 5774 .,
2189 5765 2479 5776 ν-υ-.....,..,.

1875 5801 1913 5831 ιθ
1960 5796 1995 5845 Λ
2037 5795 2261 5846 irritatis
2291 5792 2741 5862 t‘oiiteinp.’atioiw.

3419 5511 3441 5544 ⁸
3470 5512 3511 5562 Α
3572 5527 3794 5575 \ocarc,

3442 5582 3479 5612 ¹¹
3510 5582 3550 5634 Α
3587 5581 3795 5635 Deitutc

3193 5652 3236 5681 ’³
3262 5653 3307 5706 Α
3338 5652 3793 5722 superessentialis

2927 5721 2970 5751 ¹⁶
3012 5722 3102 5776 Sic
3138 5722 3255 5786 AF;
3299 5723 3340 5779 C
3395 5723 3789 5793 perpetualitr‘r.

3463 5795 3508 5824 ²⁰
3550 5795 3642 5848 Sic
3668 5793 3789 5856 Cl";

2632 5510 2652 5540 ⁷
2683 5509 2729 5564 Α
2758 5511 3299 5564 communicationem.

2592 5579 2636 5610 '°
2665 5590 2713 5634 et
2745 5580 3113 5634 causalissima
3143 5596 3252 5634 oni.
3287 5581 3352 5635 A.

2823 5794 2862 5824 ³⁹
2895 5794 3160 5848 naturales
3182 5811 3292 5851 om.
3320 5795 3386 5848 A.
