4028 6282
277 418 386 476 905

1136 414 1225 471 DE
1262 413 1604 473 DlVlSlONE
1642 413 1993 472 NATURAE.
2033 443 2103 457 -——
2136 412 2337 470 LIBER
2374 411 2696 481 QUINTUS.

3443 415 3550 474 906

275 537 371 608 qui
400 534 543 605 digni
573 542 698 589 sunt
724 539 944 588 acterna
976 532 1326 599 beatitudine,
1356 530 1647 598 deiﬁcatio,
1698 546 1862 603 quam
1890 539 1940 597 Λ
1967 531 2436 602 contemplandam
2486 529 2553 596 “,
2600 529 2692 585 sed
2736 540 2796 585 ut
2838 545 3059 603 pereas
3103 534 3552 606 contemplativae

272 627 471 703 Graeci
517 628 699 684 θέωσιν
756 625 977 692 dicunt,
1026 626 1095 682 ab
1133 639 1242 681 uno
1278 624 1427 682 fonte
1478 632 1710 693 manat,
1758 625 1861 682 hoc

272 729 381 787 est,
408 719 476 775 de
496 733 711 774 sursum
740 718 758 792 Ξ
784 732 815 772 a
842 716 1003 774 Patre
1044 717 1326 790 luminum.
1356 716 1543 788 Itaque
1565 715 1775 784 datum,
1799 724 1862 771 ut

270 813 663 886 praediximus,
716 811 770 867 in
813 811 1194 868 universaliter
1237 811 1260 843 ⁸
1305 818 1678 868 creaturarum
1733 809 1863 866 sub-

272 905 556 962 stitutione
596 905 934 961 substantiali
955 946 987 981 ,i
1013 906 1215 962 donum
1259 920 1388 961 vero
1415 903 1726 976 specialiter
1751 902 1774 936 ⁸
1804 902 1860 959 in

272 994 633 1073 dedicatione.
658 995 951 1052 electorum
997 994 1434 1067 superessentiali
1470 994 1717 1066 accipere
1768 994 1863 1049 de-

270 1086 499 1147 bemus.‘
535 1087 653 1144 Non
685 1087 830 1144 enim
860 1088 1020 1145 aliter
1055 1089 1233 1144 divina
1273 1088 1614 1161 providentia
1638 1088 1858 1144 univer-

271 1182 472 1249 sitatis,
516 1197 679 1253 quam
730 1181 1288 1248 eondidit,-ordinem
1315 1181 1644 1238 substituere
1669 1179 1858 1246 voluit,

272 1289 374 1331 nec
404 1273 522 1330 ﬁeri
570 1274 776 1341 debuit,
818 1288 919 1331 nec
954 1275 1210 1346 possibile
1253 1272 1377 1340 fuit,
1425 1273 1531 1329 nisi
1586 1279 1650 1329 ut
1684 1272 1862 1343 primo

272 1368 428 1423 daret
457 1367 722 1423 essentias
749 1375 807 1424 et
831 1368 1179 1433 substantias,
1208 1367 1405 1439 quibus
1449 1374 1635 1438 postea
1681 1366 1866 1422 distri-

268 1440 463 1536 bueret
482 1467 820 1526 ornamenta,
864 1459 969 1515 hoc
1012 1468 1118 1526 est,
1162 1459 1390 1516 virtutes
1436 1459 1663 1515 donaret
1706 1457 1860 1530 juxta

271 1553 587 1626 dignitatem
616 1562 672 1610 et
697 1553 1010 1627 angelorum
1047 1562 1102 1609 et
1132 1554 1432 1622 hominum,
1469 1569 1608 1627 quos
1631 1555 1862 1626 praesci-

273 1645 340 1698 rit
359 1653 407 1700 et
417 1645 816 1716 praedestinavit
827 1646 1246 1718 conformesﬁeri
1263 1648 1518 1718 unigeniti
1526 1647 1626 1704 Dei
1644 1647 1800 1704 Verbi
1815 1647 1854 1701 ⁸.

276 1733 341 1790 Ut
374 1735 537 1806 igitur
559 1736 800 1794 breviter
828 1738 1211 1794 concludamus
1237 1740 1258 1771 '
1282 1756 1296 1794 :
1326 1748 1518 1795 natura
1546 1749 1631 1797 est
1651 1741 1858 1807 datum,

270 1830 444 1904 gratia
470 1845 600 1886 vero
632 1831 830 1888 donum
864 1851 878 1887 :
908 1841 1106 1888 natura
1129 1847 1198 1889 ex
1222 1849 1331 1889 non
1371 1834 1729 1892 existentibus
1762 1836 1818 1891 in
1839 1835 1861 1866 ⁸

268 1921 554 1978 existentia
579 1923 815 1989 adducit,
838 1925 1039 1981 donum
1065 1942 1196 1982 vero
1224 1927 1486 1998 quaedam
1512 1928 1854 1984 existentium

269 2013 409 2068 ultra
453 2015 635 2070 omnia
673 2015 959 2072 existentia
992 2017 1047 2073 in
1090 2017 1266 2089 ipsum
1309 2019 1478 2076 Deum
1512 2021 1711 2076 evehit.
1754 2021 1859 2077 Eos

267 2106 437 2173 enim,
456 2108 547 2179 qui
575 2104 810 2164 divinam
834 2125 996 2181 super
1016 2112 1201 2168 omnia
1232 2114 1664 2170 communionem
1690 2116 1860 2186 parti-

268 2193 468 2263 cipant,
494 2194 636 2250 inter
652 2196 832 2252 omnia
853 2199 1231 2255 connumerari
1254 2215 1381 2256 vera
1401 2201 1670 2273 nonsinit
1698 2202 1856 2258 ratio.

269 2285 345 2341 De
374 2300 436 2340 se
463 2285 577 2357 ipsa
600 2287 623 2319 '
649 2302 880 2361 namque
910 2288 1125 2347 Veritas
1152 2291 1227 2347 ait
1259 2310 1272 2347 :
1308 2290 1407 2346 Ubi
1431 2309 1524 2365 ego
1542 2293 1716 2364 fuero,
1752 2293 1860 2348 illic

266 2388 314 2433 et
339 2380 575 2435 minister
602 2398 769 2438 meus.
809 2383 988 2453 Ipsum
1029 2386 1051 2418 ⁸
1092 2385 1470 2443 incunctanter
1491 2402 1653 2457 super
1678 2387 1859 2442 omnia

267 2486 388 2527 esse
435 2473 726 2530 credimus.
784 2474 1014 2532 Ministri
1058 2477 1222 2549 igitur
1273 2478 1441 2549 ipsius
1480 2492 1643 2548 super
1675 2478 1858 2533 omnia

265 2550 414 2639 sunt,
438 2562 605 2617 ceteri
630 2578 780 2630 vero,
813 2565 903 2635 qui
949 2565 972 2596 ’
1019 2564 1272 2622 virtutem
1314 2583 1484 2638 purae
1522 2566 1857 2638 contempla-

266 2653 430 2734 tionis
467 2652 559 2727 [de
584 2655 772 2711 ordine
801 2656 1263 2731 theophaniarum
1298 2658 1368 2733 "]
1411 2675 1520 2716 non
1567 2660 1857 2733 attingunt,

265 2744 554 2825 inferiores
580 2747 798 2804 ordines
821 2749 1092 2817 obtinent,
1123 2752 1237 2807 sive
1265 2751 1317 2807 in
1353 2752 1715 2823 theopbaniis,
1746 2752 1862 2809 sive

265 2837 324 2894 in
377 2835 693 2919 inferiorum
734 2848 1048 2896 naturarum
1091 2842 1534 2899 sublimitatibus.
1598 2843 1654 2898 in
1705 2843 1858 2917 theog

262 2928 483 3001 phaniis
512 2938 692 2985 autem
723 2930 832 2986 dixi
869 2932 1170 3002 pluraliter,
1204 2936 1457 3005 Quoniam
1500 2951 1602 2992 nec
1651 2934 1862 2991 intelle-

262 3020 473 3076 ctuales
498 3036 598 3077 nec
617 3022 909 3080 rationales
928 3034 1157 3083 naturae
1181 3027 1369 3084 eodem
1396 3029 1553 3085 modo
1576 3029 1858 3085 veritatem

265 3113 729 3185 contemplaturae
774 3125 920 3184 sunt,
962 3119 1056 3173 sed
1104 3119 1394 3191 unicuique
1439 3137 1627 3177 earum
1671 3136 1862 3179 secun-

266 3206 395 3259 dum
438 3207 713 3277 propriam
768 3208 1072 3280 analogiam
1119 3211 1347 3268 altitudo
1395 3214 1638 3270 theoriae
1679 3214 1862 3271 distri-

263 3295 450 3351 buitur
476 3304 638 3368 atque
668 3297 944 3357 delinitur.
994 3300 1107 3356 Hoc
1137 3301 1267 3357 dicit
1300 3302 1367 3358 de
1401 3303 1646 3375 angelica
1676 3313 1733 3360 et
1761 3306 1860 3360 hu-

262 3403 424 3444 mana
436 3398 651 3456 natura,
666 3407 803 3464 quae
819 3394 1263 3454 sublimissimum
1287 3398 1654 3454 universitatis
1667 3398 1856 3455 condi-

265 3493 354 3536 tae
390 3482 655 3550 obtinent
672 3483 848 3540 locum
880 3485 942 3538 υ.
981 3485 1094 3542 Hoc
1116 3501 1297 3545 autem
1319 3489 1570 3555 dicimus,
1595 3505 1699 3545 non
1715 3490 1857 3561 quod

262 3573 374 3629 ulla
389 3584 635 3632 creatura
656 3587 874 3650 praeter
892 3578 1055 3636 Verbi
1072 3582 1464 3640 humanitatem
1491 3585 1555 3651 ¹²,
1582 3584 1721 3640 ultra
1745 3600 1858 3640 om-

260 3681 364 3722 nes
392 3668 744 3739 theOphanias
773 3664 944 3742 possit
975 3674 1288 3743 ascendere,
1319 3692 1569 3748 eumque,
1598 3681 1688 3750 qui
1715 3678 1856 3736 saltu

261 3759 417 3813 habet
439 3758 900 3829 inmortalitatem,
929 3775 978 3821 et
1007 3766 1174 3822 lucem
1200 3769 1400 3825 habitat
1424 3771 1855 3838 inaccessibilem,

263 3850 412 3906 nulla
454 3853 779 3925 theophania
830 3856 1145 3930 interposita
1194 3861 1501 3934 attingere,
1561 3864 1656 3918 sed
1711 3863 1857 3935 quod

264 3943 714 4014 theophaniarum
753 3950 1015 4019 quaedam
1053 3960 1231 4008 tantae
1274 3953 1575 4011 altitudinis
1608 3966 1757 4021 sunt,
1797 3964 1859 4012 ut

262 4052 433 4108 supra
463 4038 506 4071 "
533 4054 747 4096 omnem
777 4051 1079 4100 creaturam
1110 4046 1355 4117 proxima
1376 4046 1497 4103 .Deo
1525 4046 1857 4119 contempla-

263 4129 413 4186 tione
446 4130 815 4206 intelligantur
844 4138 1094 4204 exaltari,
1124 4155 1187 4196 ac
1216 4140 1379 4196 veluti
1408 4141 1854 4213 theophaniarum

264 4222 623 4295 theophaniae
653 4229 950 4286 creduntur
968 4246 1107 4289 esse.
1139 4233 1281 4289 Deus
1309 4233 1453 4289 enim
1478 4240 1698 4291 omnino
1723 4236 1857 4292 nulli

263 4325 551 4376 creaturae
580 4320 807 4380 visibilis
834 4339 933 4396 per
959 4326 1195 4398 seipsum
1239 4336 1365 4393 est,
1400 4328 1494 4385 sed
1531 4330 1584 4384 in
1625 4330 1856 4387 nubibus

263 4410 512 4468 theoriae
562 4415 779 4472 videtur
830 4416 873 4449 “
924 4426 981 4475 et
1029 4420 1331 4486 videbitur,
1383 4421 1521 4477 sicut
1585 4422 1660 4477 ait
1705 4423 1853 4493 Apo-

260 4501 438 4559 stolus
478 4518 493 4558 :
537 4502 825 4573 Rapiemur
862 4509 917 4564 in
963 4511 1186 4568 nubibus
1234 4513 1440 4568 obviam
1472 4512 1706 4577 Christo
1732 4555 1746 4579 ,
1803 4525 1852 4570 et

260 4593 340 4647 sic
385 4610 587 4668 semper
634 4615 754 4655 cum
799 4602 912 4672 ipso
965 4604 1158 4660 erimus
1214 4606 1278 4660 ".
1319 4605 1545 4663 Ceterae
1596 4622 1726 4671 vero
1752 4622 1852 4663 na-

1962 625 2190 680 virtutes
2254 624 2424 695 ipsam
2482 623 2810 691 laudarent,
2873 626 2927 681 in
2991 627 3104 683 suis
3162 627 3443 685 ordinibus
3495 639 3550 686 et

1920 770 1927 775 .
1962 734 2179 790 semper
2206 725 2332 774 sunt
2360 727 2415 774 et
2442 726 2601 774 erunt
2630 719 2865 788 quietae,
2897 719 3101 791 absque
3131 721 3287 777 locali
3314 722 3550 777 circum—

1963 813 2257 883 scriptione
2301 820 2356 868 et
2405 811 2686 884 temporali
2733 813 3112 870 mutabilitate.
3168 815 3351 871 Finito
3396 832 3550 872 nam—

1963 919 2070 976 que
2100 903 2299 959 mundo
2325 903 2415 973 qui
2438 902 2699 979 localibus
2718 903 2908 974 spatiis
2927 912 2984 959 et
3010 908 3399 977 temporalibus
3433 923 3550 965 mo-

1963 996 2107 1054 tibus
2134 995 2389 1061 ambitur,
2412 994 2541 1065 quid
2568 994 2673 1050 erit
2694 994 2940 1053 localiter
2972 997 3439 1069 circumscriptum
3460 1002 3552 1057 aut

1964 1085 2246 1157 temporali
2294 1084 2640 1141 mutabilitati
2691 1085 2993 1155 subjectum
3046 1089 3128 1143 '7?
3180 1090 3353 1146 Erunt
3404 1093 3550 1147 enim

1962 1179 2143 1235 omnia
2189 1179 2411 1250 quieta,
2449 1178 2666 1248 quando
2720 1178 2857 1234 nihil
2906 1193 3002 1250 per
3041 1182 3445 1253 generationem
3497 1184 3550 1238 in

1962 1271 2222 1326 mundum
2248 1271 2451 1335 veniet,
2481 1269 2615 1325 nihil
2644 1282 2741 1339 per
2762 1271 3163 1342 corruptionem
3199 1273 3253 1326 in
3293 1273 3551 1328 mundum

1962 1362 2283 1419 resolvetur.
2321 1360 2553 1417 Mundus
2576 1361 2773 1433 quippe
2822 1346 3045 1433 peribit,
3101 1364 3357 1437 nullaque
3387 1366 3555 1436 ipsius

1961 1468 2090 1526 pars
2112 1452 2416 1510 remanebit
2448 1472 2462 1509 :
2497 1468 2563 1509 ac
2587 1469 2685 1524 per
2704 1454 2818 1519 hoc
2853 1468 3031 1525 neque
3055 1463 3248 1511 totum.
3281 1456 3556 1512 'l‘ransibit

1962 1546 2106 1600 enim
2132 1545 2186 1600 in
2213 1559 2339 1600 suas
2367 1560 2581 1610 causas,
2612 1560 2680 1601 ex
2708 1546 2903 1616 quibus
2936 1547 3221 1617 processit,
3254 1548 3307 1602 in
3355 1548 3554 1618 quibus

1963 1652 2141 1708 neque
2168 1637 2285 1693 loca
2315 1645 2459 1702 sunt,
2502 1653 2675 1709 neque
2713 1649 2979 1709 tempora,
3014 1640 3110 1696 sed
3136 1640 3380 1697 locorum
3412 1649 3550 1697 tem-
3606 1703 3611 1708 _

1960 1728 2562 1807 porumquegsimplices
2592 1730 2946 1800 sinceraeque
2972 1732 3232 1798 rationes,
3274 1732 3328 1786 in
3357 1731 3557 1803 quibus

1962 1825 2145 1882 omnia
2188 1841 2354 1881 unum
2398 1834 2544 1891 sunt,
2595 1840 2769 1895 neque
2795 1825 3330 1893 ullislaccidentilms
3355 1826 3558 1882 discer-

1965 1927 2187 1975 nuntur.
2218 1917 2414 1976 Omnia
2452 1919 2597 1976 enim
2641 1918 2929 1994 simplicia,
2967 1919 3116 1975 omni
3161 1918 3557 1989 compositione

1963 2011 2392 2069 substantiarum
2439 2012 3193 2084 accidentiumque-carentia
3219 2053 3235 2078 ,
3275 2022 3332 2068 et
3374 2020 3434 2067 ut
3473 2012 3554 2067 sic

1963 2105 2162 2171 dicam,
2208 2104 2391 2159 unitas
2426 2104 2687 2175 simplex,
2736 2112 2792 2159 et
2833 2103 3117 2175 multiplex
3146 2103 3402 2160 adunatio
3437 2118 3558 2158 om-

1963 2199 2114 2255 nium
2144 2207 2523 2256 creaturarum
2553 2199 2605 2254 in
2632 2199 2746 2254 suis
2765 2199 3069 2255 rationibus
3097 2210 3151 2255 et
3180 2199 3378 2264 causis,
3412 2199 3556 2268 ipsa-

1962 2307 2084 2347 rum
2114 2300 2296 2348 autem
2326 2307 2614 2347 causarum
2643 2301 2699 2348 et
2732 2291 3003 2347 rationum
3026 2292 3087 2369 in
3108 2290 3287 2347 Verbo
3311 2290 3408 2347 Dei
3434 2290 3556 2346 uni-

1962 2385 2167 2455 genito,
2217 2384 2272 2440 in
2319 2399 2427 2456 quo
2467 2392 2522 2441 et
2555 2383 2696 2440 facta
2748 2392 2968 2460 suntet
3006 2384 3309 2440 subsistunt
3347 2383 3551 2439 omnia.

1960 2476 2142 2533 Habes
2171 2476 2334 2548 igitur
2361 2476 2722 2532 differentiam
2747 2485 2802 2533 et
2822 2476 3211 2547 proprietatem
3236 2484 3464 2530 naturae
3494 2484 3551 2531 et

1960 2568 2188 2640 gratiae,
2235 2568 2349 2623 dati
2392 2568 2645 2623 videlicet
2694 2578 2749 2623 et
2789 2568 2936 2632 doni,
2970 2582 3271 2637 eorumque
3310 2582 3559 2623 commu—

1960 2659 2195 2715 nionem.
2221 2659 2369 2714 Dtsc.
2392 2657 2599 2725 Habeo,
2620 2658 2885 2729 planeque
2911 2658 2976 2723 ³⁸,
3001 2658 3057 2712 ni
3084 2655 3263 2722 fallor,
3292 2656 3553 2726 intelligo,

1960 2769 2025 2809 ac
2054 2767 2154 2824 per
2178 2752 2285 2807 hoc
2322 2751 2561 2806 breviter
2600 2751 2872 2822 colligam,
2908 2748 3052 2821 'quae
3079 2765 3108 2804 a
3151 2759 3204 2805 te
3229 2750 3373 2805 dicta
3402 2758 3551 2805 sunt.

1961 2845 2101 2902 Mtte.
2128 2844 2350 2916 Collige.
2376 2843 2521 2900 DISC.
2551 2843 2593 2875 ¹⁹
2625 2842 2885 2897 Naturam
2935 2843 3121 2899 dixisti
3169 2857 3290 2898 esse
3342 2842 3547 2907 datum,

1938 2938 2194 3011 .gratiam
2242 2952 2374 2993 vero
2403 2937 2603 2993 donum
2648 2935 2713 2990 ’°.
2746 2935 2886 2992 MAG.
2943 2934 3042 2990 lta.
3091 2934 3237 2989 Dtsc.
3285 2932 3554 2988 Addidisti

1961 3033 2126 3088 etiam
2165 3032 2446 3101 utriusque
2475 3030 2882 3101 proprietatem,
2910 3036 2966 3084 et
3002 3034 3228 3082 naturae
3258 3024 3452 3103 dedisti
3486 3024 3552 3080 de

1962 3127 2134 3183 nihilo
2177 3141 2298 3183 esse
2328 3134 2383 3183 et
2414 3140 2630 3195 semper
2678 3137 2923 3189 manere,
2974 3121 3183 3193 gratiae
3223 3135 3355 3176 vero
3401 3118 3555 3173 deiti-

1963 3237 2108 3287 care,
2131 3223 2236 3277 hoc
2268 3229 2369 3286 est,
2401 3217 2612 3275 ellicere
2651 3217 2902 3274 homines
2928 3216 2975 3247 “
3008 3216 3063 3271 in
3104 3214 3274 3271 Deum
3320 3213 3555 3269 transire

1962 3330 2076 3382 cos,
2101 3330 2237 3385 quos
2264 3316 2310 3347 ’³
2334 3312 2604 3380 ailluentia
2622 3311 2837 3367 divinae
2854 3309 3114 3366 bonitatis
3134 3307 3322 3379 gratis,
3348 3305 3555 3375 absque

1966 3415 2191 3462 naturae
2236 3405 2475 3461 subsidio
2519 3403 2586 3469 ’³,
2635 3401 2800 3458 nullis
2829 3400 3280 3473 praecedentibus
3322 3396 3552 3461 meritis,

1967 3498 2172 3555 exaltat
2198 3512 2361 3568 super
2401 3497 2582 3552 omnia
2612 3509 2754 3567 quae
2794 3502 2922 3550 sunt
2961 3502 3017 3549 et
3042 3508 3184 3564 quae
3211 3491 3557 3547 continentur

1964 3594 2110 3647 intra
2139 3590 2508 3646 universitatis
2528 3589 2779 3645 conditae
2804 3587 3084 3643 terminos.
3110 3585 3406 3642 Commune
3426 3596 3556 3637 vero

1966 3702 2180 3753 earum,
2206 3693 2435 3741 naturae
2461 3684 2582 3740 dico
2606 3692 2660 3739 et
2690 3682 2917 3755 gratiae,
2950 3679 3274 3749 intelligitur
3297 3692 3418 3733 esse
3456 3676 3555 3731 lut-

1966 3793 2162 3833 manae
2197 3777 2533 3832 substantiae
2586 3774 2937 3840 resurrectio,
2968 3773 3072 3828 hoc
3097 3780 3198 3834 est,
3244 3768 3555 3825 mortalium

1966 3884 2255 3941 corporum
2285 3869 2341 3924 in
2372 3866 2699 3923 immortalia
2725 3866 3006 3928 transitus,
3036 3872 3092 3919 et
3120 3859 3554 3945 corruptibilium

1965 3961 2020 4016 in
2065 3960 2514 4031 incorruptibilia,
2572 3968 2628 4013 et
2672 3958 2988 4013 animalium
3032 3957 3102 4025 in
3136 3953 3459 4025 spiritualia,
3501 3961 3557 4007 et

1962 4050 2337 4122 temporalium
2359 4060 2414 4104 et
2438 4049 2691 4105 localium
2717 4049 3013 4103 in'aeterna
3038 4046 3295 4114 omnique
3315 4043 3552 4098 circum-

1961 4146 2251 4216 scriptione
2273 4144 2460 4199 libera.
2489 4142 2629 4199 MAG.
2648 4142 2813 4198 Recte
2843 4142 2889 4173 ”
2912 4138 3175 4210 collegisti
3199 4155 3214 4203 ;
3247 4138 3384 4192 haec
3409 4136 3557 4191 enim

1961 4236 2190 4293 suadere
2215 4236 2379 4300 volui,
2413 4244 2484 4301 et,
2518 4242 2579 4289 ut
2606 4227 2791 4300 video,
2832 4232 2929 4287 tibi
2956 4232 3001 4263 ³⁸
3039 4224 3206 4285 suasi.
3257 4229 3405 4283 Dtsc.
3443 4226 3551 4281 Ad-

1964 4333 2071 4387 huc
2106 4338 2286 4385 tamcu
2314 4327 2836 4399 ltacsito,,quoniam
2863 4310 2970 4381 non
3000 4333 3111 4381 tam
3139 4322 3285 4378 clare
3306 4329 3552 4377 contem-

1962 4425 2103 4496 plor,
2129 4424 2400 4495 quomodo
2440 4437 2549 4478 non
2597 4421 2771 4477 solum
2813 4421 3081 4477 humanae
3111 4426 3341 4472 naturae
3368 4428 3554 4470 resur-

1962 4516 2276 4580 rectionem,
2308 4528 2497 4568 verum
2526 4513 2691 4568 etiam
2714 4512 2957 4567 omnium
2988 4523 3170 4565 rerum
3191 4505 3552 4571 sensibilium,

1962 4623 2111 4679 quas,
2143 4605 2303 4676 hujus
2344 4605 2532 4661 mundi
2574 4605 2812 4660 ambitus
2863 4601 3308 4672 comprehendit,
3351 4599 3554 4654 videris

263 4693 419 4742 turae
451 4725 469 4755 ,
544 4702 682 4761 quas
742 4692 985 4751 condidit
1045 4696 1161 4768 ipsa
1226 4698 1429 4755 veritas
1497 4714 1605 4756 non
1666 4699 1735 4755 ad
1799 4714 1859 4756 se
1889 4690 1936 4751 υ
1962 4714 2226 4767 asserere.
2252 4698 2393 4756 MAG.
2418 4697 2598 4754 Mirari
2620 4712 2725 4752 non
2747 4695 2958 4762 desino,
2975 4710 3077 4752 cur
3104 4703 3211 4751 tam
3235 4694 3550 4764 frequenter

1554 4898 1807 4990 vanus
1842 4898 2242 4958 LECTIONES.

338 5062 358 5096 ⁸
400 5060 494 5118 Sic
523 5062 597 5129 A;
623 5061 708 5120 CF
739 5061 1001 5119 deorsum.
1078 5062 1098 5093 ¹
1135 5059 1499 5116 universaliter
1530 5073 1638 5115 om.
1678 5061 1744 5116 Α.

266 5132 293 5166 ⁸
326 5136 374 5190 Α
412 5134 786 5189 concludamus
826 5134 1061 5190 breviter.
1140 5130 1162 5163 ⁸
1199 5132 1253 5186 in
1298 5147 1406 5186 om.
1436 5129 1543 5186 CF.

1840 5058 1863 5091 ⁸
1899 5054 2477 5129 ερρσίιιιὶιιειίθῐηεᾼ.”Δ
2525 5054 2560 5129 ‘_
2583 5053 2674 5111 Sic
2698 5051 2821 5129 CF;
2852 5052 3032 5129 guttai

1640 5130 1659 5163 "
1692 5133 1807 5201 ipsa
1844 5122 1953 5186 oui.
1980 5129 2047 5184 Α.
2124 5130 2146 5160 ⁸
2186 5127 2278 5183 Sic
2305 5126 2420 5193 CF;
2452 5125 2729 5201 Alpsam.
2763 5126 2826 5201 -ξ
2994 5122 3201 5201 CF;_A
3231 5130 3402 5201 cetera
3429 5138 3547 5176 vero

3131 5052 3205 5106 ito
3245 5048 3345 5104 Dei
3374 5052 3547 5106 verba.

264 5221 421 5276 quae.
497 5204 542 5237 ¹⁰
572 5204 666 5276 Sic
699 5206 764 5271 Α,
794 5220 862 5261 ex
887 5205 1151 5274 margine,
1175 5203 1388 5276 opinor,
1416 5203 1595 5276 illata;
1625 5191 2475 5276 deordine‘tbeophaniarumom.
2505 5191 2639 5276 CFa
2691 5195 2731 5227 “
2759 5195 2850 5251 Sic
2866 5195 2984 5259 CF;
3007 5191 3554 5276 ΔἱηιΙιεεεηζζιςιηξξιεηαιιῖ

266 5265 371 5331 ἰεηι
399 5265 1148 5346 ἀὶωἱριωναιὶεὲτ-οὺιῦιεηέ
1170 5265 1473 5346 lucumoni.
1521 5265 1590 5327 A.
1666 5273 1708 5346 ξ’
1750 5272 1840 5327 Sic
1877 5265 2397 5346 CF;.'prwter,verbi
2420 5270 2801 5346 [inmanitatem
2845 5265 3058 5346 om."A.

3158 5260 3331 5316 “Sic
3359 5260 3473 5325 CF;
3506 5263 3553 5315 A

266 5363 446 5417 super.
524 5332 566 5377 ίδ
600 5346 693 5402 Sic
722 5346 841 5415 CF;
886 5347 933 5402 A
961 5356 1009 5401 et
1036 5346 1265 5417 videtur.
1343 5345 1388 5417 ιβ
1422 5343 1551 5417 Post
1578 5344 1802 5399 verbum
1834 5332 2047 5417 erimus
2071 5341 2115 5396 A
2154 5341 2510 5417 _haec_ltabet
2541 5356 2554 5392 :
2586 5337 2655 5393 In
2692 5335 3013 5417 theopltaniis
3036 5342 3210 5417 autem
3234 5332 3554 5417 .dixinplura-

266 5404 391 5501 l_it'er
410 5433 699 5501 quamnnec
726 5404 1125 5501 intellectual“,
1158 5432 1249 5470 nec
1272 5412 1555 5470 rationales
1592 5424 1813 5501 naturae
1835 5415 2016 5498 eodem
2042 5412 2488 5495 modoveritatem
2514 5404 2961 5501 contemplatur“
2981 5413 3126 5501 sunt,
3156 5404 3245 5501 sed
3276 5404 3555 5501 unicuique

269 5489 368 5542 hoc
389 5475 543 5561 dicit;
564 5488 630 5545 de
651 5488 887 5560 angelica
912 5497 963 5561 et
1003 5475 1235 5561 humana
1251 5495 1475 5561 natura,
1496 5502 1630 5561 quae
1654 5484 2083 5561 sublimissimum
2121 5483 2474 5561 universitatis
2500 5480 2741 5561 conditae
2765 5477 2937 5530 locum
2980 5475 3557 5561 obtinent,eam.n_t':e:

269 5559 501 5630 cundum
525 5542 812 5630 'propriom
834 5542 1136 5628 analogiam
1168 5556 1390 5611 altitudo
1434 5542 1664 5630 tlte'oriae
1708 5555 2040 5630 distribuitur
2077 5553 2521 5630 atque_¢_i_eﬁn_itur.
2547 5550 2771 5630 Ceterae
2799 5555 3178 5630 vero‘nat‘ur‘ae
3201 5552 3307 5630 cet.
3335 5612 3365 5630 ,ν
3390 5543 3441 5630 ³⁸7
3458 5542 3554 5630 Sic

268 5628 467 5694 CF;A

575 5627 795 5700 “ipsa
817 5627 1009 5684 veritas
1037 5645 1090 5683 u.
1128 5644 1177 5683 a.
1212 5644 1257 5683 s.
1287 5628 1737 5700 contemplandum
1775 5627 1918 5698 fecit.

1996 5625 2039 5659 ⁸⁷
2082 5612 2172 5680 Sic
2218 5612 2339 5689 CF";
2380 5623 2426 5677 Α
2480 5621 2746 5676 subditum
2846 5617 2886 5648 ’⁸
2913 5616 3005 5672 Sic
3037 5614 3160 5681 CF;
3197 5612 3448 5689 A_plane
3467 5620 3553 5689 ft.

272 5680 1301 5766 '7Sié‘cﬁitibl'oéaiyi'nisaee.
1323 5680 1424 5752 lli.”
1465 5680 1510 5730 ’δ
1542 5680 1787 5751 (έναέὶωῆ
1820 5712 1940 5752 vero
1967 5695 2162 5750 donum
2182 5710 2291 5751 om.
2506 5693 2551 5724 ἰ
2575 5691 2772 5761 efﬁcere
2803 5689 3037 5744 hornines
3067 5680 3178 5743 om.
3210 5680 3315 5741 (ΣΡ.
3394 5684 3438 5714 ¹¹
3465 5680 3558 5738 Sic

270 5769 390 5840 CF;
436 5772 477 5829 Α
508 5763 716 5850 eosque.
794 5772 842 5805 "
877 5763 969 5831 Sic
989 5769 1106 5843 CF;
1148 5770 1193 5825 A
1220 5769 1446 5829 subdito.
1523 5768 1569 5800 “
1603 5768 1687 5825 CF
1717 5767 1847 5823 Rate
1870 5766 2150 5838 collegisti.
2228 5766 2274 5797 ³⁸
2299 5763 2385 5819 CF
2409 5773 2457 5819 te
2483 5767 2649 5819 suasi.
3322 5788 3325 5791 ν
