4028 6282
478 393 576 450 907

1833 393 2111 451 JOANNIS
2154 395 2344 451 SCOTI

3647 401 3680 444 Γι
3689 398 3763 451 μδ

481 509 546 564 de
591 507 784 564 talibus
813 508 1070 574 haesitas,
1104 524 1224 563 eum
1272 524 1491 564 suasum
1543 509 1634 563 tibi
1677 516 1692 546 ι
1739 524 1897 580 saepe
1929 525 2054 563 con-
2085 517 2128 575 Λ
2160 522 2308 565 extra
2336 513 2503 580 ipsum
2524 511 2829 565 universam
2847 510 3394 565 creaturamdicimns
3415 527 3559 575 esse,
3583 529 3646 565 ea
3684 531 3766 566 ta-

477 605 930 670 cesseris,omnia
955 606 1005 658 in
1031 605 1249 660 homine
1266 613 1447 659 creata
1471 620 1588 659 esse
1616 611 1656 668 ι,
1691 604 1918 658 visibilia
1941 605 2061 658 dico

2170 605 2336 671 tione,
2363 615 2418 657 ut.
2445 606 2584 659 intra
2612 606 2783 674 ipsmn
2807 604 3057 659 dicantur
3077 619 3272 659 causae
3297 621 3482 659 rerum
3509 616 3561 660 et
3587 606 3766 659 ratio-

475 706 531 750 et
545 695 855 760 invisibilia,
872 711 934 750 ac
951 705 1070 766 post
1084 697 1187 750 hoc
1204 698 1796 751 resurrecturaNet-um
1815 699 1878 750 de
1892 713 2064 751 resur-
2084 723 2106 746 ο
2165 713 2261 751 nes
2275 707 2494 768 propter
2513 695 2918 751 sin'iilitudinem
2941 711 3001 750 ea
3011 713 3126 750 rum
3152 706 3204 750 et
3219 697 3623 766 simplicitatem
3636 740 3652 760 ,
3670 715 3762 750 ex.

477 788 720 844 rectione
735 787 1087 843 invisibilium
1107 805 1250 844 nunc
1271 797 1504 844 tractare
1527 804 1630 842 non
1651 800 1734 842 est
1756 788 1923 842 nostri
1940 804 2063 858 pro-

475 879 658 950 positi.
701 879 779 934 De
799 880 1193 934 resurrectione
1231 895 1358 934 vero
1386 879 1746 948 corporalium
1775 878 1796 910 ⁸
1838 879 2064 934 sensibi-

477 971 631 1035 lium,
659 973 762 1026 hoc
791 980 894 1036 est,
919 972 984 1026 de
999 987 1184 1026 eorum
1208 973 1381 1026 reditu
1406 973 1458 1026 in
1483 987 1608 1026 suas
1635 973 1655 1002 δ
1683 987 1874 1026 causas
1889 972 2065 1041 dispu-

480 1073 679 1118 tamus.
734 1064 789 1116 Si
829 1077 958 1133 ergo
993 1065 1014 1095 ⁵
1038 1064 1270 1118 humana
1318 1073 1507 1117 natura
1543 1080 1607 1117 ex
1639 1062 2063 1130 intelligibilibus

480 1164 534 1208 et
557 1153 929 1222 corporalibus
953 1156 973 1186 ⁸
1003 1155 1346 1209 sensiliilibus
1379 1156 1676 1224 composita
1700 1164 1806 1219 est,
1841 1155 2020 1208 anima
2041 1155 2060 1188 "

481 1249 603 1304 dico
629 1259 682 1304 et
705 1266 932 1320 corpore
959 1269 970 1303 :
1001 1251 1128 1320 quid
1159 1251 1377 1316 mirmn,
1401 1252 1444 1305 si
1473 1251 1802 1305 universitas
1823 1251 2062 1305 omnium

479 1342 816 1397 sensibilium
866 1344 919 1396 in
970 1343 1207 1399 lunnano
1250 1360 1476 1413 corpore
1526 1353 1791 1414 resurgat,
1827 1353 1882 1397 et
1933 1359 2065 1413 quo-

480 1452 694 1506 cunque
725 1437 1017 1502 transierit,
1056 1439 1330 1492 transeat?
1363 1438 1416 1491 ln
1441 1453 1634 1492 causas
1658 1447 1835 1490 tamen
1866 1437 2066 1491 solum-

481 1527 641 1581 modo
676 1527 816 1593 dico,
858 1545 962 1583 non
995 1529 1047 1582 in
1083 1529 1256 1598 ipsam
1300 1529 1693 1583 deiﬁcationem
1716 1570 1728 1592 ,
1766 1545 1904 1599 quae
1941 1529 2068 1583 solis

480 1617 874 1686 purgatissimis
916 1619 1278 1673 intellectibus
1318 1621 1628 1674 donabitur.
1685 1621 1749 1674 Et
1791 1621 1834 1674 si
1891 1621 2062 1674 maxi-

480 1723 623 1762 mam
646 1707 669 1739 ⁸
693 1711 1210 1778 argumentationem
1234 1711 1298 1764 dc
1321 1713 1425 1765 hoc
1451 1714 1633 1766 audire
1663 1713 1955 1776 desideras,
1991 1720 2070 1765 at-

483 1810 660 1856 tentus
687 1811 824 1869 esto,
861 1813 916 1857 et
935 1804 984 1856 in
1009 1819 1092 1868 ea,
1118 1819 1259 1872 quae
1285 1814 1514 1869 restant,
1537 1805 1763 1858 intuere.
1785 1806 1861 1858 Ac
1887 1815 1941 1857 nt
1971 1803 2069 1857 de”

479 1894 605 1948 fidei
647 1894 946 1949 catholicae
989 1897 1334 1965 simplicitate
1354 1897 1628 1967 disputare
1656 1898 1974 1967 incipiamus
2003 1898 2066 1963 ¹⁰,
2102 1895 2144 1954 Β

479 2003 547 2042 ex
591 2004 692 2058 qua
716 1990 892 2043 omnis
924 2005 1177 2044 assensus
1223 1991 1272 2042 in
1299 1991 1640 2059 purissimam
1683 2005 1861 2044 rerum
1893 1989 2074 2059 cogni-

482 2083 682 2136 tionem
709 2084 926 2138 inchoat
953 2103 963 2136 :
991 2085 1186 2150 credis,
1214 2093 1271 2138 nl
1290 2085 1696 2152 oyinor,omnia
1719 2101 1859 2155 quae
1881 2095 2074 2139 suntet

481 2191 624 2246 quae
663 2190 768 2230 non
808 2184 955 2240 sunt,
986 2177 1088 2230 hoc
1122 2185 1226 2241 est,
1257 2191 1395 2246 quae
1427 2176 1606 2230 sensui
1633 2186 1686 2230 et
1712 2177 2002 2230 intellectui
2030 2176 2071 2209 “

481 2271 864 2335 succumbunt,
899 2280 1118 2338 etquae
1161 2285 1375 2324 sensum
1407 2285 1620 2325 omnem
1664 2280 1718 2324 et
1742 2270 2074 2324 inteliectum

486 2369 764 2430 superant,
797 2370 850 2414 et
895 2371 1071 2414 tamen
1120 2369 1240 2430 post
1270 2362 1470 2425 Deum,
1522 2371 1578 2415 ut
1620 2371 1672 2415 et
1695 2363 1871 2416 verbis
1901 2361 2072 2415 sancti

485 2451 725 2521 Dionysii
752 2451 1108 2523 Areopagitae
1137 2461 1276 2518 utar,
1307 2453 1448 2507 circa
1471 2453 1638 2507 Deum
1665 2453 1968 2516 volvuntur,
1997 2454 2074 2506 in-

487 2541 778 2597 ferioribus
800 2559 859 2598 se
881 2545 1088 2598 naturis
1113 2544 1382 2616 incognite
1401 2545 1449 2597 in
1466 2544 1640 2598 Verbo
1661 2545 1750 2597 Dei
1778 2544 1918 2600 facta
1934 2560 2070 2601 esse.

557 2635 645 2690 24.
685 2635 830 2691 DISC.
864 2636 974 2692 Hoc
1007 2639 1384 2692 incunctanter
1417 2646 1469 2692 et
1501 2639 1680 2702 credo,
1712 2647 1783 2702 et,
1816 2647 2076 2706 quantum

490 2728 768 2783 illmninor
792 2745 1029 2800 superno
1062 2730 1282 2795 lumine,
1318 2731 1578 2800 intelligo,
1610 2729 1832 2782 audiens
1865 2744 2075 2783 sacram

487 2820 823 2892 Scripturam
854 2823 1122 2878 «licentem
1155 2841 1167 2876 :
1196 2823 1259 2876 In
1286 2825 1539 2894 principio
1565 2824 1682 2891 {erit
1714 2823 1855 2875 Dens
1875 2822 2074 2875 metum

485 2927 531 2969 et
555 2927 781 2982 terram;
814 2918 1134 2987 principium
1159 2917 1436 2987 appellans
1458 2917 1792 2986 unigenitum
1818 2913 2074 2978 Verbum,

489 3009 542 3062 in
575 3025 681 3080 quo
710 3011 870 3064 Pater
895 3011 1019 3064 fecit
1050 3011 1250 3076 omnia,
1282 3009 1412 3062 caeli
1447 3024 1570 3062 vero
1605 3018 1888 3078 terraeque
1919 3022 2078 3060 voca-

491 3101 629 3156 bulis
661 3103 981 3157 invisibilem
1029 3111 1080 3157 et
1112 3102 1374 3155 visibilem
1411 3110 1712 3155 creaturam
1746 3099 2074 3169 significans.

491 3192 556 3246 Et
582 3192 705 3247 alibi
736 3193 1074 3263 simpliciter,
1107 3194 1209 3247 hoc
1231 3200 1314 3246 est
1343 3191 1720 3245 universaliter
1745 3191 1821 3244 ait
1845 3208 1857 3243 :
1886 3189 2077 3244 Omnia

2167 800 2246 843 tra
2270 807 2398 845 vero
2417 791 2587 861 ipsum
2613 792 2655 821 ’δ
2683 791 2905 846 effectus
2922 806 3105 846 earum
3126 791 3170 822 ¹⁸
3189 806 3473 846 causarum
3501 801 3556 847 et
3587 793 3766 845 ratio-

2165 901 2290 938 num
2310 895 2532 955 propter
2548 884 2814 953 quandam
2836 885 3354 949 dissimilitudinem;
3381 885 3518 939 locis
3536 887 3686 938 enim
3715 895 3768 937 et

2167 979 2497 1048 temporibus
2513 979 2813 1041 variantur,
2831 979 3116 1050 generibus
3131 988 3184 1033 et
3197 979 3498 1048 speciebus.
3521 978 3770 1048 proprie-

2168 1071 2366 1126 tatibus
2382 1080 2434 1127 et
2447 1071 3224 1127 accidentibusdiscernuntur.
3243 1072 3471 1141 Ideoque
3487 1070 3660 1123 veluti
3679 1086 3771 1122 ex-

2135 1238 2150 1252 .
2167 1175 2244 1220 tra
2264 1165 2657 1234 simplicitatem
2673 1165 2884 1218 divinae
2901 1165 3193 1234 sapientiae
3213 1164 3463 1218 dicuntur
3477 1178 3622 1221 esse,
3641 1178 3770 1214 cum

2166 1268 2318 1313 extra
2354 1260 2524 1329 ipsam
2559 1259 2691 1312 nihil
2712 1260 2800 1323 sit,
2829 1268 2882 1312 et
2913 1259 2965 1332 in
2993 1259 3103 1327 ipsa
3129 1258 3331 1318 omnia,
3365 1257 3774 1310 universaliset

2169 1350 2395 1420 simplex
2433 1351 2538 1403 vita
2585 1358 2686 1402 est.
2716 1348 2854 1415 Quid
2883 1349 3024 1402 enim
3069 1349 3121 1400 in
3171 1346 3432 1416 sapientia
3473 1345 3569 1398 Dei
3599 1351 3770 1408 esset,

2168 1444 2310 1512 quod
2340 1443 2443 1495 vita
2496 1450 2746 1504 careret,
2781 1450 2873 1493 aut
2905 1441 3012 1492 vita
3046 1455 3148 1492 non
3178 1448 3318 1491 esset
3345 1479 3356 1500 ,
3385 1454 3508 1489 cum
3560 1445 3613 1489 et
3659 1437 3776 1504 ipsa

2167 1551 2293 1589 vera
2321 1536 2427 1588 vita
2454 1535 2540 1596 sit,
2577 1543 2630 1587 et.
2659 1533 2938 1603 plusquam
2969 1533 3097 1595 vita,
3128 1540 3177 1583 et
3207 1530 3335 1584 nihil
3365 1530 3415 1582 in
3447 1529 3588 1598 ipsa,
3625 1527 3774 1596 quod

2171 1638 2260 1680 aut
2283 1628 2393 1697 ipsa
2425 1635 2651 1703 nonest,
2678 1634 2769 1677 aut
2799 1624 2877 1677 sui
2904 1621 3265 1676 simillinmm?
3291 1619 3620 1673 Praesertim
3648 1632 3776 1668 eum

2175 1719 2478 1786 Theologus
2524 1717 2758 1772 Joannes
2799 1717 2984 1770 dicat:
3021 1715 3210 1769 Omnia
3261 1731 3350 1781 per
3401 1715 3574 1781 ipsum
3626 1711 3775 1778 [ricta

2174 1826 2312 1877 sunt,
2344 1826 2386 1868 c.’
2413 1816 2524 1867 sine
2549 1815 2660 1883 ipso
2699 1813 2896 1881 factum
2925 1821 2999 1865 est
3045 1808 3210 1873 nihil,
3249 1809 3386 1879 quod
3417 1808 3616 1875 factum
3657 1815 3776 1855 est:

2175 1909 2224 1960 in
2252 1909 2365 1972 ipso
2392 1908 2495 1960 vita
2534 1915 2665 1957 erat.
2696 1905 2829 1959 MAG.
2869 1905 2922 1957 ln
2954 1904 3130 1958 V'erho
3163 1903 3358 1971 igitur,
3395 1899 3542 1968 quod
3573 1909 3656 1950 est
3688 1913 3776 1949 sa-

2177 2001 2374 2071 pientia
2402 2000 2494 2052 Dei
2523 2001 2586 2061 ίθ,
2613 2000 2790 2052 omnis
2815 2006 3058 2051 creatura
3082 2003 3136 2050 ct
3158 2003 3313 2049 estet
3336 1993 3488 2055 vivit,
3515 2002 3777 2048 ctomne,

2177 2094 2317 2162 quod
2366 2095 2415 2145 in
2469 2092 2583 2161 ipso
2614 2099 2718 2155 est,
2756 2089 2934 2159 perire
2977 2103 3078 2141 non
3107 2093 3300 2156 potest.
3336 2083 3392 2138 Si
3423 2084 3588 2146 etiitn,
3628 2081 3778 2151 qqu

2177 2185 2443 2248 continet,
2501 2198 2714 2252 semper
2755 2190 2806 2234 et
2864 2177 3444 2252 inconnnnnicabiliter
3488 2185 3678 2230 manet
3728 2185 3781 2229 et

2179 2278 2333 2341 vivit,
2360 2277 2466 2329 imo
2495 2275 2656 2328 etiam
2683 2275 2786 2327 vita
2819 2281 2899 2327 est
2918 2283 2972 2325 et.
2997 2273 3104 2325 vita
3131 2279 3346 2325 aeterna
3376 2288 3387 2322 :
3417 2286 3599 2331 omne,
3628 2268 3779 2337 quod

2180 2369 2230 2421 in
2259 2384 2322 2422 eo
2354 2367 2679 2431 continetur,
2715 2365 3018 2419 necessario
3049 2372 3102 2416 et
3131 2371 3242 2424 est,
3285 2372 3336 2414 et
3395 2375 3608 2431 semper
3656 2376 3779 2413 nia-

2181 2470 2301 2525 nct,
2353 2470 2404 2514 et
2465 2468 2684 2513 aeterna
2735 2458 2840 2510 vita
2901 2465 2984 2509 est
3038 2455 3099 2506 ”.
3151 2453 3293 2508 DISC.
3335 2452 3471 2506 llinc
3523 2451 3782 2505 dubitare

2179 2561 2230 2604 et
2283 2551 2503 2618 impium
2536 2557 2590 2603 et
2631 2547 3006 2603 stultissimum
3046 2553 3148 2609 est,
3179 2559 3299 2598 cum
3338 2543 3514 2597 omnis
3556 2541 3779 2595 divinae

2179 2641 2437 2696 historiae
2461 2621 2776 2703 auctoritas,
2809 2651 3103 2706 omnesque
3135 2634 3390 2704 Thcologi
3421 2633 3778 2702 perhibeant,

2189 2752 2406 2789 ontiicm
2437 2742 2737 2787 creaturam
2769 2732 2820 2785 in
2849 2731 3026 2784 Verbo
3053 2730 3144 2784 Dei
3175 2730 3217 2760 ”‘
3255 2727 3598 2783 aetcrnaliler
3631 2742 3778 2780 esse.

2183 2829 2317 2882 llinc
2364 2834 2583 2882 sanctus
2625 2825 2955 2896 Augustinus
2988 2825 3039 2877 in
3081 2824 3289 2877 decimo
3335 2831 3485 2876 sexto
3537 2821 3780 2889 capitulo

2182 2921 2481 2974 duodecimi
2519 2919 2640 2972 libri
2673 2917 2737 2971 de
2759 2913 2990 2971 Civitatc
3018 2917 3108 2970 Dei
3133 2916 3535 2970 evidentissiine
3555 2930 3620 2967 ac.
3654 2916 3778 2967 Irre-

2181 3015 2322 3068 vitcr
2363 3013 2686 3068 sententiam
2729 3011 2949 3081 protulit
2977 3010 3042 3064 de
3068 3025 3163 3072 eo,
3194 3008 3335 3077 quod
3365 3008 3506 3061 Deus
3550 3022 3657 3059 non
3697 3022 3782 3059 so-

2182 3106 2288 3160 lum
2312 3105 2552 3158 onmium
2576 3113 2790 3157 creator
2810 3112 3180 3178 creaturarum
3208 3116 3420 3169 semper
3442 3099 3564 3163 fuit,
3589 3116 3779 3153 verum

2182 3198 2341 3252 etiam
2375 3206 2429 3253 et
2464 3197 2746 3261 dominus,
2785 3204 2837 3249 et
2878 3195 3015 3249 sicut
3053 3209 3325 3263 nunquam
3366 3192 3463 3246 fuit
3495 3209 3599 3246 non
3630 3208 3781 3246 crea-

490 3290 543 3341 in
574 3288 828 3357 sapientia
863 3287 1068 3355 fecisti,-
1109 3286 1288 3337 oinnia
1329 3285 1536 3346 dicens,
1571 3284 1810 3336 omnium
1861 3289 2076 3336 crcatu-
2107 3279 2149 3339 C
2185 3300 2288 3355 tor,
2323 3290 2396 3343 ita
2426 3304 2700 3358 nnnqunn
2734 3304 2839 3340 non
2869 3286 2965 3340 fuit
2998 3287 3265 3364 dominus,
3296 3283 3600 3352 disputans.
3639 3285 3783 3347 Qua-

493 3395 674 3432 rarum
708 3378 1170 3432 universalitatem
1197 3379 1251 3435 in
1281 3377 1456 3431 Verbo
1484 3377 1575 3430 Dei
1627 3376 1824 3428 tactam
1863 3373 2081 3428 conclu-

493 3473 582 3526 sit.
623 3471 762 3526 MAG.
811 3470 1044 3524 Putasne
1093 3471 1254 3540 igitur
1295 3470 1498 3534 omnia,
1531 3483 1669 3537 quae
1713 3469 1763 3520 in
1815 3466 2079 3536 sapientia

495 3563 589 3617 Dei
621 3561 760 3615 facta
794 3570 935 3617 sunt.
967 3561 1171 3624 vivere,
1204 3576 1271 3613 an
1302 3560 1415 3612 vita
1443 3572 1659 3612 carere:
1687 3558 1789 3620 vel,
1822 3567 1876 3611 ut
1902 3557 2082 3611 verius

494 3663 550 3710 et
578 3653 818 3723 apertius
848 3652 1048 3718 (licam,
1077 3661 1255 3704 utrum
1283 3666 1463 3714 omne,
1494 3650 1636 3718 quod
1671 3649 1722 3702 in
1757 3648 1850 3702 Dei
1872 3648 2083 3716 sapien-

497 3747 568 3800 tia
616 3746 816 3799 t‘actum
869 3755 973 3810 est,
1032 3745 1134 3798 vita
1185 3752 1240 3798 et
1290 3744 1553 3812 sapientia
1588 3752 1688 3807 est,
1742 3743 1990 3810 vitaeque
2035 3747 2088 3794 et

495 3839 796 3909 sapientiae
843 3838 1135 3914 particeps,
1181 3837 1388 3890 necne?
1420 3836 1486 3890 Et
1516 3836 1560 3890 si
1590 3837 1698 3889 vita
1729 3844 1782 3889 et
1825 3833 2085 3904 sapientia

496 3942 579 3987 est
601 3947 780 3999 omne,
821 3931 962 4002 quod
1009 3932 1060 3985 in
1109 3931 1287 3984 divina
1335 3930 1596 4000 sapientia
1645 3927 1846 3984 factum
1894 3935 1975 3982 est
2021 3926 2086 3991 ⁸³,

499 4033 679 4078 utrum
723 4021 1090 4094 temporaliter
1115 4023 1292 4094 coepit
1316 4038 1467 4088 esse,
1507 4038 1573 4076 an
1618 4035 1834 4091 semper
1863 4028 2000 4084 erat,
2036 4026 2090 4073 et

501 4132 604 4169 non
637 4125 756 4170 erat
799 4116 1015 4186 quando
1047 4131 1150 4170 non
1193 4115 1346 4170 erat?
1375 4115 1440 4169 Et
1481 4115 1524 4168 si
1573 4114 1642 4167 ita
1678 4121 1780 4176 est,
1817 4125 2086 4178 nunquam

500 4209 624 4274 erit,
675 4211 893 4279 quando
933 4225 1038 4263 non
1086 4210 1220 4272 erit;
1272 4223 1394 4262 nam
1446 4208 1489 4261 si
1534 4223 1597 4261 ex
1633 4217 1872 4276 tempore
1911 4206 2092 4275 coepit

501 4317 643 4367 csse,
678 4318 898 4357 necesse
924 4313 1006 4356 est
1051 4318 1169 4355 cum
1224 4311 1461 4369 tempore
1495 4300 1654 4354 finiri.
1693 4301 1836 4354 DISC.
1875 4299 2030 4353 Absit
2059 4313 2089 4352 a

503 4397 664 4450 eorde
713 4396 947 4451 ﬁdelium
1001 4396 1100 4448 hoc
1145 4395 1476 4457 existimare,
1530 4401 1589 4446 ut
1630 4408 1810 4456 omne,
1859 4392 1999 4461 quod
2039 4391 2090 4444 in

505 4487 681 4540 Verbo
715 4487 806 4540 Dei
841 4485 1036 4540 factum
1071 4494 1172 4548 est,
1208 4484 1312 4537 vita
1348 4499 1451 4537 non
1484 4484 1553 4537 sit
1583 4493 1633 4536 et
1658 4484 1764 4535 vita
1797 4482 2010 4551 sapiens
2041 4490 2093 4535 ct

505 4585 746 4641 aeterna,
781 4577 984 4646 absque
1013 4576 1116 4637 ulla
1166 4575 1441 4646 temporali
1487 4575 1846 4638 inchoatione,
1889 4574 2095 4642 alisque

2189 3388 2420 3451 propter,
2454 3379 2662 3447 inquit,
2691 3379 2734 3430 si
2767 3377 3018 3430 Dominus
3048 3377 3089 3406 ‘9
3122 3375 3261 3428 Deus
3287 3390 3489 3442 semper
3537 3374 3783 3426 dominas

2168 3471 2308 3541 ‘fuit,
2341 3485 2542 3539 semper
2564 3468 2741 3522 habuit
2769 3478 3063 3521 creaturam
3086 3484 3179 3541 suo
3221 3466 3513 3518 dominatui
3553 3466 3780 3519 set't'icn-

2187 3575 2317 3626 tem,
2357 3570 2694 3615 veruntamcn
2730 3575 2831 3612 non
2857 3560 2920 3612 tle
2940 3561 3051 3628 ipso
3077 3557 3124 3590 ¹⁰
3151 3559 3411 3628 genitam,
3451 3557 3546 3610 sed
3580 3556 3647 3609 ab
3677 3558 3782 3626 ipso

2188 3656 2252 3708 de
2284 3653 2445 3707 nihilo
2471 3652 2683 3722 factam,
2718 3668 2810 3706 nec
2849 3653 2895 3706 ei
2921 3662 3266 3706 coaeternam.
3296 3651 3424 3704 Erat
3448 3653 3644 3721 quippe
3673 3665 3783 3705 ante

2189 3749 2357 3814 illam,
2383 3747 2617 3819 quamvis
2647 3745 2791 3801 nullo
2813 3756 3039 3816 tempore
3062 3747 3172 3800 sine
3189 3743 3279 3796 illa
3299 3784 3314 3809 ,
3350 3760 3452 3797 non
3476 3760 3595 3796 eam
3620 3745 3784 3812 spatio

2191 3850 2604 3906 transcurrente,
2630 3839 2718 3894 sed
2742 3849 2980 3893 manente
3011 3839 3055 3869 ³¹
3078 3839 3419 3909 perpetuitate
3444 3838 3782 3906 praecedens.

2193 3936 2294 3991 Sed
2314 3936 2359 3990 si
2383 3934 2692 4005 respondero
2705 3933 2799 3998 eis,
2822 3932 2910 4002 qui
2927 3932 3216 4002 requirnnt,
3231 3929 3492 4000 quomodo
3516 3946 3721 3999 semper
3745 3928 3784 3957 “

2195 4037 2402 4081 creator
2433 4040 2633 4095 semper
2661 4024 2903 4076 dominus
2932 4022 3050 4091 fuit,
3080 4023 3126 4074 si
3148 4031 3391 4074 creatura
3417 4023 3649 4073 serviens
3690 4038 3783 4072 non

2192 4133 2392 4189 semper
2428 4117 2545 4186 fuit,
2576 4126 2665 4168 aut
2699 4115 2744 4146 ⁸³
2772 4115 3029 4185 quomodo
3065 4124 3241 4167 creata
3268 4124 3364 4177 est,
3407 4124 3453 4166 et
3483 4129 3588 4166 non
3619 4115 3783 4182 potius

2193 4209 2417 4265 creatori
2439 4219 2712 4263 coaeterna
2743 4215 2839 4271 est,
2870 4207 2913 4259 si
2943 4222 3144 4276 semper
3163 4206 3260 4275 fuit
3291 4219 3308 4255 :
3337 4221 3544 4270 vereor,
3568 4223 3631 4257 ne
3662 4205 3786 4272 fari-

2195 4305 2296 4358 lius
2316 4305 2529 4375 judiccr
2559 4301 2836 4373 afﬁrmare,
2863 4303 2999 4371 quod
3030 4301 3220 4366 nescio,
3258 4318 3416 4372 quam
3439 4301 3632 4353 docere
3654 4298 3786 4368 quod

2195 4397 2324 4449 scio.
2369 4393 2538 4449 Aclsi
2570 4401 2755 4463 aperte
2799 4393 3074 4461 praelatus
3113 4391 3275 4446 Pater
3321 4391 3560 4455 diceret,
3615 4393 3785 4443 minus

2197 4486 2575 4540 aeternitatem
2618 4482 2668 4516 “
2714 4493 3086 4538 creaturarum
3145 4483 3424 4552 capacium
3480 4483 3786 4536 tarditatem

2201 4581 2573 4649 redarguens:
2634 4578 2689 4633 Si
2743 4590 3056 4642 asseruere,
3109 4575 3249 4644 quod
3294 4573 3606 4628 ﬁrmissime
3654 4574 3785 4635 scio,

505 4669 619 4723 ullo
653 4669 932 4739 temporali
983 4669 1229 4722 termino.
1279 4667 1411 4721 Nam
1443 4675 1497 4721 et
1532 4681 1778 4735 corpora,
1814 4666 2094 4734 omnisque
2121 4651 2172 4712 Ῑ)
2201 4673 2366 4726 Deum
2419 4670 2667 4725 videlicet
2715 4679 2769 4724 et
2815 4684 3027 4738 semper
3071 4675 3370 4722 creatorem
3415 4673 3468 4719 ct
3513 4665 3785 4718 dominum

507 4763 779 4820 sensibilis
807 4771 1076 4825 creatura,
1129 4762 1178 4814 in
1223 4762 1335 4829 ipso
1382 4762 1490 4814 vita
1522 4759 1738 4830 sapiens
1781 4767 1835 4813 et
1879 4767 2091 4810 aeterna

508 4865 612 4918 est,
645 4855 717 4908 ita
749 4864 806 4907 ut
850 4851 1103 4906 inelTabili
1134 4861 1186 4905 et
1219 4849 1743 4920 incomprehensilnli
1771 4849 1946 4916 modo,
1971 4863 2095 4904 cre-

508 4947 656 5004 dibili
688 4958 863 5002 tamen
881 4947 946 5010 ¹³,
965 4947 1141 5001 onmis
1163 4955 1410 5000 creatura
1428 4946 1478 4998 in
1503 4945 1615 5013 ipso
1631 4945 1775 4998 vivat
1795 4953 1848 4998 et
1864 4944 1971 4997 vita
1994 4941 2094 5006 sit;

507 5049 564 5094 et
591 5055 711 5096 cum
745 5048 898 5094 extra
925 5039 1097 5108 ipsum
1122 5037 1254 5091 nihil
1286 5037 1373 5102 sit,
1404 5037 1468 5090 de
1501 5037 1698 5106 seipse,
1731 5035 1890 5089 veluti
1915 5044 2093 5100 extra,

508 5139 791 5194 creaturas
816 5130 1060 5192 conditas
1087 5128 1358 5200 produxit.
1393 5127 1524 5181 Nam
1559 5135 1612 5182 et
1654 5128 1798 5198 intra
1826 5128 1998 5200 ipsum
2041 5136 2095 5183 et

2201 4769 2486 4814 creaturae
2538 4757 2724 4824 fuisse,
2756 4773 2820 4812 ac
2865 4773 2960 4826 per
3007 4757 3110 4810 hoc
3140 4764 3192 4809 et
3233 4746 3446 4823 semper
3479 4762 3785 4807 creaturam

2199 4852 2524 4906 servientem
2562 4849 2907 4905 substitutam
2950 4864 3054 4904 non
3095 4847 3360 4911 defuisse;
3400 4864 3524 4901 nam
3563 4847 3605 4899 si
3645 4862 3785 4899 sem-

2202 4958 2298 5012 per
2320 4944 2563 4997 scrviens
2587 4951 2838 4997 creatura
2868 4956 2972 4996 nou
2997 4941 3119 5006 fuit,
3145 4941 3409 5010 sequitur,
3441 4955 3617 5008 neque
3639 4955 3785 4992 crea-

2205 5044 2408 5100 torem,
2452 5050 2626 5111 neque
2653 5045 2933 5108 creaturae
2975 5048 3186 5114 semper
3222 5018 3614 5114 dominatorem
3655 5033 3786 5084 exti-

2203 5128 2358 5193 tisse;
2413 5138 2468 5182 at
2493 5143 2622 5184 vero
2663 5129 2788 5199 quia
2837 5138 2890 5184 et
2921 5143 3134 5199 semper
3180 5135 3391 5187 creator
3433 5134 3482 5182 et
3537 5125 3785 5179 dominus

1809 5283 2056 5342 VARIAE
2093 5283 2493 5343 LECTIONES.

586 5433 606 5466 ⁸
643 5429 729 5488 CF
761 5446 978 5487 suasum
1021 5440 1069 5485 te
1099 5443 1280 5497 saepe.
1356 5432 1377 5462 ³
1415 5427 1462 5483 Α
1491 5444 1601 5482 esse
1629 5434 1825 5497 creata.

511 5503 779 5579 Qquthtis
813 5516 925 5579 om.
956 5501 1062 5579 CF.
1094 5572 1104 5579 _
1165 5494 1375 5579 (Sicf
1530 5500 1730 5579 animo,
1822 5494 2004 5579 animi,

514 5565 660 5638 'ﬁdei,
682 5572 765 5627 CF
797 5573 875 5626 Ac
902 5583 956 5624 ut
987 5572 1127 5625 ﬁdei.
1210 5569 1251 5600 ¹⁰
1293 5570 1383 5624 Sic
1409 5569 1522 5632 CF;
1549 5570 1588 5622 Α
1628 5565 1895 5638 incipiam.

516 5655 590 5700 est
617 5645 814 5697 divina.

516 5732 635 5767 rum
665 5728 774 5767 om.
809 5713 911 5768 CF.
991 5714 1034 5742 ”
1063 5711 1152 5766 Sic
1182 5712 1296 5774 (1F;
1328 5712 1370 5762 A
1405 5705 1665 5778 sapientia
1705 5705 1897 5758 divina.

520 5787 564 5819 ¹⁹
605 5785 858 5837 Dominus
896 5799 1003 5837 om.
1036 5783 1101 5834 A.

523 5865 568 5907 et
595 5856 881 5923 quomodo.
960 5852 1001 5882 ’“
1039 5852 1116 5906 sic
1145 5851 1261 5916 CF;
1293 5851 1334 5904 A
1360 5851 1416 5903 in
1459 5860 1781 5904 aeternitate.

1905 5424 1924 5453 ³
1963 5425 2313 5493 corporalium
2343 5441 2451 5480 om.
2495 5424 2602 5482 CF.

2102 5496 2122 5525 ⁸
2150 5497 2189 5548 Α
2219 5500 2467 5550 maxime.

1976 5564 2129 5638 “A
2159 5566 2242 5634 CF
2269 5585 2282 5630 ;
2312 5583 2448 5638 quae
2479 5586 2633 5623 sensu
2655 5578 2707 5636 ,ει
2738 5564 3017 5638 intellectu.

898 5643 940 5673 ¹³
981 5642 1073 5697 Sic
1101 5641 1217 5705 CF;
1251 5639 1290 5693 A
1323 5634 1872 5708 incomprehensibili,
1905 5635 2138 5708 credibili
2173 5634 2345 5700 tamen
2372 5640 2546 5696 modo.

1980 5707 2281 5781 f7__Sic_t}F;
2323 5710 2364 5766 Α
2411 5719 2463 5768 et
2510 5713 2613 5763 vita
2661 5720 2870 5781 aeterna
2910 5714 3013 5772 (est
3047 5724 3154 5777 om.
3186 5709 3272 5781 Α)Ἰ

1178 5782 1222 5812 ⁸⁰
1253 5781 1342 5835 Sic
1363 5776 1480 5846 CF;
1513 5779 1557 5832 Α
1585 5780 1650 5834 de
1690 5779 1876 5843 seipse.
1946 5778 1990 5807 ³¹
2023 5776 2112 5831 Sic
2145 5779 2228 5834 CF
2255 5797 2268 5846 ;
2307 5781 2349 5835 A
2391 5791 2737 5845 permanente.

2680 5423 2700 5476 θ’
2732 5443 2859 5493 suas
2885 5441 2994 5479 om.
3025 5423 3130 5491 CF.
3211 5424 3231 5454 ³⁵
3262 5422 3308 5478 Δ
3339 5423 3519 5493 igitur.
3561 5492 3564 5493 ν
3614 5420 3636 5449 ε
3674 5437 3782 5472 εον.

2560 5499 2578 5528 ε’
2607 5496 2700 5558 Sic
2732 5492 2902 5565 Supra
2934 5497 3109 5562 adscr.
3156 5511 3297 5549 corr.
3347 5492 3421 5554 F;
3454 5493 3497 5550 A
3543 5492 3619 5565 Ac
3669 5509 3780 5557 rcrq

2655 5578 2707 5636 .el
2738 5562 3017 5636 intellectu.
3094 5565 3136 5611 ‘.‘
3157 5567 3199 5620 Α
3231 5567 3282 5618 in
3310 5565 3562 5633 sapientia
3589 5562 3778 5636 factum

2629 5633 2670 5668 ιλ
2710 5639 2799 5693 Sic
2819 5637 2936 5702 CF;
2969 5635 3014 5692 Α
3035 5648 3182 5692 extra
3211 5638 3388 5707 ipsum
3409 5651 3545 5707 vero.
3624 5633 3666 5663 ¹⁵
3697 5649 3781 5707 ca-

3352 5705 3393 5736 ¹³
3435 5706 3527 5757 (lci
3566 5719 3670 5760 om.
3709 5703 3776 5755 Α.

2816 5779 2858 5808 ²⁹
2885 5795 3083 5843 semper
3098 5775 3214 5832 om.
3235 5773 3310 5832 Ἀ.
3389 5776 3433 5806 ’⁸
3458 5773 3547 5829 Sic
3579 5773 3690 5837 CF;
3734 5773 3772 5824 Α
