4028 6282
1643 324 1656 356 τ
1723 342 1774 364 »ρ

223 425 332 481 909

1089 432 1192 487 DE.
1213 433 1549 490 DlVlSlONE
1591 430 1939 488 NATLRAE.
1983 464 2051 474 --
2083 427 2291 490 LIBER
2330 437 2652 504 QUINTUS.

3335 511 3338 514 ,
3402 443 3508 500 θιο

221 548 365 608 erat,
389 542 699 599 necessario
718 545 984 616 sequitur,
1009 561 1224 618 semper
1247 555 1553 604 creaturam
1577 547 1814 603 servien-
1843 547 1892 608 Α
1922 549 2194 605 contuitus
2223 549 2507 622 caliginem
2546 552 2751 622 patitur
2775 569 2790 608 :
2828 553 2974 608 clare
3009 555 3276 625 siquidem
3304 571 3369 611 ac
3389 557 3508 613 sine

224 638 336 688 tem
364 639 602 689 creatam
635 635 653 666 ¹
692 635 1034 704 substitisse;
1067 653 1171 693 non
1201 639 1344 694 enim
1370 639 1626 694 accidens
1649 637 1817 694 Crea-

225 723 330 778 tori
357 724 600 780 omnium
630 735 712 782 est
731 739 948 784 creasse
975 744 1116 800 quae
1146 730 1382 798 creavit,
1419 731 1514 786 sed
1555 730 1664 786 sola
1696 745 1818 802 per-

220 815 487 886 petuitate
513 821 920 889 superascendit
941 827 967 858 ²
998 831 1054 878 et
1101 822 1383 894 praecellit
1409 837 1549 896 quae
1573 824 1815 880 creavit:

221 925 421 966 vereor
442 911 650 970 ironice
682 915 992 988 suggillatis,
1025 933 1092 974 ne
1120 919 1260 974 forte
1282 919 1497 990 jndicer
1523 918 1818 986 aﬂirmarc,

221 1005 370 1072 quod
395 1005 604 1072 nescio,
637 1021 799 1077 quam
842 1009 1056 1076 docere,
1095 1012 1235 1082 quod
1262 1012 1394 1068 scio.
1441 1013 1821 1069 Incunctanter

223 1096 494 1165 siquidem
545 1097 786 1172 intelligo
808 1143 824 1168 ,
857 1117 1070 1174 semper
1105 1115 1161 1161 et
1187 1115 1493 1162 creaturam
1521 1115 1573 1162 et
1595 1107 1816 1164 Creato-

223 1204 342 1243 rem
367 1189 504 1258 ejus,
536 1199 601 1248 et'
618 1193 903 1250 Dominum
929 1205 984 1253 et
1009 1201 1330 1255 servientem
1353 1201 1456 1258 sibi
1488 1201 1821 1272 inseparabi-

223 1281 352 1337 liter
399 1281 602 1368 f’uisse;
637 1304 742 1343 non
770 1291 912 1361 quod
953 1303 1199 1348 creatura
1227 1294 1496 1362 Creatori,
1521 1298 1604 1352 vel
1642 1297 1664 1330 ³
1709 1313 1824 1354 scr-

177 1393 182 1396 -
225 1373 380 1429 viens
404 1373 635 1433 Domino
661 1387 950 1437 coaeterna
977 1383 1074 1451 sit;
1102 1384 1327 1441 Creator
1351 1387 1617 1459 siquidem
1660 1389 1822 1445 Crea-

227 1475 428 1532 tnram,
453 1477 509 1522 et
533 1467 794 1528 Dominus
824 1459 1148 1532 servientem
1177 1479 1500 1536 aeternitate
1527 1482 1822 1551 praecedit,

224 1569 334 1610 non
367 1566 630 1630 tempore,
661 1565 752 1619 sed
789 1563 817 1596 ³
854 1583 917 1623 ea
950 1570 1158 1626 ratione
1179 1612 1194 1638 ,
1238 1587 1344 1643 qua
1374 1571 1602 1629 Creator
1631 1585 1686 1632 et
1719 1574 1824 1630 Do-

227 1649 407 1706 minus
432 1653 756 1725 principium
806 1670 1088 1716 creaturae
1117 1674 1172 1721 et
1220 1667 1508 1723 servientis
1528 1678 1630 1734 est,
1659 1668 1824 1725 Crea-

228 1752 314 1799 tor
335 1753 513 1801 autem
539 1759 592 1804 et
621 1746 882 1810 Dominus
912 1753 1144 1836 ἄναρχος
1166 1798 1180 1825 ,
1206 1759 1310 1816 hoc
1332 1769 1415 1818 est
1444 1779 1639 1819 carens
1666 1765 1822 1836 prin-

225 1837 390 1906 cipio.
440 1840 753 1899 Creatorem
801 1857 980 1903 autem
1033 1860 1275 1908 nostrmn
1323 1857 1346 1889 ¹
1411 1867 1466 1912 et
1536 1855 1821 1914 Dominum

1921 641 2028 698 ulla
2055 641 2247 699 nebula
2287 643 2414 700 illud
2435 645 2668 710 intueor,
2701 659 2764 701 ea
2789 647 3022 702 maxime
3059 648 3270 704 ratione
3291 647 3507 718 ductus,

1921 751 2025 806 qua
2056 738 2110 793 in
2136 739 2402 810 sapientia
2425 739 2518 794 Dei
2551 738 2594 770 "
2625 747 2838 796 creatas
2859 755 2980 796 esse
3001 756 3105 798 non
3131 741 3303 798 solum
3323 741 3508 810 credo,

1923 846 2109 886 verum
2161 832 2322 886 etiam
2381 831 2621 906 intelligo
2685 832 3080 890 incunctanter.
3130 833 3265 889 Nam
3311 847 3508 900 onme,

1922 925 2064 995 quod
2088 923 2140 980 in
2162 924 2426 995 sapientia
2447 924 2544 980 Dei
2571 935 2812 981 creatum
2835 925 3100 992 subsistit,
3127 916 3306 982 nullus
3346 925 3449 981 nisi
3467 921 3510 959 “

1923 1016 2119 1088 impius
2133 1017 2216 1072 vel
2235 1017 2491 1088 insipiens
2513 1033 2724 1090 semper
2737 1034 3150 1090 permansurum
3165 1019 3424 1074 dubitarit
3439 1015 3504 1075 ¹⁸.

1924 1107 2000 1164 De
2039 1106 2320 1164 effectibus
2349 1123 2496 1176 vero,
2526 1125 2662 1180 quos
2705 1111 3077 1180 processiones
3103 1126 3388 1167 causarum
3419 1125 3511 1166 sa.

1923 1201 2136 1273 pientes
2163 1217 2396 1273 sequens
2416 1203 2645 1270 vocasti,
2663 1201 2980 1272 jamdudum
3013 1201 3272 1270 delibero,
3305 1213 3511 1272 utrum,

1925 1294 2066 1351 sicut
2093 1309 2223 1349 suae
2253 1311 2468 1364 causae,
2495 1296 2856 1366 permansuri,
2887 1313 2954 1350 an
2986 1313 3107 1350 cum
3136 1295 3336 1351 mundo
3379 1307 3512 1364 per-

1923 1384 2077 1453 ituri,
2111 1385 2185 1441 ita
2213 1394 2272 1442 ut
2309 1403 2416 1442 non
2471 1385 2525 1442 in
2575 1403 2766 1443 causas
2813 1403 2940 1442 suas
2991 1387 3217 1443 redeant
3255 1395 3311 1442 et
3349 1386 3402 1440 in
3436 1385 3518 1442 eis

1926 1477 2234 1546 salventur,
2261 1477 2356 1534 sed
2396 1478 2447 1533 in
2479 1478 2703 1534 nihilum
2731 1520 2744 1544 ,
2778 1480 2844 1534 de
2871 1493 2978 1550 quo
3006 1478 3134 1534 facti
3173 1487 3329 1542 sunt,
3372 1475 3518 1533 redi-

1926 1577 2124 1641 gantur
2152 1568 2214 1635 η,
2242 1577 2302 1623 ut
2322 1569 2538 1640 penitus
2559 1568 2790 1624 ulterius
2816 1585 2921 1624 non
2951 1570 3078 1624 sint.
3108 1563 3248 1624 MAG.
3278 1565 3519 1629 Effectus

1929 1678 2068 1717 nunc
2099 1675 2389 1716 causarum
2435 1660 2668 1716 dicimus
2703 1667 2874 1715 totum
2919 1659 3174 1714 mundum
3207 1658 3522 1716 sensibilem

1929 1771 2048 1810 cum
2074 1753 2324 1810 omnibus
2359 1755 2472 1809 suis
2496 1753 2742 1825 partibus
2761 1793 2776 1818 ,
2801 1751 2999 1824 quibus
3024 1759 3256 1807 constat.
3283 1747 3418 1805 Nam
3453 1751 3522 1807 de

1927 1850 2130 1904 mundo
2167 1847 2490 1920 iutclligibili
2523 1845 2890 1902 indubitabilis
2923 1845 3190 1900 sententia
3224 1853 3342 1910 est,
3376 1843 3522 1914 quod

231 1929 465 1988 dicimus
493 1949 658 1989 unum
685 1943 741 1992 et
765 1939 938 1994 solum
965 1940 1155 2006 Deum,
1195 1961 1460 2002 summam
1492 1949 1742 2006 videlicet
1767 1960 1824 2008 et

1929 1957 2206 2012 nunquam
2236 1919 2513 2012 periturus
2543 1983 2556 2008 ,
2590 1939 2844 2011 quoniam
2889 1939 2943 1994 in
2975 1937 3064 1994 illo
3101 1939 3236 1993 nihil
3281 1945 3366 1992 est
3393 1951 3521 1992 cor-

221 2030 471 2078 sanctam
493 2023 815 2084 Trinitatem
847 2072 860 2097 ,
888 2047 1049 2088 unam
1075 2037 1364 2092 essentiam
1413 2039 1465 2094 in
1495 2041 1667 2096 tribus
1698 2043 1826 2098 sub-

226 2113 476 2182 stantiis;
506 2132 647 2188 quae
675 2120 800 2175 dum
827 2140 926 2195 per
947 2141 1006 2182 se
1037 2129 1327 2199 cogitatur,
1355 2131 1502 2188 solus
1543 2131 1596 2186 in
1621 2149 1682 2189 ea
1722 2133 1824 2190 Pa-

228 2212 316 2260 ter
354 2203 592 2285 ἅναρχος
629 2213 900 2286 creditur;
955 2236 1079 2275 nam
1113 2235 1167 2278 et
1209 2222 1232 2256 ⁶
1274 2224 1444 2283 Filius
1489 2237 1545 2284 et
1587 2228 1827 2299 Spiritus

225 2308 450 2393 sanctus
482 2319 584 2360 non
617 2307 838 2365 omnino
883 2305 1107 2390 ἄναρχοι
1147 2325 1293 2384 sunt,
1322 2318 1448 2374 dum
1479 2321 1822 2393 principium,

225 2389 446 2450 Patrem
469 2397 610 2465 dico,
636 2401 856 2458 habent.
884 2389 1051 2462 Filius
1070 2423 1304 2478 namque
1328 2414 1396 2468 ab
1421 2389 1537 2482 ipso
1559 2389 1773 2485 gen-itus
1801 2419 1821 2450 ⁷

227 2493 340 2551 est,
375 2499 594 2547 sanctus
623 2508 754 2549 vero
786 2494 1022 2574 Spiritus
1060 2503 1380 2570 procedens.
1413 2502 1554 2560 MAG.
1579 2505 1824 2564 Primor-

228 2575 399 2637 diales
425 2597 614 2640 causas
651 2585 704 2640 in
747 2587 858 2643 Deo
895 2589 1232 2650 solummodo
1263 2603 1476 2652 creatas
1514 2596 1680 2654 fuisse
1702 2639 1718 2666 ,
1763 2615 1828 2657 ac

230 2673 462 2733 Domino
507 2695 605 2735 suo
653 2683 919 2751 servisse,
971 2701 1080 2741 non
1124 2695 1304 2743 autem
1334 2705 1525 2748 earum
1579 2693 1824 2764 effectus,

227 2767 429 2838 quibus
471 2769 612 2828 hunc
655 2773 966 2835 sensibilem
1017 2782 1276 2838 mundum
1311 2787 1670 2856 compositum
1718 2805 1825 2846 non

231 2857 529 2931 incongrue
551 2865 847 2936 credimus,
872 2871 1176 2942 arbitraris,
1208 2885 1266 2930 ut
1289 2877 1500 2946 opinor.
1527 2879 1672 2936 DISC.
1701 2880 1826 2938 Non

231 2949 394 3042 aliter
427 2951 683 3042 arbitror.
718 2957 920 3016 Causas
941 2965 1140 3020 etenim
1165 2983 1348 3024 rerum
1375 2983 1590 3042 semper
1609 2983 1826 3031 creatas

232 3041 426 3110 fuisse,
477 3041 664 3102 earum
717 3066 845 3106 vero
905 3051 1128 3112 efi‘ectus
1184 3059 1424 3117 definitis
1470 3062 1711 3119 locorum
1761 3081 1826 3122 ac

236 3143 538 3206 temporum
590 3140 896 3200 interstitiis
924 3145 978 3201 in
1012 3147 1156 3205 hunc
1181 3153 1440 3209 mundum
1469 3157 1822 3226 processisse,

231 3233 290 3320 et
320 3226 496 3320 adhuc
547 3233 872 3302 procedere,
909 3245 965 3292 et
1008 3253 1361 3308 processuros
1405 3259 1560 3314 esse,
1609 3248 1822 3320 opinor.

232 3315 376 3412 bim.
403 3319 549 3378 Haec
577 3325 760 3398 opinio
797 3345 973 3402 neque
1001 3347 1032 3388 a
1056 3331 1162 3390 fide
1180 3332 1466 3406 catholica,
1497 3315 1672 3412 neque
1697 3357 1824 3400 vera

232 3409 586 3486 intelligentia
625 3421 880 3478 recedere
907 3425 1292 3484 existimanda.
1321 3430 1459 3498 Quid
1496 3409 1695 3503 igitur?
1719 3432 1826 3489 Pu-

235 3511 416 3571 tasne,
467 3520 662 3566 causas
706 3512 1042 3572 solummodo
1082 3533 1263 3574 rerum
1315 3531 1568 3580 aeternas
1616 3521 1823 3593 fuisse,

229 3594 460 3654 effectus
502 3615 631 3658 vero
657 3618 846 3662 earum
889 3610 1232 3681 temporales,
1280 3627 1344 3668 ac
1384 3631 1484 3686 per
1532 3616 1635 3674 hoc
1683 3617 1826 3675 solas

231 3703 432 3779 causas
472 3707 689 3765 semper
742 3713 1057 3768 mansuras,
1095 3703 1318 3760 effectus
1353 3721 1484 3763 vero
1511 3710 1827 3779 perituros?

231 3777 383 3838 Dtsc.
409 3779 484 3840 Ita
507 3790 721 3858 semper
746 3791 984 3864 cogitare
1005 3794 1196 3853 solitus
1217 3812 1398 3864 eram;
1425 3777 1525 3854 sed
1537 3809 1824 3873 postquam

231 3876 398 3946 hujus
417 3882 719 3950 praesentis
739 3884 1116 3956 disputationis
1133 3890 1381 3947 semitam
1406 3902 1582 3949 tecum
1604 3909 1827 3964 carpere

231 3965 508 4034 inchoavi,
557 3973 784 4031 rationis
811 3991 1036 4033 acumen
1072 3995 1136 4035 ac
1185 3981 1348 4038 veluti
1381 3983 1707 4040 inevitabilis
1738 4001 1824 4042 re-

233 4077 356 4118 rum
385 4069 770 4136 consequentia
791 4071 968 4143 coepit
993 4089 1079 4129 me
1109 4075 1403 4144 attrahere,
1429 4086 1486 4132 ut
1514 4094 1620 4134 non
1645 4079 1822 4136 solum

231 4171 466 4222 causas,
504 4174 691 4216 verum
722 4162 886 4219 etiam
916 4181 1103 4222 carum
1147 4167 1168 4199 ⁸
1220 4171 1598 4241 processiones
1624 4209 1639 4240 ,
1686 4187 1824 4243 quas

231 4247 509 4318 sapientes
529 4249 751 4310 efl‘eetus
779 4267 990 4323 vocant,
1022 4263 1412 4331 perpetualiter
1437 4279 1824 4334 permansuras

231 4343 618 4409 concesserim,
651 4361 716 4402 eo
750 4355 926 4403 tamen
957 4357 1178 4420 tenore,
1205 4361 1264 4407 ut
1287 4367 1394 4408 non
1426 4354 1576 4425 ipsae
1605 4370 1823 4426 proces-

230 4434 418 4490 siones
457 4437 509 4492 in
541 4440 874 4510 semetipsis,
909 4445 1001 4498 sed
1041 4444 1094 4498 in
1121 4461 1248 4500 suas
1271 4462 1462 4503 causas
1504 4463 1822 4505 reversurae

231 4539 609 4596 permaneant.
647 4529 789 4588 MAG.
816 4533 892 4588 De
913 4533 1014 4590 hoc
1042 4536 1218 4593 adhuc
1247 4538 1517 4596 haesitare
1553 4550 1605 4597 te
1629 4540 1823 4598 video?

233 4615 382 4673 DISC.
414 4617 620 4692 Negare
666 4637 772 4676 non
811 4640 1050 4696 possum.
1083 4624 1216 4682 Nam
1241 4645 1379 4700 quae
1406 4644 1503 4702 per
1527 4646 1614 4688 me
1639 4631 1705 4688 de
1735 4631 1821 4689 his

232 4709 574 4780 cogitabam,
624 4729 750 4769 vera
801 4716 940 4771 ratio
989 4727 1181 4775 nutare
1223 4722 1244 4752 ⁹
1289 4721 1433 4802 cogit
1479 4735 1494 4775 :
1547 4723 1818 4796 incognita

232 4811 367 4856 vero
394 4819 570 4874 ,quae
612 4803 954 4864 introducere
988 4809 1106 4878 vis,
1161 4813 1397 4868 nondum
1440 4813 1569 4867 mihi
1619 4813 1820 4884 liquide

232 4895 505 4963 patefacta
531 4907 658 4954 sunt
676 4897 740 4954 ".
767 4899 906 4958 MAG.
939 4901 1058 4969 Dic,
1087 4919 1308 4974 quaeso,
1334 4905 1463 4976 quid
1501 4921 1636 4976 pure
1662 4905 1820 4977 liqui—

235 4987 412 5057 deque
434 4991 714 5063 perspicis,
739 5004 793 5049 et
815 4997 880 5052 de
907 4997 1103 5066 quibus
1131 4997 1307 5053 adhuc
1335 5008 1428 5054 aut
1455 4999 1668 5070 penitus
1694 5001 1822 5054 titti-

231 5079 354 5144 has,
389 5085 695 5154 autpartim
719 5087 1017 5161 intelligere
1049 5089 1258 5160 incipis,
1294 5092 1488 5162 partim
1518 5093 1824 5152 obscuritas

232 5177 401 5240 atque
437 5173 706 5234 subtilitas
745 5179 918 5234 aciem
954 5187 1078 5235 tuae
1107 5181 1301 5236 mentis
1333 5179 1538 5254 effingit.
1573 5181 1717 5238 DlSC.
1745 5183 1821 5240 De

232 5263 419 5318 causis
449 5265 795 5326 aeternaliter
827 5267 1008 5339 factis,
1034 5279 1354 5344 semperque
1382 5275 1742 5342 manentibus,
1767 5283 1824 5330 et

225 5351 294 5410 in
321 5352 590 5414 infinitum
633 5359 1032 5433 permansuris,
1068 5377 1408 5436 nequaquam
1446 5367 1644 5422 mentis
1671 5381 1822 5422 meae

1927 2033 2160 2105 ruptioni
2183 2033 2477 2089 obnoxium
2505 2051 2518 2101 ;
2555 2034 2670 2106 ipse
2703 2031 2971 2104 siquidem
3001 2045 3218 2101 semper
3254 2028 3520 2096 subsistit,

1925 2127 2384 2198 quemadmodum
2414 2137 2469 2184 et
2500 2141 2713 2192 causae,
2745 2141 2973 2196 quarum
2999 2121 3224 2180 effectus
3247 2129 3364 2188 est,
3397 2136 3524 2178 eae-

1925 2217 2088 2276 lestes
2113 2214 2236 2276 dico
2258 2220 2540 2284 essentias,
2565 2217 2812 2290 quamvis
2827 2217 3020 2272 beatus
3043 2213 3328 2289 Dionysius
3343 2211 3520 2271 Areo-

1925 2313 2104 2388 pagita
2133 2323 2342 2368 asserat
2364 2313 2430 2378 ‘3,
2464 2311 2726 2384 quasdam
2762 2309 3032 2381 angelicas
3068 2309 3298 2363 virtutes
3345 2305 3399 2361 in
3443 2304 3526 2360 al-

1929 2405 2120 2460 tiorem
2153 2401 2367 2460 divinae
2401 2403 2640 2460 theoriac
2663 2403 2978 2476 gradum",
3008 2415 3170 2472 quam
3194 2414 3336 2455 nunc
3369 2405 3518 2465 sunt,

1926 2512 2270 2562 ascensurus,
2308 2497 2434 2551 dum
2459 2496 2598 2551 Deus
2621 2497 2795 2550 omnia
2823 2497 2876 2548 in
2905 2495 3144 2548 omnibus
3173 2492 3352 2566 fuerit.

1994 2587 2084 2643 25.
2121 2587 2266 2643 Disc.
2300 2588 2376 2643 De
2403 2583 2682 2642 effectibus
2729 2601 3012 2642 causarum
3045 2583 3421 2650 invisibilium,
3456 2583 3524 2640 de

1927 2679 2182 2737 invisibili
2213 2679 2257 2712 "
2301 2679 2420 2734 dico
2465 2679 2689 2744 mundo,
2735 2677 2908 2733 adhuc
2957 2675 3149 2744 titubo,
3193 2676 3522 2745 deliberans,

1927 2790 2032 2844 qua
2067 2773 2276 2830 ratione
2306 2769 2502 2827 dicitur
2524 2814 2538 2836 ,
2565 2769 2708 2842 quod
2755 2769 3031 2843 periturus
3069 2769 3140 2828 sit
3185 2765 3237 2826 el
3269 2785 3525 2842 perman-

1927 2882 2119 2932 surus;
2163 2865 2296 2920 haec
2341 2863 2486 2919 enim
2537 2860 2640 2919 sibi
2689 2861 2920 2918 invicem
2967 2877 3206 2935 pugnare
3245 2859 3522 2930 videntur,

1926 2959 2104 3032 perire
2127 2957 2248 3014 dico
2267 2967 2319 3012 et
2347 2971 2688 3028 permanere.
2715 2951 2996 3024 Quomodo
3015 2953 3158 3010 enim
3181 2954 3344 3026 perit,
3374 2951 3523 3026 quod

1926 3049 2228 3123 permanet,
2264 3050 2345 3105 vel
2379 3057 2660 3122 permanet
2677 3050 2818 3120 quod
2843 3047 3012 3122 perit?
3038 3041 3177 3104 MAG.
3201 3045 3338 3103 Num
3362 3046 3524 3118 paulo
3608 3041 3614 3049 ’

1927 3127 2176 3214 superius
2201 3140 2479 3198 confessus
2505 3157 2587 3208 es,
2609 3139 2752 3212 quod
2773 3155 2835 3195 ea
2861 3139 3070 3194 ratione
3091 3137 3326 3194 maxime
3355 3139 3522 3195 intro-

1929 3236 2120 3292 ductus
2144 3233 2343 3302 fueras,
2359 3221 2427 3290 ut
2448 3235 2593 3290 milio
2625 3233 2783 3290 modo
2805 3227 3080 3290 dubitares
3105 3232 3170 3288 de
3191 3232 3518 3290 aeternitate

1928 3344 2236 3394 causarum,
2269 3327 2522 3399 quoniam
2570 3329 2622 3382 in
2650 3323 2829 3382 Verbo
2859 3325 2954 3381 Dei
2997 3320 3173 3382 factae
3201 3335 3366 3392 sunt;
3413 3339 3517 3381 non

1927 3422 2070 3477 enim
2093 3429 2265 3491 potest
2281 3420 2457 3490 perire
2473 3434 2656 3488 omne,
2671 3419 2814 3490 quod
2837 3431 3054 3490 semper
3074 3416 3260 3473 vivens
3283 3415 3522 3473 Verbum

1926 3519 2188 3586 continet,
2219 3525 2274 3574 ‘et
2295 3517 2350 3573 in
2389 3533 2496 3589 quo
2537 3517 2718 3572 omnia
2750 3513 2966 3588 Semper
2999 3514 3044 3550 ¹⁸
3073 3514 3187 3570 vita
3213 3523 3358 3582 sunt,
3389 3515 3520 3570 nulli

1927 3611 2262 3682 corruptioni
2300 3620 2354 3666 et
2399 3609 2629 3666 deiectui
2661 3605 2924 3678 subjecta.
2959 3605 3105 3664 DISC.
3143 3607 3225 3663 Ad
3263 3607 3365 3663 hoc
3391 3621 3524 3663 sane

1926 3705 2218 3776 productus
2243 3701 2408 3772 'sum,
2441 3703 2496 3757 in
2530 3712 2736 3758 tantum
2757 3743 2772 3768 ,
2804 3712 2863 3757 ut
2887 3701 3039 3773 prius
3069 3699 3285 3770 dicam,
3316 3717 3402 3756 me
3431 3717 3523 3774 pe-

1929 3798 2074 3853 nitus
2103 3812 2210 3851 non
2241 3808 2382 3860 esse,
2413 3810 2572 3866 quam
2620 3793 2749 3848 illud
2789 3789 3040 3865 ignorare
3068 3807 3250 3864 posse,
3298 3787 3494 3848 audien

1924 3887 2243 3961 Apostolum
2272 3889 2540 3944 dicentem
2573 3905 2586 3940 :
2631 3885 2698 3941 1η
2726 3903 2828 3958 quo
2864 3885 3080 3942 vivimus
3101 3926 3114 3951 ,
3147 3895 3194 3940 et
3233 3902 3488 3941 movemur

1904 3993 2201 4037 'etsumus.
2252 3980 2308 4038 Si
2353 3979 2498 4035 enim
2547 3979 2600 4034 in
2653 3977 2770 4050 ipso
2817 3995 2922 4034 non
2963 3995 3106 4046 sum,
3154 3979 3378 4034 omnino
3412 3995 3503 4035 nor

1925 4065 2042 4129 sum
2078 4091 2090 4128 :
2129 4074 2184 4127 et
2215 4071 2259 4128 si
2285 4067 2389 4127 hoc
2419 4069 2629 4143 ignoro,
2659 4067 2710 4124 in
2737 4067 2779 4101 ¹⁹
2809 4067 3149 4141 insipientiae
3182 4079 3236 4126 et
3270 4069 3518 4142 ignorate

1928 4165 2035 4220 tiae
2063 4163 2284 4220 interitu
2315 4161 2560 4234 perditus
2582 4177 2719 4216 sum.
2752 4155 2891 4218 MAG.
2923 4158 3018 4217 Dic
3045 4161 3232 4233 igitur,
3263 4177 3390 4216 num
3422 4159 3519 4216 Dei

1925 4255 2197 4322 Verbum,
2229 4253 2282 4310 in
2311 4269 2418 4325 quo
2455 4267 2652 4308 causae
2683 4253 2923 4308 omnium
2951 4251 3304 4309 aeternaliter
3343 4250 3522 4307 subsi-

1925 4358 2096 4416 stunt,
2127 4348 2274 4403 venit
2315 4347 2368 4401 in
2409 4359 2694 4402 causarum
2727 4339 2970 4412 effectus,
3012 4341 3116 4401 hoc
3146 4353 3246 4412 est,
3273 4345 3327 4400 in
3375 4342 3518 4400 hunc

1926 4441 2182 4499 mundum
2215 4437 2547 4506 sensibilem,
2579 4454 2770 4496 necne.
2820 4437 2961 4496 DISC.
2992 4433 3250 4510 Quisquis
3276 4439 3381 4494 hoc
3423 4453 3518 4493 ne-

1924 4535 2154 4606 gaverit,
2197 4533 2417 4589 omnino
2463 4547 2590 4590 vera
2618 4527 2663 4562 ¹⁰
2692 4531 2983 4602 religione,
3034 4545 3140 4602 qua
3185 4529 3326 4585 umis
3374 4523 3516 4583 Deus

1924 4627 2136 4691 colitur,
2169 4634 2228 4681 et
2273 4623 2573 4680 iucarnatio
2605 4617 2762 4678 Verbi
2792 4613 2886 4677 Dei
2917 4619 2959 4654 ’ί
2988 4617 3355 4692 praedicatur,
3386 4617 3520 4676 alie-

1923 4735 2024 4774 nus
2047 4727 2148 4774 est.
2170 4708 2260 4772 Ait
2289 4715 2430 4772 enini
2455 4705 2746 4784 Theologia
2772 4731 2784 4767 :
2818 4708 2886 4766 Et
2920 4711 3145 4768 Verbum
3165 4729 3288 4768 caro
3315 4711 3516 4784 factum

1921 4818 2015 4875 est,
2060 4805 2161 4863 hoc
2187 4815 2287 4876 est,
2331 4803 2559 4861 Verbum
2589 4799 2751 4860 homo
2780 4798 2980 4859 factum
3019 4812 3133 4870 est;
3167 4820 3385 4860 carnem
3417 4818 3516 4874 pro

1927 4907 2037 4958 toto
2064 4897 2282 4956 homine
2311 4895 2512 4971 posuit,
2545 4914 2610 4954 eo
2642 4893 2800 4952 modo
2829 4895 3114 4968 loquendi,
3141 4914 3248 4968 quo
3281 4905 3450 4952 totum
3482 4913 3512 4950 a

1923 5005 2077 5068 parte
2103 4991 2457 5066 significatur.
2491 4987 2732 5062 Itemque
2769 4989 2945 5062 ipsum
2984 4987 3221 5047 Verbum
3263 4983 3548 5044 incarna?

1929 5099 2040 5147 tum
2069 5089 2136 5146 de
2173 5085 2351 5158 seipse
2382 5081 2704 5158 praedicans
2739 5104 2753 5140 :
2786 5077 2959 5150 Exivi,
3012 5081 3204 5154 inquit,
3252 5099 3285 5137 a
3325 5076 3510 5148 Patre,

1927 5193 1973 5238 et
1999 5181 2108 5237 ueni
2123 5180 2175 5234 in
2196 5173 2532 5246 mundum,et
2552 5178 2741 5233 iterum
2759 5177 2993 5249 relinquo
3013 5176 3290 5241 mundum,
3307 5182 3354 5228 et
3379 5171 3509 5228 vado

1927 5275 1996 5330 ad
2019 5271 2254 5327 Patrem.
2276 5261 2354 5326 Ac
2379 5269 2422 5326 si
2457 5279 2642 5341 aperte
2663 5264 2869 5324 diceret
2895 5288 2908 5324 :
2936 5263 3064 5340 Ego,
3092 5267 3185 5339 qui
3213 5259 3506 5322 secundum

1928 5365 2263 5422 divinitatem
2301 5360 2545 5434 aequalis
2587 5377 2705 5419 sum
2746 5357 2925 5429 Patri,
2965 5359 3126 5418 unius
3159 5356 3506 5432 ejusdemque

1515 5502 1772 5559 VABIAE
1813 5499 2216 5562 LECTIONES.

311 5613 330 5648 λ
377 5612 470 5668 Sic
492 5609 615 5682 CF;
647 5623 876 5671 creatam
920 5632 1034 5672 om.
1068 5619 1135 5673 A.

234 5687 260 5720 ⁸
294 5683 388 5741 Sic
428 5684 506 5750 A;
553 5700 651 5754 pro
693 5698 927 5741 nostrum
982 5687 1064 5744 CF
1103 5705 1256 5744 nunc.
1333 5689 1425 5744 ἐι
1453 5683 1563 5745 om.
1595 5689 1658 5744 A.

240 5755 290 5832 ff
315 5767 436 5832 sunt
466 5773 574 5832 om.
788 5757 829 5832 “_
863 5759 954 5832 Sic
972 5759 1088 5832 CF;
1131 5761 1174 5814 A
1208 5761 1261 5815 in
1301 5762 1566 5832 sapientia
1596 5759 1810 5832 divina.

237 5825 440 5900 bitabit.
522 5825 567 5858 ³⁸
596 5829 773 5894 (ἐοιτά
803 5827 938 5885 ACF
985 5831 1302 5900 redigentur.

239 5899 290 5933 ⁸⁸
311 5913 515 5970 semper
537 5916 625 5956 om
650 5901 756 5957 CF.

1209 5620 1239 5721 1
1272 5617 1364 5720 δίε
1380 5617 1540 5721 Si;
1565 5619 1629 5721 Α.
1665 5619 2158 5721 "aptaesse?

1796 5687 1840 5742 A
1867 5697 2162 5760 generatus.
2239 5687 2262 5720 ⁸
2287 5691 2472 5740 earum
2501 5701 2610 5741 om.
2640 5687 2748 5741 CF.
2844 5687 2864 5716 '

1796 5797 1810 5814 .
1889 5757 1931 5791 ι’
1963 5757 2054 5814 Sic
2075 5755 2158 5814 CF
2175 5774 2201 5828 ;Δ
2232 5758 2279 5812 Α
2315 5755 2492 5812 nullus
2538 5773 2652 5828 non,
2672 5755 2894 5828 impius.

1380 5825 1424 5864 ’⁸
1461 5831 1554 5886 Sic
1578 5829 1660 5886 CF
1687 5848 1701 5897 ;
1733 5830 1776 5886 A
1805 5840 2084 5887 asseverat.
2157 5825 2461 5900 f‘ggradum
2481 5844 2590 5900 om.
2626 5825 2730 5900 CF-

861 5902 902 5934 "
934 5903 989 5958 in
1013 5918 1120 5957 om.
1150 5902 1193 5956 A
1269 5903 1312 5934 '°
1337 5903 1426 5958 Sic
1455 5901 1578 5969 CF;
1606 5902 1703 5958 A‘a
1735 5917 1880 5958 vera.

2829 5613 2850 5645 ’⁵
2893 5613 2985 5670 Sic
3009 5613 3090 5679 A;
3122 5612 3364 5679 sedem.
3389 5609 3496 5667 CF.

2843 5683 2864 5716 '
2907 5683 2998 5740 Sic
3037 5677 3159 5750 CF;
3210 5677 3254 5738 Α
3281 5693 3506 5738 mutare.

2848 5773 2894 5812 s.
2973 5755 3017 5789 “
3053 5755 3142 5812 Sic
3169 5753 3284 5820 CF;
3331 5752 3379 5808 A
3407 5753 3505 5808 du-

2261 5615 2281 5648 ⁸
2313 5614 2406 5672 Sic
2431 5615 2552 5682 CF;
2577 5615 2622 5670 Α
2651 5625 2728 5670 ut.

2239 5686 2262 5720 ⁸
2287 5691 2472 5740 earum
2501 5701 2610 5741 om.
2640 5685 2748 5741 CF.

2811 5824 2850 5859 "'
2880 5825 3036 5883 CFde
3067 5825 3257 5882 visibili
3280 5823 3401 5881 dico
3426 5841 3500 5878 ιιι.

1958 5903 2000 5932 ’ί
2029 5901 2118 5958 Sic
2141 5898 2226 5958 CF
2238 5895 2258 5967 Ξ
2279 5895 2324 5956 Α
2352 5897 2502 5956 verbi
2529 5899 2737 5956 divisim
2765 5899 3124 5972 praedicatur.
