4028 6282
517 354 616 450 an

1902 381 2185 442 JOANNIS
2221 330 2433 437 scari

2368 252 2501 365 F2“?

3679 374 3795 432 919.

515 506 803 571 esseutiae,
834 503 985 574 cujus
1013 512 1068 558 et
1105 503 1220 574 ipse
1257 510 1343 558 est
1362 544 1375 567 ,
1407 501 1646 557 existens
1666 541 1682 567 ,
1713 498 1854 556 exivi
1892 499 1960 553 ab
1988 492 2177 563 illo,‘A
2207 496 2340 550 dixit
2372 514 2384 549 :
2414 493 2723 551 Praedicate
2747 493 3066 566 evangelium
3085 492 3228 548 omni
3247 502 3538 559 creaturae,
3565 507 3796 549 omnem

516 598 616 653 hoc
644 605 726 651 est
752 595 1025 651 exinanivi
1053 595 1315 665 meipsnm
1335 634 1350 660 ,
1380 593 1608 649 formam
1638 593 1783 647 servi
1809 589 2098 660 accipiens,

515 703 646 745 caro
675 688 925 743 videlicet
950 689 1127 743 factus
1145 703 1283 754 sum,
1317 695 1597 758 totamque
1622 686 1913 741 humanam
1943 692 2100 739 natu-

516 794 634 834 ram
664 779 880 849 accepi,
913 786 968 835 et
998 779 1193 834 iterum
1224 778 1470 850 relinquo
1498 775 1753 832 mundum
1782 786 1838 832 et
1864 774 2004 830 vado
2031 774 2100 830 ad

516 870 756 938 Patrem,
788 870 890 927 hoc
909 877 1015 936 εει,
1044 870 1294 926 servilem
1323 870 1569 933 formam,
1602 877 1879 939 totamque
1908 868 2101 922 huma-

515 980 640 1020 nam
672 972 942 1029 naturam,
970 979 1168 1035 corpus
1198 962 1444 1019 videlicet
1466 971 1521 1018 et
1542 963 1779 1017 animam
1807 970 1861 1018 et
1890 959 2104 1017 intelle-

516 1064 686 1116 ctum,
717 1064 770 1110 et
796 1054 1173 1111 universaliter
1197 1069 1357 1109 omne
1375 1094 1389 1119 ,
1417 1054 1558 1123 quod
1584 1068 1648 1108 ex
1676 1052 1794 1122 ipsa
1824 1060 2100 1116 creatura,

515 1163 658 1218 quae
706 1154 920 1203 constat
963 1162 1032 1203 ex
1075 1147 1274 1202 visibili
1322 1155 1375 1201 et
1420 1143 1739 1217 intelligibili
1788 1143 2100 1210 existentia,

516 1241 751 1311 sumpsi,
790 1239 931 1294 ultra
971 1252 1184 1293 omnem
1223 1238 1480 1292 mundum
1518 1237 1572 1291 in
1611 1235 1878 1291 Deitatem
1923 1248 2099 1288 meam

515 1322 867 1399 convertens,
916 1332 1063 1388 salva
1107 1340 1459 1395 naturarum,
1504 1346 1570 1385 ex
1608 1329 1806 1399 quibus
1842 1327 2099 1390 subsiste,

517 1428 724 1482 ratione
759 1434 1028 1490 manente,
1060 1440 1222 1497 super
1262 1424 1466 1487 omnia,
1512 1437 1652 1493 quae
1686 1428 1814 1478 sunt
1860 1428 1913 1475 et
1961 1433 2103 1491 quae

516 1539 620 1577 non
655 1531 801 1588 sunt,
835 1520 1014 1576 exalto
1046 1519 1085 1573 ⁸.
1128 1518 1308 1573 Exivit
1336 1518 1500 1589 igitur
1523 1533 1553 1571 a
1579 1516 1759 1582 Patre,
1790 1523 1846 1572 et
1870 1514 2020 1570 venit
2046 1513 2100 1568 in

517 1614 797 1679 nmndnm,
840 1613 1132 1667 humanam
1178 1609 1431 1666 videlicet
1481 1618 1734 1665 naturam
1771 1607 2002 1679 accepit,
2045 1606 2101 1662 in

513 1724 621 1777 qua
672 1716 817 1762 totus
854 1706 1083 1760 mundus
1130 1703 1410 1771 subsistit;
1447 1703 1581 1759 nihil
1617 1702 1763 1758 enim
1807 1701 1863 1756 in
1901 1698 2102 1756 mundo

513 1809 615 1863 est,
647 1800 787 1869 quod
820 1813 925 1853 non
972 1798 1025 1851 in
1074 1797 1311 1852 humana
1339 1805 1536 1851 natura
1562 1792 2055 1864 comprehendatur
2083 1810 2097 1845 :

2203 596 2509 644 creaturam
2539 587 2813 660 appellans
2845 586 3137 643 hominem.
3171 585 3284 642 Non
3314 586 3462 642 enim
3493 586 3800 642 irrationa-

2203 680 2401 738 bilibus
2431 679 2774 746 animalibus,
2814 693 2907 735 seu
2935 680 3184 735 omnibus
3216 678 3481 734 creaturis
3506 693 3680 735 sensu
3707 692 3807 734 ει-

2204 774 2478 840 rentibus,
2510 789 2667 829 suum
2709 772 3045 843 evangelium
3072 772 3371 842 praedicari
3400 772 3569 844 jussit
3596 779 3647 838 τ,
3701 773 3800 830 sed

2203 866 2301 923 soli
2329 866 2557 931 homini,
2589 866 2643 920 in
2679 879 2786 935 quo
2811 864 2989 920 omnis
3026 872 3218 919 natura
3246 872 3426 920 creata
3456 866 3800 921 continetur.

2204 958 2345 1016 Msa.
2379 958 2568 1014 Omnis
2603 958 2785 1027 itaque
2819 967 3068 1012 creatura
3107 956 3161 1012 in
3203 958 3419 1014 homine
3468 958 3595 1013 est?
3642 960 3803 1016 Dlscl

2202 1050 2320 1107 Hoc
2345 1050 2709 1106 indubitanter
2735 1047 3033 1103 latendum.
3063 1047 3202 1105 Msa.
3233 1048 3448 1104 Fateris
3471 1064 3631 1121 ergo,
3667 1050 3809 1105 Ver-

2203 1142 2333 1197 bum
2360 1142 2479 1207 Dei,
2508 1142 2560 1196 in
2586 1154 2714 1210 quo,
2743 1148 2799 1196 et
2821 1155 2917 1211 per
2944 1139 3106 1210 quod,
3135 1147 3190 1194 et
3216 1138 3283 1195 ad
3312 1141 3455 1210 quod
3490 1140 3645 1195 facta
3674 1152 3810 1195 sunt

2204 1234 2407 1300 omnia,
2446 1232 2740 1289 secundum
2770 1247 2922 1287 suam
2952 1231 3292 1286 divinitatem
3322 1232 3375 1287 in
3403 1229 3634 1287 effectus
3666 1247 3807 1287 cau-

2203 1339 2385 1382 sarum
2427 1322 2773 1379 descendisse
2817 1322 3111 1378 secundum
3154 1337 3305 1378 suam
3352 1322 3809 1378 humanitatem?

2204 1415 2351 1472 Drsc.
2399 1414 2737 1470 Firmissime
2792 1412 2985 1468 fateor.
3039 1412 3180 1471 Msa.
3244 1413 3423 1482 Quare
3476 1414 3809 1470 descendit?

2204 1509 2354 1564 DISG.
2395 1507 2526 1572 Dic,
2554 1520 2778 1578 quaeso.
2820 1505 2960 1561 Msa.
3003 1505 3117 1561 Non
3156 1505 3319 1562 aliam
3341 1506 3412 1562 ob
3441 1520 3673 1562 causam
3700 1548 3718 1572 ,
3748 1516 3807 1560 ut

2203 1600 2416 1672 Opinor,
2445 1600 2551 1656 nisi
2579 1607 2638 1655 ut
2678 1615 2986 1664 causarum,
3018 1614 3154 1671 quas
3183 1599 3479 1656 secundum
3519 1615 3688 1655 suam
3718 1600 3803 1655 di-

2202 1693 2484 1749 vinitatem
2514 1691 2860 1748 aeternaliter
2882 1699 2936 1747 et
2960 1691 3468 1747 incommutabiliter
3495 1693 3693 1758 habet,
3725 1708 3806 1749 se-

2207 1785 2442 1841 cundum
2472 1800 2623 1841 suam
2668 1785 3059 1839 humanitatem
3090 1784 3312 1841 effectus
3349 1785 3601 1850 salvaret,
3637 1786 3806 1857 inque

511 1902 568 1947 et
595 1856 790 1948 iterum
821 1892 1040 1962 reliquit
1082 1891 1340 1947 mundum
1360 1931 1376 1957 ,
1403 1900 1459 1946 et
1487 1891 1583 1945 ivit
1620 1856 1934 1945 ad-Patrem
1953 1928 1967 1952 ,
2000 1887 2105 1942 hoc
2133 1856 2181 1919 Β
2209 1894 2335 1935 suas
2360 1893 2551 1933 causas
2576 1887 2890 1944 revocaret,
2921 1885 2981 1932 Ill
3021 1878 3075 1932 in
3112 1877 3243 1949 ipsis
3272 1877 3529 1933 ineffabili
3558 1879 3803 1949 quadam

515 1994 616 2052 est,
671 1985 962 2040 humanam
998 1999 1158 2055 quam
1189 1992 1475 2054 acceperat
1504 1991 1754 2038 naturam
1796 1995 1961 2052 super
1984 1994 2102 2034 0111‘

516 2080 602 2134 nia
635 2078 866 2134 visibilia
896 2086 951 2133 et
978 2077 1288 2144 invisibilia,
1315 2091 1477 2147 super
1504 2091 1697 2133 omnes
1722 2074 1949 2130 virtutes
1980 2088 2106 2129 cae-

516 2169 701 2234 lestes,
732 2184 896 2240 super
919 2184 1080 2224 omne
1122 2168 1494 2239 quod'dicitur
1518 2177 1572 2224 et
1599 2167 1936 2238 intelligitur,
1975 2180 2108 2222 suae

514 2261 733 2327 Deitati,
755 2277 898 2353 quae
925 2262 1071 2317 Patri
1103 2259 1345 2331 aequalis
1374 2269 1458 2315 est
1484 2262 1526 2324 ',
1566 2259 1812 2315 adunans
1850 2258 2105 2315 sublima-

515 2355 611 2408 vit.
631 2352 950 2422 Quanquam
968 2352 1111 2407 enim
1135 2360 1305 2407 totam
1329 2352 1621 2406 humanam
1644 2359 1918 2411 naturam,
1942 2364 2105 2419 quam

519 2450 685 2501 totam
733 2447 963 2517 accepit,
996 2453 1162 2500 totam
1213 2446 1264 2500 in
1315 2445 1495 2515 seipso
1522 2453 1577 2500 et
1622 2445 1674 2499 in
1720 2453 1833 2500 toto
1868 2444 2106 2499 humano

518 2552 716 2609 genere
742 2546 908 2593 totam
936 2537 1186 2605 salvavit,
1213 2536 1472 2607 quosdam
1495 2536 1714 2607 quidem
1741 2537 1794 2591 in
1816 2535 2104 2606 pristinum

518 2641 744 2685 naturae
772 2636 973 2685 statum
1002 2628 1316 2694 restituens,
1345 2627 1611 2698 quosdam
1648 2640 1778 2682 vero
1805 2642 1904 2698 per
1930 2624 2109 2680 excel-

516 2719 736 2776 lentiam
762 2720 903 2776 ultra
930 2728 1179 2777 naturam
1203 2718 1462 2776 deiﬁeans
1496 2738 1507 2774 :
1551 2720 1603 2774 in
1626 2718 1773 2774 nullo
1800 2727 1976 2774 tamen
1999 2717 2105 2773 nisi

519 2814 574 2866 in
610 2813 725 2883 ipso
761 2812 877 2867 solo
904 2813 1214 2869 humanitas
1240 2810 1437 2866 Deitati
1476 2802 1530 2866 in
1559 2811 1820 2866 unitatem
1860 2810 2106 2866 substan-

518 2905 625 2959 tiae
664 2907 896 2962 adunata
931 2913 1035 2971 est,
1072 2913 1126 2961 et
1160 2905 1215 2960 in
1247 2906 1419 2976 ipsam
1454 2903 1721 2960 Deitatem
1762 2912 1966 2957 mutata
1995 2917 2109 2958 om-

519 3000 608 3051 nia
644 2998 995 3055 transcendit.
1026 2998 1140 3054 Hoc
1160 2998 1303 3054 enim
1334 2998 1615 3068 proprium
1638 3005 1803 3068 caput
1830 2995 2106 3051 Ecclesiae

522 3090 623 3145 sibi
658 3091 760 3161 ipsi
796 3090 1120 3158 reservavit,
1159 3098 1220 3146 ut
1263 3105 1370 3145 non
1411 3103 1589 3145 solum
1637 3087 1753 3159 ejus
1792 3088 2105 3143 humanitas

524 3183 798 3254 particeps
828 3182 1083 3248 Deitatis,
1130 3197 1318 3238 verum
1370 3182 1533 3239 etiam
1564 3182 1680 3252 ipsa
1711 3181 1915 3245 Deitas,
1954 3187 2105 3250 post-

519 3290 679 3344 quam
710 3260 956 3330 ascendit
984 3274 1053 3330 ad
1094 3275 1332 3340 Patrem,
1366 3274 1552 3340 ﬁeret;
1586 3274 1638 3328 in
1667 3288 1830 3344 quam
1867 3271 2104 3329 altitudi-
2129 3260 2178 3299 “

522 3386 644 3425 nem
678 3369 853 3425 nullus
886 3378 1102 3441 praeter
1132 3370 1306 3440 ipsum
1346 3368 1610 3434 ascendit,
1650 3384 1751 3423 nec
1781 3381 2106 3424 ascensurus

520 3470 621 3518 est.
660 3462 727 3516 Et
765 3463 868 3517 hoc
906 3471 1022 3529 est,
1052 3465 1195 3532 quod
1237 3462 1363 3518 alibi
1394 3472 1578 3534 aperte
1616 3464 1682 3518 de
1724 3462 1902 3531 seipso
1931 3460 2104 3516 dicit:

526 3549 693 3606 Nemo
720 3553 952 3606 ascendit
978 3554 1032 3606 in
1053 3552 1276 3621 caelum,
1315 3553 1417 3607 nisi
1442 3555 1531 3623 qui
1561 3553 1625 3606 de
1647 3550 1790 3606 caelo
1820 3551 2104 3617 descendit,

523 3643 666 3713 ﬁlius
696 3645 956 3710 hominis,
989 3644 1078 3715 qui
1105 3655 1180 3701 est
1217 3648 1271 3701 in
1313 3646 1477 3701 caelo.
1513 3645 1592 3701 Ac
1621 3647 1667 3701 si
1708 3643 1995 3702 manifeste
2023 3646 2106 3700 di-

523 3742 673 3789 ceret
706 3753 720 3787 :
759 3748 917 3789 nemo
954 3736 1198 3791 ascendit
1233 3737 1287 3791 in
1317 3736 1563 3802 Patrem,
1594 3736 1698 3792 nisi
1725 3736 1818 3807 qui
1850 3751 1915 3791 ex
1947 3735 2109 3792 Patre

524 3826 839 3892 descendit,
881 3835 937 3882 et
978 3828 1103 3883 dum
1147 3843 1179 3884 a
1211 3827 1374 3884 Patre
1410 3829 1710 3896 descendit,
1743 3828 1961 3886 Patrem
2000 3845 2109 3885 non

522 3918 791 3986 deseruit;
824 3919 915 3989 qui
964 3934 1178 3991 semper
1221 3920 1277 3974 in
1327 3921 1483 3977 Patre
1525 3928 1627 3986 est,
1664 3921 1921 3991 quoniam
1948 3920 2111 3977 Pater

524 4010 581 4065 in
616 4010 707 4066 illo
739 4010 1208 4082 inseparabiliter,
1238 4019 1293 4067 et
1325 4012 1411 4068 ille
1441 4013 1494 4068 in
1536 4011 1697 4067 Patre
1734 4027 1949 4082 semper
1982 4020 2065 4068 est
2093 4031 2106 4067 :

528 4100 642 4173 Ego
670 4103 828 4169 enim,
859 4104 956 4170 ait,
979 4112 1027 4159 et
1052 4101 1214 4158 Pater
1238 4120 1400 4158 unum
1426 4121 1624 4160 sumus.
1660 4103 1717 4159 In
1744 4120 1905 4176 quam
1932 4105 2111 4160 unita-

531 4202 638 4247 tem
671 4193 817 4249 solus
853 4194 943 4251 ille
981 4209 1133 4250 suam
1174 4195 1563 4251 humanitatem
1600 4196 2112 4268 subvexithceteros

527 4295 731 4354 autem,
761 4301 898 4357 quos
926 4287 1164 4353 deiﬁcat,
1193 4284 1305 4343 sola
1333 4287 1745 4357 participatione
1774 4301 1902 4343 suae
1932 4287 2112 4342 Deita-

526 4380 595 4434 tis
624 4378 644 4410 ³
683 4393 1117 4450 unumquemque
1157 4379 1451 4435 secundum
1494 4378 1829 4435 altitudinem
1859 4380 2111 4451 propriae

524 4469 997 4540 contemplationis
1045 4478 1170 4538 post
1217 4467 1241 4500 ⁸
1291 4482 1351 4525 se
1385 4468 1698 4535 constituit,
1748 4470 2006 4525 ordinans
2054 4470 2109 4524 in

2208 1969 2558 2037 adunatione,
2587 1970 2747 2025 sicuti
2775 1976 2830 2025 et
2860 1970 3007 2041 ipsae
3036 1984 3231 2026 causae
3259 1970 3303 2037 ⁸,
3333 1969 3703 2026 salvarentnr.
3731 1974 3803 2026 Ac

2208 2062 2252 2117 si
2292 2070 2479 2132 aperte
2506 2061 2713 2117 diceret
2742 2079 2756 2116 :
2786 2060 2844 2117 Si
2874 2061 2966 2117 Dei
2990 2062 3251 2132 sapientia
3278 2061 3330 2115 in
3352 2059 3579 2118 eﬁ‘ectus
3606 2078 3807 2118 causa-

2208 2168 2348 2217 rum,
2373 2167 2515 2224 quae
2532 2152 2587 2208 in
2613 2166 2678 2209 ea
2698 2152 3046 2209 aeternaliter
3068 2152 3271 2217 vivunt,
3289 2168 3395 2207 non
3420 2152 3802 2217 descenderet,

2208 2260 2496 2301 causarum
2523 2245 2663 2301 ratio
2690 2246 2895 2316 periret
2919 2264 2930 2299 :
2958 2244 3307 2315 pereuntibus
3333 2246 3476 2300 enim
3507 2262 3803 2303 causamn:

2208 2338 2487 2394 eﬂ‘ectibus
2520 2338 2663 2393 nulla
2695 2352 2857 2394 causa
2896 2346 3233 2405 remaneret,
3273 2345 3413 2394 sicut
3446 2342 3805 2411 pereuntibus

2208 2432 2388 2488 causis
2418 2430 2550 2487 nulli
2591 2441 2934 2488 remanerent
2962 2433 3215 2501 effectus;
3248 2433 3384 2488 haec
3416 2434 3566 2487 enim
3613 2433 3801 2487 relati-

2210 2538 2399 2578 vorum
2430 2523 2641 2579 ratione
2667 2523 3111 2590 simuloriuntur,
3134 2532 3188 2579 et
3215 2523 3376 2579 simul
3401 2525 3689 2589 occidunt,
3718 2535 3805 2580 aut

2208 2616 2369 2675 simul
2415 2625 2471 2673 et
2516 2630 2730 2688 semper
2767 2626 3087 2689 permanent
3121 2621 3166 2672 ⁹.
3227 2618 3372 2674 Dtsc.
3414 2615 3587 2672 Totus
3626 2618 3805 2686 itaque

2209 2708 2443 2765 mundus
2481 2709 2536 2764 in
2574 2709 2753 2765 Verbo
2795 2709 2891 2764 Dei
2936 2709 3245 2780 unigenito,
3287 2709 3604 2771 incarnato,
3652 2709 3804 2763 iuba-

2210 2807 2427 2854 manato
2454 2799 2631 2855 adhuc
2659 2798 2966 2870 specialiter
2996 2801 3279 2855 restitutus
3309 2808 3415 2864 est,
3446 2800 3503 2853 in
3540 2798 3652 2855 line
3682 2815 3805 2854 vero

2210 2897 2393 2951 mundi
2424 2895 2750 2967 generaliter
2777 2905 2833 2952 et
2859 2897 3245 2952 universaliter
3273 2897 3328 2952 in
3358 2897 3554 2952 eodem
3587 2907 3797 2953 restan-

2207 2990 2439 3047 rabitur.
2478 2990 2631 3058 Quod
2657 2991 2801 3045 enim
2827 2992 3134 3062 specialiter
3160 2992 3214 3046 in
3256 2993 3435 3062 seipso
3464 2990 3513 3022 ¹⁸
3554 2992 3805 3062 perfecit,

2208 3083 2532 3155 generaliter
2556 3085 2610 3139 in
2653 3085 2907 3140 omnibus
2942 3084 3205 3155 perﬁciet.
3238 3082 3356 3139 Non
3389 3084 3514 3139 dico
3544 3085 3598 3138 in
3630 3087 3804 3139 omni-

2208 3181 2310 3236 bus
2351 3179 2662 3235 hominibus
2709 3178 3081 3244 solummodo,
3125 3180 3218 3233 sed
3259 3178 3312 3232 in
3360 3179 3511 3232 omni
3559 3177 3802 3233 sensibili

2208 3271 2695 3341 creatura-Ipsum
2733 3270 2998 3341 siquidem
3039 3269 3133 3325 Dei
3158 3267 3418 3335 Verbum,
3463 3270 3694 3339 quando
3721 3284 3805 3324 ac-

2206 3367 2349 3437 cepit
2382 3366 2672 3421 humanam
2716 3373 2996 3428 naturam,
3035 3363 3237 3419 nullam
3267 3372 3512 3419 creatam
3551 3365 3807 3419 substan-

2209 3459 2338 3514 tiam
2376 3456 2758 3528 praetermisit,
2805 3473 2966 3527 quam
3013 3456 3065 3510 in
3097 3472 3158 3511 ea
3192 3456 3233 3486 “
3274 3471 3383 3511 non
3422 3457 3705 3528 acceperit
3742 3456 3803 3509 ι’.

2206 3536 2493 3619 Accipiens
2519 3547 2681 3619 igitur
2710 3548 3003 3602 humanam
3035 3556 3308 3614 naturam,
3340 3563 3562 3603 omnem
3593 3557 3807 3603 creatu-

2209 3655 2326 3696 ram
2357 3640 2583 3710 aecepit.
2607 3638 2686 3694 Ac
2706 3654 2804 3709 per
2825 3638 2927 3694 hoc
2951 3639 2995 3693 si
3022 3639 3310 3693 humanam
3334 3647 3619 3703 naturam,
3646 3653 3802 3709 quam

2210 3732 2450 3802 accepit,
2503 3730 2734 3786 salvavit
2782 3739 2836 3786 et
2885 3731 3236 3797 restauravit,
3286 3744 3509 3785 omnem
3559 3728 3807 3800 profecto

2210 3832 2511 3879 creaturam
2545 3822 2811 3878 visibilem
2841 3830 2895 3877 et
2923 3821 3248 3879 invisibilem
3280 3822 3637 3877 restauravit.
3672 3821 3806 3878 Hine

2212 3931 2318 3971 non
2362 3916 2636 3971 incassum
2668 3914 2938 3970 credimus
2966 3924 3020 3970 et
3058 3915 3438 3985 intelligimus,
3472 3916 3807 3972 incarnatio-

2211 4023 2335 4063 nem
2367 4009 2531 4064 Verbi
2558 4008 2655 4064 Dei
2687 4027 2791 4065 non
2835 4009 3014 4063 minus
3040 4008 3265 4079 angelis,
3298 4023 3463 4078 quam
3491 4008 3806 4065 hominibus

2210 4097 2508 4170 profuisse;
2534 4100 2736 4171 profuit
2763 4115 2996 4169 namque
3022 4100 3332 4156 hominibus
3360 4099 3427 4154 ad
3453 4115 3615 4154 suam
3653 4101 3697 4132 ¹³
3724 4117 3808 4156 re-

2213 4181 2572 4262 demptionem
2610 4208 2847 4264 suaeque
2890 4200 3116 4248 naturae
3156 4192 3639 4257 restaurationem,
3676 4208 3807 4263 pro-

2213 4286 2312 4342 fuit
2327 4286 2533 4359 angelis
2552 4288 2619 4342 ad
2647 4287 3027 4358 cognitionem.
3044 4286 3596 4356 lncomprehensibile
3610 4288 3807 4358 quippe

2211 4385 2332 4431 erat
2378 4376 2615 4434 Verbum
2663 4378 2811 4433 omni
2843 4386 3123 4435 creaturae
3171 4377 3366 4433 visibili
3414 4387 3471 4433 et
3511 4379 3802 4441 invisibili,

2213 4472 2315 4527 hoc
2338 4480 2421 4528 est
2457 4472 2803 4529 intellectuali
2839 4483 2892 4527 et
2922 4471 3204 4536 rationali,
3233 4472 3438 4543 angelis
3463 4472 3720 4527 videlicet
3753 4484 3807 4527 et

527 4560 707 4629 seipso
726 4600 742 4625 ,
782 4560 945 4617 veluti
974 4562 1030 4615 in
1058 4560 1290 4633 quadam
1318 4560 1481 4617 domo
1509 4560 1553 4627 ',
1580 4574 1790 4627 omnes,
1822 4574 1957 4630 quos
1980 4575 2109 4619 con-
2133 4593 2190 4655 Β
2215 4565 2547 4631 hominibus,
2572 4564 2885 4635 priusquam
2914 4564 3311 4628 incarnaretur,
3339 4562 3598 4633 quoniam
3628 4579 3806 4619 remo-

529 4652 729 4709 formes
756 4653 860 4709 sibi
905 4653 927 4685 '
964 4652 1083 4710 ﬁeri
1119 4653 1298 4725 elegit.
1331 4654 1475 4711 Deus
1511 4653 1692 4724 itaque
1720 4653 1818 4709 Dei
1847 4651 2105 4721 Verbum,

530 4750 586 4804 in
626 4763 733 4820 quo
764 4750 943 4807 omnia
988 4748 1129 4806 facta
1174 4756 1301 4806 sunt
1347 4748 1641 4806 causaliter
1684 4759 1741 4806 et
1783 4749 2105 4817 subsistunt,

528 4842 824 4898 secundum
853 4857 1004 4899 suam
1044 4842 1379 4899 divinitatem
1407 4842 1685 4899 descendit
1715 4842 1769 4897 in
1798 4856 2104 4909 causarum,

531 4950 670 5005 quae
704 4934 757 4990 in
798 4933 914 5005 ipso
952 4933 1273 5000 subsistunt,
1302 4932 1546 5003 effectus,
1576 4934 1629 4988 in
1657 4933 1819 4989 istum
1857 4931 2110 4989 videlicet

530 5026 843 5083 sensibilem
880 5027 1170 5092 mundum,
1208 5028 1499 5083 humanam
1534 5026 1805 5097 accipiens
1831 5033 2103 5093 naturam,

529 5118 586 5173 in
613 5132 718 5187 qua
743 5118 920 5173 omnis
939 5116 1171 5173 visibilis
1195 5128 1250 5173 et
1278 5118 1561 5175 invisibilis
1584 5125 1832 5174 creatura
1860 5118 2106 5174 contine-

534 5218 638 5264 tur.
663 5209 807 5265 Dtsc.
837 5209 895 5264 In
919 5211 1021 5265 hoc
1042 5210 1417 5266 incunctanter
1442 5210 1704 5266 catholica
1731 5210 1862 5266 lides
1883 5225 2109 5266 consen-

529 5303 613 5359 tit.
648 5304 829 5375 Ipsum
857 5320 1093 5375 namque
1125 5305 1223 5361 Dei
1243 5305 1478 5363 Verbum
1504 5307 1668 5363 homo
1703 5305 1925 5373 factum,
1962 5316 2112 5378 post-

533 5411 694 5466 quam
723 5398 1022 5456 resurrexit
1044 5414 1076 5456 a
1100 5399 1354 5466 mortuis,
1397 5414 1523 5457 suos
1550 5399 1838 5471 discipulos
1857 5400 2109 5456 erudiens

2215 4664 2327 4710 tum
2350 4664 2406 4711 et
2428 4663 2695 4711 secretum
2720 4670 2882 4725 super
2902 4669 3084 4722 omne,
3112 4654 3253 4725 quod
3275 4661 3359 4707 est
3382 4662 3435 4708 et
3457 4655 3602 4723 quod
3630 4654 3670 4685 “
3694 4672 3804 4708 non

2214 4757 2318 4814 est,
2347 4761 2510 4820 super
2538 4761 2717 4814 omne,
2750 4747 2892 4817 quod
2926 4746 3124 4803 dicitur
3144 4755 3198 4801 et
3224 4744 3539 4816 intelligitur
3569 4764 3583 4799 :
3620 4748 3778 4800 incar

2214 4850 2401 4897 natum
2428 4856 2556 4896 vero
2583 4840 2978 4911 quodammodo
3016 4837 3375 4908 descendens,
3403 4835 3639 4890 mirabili
3666 4852 3807 4906 qua.

2214 4935 2337 4991 dam
2388 4934 2712 5009 theophania
2743 4941 2798 4989 et
2828 4930 3079 4989 ineli‘abili
3120 4941 3174 4987 et
3214 4930 3495 5002 multiplici
3532 4930 3654 4985 sine
3693 4931 3804 4984 ﬁne

2213 5033 2267 5086 in
2298 5030 2659 5102 cognitionem
2696 5028 2970 5098 angelicae
3007 5026 3379 5094 humanaeque
3409 5032 3637 5077 naturae
3664 5039 3802 5092 pro-

2212 5124 2405 5190 cessit,
2449 5130 2503 5178 ει
2549 5137 2712 5193 super
2761 5120 2942 5177 omnia
2991 5118 3320 5190 incognitum
3357 5115 3402 5148 ⁸⁸
3436 5132 3503 5171 ex
3542 5116 3802 5169 mnnihns

2212 5225 2484 5282 naturam,
2519 5214 2573 5269 in
2602 5228 2708 5284 qua
2735 5218 3172 5283 cognosceretur,
3194 5207 3504 5278 assumpsit,
3531 5208 3801 5260 mundum

2212 5308 2521 5365 sensibilem
2552 5314 2608 5361 et
2637 5302 3025 5376 intelligibilem
3050 5301 3105 5357 in
3137 5302 3312 5370 seipso
3342 5298 3805 5368 incomprehensi-

2212 5399 2305 5457 bili
2344 5399 2630 5456 harmonia
2674 5400 2938 5454 adunans.
2984 5394 3051 5450 Et
3093 5394 3183 5450 lux
3222 5391 3611 5448 inaecessibilis
3641 5391 3798 5445 omni

1792 5512 2046 5570 VARIAE
2084 5513 2482 5571 LECTIONES.

605 5629 623 5660 ί
651 5628 742 5686 Sic
769 5629 885 5695 CF;
916 5628 963 5685 Α
987 5629 1243 5684 exaltata.
1318 5630 1340 5661 ²
1367 5629 1459 5686 Sic
1480 5627 1594 5697 CF;
1623 5630 1667 5685 A
1709 5637 1786 5685 est
1810 5628 2066 5694 aequalis.
2142 5628 2165 5661 ⁸
2187 5628 2279 5682 Sic
2303 5626 2386 5682 CF
2413 5644 2427 5693 ;
2458 5627 2501 5681 Λ
2528 5626 2837 5681 divinitatis.

531 5713 709 5753 aomu.
787 5703 809 5734 ⁸
836 5701 920 5757 CF
944 5700 1251 5757 conformes
1274 5717 1397 5756 suos
1423 5701 1537 5756 ﬁeri
1573 5699 1754 5769 elegit.
1800 5700 1848 5769 θ’
1881 5699 1970 5769 Sic
1999 5698 2121 5766 CF;
2152 5698 2195 5753 Α
2227 5698 2389 5769 jussit
2416 5698 2734 5769 praedicari.

529 5770 576 5823 si
599 5772 1386 5847 apertediceret—permanent
1410 5787 1520 5847 om.
1547 5768 1772 5847 CF.A’_‘°
1790 5768 1994 5847 Sich
2014 5770 2101 5847 λέ
2128 5770 2181 5847 in
2208 5768 2376 5847 seipso
2403 5768 2715 5847 specialiter.
2762 5825 2772 5835 ,
2796 5768 2836 5798 ¹¹
2862 5768 2914 5821 in
2937 5784 2997 5820 ea
3027 5783 3135 5823 oni.
3161 5768 3227 5821 A.

1267 5841 1309 5872 ιι
1339 5841 1477 5914 (μιοά
1506 5856 1613 5897 om.
1639 5839 1743 5894 CF.
1822 5842 1863 5874 “
1892 5840 1982 5895 Sic
2005 5839 2121 5905 CF;
2152 5838 2192 5893 Α
2231 5840 2570 5909 incognitam.

528 5841 682 5909 cepit.
761 5842 803 5874 ¹³
829 5857 978 5894 suam
1004 5856 1090 5896 om
1122 5841 1186 5893 Α.

2935 5622 3307 5690 ⁵8ἱεϐΡ;Α
3358 5636 3557 5693 prose.
3652 5620 3796 5677 ’σε

2833 5698 2855 5730 ⁸
2880 5693 2971 5749 Sic
3001 5696 3085 5751 Cl“
3110 5713 3122 5760 ;
3172 5696 3212 5749 A
3244 5696 3357 5765 ipsa
3385 5711 3569 5765 causa.
3659 5693 3685 5724 ⁸
3715 5696 3795 5747 Ac

3306 5768 3347 5797 ¹¹
3378 5763 3605 5830 SicCF;
3632 5765 3675 5818 Α
3705 5780 3797 5817 ac-
