4028 6282
1500 296 1513 329 Ξ

207 387 319 446 913

1074 379 1163 436 DE
1198 324 1542 434 nmszr.
1578 312 1937 427 {magis
1960 336 2049 414 ’.-
2087 369 2291 426 LIBER
2328 367 2656 439 QUINTUS.

3393 368 3498 423 9M

208 512 497 562 creaturae
544 495 896 554 intellectuali
939 502 996 553 et
1041 494 1299 552 rationali
1332 489 1585 565 praebuit
1620 501 1808 542 ποθε-
1839 487 1889 548 Α
1915 489 2168 545 omnibus
2199 486 2566 551 sensibilibus,
2603 483 2718 539 sive
2754 482 3077 540 caelestibus
3102 481 3218 537 sive
3246 483 3500 548 terrenis,

211 610 356 652 sum.
390 593 528 648 llinc
559 598 665 657 est,
698 591 840 661 quod
870 588 1234 645 communiter
1254 584 1553 658 angelicam
1582 583 1813 654 hymno—

210 687 415 759 logiam
440 681 764 738 universalis
786 680 1030 737 Ecclesia
1061 681 1113 735 in
1137 678 1289 735 caelo
1317 687 1373 733 et
1402 677 1456 731 in
1479 683 1621 729 terra
1651 672 1810 728 intel-

211 778 406 852 ligibili
434 787 488 834 et
516 775 757 833 sensibili
786 790 923 831 voce
949 783 1175 831 cantare
1210 790 1320 831 non
1353 771 1552 828 desinit
1584 789 1596 825 :
1630 767 1814 825 Gloria

215 874 276 927 in
304 870 519 926 excelsis
548 868 682 933 Deo,
709 875 757 922 et
788 868 843 921 in
891 877 1033 922 terra
1066 883 1173 939 pax
1200 864 1496 919 hominibus
1527 862 1692 916 bonae
1721 875 1811 915 uo-

217 960 461 1024 luntatis.
494 958 572 1013 Ac
597 972 695 1028 per
728 958 831 1013 hoc
854 954 1580 1017 breviterconcludendum,
1613 952 1665 1006 in
1698 950 1815 1022 ipso

217 1052 404 1106 onmia
435 1051 452 1082 ί
482 1048 717 1106 visibilia
767 1058 823 1104 et
860 1047 1173 1114 invisibilia,
1207 1047 1310 1102 hoc
1348 1056 1432 1100 est
1458 1041 1731 1099 sensibilis
1762 1049 1819 1097 et

221 1142 576 1215 intelligibilis
624 1141 894 1206 mundus,
946 1150 1291 1206 restaurata,
1351 1138 1512 1209 inque
1553 1136 1817 1191 unitatem

220 1234 554 1292 ineﬂ‘abilem
585 1243 839 1290 revocata
876 1242 1001 1289 sunt
1034 1250 1047 1288 :
1079 1233 1256 1288 adhuc
1295 1232 1350 1287 in
1380 1246 1503 1303 spe,
1545 1230 1597 1284 in
1640 1228 1820 1283 futuro

222 1343 358 1384 vero
389 1328 445 1383 in
476 1344 535 1386 re
559 1345 572 1383 :
597 1328 773 1384 adhuc
799 1328 853 1382 in
880 1325 1004 1393 ﬁde,
1029 1326 1082 1381 in
1110 1324 1293 1380 futuro
1317 1323 1373 1379 in
1395 1322 1575 1394 specie
1600 1339 1615 1375 :
1644 1320 1820 1375 adhuc

224 1421 282 1475 in
318 1427 657 1492 argumento,
685 1419 738 1475 in
763 1418 944 1474 futuro
970 1418 1022 1473 in
1047 1417 1425 1487 experimento
1454 1433 1466 1468 :
1490 1414 1604 1484 jam
1629 1412 1681 1466 in
1704 1410 1822 1482 ipso

222 1512 468 1578 homine,
506 1525 665 1582 quem
701 1510 1011 1582 specialiter
1046 1509 1252 1580 accepit
1292 1507 1515 1573 factum,
1548 1507 1600 1563 in
1639 1504 1822 1560 futuro

223 1605 282 1659 in
304 1604 557 1660 omnibus
580 1604 909 1675 generaliter
928 1601 1337 1675 perliciendum.
1355 1598 1472 1655 Non
1498 1600 1678 1668 itaque
1701 1595 1824 1669 quis

224 1696 604 1767 parvipendat,
632 1696 776 1766 quod
807 1694 902 1750 Dei
931 1694 1168 1751 Verbum
1199 1694 1610 1748 inhumanattun
1638 1690 1731 1757 sit,
1759 1704 1825 1745 ac

223 1789 394 1844 veluti
442 1788 736 1844 humanam
805 1798 1055 1844 naturam
1115 1784 1453 1843 solummodo
1503 1784 1727 1840 salvarit
1768 1784 1822 1849 ’,

1916 581 2344 653 intelligendum.
2372 577 2563 633 Omnia
2593 575 2882 647 siquidem,
2922 591 3063 649 quae
3085 575 3219 632 locis
3248 575 3502 646 tempori-

1914 680 2128 748 busque
2174 674 2477 739 variantur,
2525 670 2914 741 corporeisque
2963 670 3213 726 sensibus
3250 684 3502 726 succum-

1916 772 2073 836 bunt,
2127 783 2234 824 non
2286 766 2435 837 ipsae
2471 779 2566 841 res
2594 762 2982 820 substantiales
3003 778 3240 834 vereque
3262 763 3504 819 existen-

1920 874 2025 930 tes,
2060 861 2153 918 sed
2205 861 2447 932 ipsarum
2492 873 2676 914 rerum
2713 871 2841 912 vere
2869 856 3216 913 existentium
3241 857 3507 928 quaedam

1886 956 2272 1021 transitoriae
2321 954 2586 1026 imagines
2633 961 2688 1007 ct
2732 951 3113 1007 resultationes
3164 951 3509 1022 intelligenda

1920 1059 2067 1108 sunt.
2130 1048 2298 1120 Cujus
2359 1043 2588 1101 rationis
2643 1042 2952 1114 exemplum
3006 1050 3092 1099 est
3132 1057 3237 1097 vox
3285 1041 3511 1112 ejusque

1923 1146 2119 1214 imago,
2173 1155 2312 1212 quae
2350 1154 2380 1194 a
2428 1137 2656 1195 Graecis
2703 1141 2827 1211 ἠχὼ
2872 1144 3122 1204 vocatur,
3162 1152 3257 1193 seu
3286 1152 3515 1207 corpora

1924 1236 2275 1307 ipsorumque
2328 1230 2575 1295 umbrae,
2629 1244 2770 1301 quae
2814 1230 2930 1286 sive
2977 1230 3032 1286 in
3076 1244 3213 1301 puro
3255 1230 3381 1284 aere
3409 1230 3519 1286 for-

1925 1336 2130 1393 matae,
2160 1325 2275 1380 sive
2305 1324 2373 1379 de
2409 1322 2587 1394 aquis,
2615 1322 2729 1378 sive
2760 1322 2828 1378 de
2853 1322 3221 1393 qualicunque
3253 1337 3337 1386 re,
3377 1324 3519 1380 unde

1925 1419 2102 1476 solent
2157 1415 2803 1485 resultare,_resultant:
2834 1430 2976 1487 quae
3010 1424 3207 1473 cuncta
3256 1431 3364 1474 non
3407 1432 3517 1483 res,

1928 1515 2024 1573 sed
2068 1512 2240 1569 falsae
2285 1526 2467 1568 rerum
2521 1510 2787 1583 imagines
2824 1510 3125 1582 probantur
3160 1525 3301 1567 esse.
3334 1510 3521 1582 itaque

1927 1608 2069 1664 sicut
2102 1605 2366 1674 imagines
2389 1618 2583 1659 vocum
2625 1601 2960 1674 umbraeque
2987 1618 3274 1675 corporum
3320 1618 3417 1675 per
3464 1617 3526 1659 se

1930 1713 2038 1754 non
2071 1697 2397 1761 subsistunt,
2445 1695 2573 1765 quia
2625 1694 2931 1750 substantia
2965 1709 3070 1750 non
3098 1703 3262 1751 sunt:
3289 1695 3368 1751 sic
3403 1710 3523 1751 cor-

1930 1810 2064 1867 pora
2086 1794 2189 1849 ista
2212 1790 2487 1848 sensibilia
2516 1789 2682 1845 veluti
2706 1803 2890 1845 rerum
2920 1787 3332 1844 subsistentium
3360 1802 3526 1859 quae-

227 1882 328 1937 sed
352 1880 665 1938 ﬁrmissime
690 1882 915 1947 credat,
949 1891 1004 1936 et
1042 1881 1330 1952 purissime
1361 1879 1654 1948 intelligat,
1683 1879 1828 1950 quod
1858 1866 1903 1927 Β
1931 1866 2056 1943 dam
2084 1884 2469 1943 similitudines
2491 1891 2637 1949 sunt,
2666 1890 2721 1938 et
2739 1896 2838 1952 per
2856 1896 2915 1936 se
2937 1880 3235 1937 subsistere
3256 1880 3524 1936 nesciunt.

227 1990 328 2045 per
354 1975 854 2031 inhumanationem
866 1974 989 2030 Filii
1006 1976 1099 2030 Dei
1125 1975 1303 2032 omnis
1323 1983 1573 2030 creatura
1601 1974 1654 2029 in
1677 1972 1829 2031 caelo

228 2075 288 2123 et
317 2066 372 2120 in
400 2064 423 2097 ⁸
470 2074 614 2121 terra
638 2066 783 2121 salva
817 2064 956 2120 facta
988 2074 1089 2120 est.
1116 2063 1345 2121 Omnem
1368 2080 1498 2121 vero
1522 2073 1831 2119 creaturam

230 2159 359 2215 dico
396 2173 612 2229 corpus,
652 2167 706 2214 et
734 2158 955 2213 vitalem
984 2164 1214 2224 motum,
1240 2167 1295 2213 et
1319 2173 1560 2224 sensum,
1587 2165 1643 2212 et
1669 2171 1834 2227 super

232 2252 374 2307 haec
412 2251 683 2306 rationem
721 2259 776 2305 et
817 2248 1167 2306 intellectum.
1213 2249 1377 2304 Extra
1430 2263 1569 2319 quae
1606 2258 1834 2319 putasne

231 2344 463 2412 praeter'
489 2342 657 2397 Deum
698 2339 864 2396 ullam
911 2349 1161 2396 naturam
1197 2326 1371 2396 esse?
1408 2339 1549 2396 Mac.
1598 2338 1832 2395 Nullam.

236 2434 429 2489 Totius
454 2433 600 2489 enim
623 2431 647 2465 ⁸
685 2440 966 2489 creaturae
988 2432 1131 2489 nulla
1161 2432 1264 2486 alia
1296 2432 1517 2503 partitio
1541 2431 1833 2487 invenitur.

238 2526 296 2581 Si
328 2527 475 2582 enim
510 2535 625 2592 est,
654 2535 748 2582 aut
786 2527 1093 2582 intellectus
1128 2527 1380 2598 cognitus
1409 2526 1495 2581 vel
1535 2526 1839 2597 incognitus

235 2627 346 2687 est,
369 2628 465 2675 aut
489 2620 652 2687 ratio,
683 2629 779 2676 aut
802 2636 1025 2688 sensus,
1055 2629 1147 2675 aut
1179 2622 1290 2675 vita
1323 2618 1571 2675 nutriens
1602 2634 1837 2690 augens-

238 2728 349 2784 que
373 2727 621 2783 corpora,
646 2721 740 2766 ant
765 2726 961 2783 corpus
992 2712 1167 2783 ipsum
1198 2712 1221 2744 ⁸
1267 2710 1400 2777 erit,
1417 2720 1471 2767 et
1496 2711 1631 2767 haec
1657 2710 1839 2766 omnia

243 2803 483 2860 Verbum
514 2802 611 2858 Dei
635 2804 977 2859 incarnatum
1010 2804 1241 2875 accepit.
1287 2801 1435 2858 Disc.
1480 2799 1619 2870 Quid
1661 2802 1842 2872 itaque

242 2896 443 2951 dicturi
485 2896 709 2951 sumus?
743 2895 880 2950 Num
924 2894 1319 2951 irrationabilia
1363 2892 1649 2959 animalia,
1696 2893 1841 2963 ligna

241 2989 411 3043 etiam
452 2998 507 3042 et
553 2988 777 3054 herbae,
819 3001 1117 3057 omnesque
1149 2987 1312 3057 hujus
1355 2986 1541 3040 mundi
1586 2994 1770 3055 partes
1810 3000 1840 3038 a

243 3097 462 3136 summo
500 3097 671 3152 usque
704 3081 954 3136 deorsum
996 3080 1049 3133 in
1073 3077 1254 3135 Verbo
1284 3078 1380 3133 Dei
1427 3078 1709 3133 incarnato
1752 3090 1839 3132 re-

244 3183 488 3230 staurata
514 3183 639 3229 sunt
662 3174 720 3229 '?
769 3174 908 3230 MAG.
938 3173 1126 3239 Miror,
1153 3188 1250 3227 cur
1279 3173 1436 3227 toties
1466 3175 1690 3227 eandem
1721 3186 1837 3227 rem

1930 1978 2066 2034 Natu
2093 1986 2148 2033 et
2171 1977 2407 2032 humana
2430 1989 2676 2045 corpora,
2710 1987 2850 2045 quae
2881 1987 3025 2028 nunc
3058 1972 3099 2003 "
3145 1971 3389 2027 localiter
3418 1971 3528 2026 dis-

1934 2073 2248 2138 tenduntur,
2298 2069 2648 2126 incrementis
2721 2067 3191 2137 decrementisque
3243 2067 3523 2123 variantur

1933 2173 1989 2219 et
2015 2163 2061 2195 ¹³
2084 2170 2386 2225 moventur,
2423 2160 2634 2231 species
2666 2173 2880 2230 quoque
2909 2173 3096 2214 eorum
3122 2158 3191 2224 ιδ,
3223 2158 3337 2214 sive
3367 2174 3530 2229 gene-

1934 2255 2078 2312 rales
2102 2253 2245 2318 illae,
2277 2266 2414 2323 quas
2445 2251 2488 2283 ¹³
2522 2250 2704 2305 omnia
2727 2264 2957 2320 corpora
2990 2250 3223 2304 humana
3247 2250 3291 2290 ³ο
3314 2250 3534 2319 partici-

1934 2360 2087 2424 pant,
2118 2350 2231 2406 sive
2259 2347 2544 2420 Speciales,
2592 2346 2791 2418 quibus
2811 2344 2855 2378 "
2881 2344 3214 2417 singulorum
3244 2358 3532 2414 corporum

1938 2443 2222 2516 quantitas
2267 2438 2762 2503 circumscribitur,
2810 2437 2865 2492 in
2911 2435 3312 2491 resurrectione
3353 2433 3532 2489 futura

1943 2554 2050 2592 non
2079 2544 2240 2592 erunt
2267 2534 2336 2601 "‘,
2367 2533 2463 2590 sed
2488 2533 2543 2587 in
2573 2532 2908 2604 spiritualem
2931 2541 3206 2597 naturam,
3236 2545 3377 2601 quae
3402 2530 3537 2586 locis

1942 2626 2408 2699 temporibusque,
2440 2622 2676 2696 propriis
2708 2638 2925 2694 quoque
2952 2622 3258 2694 speciebus,
3292 2638 3435 2695 quae
3464 2638 3532 2676 ex
3576 2611 3594 2626 ⁸

1944 2719 2210 2792 qualitate
2256 2724 2313 2773 et
2352 2715 2660 2787 quantitate
2710 2722 3018 2780 sumuntur,
3072 2712 3246 2767 nescit
3295 2712 3533 2767 circum-

1943 2810 2131 2877 scribi,
2162 2807 2493 2864 transituras
2517 2805 2560 2838 "
2586 2820 2708 2863 esse
2729 2804 2995 2861 naturalis
3021 2805 3163 2860 ratio
3182 2803 3392 2860 edocet.
3425 2802 3535 2859 Hoc

1946 2913 2126 2959 autem
2160 2902 2393 2956 dicimus
2421 2915 2526 2955 non
2547 2898 2969 2971 praescribendo
2997 2898 3297 2955 sententias
3324 2912 3533 2962 eorum,

1944 2996 2037 3067 qui
2066 2995 2227 3051 aliter
2253 2994 2320 3049 de
2355 2992 2760 3048 resurrectione
2788 3005 3079 3061 corporum
3108 2990 3331 3045 omnino
3354 2989 3540 3059 dispu-

1947 3098 2083 3146 tant.
2106 3074 2607 3153 ‘Alllrmantenim,
2648 3086 2889 3142 humana
2924 3098 3151 3155 corpora
3183 3083 3235 3138 in
3265 3097 3329 3138 ea
3357 3096 3536 3153 quau-

1948 3186 2102 3240 titate
2132 3193 2188 3239 et
2216 3183 2417 3255 specie,
2472 3182 2525 3238 in
2573 3196 2681 3253 qua
2729 3180 3151 3252 unumquodque
3185 3177 3406 3244 cecidit,
3452 3178 3537 3233 fu-

245 3264 471 3335 repetis.
500 3262 689 3318 Nonne
712 3262 951 3355 Yerbnm
991 3277 1275 3318 assumens
1301 3262 1598 3327 hominem,
1624 3276 1839 3316 omnem
1869 3237 1914 3302 (ἶ
1949 3286 2069 3355 mra
2098 3237 2567 3348 essc"sexumque
2589 3290 2803 3341 eorum,
2832 3273 3044 3330 virilem
3070 3274 3192 3330 (ιίοο
3218 3273 3540 3331 (animum-

243 3364 556 3413 creaturam
572 3354 837 3411 visibilem
857 3364 912 3410 et
928 3355 1254 3411 invisibilem
1272 3356 1501 3428 accepit,
1520 3364 1574 3410 et
1588 3354 1611 3387 '
1646 3364 1813 3412 totum
1826 3397 1840 3421 ,

243 3447 394 3518 quod
413 3447 468 3502 in
488 3446 707 3502 homine
735 3446 966 3516 accepit,
991 3446 1201 3502 salvum
1229 3446 1392 3503 fecit?
1412 3446 1483 3502 At
1507 3445 1530 3477 ⁸
1551 3446 1596 3501 si
1625 3461 1840 3502 omnem

243 3548 555 3596 creaturam
574 3539 800 3609 accepit,
824 3539 1117 3593 humanam
1132 3539 1405 3610 accipiens
1428 3551 1699 3605 naturam,
1717 3553 1842 3610 pro-

243 3633 394 3688 fecto
436 3646 651 3687 omnem
700 3639 1005 3687 creaturam
1054 3631 1312 3709 .salvavit,
1356 3641 1410 3686 et
1457 3631 1511 3685 in
1559 3641 1842 3686 aeternum

246 3723 585 3779 salvaturum
614 3729 636 3761 θ
674 3720 800 3777 erit.
832 3722 982 3779 DISC.
1014 3721 1317 3794 Corporcae
1346 3722 1510 3791 igitur
1542 3722 1733 3789 moles,
1768 3721 1844 3778 lo-

244 3814 461 3874 calibus
489 3816 679 3887 spatiis
701 3815 991 3881 distentae,
1024 3815 1209 3871 multis
1230 3814 1569 3885 diversisque
1597 3814 1845 3884 partibus

245 3908 606 3979 compositae,
642 3923 742 3963 nec
771 3922 877 3963 non
910 3907 1077 3964 etiam
1107 3907 1348 3962 visibiles
1378 3907 1620 3977 species,
1649 3904 1846 3976 quibus

245 4002 425 4060 moles
453 4002 621 4073 ipsae,
656 4016 724 4056 ne
749 3999 918 4054 ﬂuant
949 4001 1002 4055 in
1032 4016 1231 4067 unum,
1261 4001 1628 4067 continentur,
1657 4014 1844 4053 resur-

244 4102 503 4151 recturae
528 4102 653 4150 sunt
683 4094 737 4148 in
762 4092 1000 4164 generali
1031 4093 1309 4148 hominum
1340 4092 1381 4124 '°
1413 4093 1847 4150 resurrectione?

244 4191 333 4244 Ac
360 4202 458 4259 per
485 4188 589 4244 hoc
615 4186 661 4243 si
694 4196 881 4260 partes
906 4187 1055 4258 ipsae
1093 4188 1150 4241 in
1184 4202 1311 4242 suas
1340 4187 1510 4243 moles
1536 4184 1846 4258 formasque

246 4295 308 4342 et
355 4286 587 4357 species,
636 4287 837 4356 quibus
876 4284 1106 4341 visibilis
1152 4286 1387 4341 mundus
1428 4292 1483 4341 et
1524 4294 1754 4342 ornatur
1792 4291 1850 4340 et

246 4378 621 4448 componitur,
646 4385 954 4450 resurgant,
976 4375 1250 4448 sequitur,
1273 4375 1419 4449 quod
1443 4385 1587 4433 totus
1614 4375 1847 4432 mundus

247 4487 361 4526 non
388 4472 663 4542 periturus
684 4473 775 4539 sit,
805 4473 899 4528 sed
923 4473 975 4527 in
998 4473 1229 4530 eundem
1268 4460 1483 4528 statum.
1504 4486 1842 4528 reversurus.

250 4562 392 4616 Nam
423 4561 469 4616 si
499 4571 681 4633 partes
715 4564 1187 4633 restaurabuntur,
1211 4580 1311 4621 cur
1342 4578 1449 4619 non
1483 4571 1538 4618 et
1567 4572 1735 4619 totum
1762 4563 1847 4617 “?

1944 3384 2074 3442 que,
2136 3382 2558 3441 permansurum
2586 3372 2893 3422 autumant.
2942 3365 3020 3421 De
3064 3365 3260 3435 quibus
3295 3372 3536 3435 postmo-

1943 3463 2072 3518 dum
2114 3459 2684 3518 commcmorabimus.
2731 3458 2890 3527 Quod
2939 3466 3120 3513 autem
3173 3455 3433 3512 animalia
3474 3470 3539 3510 ea

1946 3554 2179 3620 ratione,
2220 3569 2329 3623 qua
2361 3552 2621 3620 diximus,
2649 3552 2754 3609 hoc
2773 3559 2878 3618 est,
2910 3551 2964 3607 in
2997 3550 3176 3615 causis
3204 3549 3318 3605 suis
3341 3549 3539 3604 iterum

1946 3643 2129 3701 futura
2152 3645 2263 3702 sint
2291 3644 2356 3710 '°,
2383 3660 2452 3701 ex
2477 3645 2657 3701 verbis
2682 3643 2858 3700 sancti
2878 3642 3136 3716 Dionysii
3164 3642 3542 3699 incunctanter

1944 3752 2234 3811 possumus
2291 3736 2680 3808 argumentari.
2728 3734 2978 3806 Capitulo
3028 3744 3181 3790 sexto
3229 3735 3296 3789 de
3343 3733 3541 3788 divinis

1946 3828 2268 3885 Nominibus
2294 3828 2361 3884 de
2399 3828 2579 3882 divina
2610 3827 2719 3881 vita
2758 3826 3043 3897 disputans
3074 3843 3088 3881 :
3116 3824 3533 3889 Immortaliam,

1948 3920 2141 3990 inquit,
2166 3917 2472 3990 angelorum
2511 3920 2618 3974 vita
2645 3928 2693 3973 et
2721 3918 3116 3983 immortalitas,-
3145 3925 3194 3971 et
3215 3913 3541 3986 imperdibile

1947 4008 2406 4082 ipsumjangelicae
2420 4026 2622 4081 semper
2640 4010 2903 4075 motionis,
2933 4026 2999 4065 ea:
3022 4008 3368 4080 ipsaﬁdivina
3393 4006 3543 4061 vides
3640 4030 3645 4033 λ

1949 4103 2078 4159 licet
2104 4102 2237 4168 vita,
2273 4111 2321 4156 et
2342 4118 2434 4172 per
2460 4102 2628 4174 ipsam
2660 4111 2736 4158 est
2767 4111 2816 4161 et
2852 4101 3121 4167 subsistit;
3149 4100 3346 4155 idcirco
3384 4108 3431 4154 et
3462 4101 3541 4154 vi-

1950 4206 2121 4253 ventes
2150 4210 2351 4266 semper
2388 4204 2435 4250 et
2465 4194 2786 4249 immortales
2814 4194 3081 4259 dicantur,
3118 4204 3166 4249 et
3197 4209 3301 4247 non
3328 4191 3544 4246 immor-

1950 4288 2078 4343 tales
2109 4287 2334 4354 iterant,
2364 4287 2487 4358 quia
2519 4302 2621 4340 non
2668 4303 2703 4340 a
2746 4285 2930 4355 seipsis
2955 4284 3143 4340 habent
3178 4283 3545 4337 immortaliter

1951 4396 2062 4435 esse
2084 4390 2133 4437 et
2157 4377 2496 4435 aeternaliter
2520 4380 2711 4446 virere,
2735 4379 2911 4451 sedeat
2934 4378 3137 4448 viri/ica
3157 4386 3205 4432 et
3227 4378 3386 4432 totius
3405 4377 3545 4430 vitae

1952 4470 2170 4540 factrice
2191 4479 2237 4523 et
2270 4469 2647 4525 continualrice
2667 4486 2851 4525 causa.
2882 4466 2952 4523 Et
2978 4470 3114 4524 sicut
3132 4468 3190 4523 in
3210 4467 3385 4523 ante“
3408 4466 3542 4521 diei-

1952 4579 2090 4628 mus,
2107 4562 2209 4618 hoc
2233 4570 2317 4617 est
2337 4562 2404 4617 de
2418 4563 2655 4619 essentia
2681 4570 2977 4619 tractantes
2994 4580 3007 4627 ;
3033 4558 3256 4635 3s..enim
3270 4574 3299 4615 a
3317 4559 3544 4617 Graecis

251 4650 398 4707 Mss.
412 4631 714 4707 Visibilium
730 4660 783 4708 et
805 4653 1145 4709 sensibilium
1159 4631 1446 4726 corporum
1464 4654 1631 4710 moles
1652 4663 1708 4710 et
1724 4669 1848 4725 spe-
1870 4631 1925 4693 Ῑ)
1949 4655 2189 4711 essentia
2206 4653 2404 4709 dicitur
2415 4652 2597 4708 divina
2617 4653 2683 4718 “,
2699 4651 2819 4708 ut“
2832 4661 2888 4708 et
2907 4631 3209 4720 obvimtjttia
3236 4662 3284 4707 et
3308 4650 3537 4722 ejusdem

249 4743 368 4797 cies
382 4752 785 4799 resurrecturas
806 4759 915 4799 non
926 4743 1175 4809 dicimus,
1192 4745 1313 4811 sed,
1329 4754 1389 4799 ut
1408 4760 1571 4816 saepe
1584 4745 1724 4800 inter
1749 4761 1846 4803 nos

250 4844 606 4900 convenerat,
620 4837 674 4891 in
698 4852 825 4892 suas
844 4851 1038 4893 causas
1058 4846 1113 4893 et
1132 4838 1390 4901 rationes,
1406 4853 1544 4909 quae
1562 4838 1614 4892 in
1627 4837 1847 4915 homine

250 4926 432 4981 factae
461 4936 607 4992 sunt,
642 4928 695 4982 in
745 4930 1156 5000 resurrectione,
1184 4930 1418 4986 hominis
1460 4946 1582 4986 eum
1630 4931 1852 4986 homine

196 5076 205 5085 ,
251 5027 313 5074 ct
344 5020 650 5076 inhomine
695 5021 1031 5088 reversuras,
1090 5023 1142 5077 in
1194 5022 1392 5094 quibus
1432 5023 1553 5094 plus
1595 5022 1848 5079 animalia

249 5111 440 5167 omnia
482 5112 706 5168 dicenda
753 5124 879 5169 sunt
932 5114 1185 5169 animalia
1229 5130 1375 5181 esse,
1423 5131 1583 5186 quam
1622 5117 1673 5173 in
1719 5106 1861 5187 ipsis)

250 5203 540 5260 effectibus
567 5206 844 5276 corporeis
892 5220 957 5261 ac
1003 5207 1368 5263 sensibilibus.
1413 5205 1516 5263 Ubi
1548 5208 1691 5263 enim
1722 5208 1852 5264 sub-

250 5301 491 5369 sistunt,
528 5301 601 5357 ibi
648 5300 916 5359 veraciter
970 5300 1224 5357 animalia
1269 5309 1414 5358 sunt.
1463 5301 1727 5358 Similiter
1779 5282 1869 5356 del

1952 4764 2061 4803 esse
2101 4756 2174 4803 est
2200 4745 2451 4811 causalis,
2487 4746 2562 4800 sic
2593 4755 2641 4800 et
2670 4745 2741 4800 ibi
2768 4746 2980 4813 iterum,
3034 4746 3087 4800 in
3120 4745 3233 4801 vita
3263 4743 3541 4806 videlicet,

1954 4843 2078 4914 quia
2105 4850 2152 4894 et
2183 4854 2276 4911 per
2300 4841 2529 4910 seipsant
2558 4838 2666 4892 vita
2686 4847 2761 4892 est
2791 4838 2973 4892 divina
3002 4836 3128 4906 rita,
3154 4836 3326 4895 vitalis
3343 4844 3396 4891 'et
3415 4835 3543 4890 sub-

1956 4931 2244 4998 stantialis,
2279 4940 2327 4987 et
2356 4932 2524 4987 omnis
2553 4932 2685 4998 vita,
2709 4939 2760 4985 et
2781 4929 2955 4986 vitalis
2982 4940 3156 4986 motus
3176 4945 3242 4985 ea:
3266 4929 3375 4983 vita
3402 4928 3542 4997 ipsa,

1955 5040 2090 5098 quae
2126 5034 2201 5079 est
2236 5038 2394 5094 super
2424 5038 2629 5077 omnem
2661 5022 2822 5077 vitam
2849 5030 2898 5076 et
2929 5037 3079 5076 omne
3115 5019 3433 5092 principium
3464 5024 3543 5070 ta-

1955 5120 2058 5174 tius
2092 5118 2245 5173 vitae.
2273 5115 2356 5170 Ea:
2382 5117 2497 5186 ipsa
2527 5126 2573 5169 et
2602 5116 2810 5170 animae
2833 5113 3159 5187 imperdibile
3186 5111 3374 5165 habent
3396 5108 3466 5174 “,
3493 5117 3541 5162 et

1957 5209 2211 5266 animalia
2266 5210 2442 5265 omnia
2487 5218 2534 5263 et
2585 5209 2823 5279 germina
2880 5208 3167 5264 secundum
3207 5205 3541 5261 novissimam

1955 5302 2353 5357 consonantiam
2374 5301 2582 5355 animae
2601 5300 2790 5356 habent
2814 5300 2997 5355 vivere.
3015 5296 3133 5366 Qua
3156 5295 3355 5362 ablata,
3372 5303 3480 5350 tant
3494 5293 3541 5332 ⁸³

1543 5439 1792 5497 VARIAE
1829 5436 2232 5498 LECTIONES.

332 5573 349 5604 ί
379 5574 557 5629 omnia
580 5588 692 5630 om.
719 5574 788 5629 A.
856 5564 886 5613 ἰ
907 5573 998 5630 Sic
1019 5572 1140 5640 CF;
1166 5571 1451 5629 Asalvavit.
1490 5548 1493 5553 Ι

253 5717 302 5751 ι’
332 5732 470 5770 nunc
501 5731 611 5770 ctn.
641 5715 710 5770 Α.
790 5716 836 5748 ¹³
861 5727 910 5771 et
948 5732 1053 5771 om.
1112 5715 1218 5771 CF.

252 5800 373 5868 om;
404 5787 445 5841 (Σ
462 5786 503 5842 F
548 5785 701 5868 -.η-ιῇ
717 5786 965 5868 specialis
972 5803 1113 5868 θεία.

316 5573 359 5656 ξ,
379 5574 557 5656 omnia
580 5588 692 5656 om.
719 5574 818 5656 Α.⁸
843 5564 1140 5656 λδῑερρξ
1166 5571 1460 5656 A‘salva‘rilt‘.
1524 5572 1627 5656 ἔζη
1653 5587 1761 5656 om.
1925 5571 1948 5604 ⁸
1976 5573 2253 5656 εηὶηιρω.
2430 5570 2453 5603 ⁸
2474 5569 2707 5653 ᾼὶρειιηι
2728 5582 2938 5656 corpus.
2957 5637 2995 5656 Η
3016 5562 3268 5656 ‘aSlcngF
3289 5564 3394 5656 ;ΔΑ⁸
3415 5564 3538 5656 sint.

252 5656 273 5687 ⁷
303 5643 395 5699 Sic
421 5644 539 5711 CF;
566 5644 614 5699 A
636 5662 717 5700 ac.
797 5647 819 5679 ⁸
842 5644 933 5700 Sic
962 5644 1048 5701 CF
1070 5661 1084 5712 ;
1115 5648 1159 5699 A
1186 5646 1278 5699 Ac.
1355 5646 1376 5674 ¹⁹
1406 5644 1496 5699 Sic
1521 5643 1640 5710 CF;
1666 5647 1703 5697 A
1731 5643 2031 5699 salvaturus
2057 5643 2180 5697 erit.

253 5717 302 5751 ι’
332 5732 470 5770 nunc
501 5731 611 5770 ctn.
641 5715 710 5770 Α.
790 5716 836 5748 ¹³
861 5727 910 5771 et
948 5732 1053 5771 om.
1112 5715 1218 5771 CF.
1297 5714 1342 5747 “
1372 5715 1462 5771 Sic
1497 5714 1582 5771 (1F
1608 5731 1622 5771 :
1656 5715 1701 5768 A
1748 5715 1982 5770 illorum.
2062 5716 2107 5750 ’⁵
2132 5715 2180 5769 Si

1206 5757 1218 5770 ο
1372 5749 1462 5771 tum
1498 5749 1569 5771 υι·
1608 5758 1622 5781 ,
1656 5749 1701 5768 [ι
1749 5749 1860 5769 cur"
1876 5749 1982 5770 uuu
2065 5749 2073 5750 ί
2132 5749 2222 5769 υιυ
2272 5749 2345 5769 ur
2380 5756 2394 5780 ,
2428 5749 2460 5768 η

1195 5787 1239 5819 ⁸⁸
1269 5786 1359 5842 Sic
1399 5788 1439 5841 (Ἰ
1460 5785 1530 5852 F;
1564 5787 1607 5839 Λ
1634 5796 1773 5841 sunt.
1851 5786 1894 5821 ¹’
1924 5786 1969 5839 Α
2000 5789 2289 5839 transitum
2320 5800 2460 5839 esse.

2957 5637 2998 5669 “
3032 5637 3124 5694 Sic
3152 5637 3269 5701 CF;
3304 5636 3345 5690 Α
3377 5645 3543 5695 lotus.

3228 5708 3272 5740 “
3310 5707 3544 5760 humana

3202 5779 3245 5811 “
3273 5779 3362 5835 Sic
3389 5775 3471 5832 Cl"
3500 5777 3543 5830 A

2286 5643 2328 5674 “
2356 5638 2628 5697 hominum
2651 5654 2761 5694 om.
2785 5638 2853 5693 A.

2062 5716 2107 5750 ⁸⁸
2132 5715 2222 5769 Sic
2271 5713 2394 5780 CF;
2428 5714 2472 5768 Α
2504 5708 2762 5782 generalis
2810 5709 2924 5774 illa,
2968 5727 3148 5781 quam.

2062 5789 2289 5837 msitura
2320 5800 2460 5837 esse.
2539 5783 2583 5812 ’°
2613 5782 2705 5837 Sic
2731 5779 2850 5837 CF:
2910 5781 2956 5836 A
2980 5791 3123 5836 sunt.

2836 5798 2850 5848 ;
2910 5798 2956 5836 Λ
2980 5798 3123 5836 sunt.

257 5858 314 5913 in
344 5854 472 5917 ὄντι.
547 5859 596 5895 ’⁸
619 5851 803 5918 divitia
820 5873 933 5917 om.
966 5851 1011 5913 (ἶ
1027 5857 1088 5913 F.
1162 5858 1208 5890 ”
1236 5859 1278 5914 Α
1307 5861 1460 5914 sicut.
1522 5851 1581 5889 ""
1605 5859 1650 5914 Α
1680 5857 1867 5913 habent
1896 5855 2239 5927 imperdibile.
2317 5855 2364 5886 "
2386 5865 2494 5911 tam
2518 5868 2628 5909 om.
2654 5851 2762 5908 CF.
