4028 6282
386 1688 466 1979 3»

440 2118 450 2145 ί

448 2146 475 2159 ξι

524 371 629 428 915

1892 356 2174 415 JOANNIS
2213 358 2409 416 SCOTI

3725 372 3831 426 9M

522 480 756 558 generali
788 479 1039 539 videlicet
1069 478 1179 532 vita
1232 488 1395 547 quam
1423 473 1647 546 speciali
1682 481 1737 529 et
1777 472 2037 544 singulari
2070 472 2110 537 ¹,
2141 475 2190 535 Α
2217 471 2345 528 bulo
2374 471 2419 504 ¹⁶
2444 473 2671 545 mystice
2693 471 3048 545 significatur.
3078 470 3233 545 Quod
3253 477 3299 533 si
3320 477 3560 551 cuipiam
3584 479 3830 537 incredi-

513 580 669 650 juzrtn
722 574 987 646 eloquium
1026 570 1201 641 deﬁcit
1253 571 1360 625 vita
1396 568 1563 624 omnis
1602 566 1672 621 ad
1703 576 1919 631 terram,
1948 574 1996 620 et
2027 564 2118 620 de-

520 671 753 741 ﬁcientia
787 669 857 722 ad
886 664 1314 736 participnudum
1344 678 1457 717 eam
1488 660 1876 732 inﬁrmitatem,
1920 660 2117 713 itertmt

519 777 788 827 conversa,
827 761 1024 814 «iterum
1071 755 1327 811 animalia
1366 754 1524 825 fiunt.
1570 752 1627 808 In
1686 753 1883 823 quibus
1934 752 2119 808 verbis

520 853 751 924 praefati
780 851 1022 924 t‘bcologi
1056 864 1163 905 non
1202 847 1660 905 resurrectionem
1693 846 2009 902 animalium
2038 846 2114 901 ir-

494 943 951 1008 rationabilium,
1003 957 1097 997 seu
1130 955 1312 996 rerum
1355 954 1519 996 sensu
1554 940 1859 994 carentium
1900 938 2114 993 restitu-

522 1040 722 1093 tionem
748 1040 770 1070 ²
791 1036 847 1091 in
895 1035 1160 1107 pristinas
1180 1034 1393 1106 species
1418 1033 1887 1104 quantitatesque,
1920 1031 2118 1102 quibus

521 1131 755 1187 mundus
794 1131 899 1185 iste
934 1129 1217 1201 impletur,
1240 1127 1484 1183 futuram
1529 1128 1899 1199 intelligimus,
1933 1128 2027 1182 sed
2059 1127 2114 1181 in

521 1239 716 1279 causas
744 1239 896 1289 suas,
917 1238 990 1278 ex
1017 1223 1216 1293 quibus
1246 1221 1569 1292 procedunt,
1596 1228 1653 1275 et
1680 1220 1733 1274 in
1764 1219 1959 1290 quibus
1988 1218 2117 1274 sub-

520 1316 745 1383 sistunt,
780 1316 1009 1371 reditum
1039 1329 1161 1369 esse
1196 1313 1462 1369 futurum.
1491 1312 1610 1367 Non
1640 1312 1785 1367 enim
1829 1312 1989 1378 dixit,
2040 1310 2115 1366 di-

524 1412 708 1467 vinam
735 1412 902 1465 vitam
932 1410 1212 1481 angelicae
1240 1408 1578 1463 solummodo
1605 1415 1661 1462 et
1686 1406 1982 1472 humanae,
2011 1405 2114 1462 hoc

524 1511 634 1570 est,
690 1501 1063 1557 intellectualis
1095 1509 1153 1555 et
1181 1499 1463 1556 rationalis
1514 1498 1659 1553 vitae
1698 1510 1921 1553 causam
1968 1511 2111 1563 esse,

524 1598 620 1651 sed
649 1594 1031 1649 universaiiter
1053 1593 1234 1649 omnis
1258 1594 1423 1647 vitae.
1446 1591 1643 1648 Omnis
1674 1599 1855 1646 autem
1888 1591 1997 1645 vita
2022 1600 2117 1646 aut

516 1688 795 1743 rationalis
815 1696 920 1754 est,
961 1687 1101 1742 utin
1142 1686 1517 1758 superioribus
1552 1683 1708 1739 libris
1754 1684 1971 1755 copiose
2003 1683 2115 1739 dis-

512 1790 757 1851 putatum
817 1780 860 1846 ³,
911 1792 1005 1835 aut
1048 1780 1405 1846 irrationalis,
1461 1788 1555 1834 aut
1602 1778 1863 1833 nutritiva
1918 1792 2111 1848 corpo-

2221 564 2329 621 bile
2356 565 2567 621 videtur
2591 576 2647 623 et
2668 578 2857 624 contra
2881 568 3186 625 naturalem
3216 570 3503 642 rationem,
3526 574 3833 631 irrationa-

2216 657 2346 714 bilia
2378 673 2648 731 sensuque
2672 662 2919 718 carentia
2949 662 3002 717 in
3034 662 3332 721 humanam
3367 665 3607 721 transire
3664 678 3829 721 natu-

2218 767 2360 815 ram,
2388 752 2622 823 primunt
2656 752 2897 808 intentus
2925 755 3306 827 conspicetur,
3335 757 3483 829 quod
3529 756 3833 815 inferiores

2217 846 2488 901 humanae
2518 858 2749 902 naturae
2786 855 3001 917 partes,
3050 863 3270 903 sensum
3318 849 3439 905 dico
3487 864 3829 921 corporeum

2218 952 2275 995 et
2314 940 2638 997 nutritivam
2675 941 2844 996 vitam
2886 941 3171 1013 ipsumque
3200 957 3420 1012 corpus,
3455 943 3827 1000 irrationalﬁ—

2216 1030 2348 1086 lium
2399 1046 2671 1103 sensuque
2700 1033 3003 1088 carentium
3042 1049 3140 1090 nec
3172 1050 3280 1089 non
3317 1043 3372 1090 et
3401 1034 3443 1067 "
3470 1042 3827 1091 terrenarum

2216 1139 2507 1199 corporum
2540 1126 2944 1182 conditionibus
2973 1127 3285 1183 simillimae
3325 1137 3472 1184 sunt.
3516 1129 3589 1183 At
3650 1130 3699 1183 si
3756 1129 3826 1183 ita

2216 1227 2322 1287 est,
2353 1220 2485 1289 quid
2515 1220 2711 1275 mirum
2750 1230 2841 1275 aut
2879 1219 3194 1275 incredibile
3231 1221 3362 1288 ‘8,si
3393 1220 3593 1276 similia
3642 1231 3828 1277 trans-

2216 1321 2342 1367 eant
2378 1312 2431 1365 in
2482 1312 2566 1367 sui
2607 1312 2839 1379 similia,
2884 1324 2945 1368 ut
2989 1328 3053 1369 ex
3113 1313 3296 1370 multis
3335 1314 3608 1369 similibus
3662 1332 3828 1369 unum

2217 1405 2472 1477 quiddam
2522 1405 2624 1461 sibi
2673 1406 2850 1463 simile
2896 1406 3183 1475 efﬁciatur,
3215 1408 3289 1463 ita
3337 1415 3523 1463 tamen
3556 1407 3826 1463 inferiora

2216 1496 2412 1553 similia
2447 1496 2491 1530 “
2520 1498 2573 1553 in
2621 1499 3182 1571 superiora,quorunt
3227 1500 3623 1557 similitudines
3676 1510 3826 1565 sunt,

2218 1600 2523 1648 transeant.
2550 1591 2668 1648 Non
2695 1594 2838 1649 enim
2870 1592 3132 1650 naturalis
3175 1596 3319 1650 ratio
3358 1595 3491 1651 sinit
3536 1596 3829 1665 superiora

2218 1686 2271 1741 in
2302 1686 2559 1741 inferiora
2589 1686 2809 1753 mutari,
2839 1686 3098 1742 inferiora
3129 1704 3258 1743 vero
3284 1689 3570 1759 superiora
3598 1700 3826 1746 tiatur:-

2217 1777 2342 1832 litcr
2373 1787 2636 1848 appetunt
2661 1779 2849 1850 eiSque
2874 1778 3062 1835 volunt
3111 1777 3154 1810 ³⁸
3205 1780 3452 1835 adunari.
3514 1779 3827 1853 Perspiciat

516 1888 633 1926 rum
662 1881 714 1927 et
740 1871 955 1929 attct'iva
982 1872 1034 1938 ⁸⁵,
1062 1872 1167 1928 hoc
1208 1882 1293 1928 est
1318 1880 1412 1927 aut
1438 1871 1704 1943 angelica,
1735 1880 1830 1926 aut
1849 1871 2108 1937 humana,
2140 1853 2188 1915 Β
2218 1884 2434 1939 quoque
2484 1870 2768 1942 passiones
2822 1871 3215 1929 irrationabilis
3284 1882 3570 1931 creaturae
3598 1916 3621 1941 ,
3690 1892 3825 1947 quas

516 1970 610 2020 aut
641 1965 913 2033 animalis,
944 1974 1037 2020 aut
1066 1981 1228 2021 sensu
1259 1966 1564 2021 carentium
1591 2006 1606 2030 ,
1640 1973 1701 2019 ut
1726 1972 1853 2020 sunt
1882 1964 2027 2035 ligna
2055 1970 2111 2018 et

518 2062 722 2118 herbae
746 2071 1043 2133 ceteraque
1082 2061 1300 2126 similia,
1332 2061 1385 2115 in
1430 2061 1629 2132 quibus
1673 2059 1858 2115 vitalis
1907 2059 2109 2115 solum-

515 2156 678 2210 modo
723 2164 903 2209 motus
941 2163 1221 2226 operatur.
1258 2154 1336 2208 Ac
1375 2168 1473 2222 per
1509 2154 1615 2208 boc
1643 2167 1752 2207 non
1779 2152 1845 2207 de
1869 2152 1983 2207 sola
2011 2153 2112 2206 htt-

515 2262 675 2301 tnana
727 2247 859 2311 vita,
890 2248 984 2302 sed
1013 2247 1078 2301 de
1109 2244 1361 2300 omnibus
1392 2244 1688 2315 praedictis
1726 2244 1874 2300 vitae
1907 2243 2112 2313 specie-

515 2340 639 2405 bus,
672 2354 773 2393 nec
802 2340 867 2393 de
897 2339 1217 2409 corporibus
1255 2337 1595 2393 solummodo
1623 2336 1900 2403 humanis,
1925 2336 2018 2392 sed
2044 2334 2112 2392 de

518 2432 775 2487 omnibus
818 2447 963 2501 quae
1003 2431 1226 2502 spiritus
1269 2431 1413 2485 vitae
1441 2438 1678 2504 vegetat,
1711 2429 1949 2485 divinttm
1979 2444 2109 2500 pro-

517 2523 735 2578 nuntiat
770 2523 1049 2593 eloquium
1077 2542 1091 2577 :
1121 2523 1342 2593 Auferes
1384 2523 1627 2594 spiritum
1664 2539 1866 2589 eorum,
1902 2532 1951 2577 et
1980 2522 2113 2592 deﬁ-

440 2600 451 2609 “
514 2615 668 2674 cient.
718 2624 767 2668 et
806 2615 862 2669 in
900 2618 1163 2687 pulverem
1203 2633 1357 2670 suum
1383 2626 1723 2671 revertentur.
1772 2615 1930 2671 Nulla
1964 2616 2109 2672 enim

514 2706 646 2771 vita,
678 2721 771 2761 seu
811 2707 1111 2772 rationalis,
1147 2718 1240 2762 seu
1270 2706 1540 2773 animalis,
1564 2722 1659 2763 seu
1690 2706 1973 2774 nutritiva,
1998 2707 2106 2772 ditt,

515 2809 575 2853 ttt
626 2814 731 2853 non
767 2800 791 2833 ⁸
818 2800 997 2854 dicam
1042 2814 1278 2870 semper,
1332 2799 1709 2870 corruptibilis
1758 2807 1813 2853 et
1860 2798 2108 2853 mortalia

516 2874 746 2961 corpora
795 2891 1073 2947 viviﬁcarc
1120 2899 1176 2947 et
1220 2891 1607 2947 administrare
1636 2898 1848 2963 potest;
1883 2892 2111 2962 ideoque

516 2984 737 3051 deserit,
763 2998 936 3056 eaque
978 2985 999 3017 ⁸
1040 2986 1322 3041 deserente
1356 2984 1606 3040 deficient
1631 2986 1651 3009 '
1684 2998 1933 3055 corpora,
1965 2994 2019 3040 et
2056 2985 2108 3039 in

516 3076 791 3145 pulverem
844 3090 1004 3132 suum
1064 3085 1430 3133 revertentur.
1472 3076 1540 3131 Et
1572 3078 1677 3133 hoc
1702 3084 1785 3132 est
1814 3077 1956 3147 quod
1989 3078 2064 3131 ait
2094 3095 2107 3130 :

518 3155 584 3220 Et
620 3167 861 3237 deﬁcient
888 3173 935 3233 ⁸,
966 3167 1022 3223 id
1060 3177 1148 3224 est
1175 3168 1427 3223 animalia
1454 3177 1507 3223 et
1528 3169 1771 3240 germina
1800 3168 1866 3223 ad
1889 3168 2108 3239 partici-

512 3262 754 3332 pandqu
776 3275 896 3317 eam
930 3261 1298 3317 infimitatem
1321 3262 1374 3329 ’;
1407 3278 1512 3317 non
1538 3263 1681 3317 enim
1705 3276 1921 3334 semper
1938 3262 2110 3332 parti-
2134 3227 2182 3292 Ο

514 3353 698 3422 cipare
746 3353 911 3407 vitam
954 3362 1451 3424 possunt,propter
1481 3354 1911 3424 corruptibilium
1940 3364 2108 3409 terre-

516 3456 824 3513 norumque
868 3460 1162 3515 corporum
1215 3447 1586 3501 inﬁrmitatem
1636 3455 1693 3502 et
1735 3446 2104 3519 fragilitatem.

518 3532 796 3590 Naturalis
841 3545 1024 3589 autem
1065 3536 1309 3606 operatio
1346 3535 1492 3592 vitae
1520 3536 1576 3591 in
1614 3539 1954 3609 corporibus,
1994 3536 2109 3594 sive

523 3640 585 3679 ca
635 3624 869 3696 regendo
906 3625 1021 3681 sive
1048 3625 1366 3692 deserendo,
1404 3627 1471 3681 ad
1501 3626 1817 3683 Creatorem
1866 3629 2106 3683 omnium

521 3714 780 3771 refertur.
822 3716 1121 3787 Propterea
1169 3718 1336 3774 dicit:
1364 3718 1586 3789 Auferes
1625 3719 1867 3791 spiritum
1902 3736 2107 3786 eorum,

523 3822 632 3865 non
667 3808 811 3877 quod
838 3808 980 3864 Deus
1006 3809 1219 3864 auferat
1242 3810 1494 3882 spiritum
1515 3810 1681 3867 ullius
1701 3812 1968 3882 corporis,
2010 3810 2107 3867 sed

514 3901 656 3970 quod
682 3902 825 3957 sinat
845 3902 891 3936 “
913 3902 1137 3973 spiritus
1160 3905 1549 3976 corruptilibus
1571 3906 1895 3977 corporibus
1918 3920 2110 3978 grava-

517 4002 600 4048 tos
626 3992 666 4025 “
692 3993 761 4052 ab
783 3994 863 4049 eis
886 3993 1118 4051 deiicere
1142 3995 1207 4049 ad
1228 4003 1466 4067 tempus,
1513 3997 1566 4051 in
1607 3998 1832 4052 eandem
1864 3998 2109 4052 incorru-

514 4084 859 4154 ptibilitatetn
874 4095 929 4142 et
950 4088 1388 4159 spiritualitatem
1418 4102 1678 4145 conversa
1704 4090 1748 4126 "
1778 4090 1978 4146 iterum
2010 4104 2107 4144 na-

518 4177 680 4232 turali
724 4188 876 4234 motu
920 4183 1240 4238 reversuris.
1285 4181 1439 4248 Quod
1477 4182 1621 4237 enim
1652 4183 1734 4238 eis
1760 4183 2105 4255 congenitum

515 4277 603 4323 est
627 4269 681 4324 in
710 4270 853 4327 hunc
882 4274 1163 4336 mundum,
1194 4288 1299 4328 non
1331 4284 1559 4343 possunt
1586 4290 1802 4346 semper
1829 4275 2102 4341 deserere,

515 4362 609 4418 sed
662 4366 986 4435 quandoque
1042 4364 1195 4420 ﬁnito
1251 4368 1452 4422 mundo
1508 4368 1809 4438 recipient,
1865 4370 1990 4425 dum
2051 4369 2104 4423 in

515 4454 714 4519 causis,
746 4456 887 4524 quod
938 4455 1077 4524 regit
1122 4455 1167 4489 ⁸³
1206 4463 1261 4509 et
1307 4457 1450 4527 quod
1503 4458 1710 4527 regitur
1755 4457 1820 4523 “,
1870 4457 2102 4514 mirabili

516 4550 752 4619 quadam
776 4553 820 4585 “
852 4552 1133 4607 harmonia
1157 4568 1324 4609 unum
1354 4554 1717 4626 inseparabile
1741 4557 1980 4612 futurum
2010 4559 2100 4613 sit.

514 4640 750 4712 ideoque
771 4645 845 4698 ait
882 4661 895 4698 :
928 4642 1121 4700 Emitte
1139 4646 1379 4716 spiritum
1404 4658 1573 4714 tuum,
1594 4658 1640 4703 et
1672 4650 2007 4703 creabantur.
2025 4650 2106 4706 Ac

517 4731 564 4785 si
593 4732 796 4788 diceret
838 4748 853 4788 :
900 4734 1151 4806 spiritum
1180 4736 1422 4804 vitalem,
1457 4754 1619 4809 quem
1668 4739 1864 4803 fecisti,
1898 4741 2105 4808 emitte,

519 4828 624 4883 hoc
652 4836 760 4894 est,
784 4830 958 4885 emitti
983 4839 1037 4885 et
1066 4831 1246 4887 redire
1276 4832 1331 4886 in
1353 4846 1603 4903 corpora,
1629 4848 1767 4905 quae
1799 4835 2109 4904 temporali-

518 4929 603 4977 ter
627 4923 883 4989 deseruit,
908 4923 1139 4978 naturali
1173 4924 1413 4995 appetitu
1439 4925 1710 4981 volentem
1768 4925 1944 4980 redire
1987 4942 2109 4996 per-

517 5014 692 5067 mitte.
723 5012 791 5067 Et
814 5013 1085 5068 renovabis
1113 5014 1302 5084 faciem
1331 5024 1525 5081 terrae,
1556 5015 1659 5069 hoc
1708 5024 1808 5079 est,
1855 5015 2108 5071 adunatis

517 5106 954 5177 inseparabiliter
981 5109 1300 5179 corporibus
1335 5108 1448 5164 suis
1496 5109 1750 5165 vitalibus
1799 5110 2104 5179 speciebus,

517 5202 848 5259 restaurabis
873 5203 1240 5275 integritatem
1266 5210 1513 5268 naturae,
1541 5217 1679 5273 quae
1722 5212 1898 5258 terrae
1943 5217 2104 5257 voca-

2130 4600 2185 4662 D

2213 1974 2335 2033 post
2370 1962 2414 1993 ¹¹
2444 1978 2629 2018 casum
2675 1962 2914 2020 hominis
2940 1979 2970 2019 a
2997 1963 3260 2038 dignitate
3306 1965 3522 2021 divinae
3566 1966 3823 2036 imaginis

2213 2055 2447 2111 insertas
2475 2055 2576 2111 sibi
2601 2070 2773 2128 poena
2797 2056 3028 2128 quadam
3076 2058 3282 2128 peccati
3332 2058 3572 2115 humana
3630 2072 3823 2115 natura

2211 2153 2535 2211 attraxerat,
2561 2162 2805 2218 quasque
2827 2147 2871 2179 "
2898 2148 3088 2203 insitas
3110 2147 3432 2203 naturaliter
3452 2158 3586 2205 ante
3610 2149 3822 2221 lapsum

2212 2253 2316 2294 non
2341 2237 2598 2306 habebat,
2625 2239 2831 2294 moveri
2866 2254 3026 2313 posse
3061 2240 3116 2296 in
3145 2242 3251 2307 bis.
3274 2241 3365 2313 qui
3392 2241 3635 2311 perfecti
3674 2252 3819 2307 sunt,

2211 2328 2265 2384 in
2299 2329 2528 2384 virtutes
2556 2329 2856 2386 naturales.
2881 2329 3169 2386 Passiones
3194 2341 3374 2386 autem
3408 2332 3535 2388 dico
3568 2333 3820 2403 volupta-

2219 2430 2407 2476 temet
2436 2421 2737 2488 tristitiam,
2767 2423 3261 2494 concupiscentiam
3310 2435 3476 2494 atque
3538 2426 3818 2489 timorem,

2212 2525 2437 2587 etquae
2457 2529 2525 2570 ex
2573 2513 2661 2569 his
2701 2524 3024 2581 nascuntur,
3079 2531 3216 2586 quas
3267 2516 3320 2570 in
3378 2516 3621 2574 virtutis
3668 2532 3821 2589 ptisse

2212 2608 2409 2665 mutari
2435 2608 2657 2667 dubium
2682 2623 2787 2662 non
2818 2618 2921 2667 est.
2942 2608 3105 2665 Verbi
3134 2598 3329 2683 gratia,
3365 2610 3818 2681 concupiscentia

2213 2700 2427 2773 quidem
2485 2700 2864 2758 intellectualis
2910 2701 3220 2769 divinorum
3268 2702 3549 2774 appetitus
3607 2703 3817 2758 deside-

2212 2793 2450 2848 rantium
2480 2801 2737 2864 operatur
2764 2801 3003 2861 motum;
3054 2793 3303 2866 voluptas
3348 2809 3481 2850 vero
3526 2794 3819 2851 innocuae:

2212 2884 2505 2941 nutritivae
2530 2885 2696 2940 animi
2721 2884 3056 2956 operationis
3084 2884 3376 2953 laetitiam;
3406 2886 3576 2941 timor
3600 2901 3817 2957 quoque

2212 2977 2427 3034 futurae
2458 2980 2511 3034 in
2538 2978 2752 3034 delictis
2793 2977 3074 3049 providam
3116 2978 3340 3034 ultionis
3390 2994 3634 3045 curam;
3694 2982 3818 3035 item

2213 3072 2437 3127 tristitia
2465 3071 2851 3128 correctricem
2896 3071 2949 3126 in
2978 3071 3252 3142 praesenti
3306 3071 3579 3129 malorum
3638 3075 3821 3144 poeni-

2217 3167 2461 3221 tentiam.
2501 3165 2558 3221 Si
2585 3181 2714 3239 ergo
2734 3168 3039 3239 passiones,
3064 3182 3201 3239 quas
3226 3168 3578 3225 rationabilis
3623 3180 3817 3224 natura

2212 3275 2279 3317 ex
2307 3258 2666 3317 irrationabili
2707 3260 2759 3316 in
2807 3261 3043 3332 seipsam
3083 3260 3400 3327 deduxerat,
3433 3261 3491 3316 in
3542 3261 3818 3317 naturales

2215 3352 2429 3407 animae
2468 3360 2695 3423 possunt
2716 3352 2913 3406 mutari
2947 3351 3205 3417 virtutes,
3227 3349 3324 3407 cur
3348 3351 3682 3407 incredibile
3728 3353 3815 3416 sit,

2212 3442 2384 3518 ipsam
2418 3441 2952 3497 irrationabilitatem
2982 3442 3034 3497 in
3082 3441 3423 3499 altitudinem
3467 3441 3818 3497 rationabili-

2214 3535 2342 3591 tatis
2393 3536 2778 3592 transmutari?
2843 3534 2977 3591 Nam
3026 3545 3082 3592 et
3132 3534 3406 3606 superbia,
3445 3552 3593 3606 quae
3657 3536 3818 3592 veluti

2211 3637 2376 3698 caput
2411 3629 2576 3683 totius
2603 3627 2842 3682 malitiae
2869 3629 3211 3699 perhibetur,
3244 3628 3297 3683 in
3339 3642 3591 3683 amorem
3637 3627 3813 3684 caele—

2212 3720 2310 3781 stis
2339 3722 2872 3790 cxcellctttiae,etin
2912 3720 3229 3794 despectum
3273 3730 3527 3778 terrenae
3580 3722 3814 3777 inﬁmi-

2215 3819 2339 3875 tatis
2367 3819 2417 3874 in
2441 3816 2597 3874 bonis
2629 3817 2940 3874 hominibus
2968 3817 3222 3881 vertitur,
3250 3816 3465 3871 dicente
3502 3816 3810 3887 Apostolo:

2213 3906 2361 3976 Quae
2384 3925 2591 3965 sursum
2611 3918 2730 3964 sunt
2762 3911 2951 3980 sapite,
2982 3925 3086 3965 non
3126 3907 3171 3942 ³³
3210 3924 3344 3982 quae
3386 3924 3548 3977 super
3596 3918 3811 3965 terrast.

2210 3999 2562 4071 Brevitcrquc
2586 3999 2895 4063 dicendum,
2928 3998 3137 4058 nullum
3170 3999 3360 4053 vitium
3388 4012 3546 4062 esse,
3578 3999 3730 4068 quod
3763 3997 3811 4051 in

2210 4091 2563 4162 sapientibus,
2597 4090 2778 4146 divina
2804 4090 2976 4163 gratia
3010 4091 3061 4145 in
3094 4090 3173 4145 eis
3196 4087 3242 4126 ³⁸
3270 4099 3559 4161 operante,
3611 4089 3813 4146 mutari

2212 4182 2264 4237 in
2308 4183 2565 4237 virtutem
2592 4198 2697 4237 non
2731 4181 2923 4253 possit.
2949 4181 3031 4236 Ac
3062 4181 3142 4237 sic
3167 4182 3232 4236 de
3265 4180 3469 4236 malitia
3502 4181 3648 4237 solet
3696 4180 3810 4237 ﬁeri

2210 4273 2448 4339 bonitas,
2477 4275 2542 4329 de
2574 4272 2818 4329 bonitate
2847 4282 3024 4329 autem
3051 4288 3391 4345 nequaquam
3428 4273 3673 4329 malitia.
3694 4273 3811 4329 Vir-

2212 4374 2297 4420 tus
2327 4365 2591 4436 siquidem
2621 4366 2880 4420 bonitatis
2933 4366 3268 4420 contrarium
3316 4365 3397 4421 sui
3452 4366 3507 4421 in
3571 4367 3810 4438 seipsatn

2208 4458 2478 4514 consumit
2503 4457 2567 4511 “.
2603 4456 2839 4512 Malitiae
2857 4473 2988 4513 vero
3014 4457 3247 4513 dedecus
3281 4457 3543 4513 bonitatis
3566 4457 3810 4528 pulchri-

2212 4552 2450 4606 tudinem
2480 4549 2794 4606 decolorare
2830 4549 3163 4621 impossibile
3187 4558 3291 4605 est.
3345 4550 3403 4606 Si
3446 4550 3639 4621 itaque
3682 4551 3809 4605 vitia

2213 4641 2266 4697 in
2300 4642 2549 4708 virtutes,
2584 4657 2707 4697 cum
2746 4641 2846 4697 sibi
2876 4642 3104 4697 invicem
3130 4641 3407 4698 contraria
3435 4642 3563 4706 sint,
3599 4642 3805 4698 moveri

2213 4752 2317 4790 non
2349 4750 2609 4805 negamus
2648 4754 2661 4790 :
2707 4752 2805 4792 cur
2860 4745 3084 4792 naturas
3138 4736 3424 4793 inferiores
3467 4738 3522 4792 in
3576 4746 3807 4794 naturas

2213 4827 2544 4897 superiores,
2570 4831 2696 4881 dum
2724 4827 2826 4883 sibi
2858 4828 3003 4884 nullo
3033 4828 3193 4883 modo
3234 4828 3617 4895 adversantur,
3643 4831 3807 4883 mira-

2213 4921 2302 4975 bili
2343 4920 2578 4991 quadam
2636 4919 2961 4975 aounatione
3004 4900 3329 4977 ‘transfundi
3387 4919 3804 4991 negaverimus?

2210 5010 2355 5069 Satis
2387 5011 2453 5066 de
2485 5009 2567 5067 bis
2595 5010 2797 5066 dictum
2828 5010 2872 5044 ⁸⁸
2901 5012 3042 5067 Dtsc.
3076 5012 3221 5068 Satis
3248 5011 3424 5084 plane.

2278 5108 2367 5164 26.
2411 5100 2554 5163 MAG.
2591 5107 2856 5175 Quoniam
2888 5123 3016 5163 vero
3059 5108 3126 5164 de
3167 5123 3251 5172 eo,
3281 5106 3423 5177 quod
3468 5108 3800 5163 resurrectio

2207 5216 2495 5270 corporum
2529 5199 2760 5255 naturali
2788 5199 2984 5254 virtute
3004 5240 3018 5268 ,
3042 5200 3224 5257 divina
3252 5200 3427 5273 gratia
3448 5210 3798 5271 cooperante,

1796 5359 2054 5417 VARIAE
2088 5357 2494 5418 LEC'i'lONES.

589 5491 609 5525 ³
636 5491 721 5547 CF
747 5508 907 5563 quam
934 5492 1184 5564 speciales
1206 5502 1253 5548 et
1279 5492 1594 5564 singulares,

509 5561 537 5596 ⁸
584 5564 627 5617 Α
673 5572 729 5616 ttt
762 5561 843 5618 ne.
958 5561 978 5598 δ
1031 5564 1116 5623 CF
1156 5581 1238 5630 ea,
1291 5561 1413 5634 quo.

520 5635 561 5669 ¹⁰
595 5634 684 5707 Sic
711 5634 827 5700 CF;
856 5634 897 5690 A
926 5636 1149 5689 desinat.
1240 5636 1278 5668 "
1305 5632 1401 5691 'Sic
1435 5632 1542 5700 CF;
1568 5636 1607 5688 A
1634 5647 1897 5707 gravatus.

514 5706 725 5777 tegitur.
753 5707 796 5738 "’
854 5708 1081 5777 quadam
1108 5723 1215 5761 om.
1241 5707 1346 5761 CF.

1690 5494 1711 5524 ¹¹
1737 5492 1786 5550 Α
1802 5493 2255 5550 restaurationem.

1523 5560 1547 5596 "
1578 5560 1669 5618 Sic
1712 5563 1755 5621 A
1781 5580 1795 5628 ;
1844 5561 1931 5617 CF
1959 5562 2228 5632 deﬁriunt.

1990 5630 2032 5667 τί
2060 5632 2150 5689 Sic
2179 5633 2296 5699 CF;
2322 5630 2361 5687 Α
2397 5651 2659 5688 conuerso.

1444 5708 1487 5745 ‘°
1510 5707 1553 5763 Α
1579 5705 1826 5761 vorabqu
1854 5716 2042 5759 terrae.
2120 5705 2164 5737 ¹⁷
2188 5716 2233 5760 et
2261 5722 2366 5759 om.
2396 5705 2460 5758 A.

2347 5490 2493 5576 3.550
2516 5490 3124 5576 βῗῖρᾼηάίξριξεαηαίπτνξ·
3220 5491 3244 5524 ⁸
3266 5490 3503 5576 ἓίὲζΕΕ
3526 5493 3574 5576 ᾼ
3603 5495 3791 5576 ’ἔδεαι

2346 5562 2367 5594 ⁸
2395 5562 2486 5617 Sic
2511 5562 2590 5630 A;
2642 5561 2728 5619 CF
2755 5571 2809 5617 et
2849 5561 3164 5629 deﬁcientia.
3277 5563 3299 5594 ⁹
3330 5561 3414 5618 CF
3460 5564 3787 5633 inﬁmitate.

2346 5642 2361 5687 t
2397 5651 2671 5705 conuerso.
2752 5633 2796 5668 ¹³
2821 5630 3070 5705 SicWCF;
3108 5633 3153 5689 Α
3182 5636 3323 5705 tegit.
3423 5634 3466 5667 “
3496 5635 3586 5690 Sic
3609 5635 3715 5699 CF;
3748 5635 3791 5687 Α

2540 5706 2582 5737 ’⁸
2604 5704 2980 5761 Aiucredibilc
3000 5716 3097 5759 est.
3174 5705 3216 5736 "
3245 5706 3335 5761 Sic
3355 5704 3471 5772 CF;
3501 5706 3539 5760 Α
3569 5708 3615 5760 si
3646 5705 3792 5761 sitni-

515 5776 584 5851 iia
605 5778 670 5851 in
693 5779 773 5829 sui
800 5774 1023 5851 similia,
1043 5779 1097 5831 id
1123 5791 1195 5832 est
1229 5781 1280 5833 in
1311 5778 1592 5851 superiora
1630 5787 1735 5851 Cit}:
1810 5776 1857 5851 το
1889 5777 2198 5851 volantem.
2218 5776 2292 5851 _A.
2369 5776 2409 5809 ¹¹
2444 5774 2535 5851 Sic
2553 5776 2672 5851 CF;
2699 5778 2747 5832 A
2766 5786 3053 5851 propter.___
3070 5776 3116 5807 “
3144 5777 3192 5834 A
3217 5795 3351 5849 quas
3379 5779 3527 5849 (-que
3563 5794 3669 5833 om.
3693 5775 3787 5847 Α.)

515 5846 564 5877 ³⁸
589 5845 634 5899 Α
663 5857 711 5899 et
739 5862 861 5901 non.
941 5847 987 5880 "
1009 5850 1063 5901 iu
1091 5851 1165 5902 eis
1185 5863 1294 5903 om.
1329 5845 1391 5902 AL

1468 5849 1515 5880 ”
1538 5849 1629 5903 Sic
1651 5846 1735 5905 CF
1759 5864 1773 5914 ;
1805 5848 1847 5902 A
1876 5857 2042 5903 mutat
2071 5848 2124 5903 in
2154 5848 2397 5903 scieram.

2966 5844 3075 5904 CF.

2474 5845 2520 5878 ’⁸
2544 5848 2739 5902 dictum
2762 5845 2871 5903 om;
