4028 6282
183 419 290 473 917

1047 411 1133 466 DE
1170 409 1510 467 DIVISIONE
1551 409 1902 466 NATUllAE.
1941 442 2010 453 --
2046 411 2243 468 LIBER
2285 411 2610 480 QUINTUS.

3362 413 3465 470 918

178 548 284 604 per
339 530 637 586 Salvator-is
691 531 871 586 mundi
924 531 1420 586 iuhumanatiouem
1461 531 1639 585 futura
1681 530 1773 593 sit,
1807 544 1849 600 Α
1881 533 2046 586 νίξίέἱὶε
2114 533 2342 603 undique
2408 533 2790 606 complectens,
2855 536 2914 589 in
2985 537 3281 590 summitate
3348 537 3464 592 coni

177 625 331 681 beati
371 624 660 694 Epiphanii
689 624 1055 680 testimonium
1086 625 1505 688 introduximus,
1530 641 1774 679 necessa-

178 719 326 773 rium
379 718 646 782 arbitror,
697 718 878 788 magni
923 717 936 747 ¹
990 731 1205 786 quoque
1252 717 1482 788 theologi
1529 718 1772 789 Gregorii

177 811 512 866 sententiam
540 810 606 866 de
647 810 835 869 eadem
885 810 1092 866 ratione
1149 809 1574 865 inti-educamus.
1618 812 1770 866 συιδας.

177 901 582 968 Necessarium.
628 901 763 956 Nam
817 910 872 958 et
903 902 984 956 sic
1027 902 1379 970 promissum,
1413 904 1515 957 'ct
1537 904 1678 973 quod
1723 905 1776 958 in

177 1004 273 1040 ore
287 985 520 1046 duorum
539 985 853 1040 idoneorum
881 986 1092 1038 testium
1121 987 1482 1051 constituitur,
1501 988 1776 1042 inconcus—

174 1098 296 1134 sum
321 1097 430 1134 esse
457 1079 678 1143 videtur.
712 1077 851 1134 MAG.
889 1078 1156 1134 Vicesimo
1182 1080 1363 1149 itaque
1392 1089 1447 1134 et
1496 1080 1776 1136 secundo‘

175 1173 418 1242 capitulo
465 1172 733 1230 sermonis
777 1174 841 1236 de
889 1172 1130 1241 lmagine
1165 1173 1466 1243 disputans,
1499 1175 1642 1243 quod
1690 1189 1775 1229 re-

175 1268 577 1330 surrectiouon
613 1276 821 1322 tantum
871 1283 936 1322 ex
984 1269 1388 1338 praedicatione
1411 1268 1736 1338 Scripturae
1759 1310 1773 1334 ,

176 1370 539 1431 quantitates
582 1361 696 1430 ipsa
740 1375 922 1420 rerum
975 1362 1300 1416 necessitate
1349 1371 1642 1432 speratur:
1675 1360 1777 1416 Sed

174 1469 285 1506 non
311 1453 386 1508 sic
412 1463 506 1518 est,
537 1453 726 1522 inquit,
773 1452 924 1519 [ortis
948 1451 968 1482 ‘
992 1452 1219 1518 malitia,
1247 1463 1302 1506 ut
1330 1453 1576 1507 bonitatis
1609 1452 1775 1507 uincat

172 1543 420 1598 virtutem
439 1559 460 1596 .'
481 1558 646 1612 neque
670 1542 808 1596 enim
831 1542 1018 1596 melius
1043 1558 1203 1612 neque
1225 1543 1568 1610 singularias,
1593 1542 1689 1596 ltoc
1701 1552 1775 1596 est

171 1635 488 1704 simplicius,
515 1644 724 1698 nostrae
749 1646 971 1690 naturae
1015 1633 1390 1697 inconsultum,
1422 1635 1776 1704 insipientiam

173 1728 324 1792 dico,
347 1745 506 1796 qutun
531 1727 928 1796 Dcisapientia.
961 1723 1085 1779 Non
1107 1725 1240 1778 enim
1264 1725 1508 1795 possibile
1531 1734 1629 1790 est,
1652 1742 1777 1778 cou-

173 1818 414 1872 rersibile
437 1827 589 1888 atque
613 1818 862 1872 ma.’abile
897 1820 1159 1887 potentius
1187 1835 1295 1872 esse
1342 1829 1496 1887 atque
1541 1816 1777 1888 singula-

1877 624 2250 678 commissuras
2311 624 2521 678 laminis
2586 627 2884 693 connectit;
2949 629 3124 698 itaque
3182 627 3463 683 secundum

1877 716 2182 786 ltypotltesin
2205 718 2285 771 sin
2314 718 2459 786 ﬁeret
2485 717 2644 772 alicui
2672 719 2836 774 virtus
2868 721 3286 792 transgrediendi
3321 738 3463 777 men-

1873 825 2079 872 suram,
2121 810 2175 862 in
2213 827 2371 880 quant
2394 811 2694 865 extenditur
2729 811 2913 866 umbra
2943 818 3010 879 ι’,
3044 815 3254 868 omnino
3286 815 3339 868 in
3377 813 3462 869 lu-

1875 902 2015 954 mine
2039 910 2194 967 esset,
2217 918 2248 953 a
2291 902 2513 956 tenebris
2561 903 2775 957 illaesus
2801 919 2817 957 .·
2847 904 2922 956 sic
2954 903 3183 957 arbitror
3229 915 3466 975 oportere

1877 991 2030 1044 etiam
2072 992 2136 1045 de
2171 992 2318 1046 nobis
2347 994 2576 1063 cogitare
2602 994 2671 1059 ’3‘,
2709 995 2832 1064 quia
2866 1006 3193 1050 transeuntes
3233 997 3466 1052 malitiae

1877 1082 2177 1148 terminum,
2224 1099 2340 1136 cum
2377 1085 2437 1138 in
2478 1086 2778 1139 summitate
2813 1088 3028 1140 umbrae
3069 1090 3264 1157 peccati
3303 1090 3468 1158 [ueri-

1877 1189 2028 1238 ιλιαδ,
2077 1174 2266 1228 iterum
2321 1176 2375 1227 in
2427 1174 2625 1228 lumine
2671 1176 3126 1243 conversabimar,
3182 1179 3467 1232 secundum

1878 1268 2143 1336 inﬁnitam
2210 1268 2732 1339 multiplicationem,
2795 1280 3048 1340 quantum
3112 1273 3180 1324 ad
3234 1271 3468 1326 malitiae

1880 1374 2201 1423 mensuram,
2243 1361 2497 1414 bonorum
2537 1371 2727 1414 natura
2759 1361 3078 1414 abundante.
3113 1359 3314 1415 Iterum
3347 1379 3467 1432 ergo

1878 1452 2191 1520 paradisus,
2236 1453 2426 1506 iterant
2476 1469 2626 1506 omne
2673 1451 2805 1506 illud
2852 1453 3085 1523 lignum,
3129 1453 3269 1523 quod
3311 1455 3468 1509 etiam

1879 1546 2012 1600 vitae
2041 1556 2113 1599 est
2145 1546 2368 1616 lignum,
2409 1547 2599 1599 iterum
2638 1545 2881 1615 imaginis
2923 1546 3098 1616 gratia
3140 1555 3188 1599 et
3225 1545 3469 1616 principii

1880 1638 2130 1707 dignitas.
2176 1638 2583 1702 Animadverte,
2618 1653 2778 1707 quam
2808 1637 2952 1691 clare
2982 1646 3036 1691 et
3079 1637 3470 1691 rationabiliter

1879 1737 1933 1784 et
1973 1730 2350 1785 imlubitanter
2393 1730 2629 1784 astruit:
2676 1729 2910 1799 primum
2947 1729 3165 1798 quidem
3209 1728 3468 1782 malitiam

1882 1839 1986 1876 non
2015 1838 2172 1893 posse
2198 1839 2318 1878 esse
2347 1833 2683 1893 perpetuam,
2719 1821 2807 1876 sed
2840 1837 2906 1877 ex
2936 1823 3258 1877 necessitate
3287 1837 3468 1876 rerum

175 1911 312 1974 rius,
336 1927 490 1980 quant
520 1910 659 1980 quod
689 1927 891 1980 semper
923 1909 1169 1965 similiter
1205 1928 1259 1964 se
1295 1911 1472 1975 habet,
1522 1921 1677 1980 atque
1718 1911 1772 1965 in
1807 1917 1850 1976 Β
1881 1913 1943 1968 ad
1969 1925 2183 1969 certum
2219 1915 2508 1970 terminum
2546 1923 2948 1984 perventuram,
2988 1922 3040 1968 et
3073 1913 3397 1984 quandoque
3421 1909 3472 1943 ’δ

172 2004 312 2056 bono
338 2003 501 2071 ﬁxum
549 2015 620 2057 est
655 2005 692 2055 ³.
728 2001 870 2058 Nam
901 2005 920 2035 °
969 2005 1202 2060 divinant
1229 2005 1436 2076 quidem
1490 2006 1770 2059 consilium

171 2111 380 2163 semper
409 2105 453 2148 et
484 2095 502 2132 ⁷
550 2095 872 2152 immutabile
929 2096 1118 2166 ubique
1143 2097 1164 2127 ⁸
1194 2114 1249 2150 se
1282 2101 1303 2131 ⁸
1344 2097 1497 2151 ltabet
1525 2111 1541 2148 .’
1567 2114 1774 2152 conver-

173 2185 330 2252 silli/8
365 2196 537 2249 autem
567 2197 777 2242 nostrae
797 2197 1020 2244 naturae
1053 2206 1155 2248 non
1188 2191 1241 2244 in
1287 2189 1428 2244 malo
1467 2191 1630 2260 ﬁxum
1663 2209 1776 2245 ma-

173 2287 283 2329 net.
324 2275 476 2342 Quod
519 2278 654 2332 enint
687 2296 894 2349 semper
929 2282 1139 2334 omnino
1177 2291 1412 2336 movetur
1433 2323 1446 2346 ,
1480 2284 1524 2336 si
1561 2284 1771 2352 quidem

173 2366 248 2418 ad
279 2367 468 2420 bonum
501 2370 880 2437 processionem
898 2370 1162 2436 habuerit,
1187 2383 1399 2442 propter
1420 2374 1769 2429 eximietatem

175 2461 254 2518 rei
285 2462 669 2536 perquireudae
715 2481 986 2534 nunquam
1019 2467 1216 2526 desinet
1259 2467 1321 2518 ab
1358 2468 1493 2534 ipso,
1524 2469 1613 2537 qui
1649 2485 1770 2521 sur-

171 2571 291 2608 sum
320 2565 416 2620 est,
447 2565 642 2620 meatu.
678 2552 799 2609 Non
818 2558 954 2614 enim
983 2559 1204 2614 inveniet
1225 2561 1505 2613 terminum
1525 2562 1769 2631 quaesiti,

170 2652 264 2718 qui
288 2648 334 2684 "
359 2651 705 2706 nanciscentis
731 2650 1040 2708 stabilitabit
1083 2671 1309 2723 unquam
1339 2663 1555 2708 motum.
1600 2655 1695 2709 Sin
1730 2656 1770 2692 ³³

172 2744 247 2795 ad
273 2743 350 2808 id,
372 2743 512 2812 quod
540 2745 862 2799 contrarium
885 2755 980 2809 est,
1010 2756 1205 2800 motum
1230 2749 1270 2780 ¹⁹
1295 2749 1600 2819 susceperit,
1622 2748 1708 2802 ubi
1730 2748 1772 2781 ¹³

172 2851 390 2888 cursum
420 2835 652 2890 malitiae
702 2838 978 2908 peregerit,
1005 2847 1051 2892 et
1091 2839 1146 2892 in
1180 2840 1608 2895 sublimissimam
1645 2842 1774 2896 mali

174 2943 478 2982 mensuram
500 2930 785 2997 peruenerit
819 2946 836 2984 :
867 2941 990 2985 tunc
1009 2932 1149 3002 quod
1185 2951 1386 3004 semper
1415 2935 1609 3005 impetu
1657 2953 1773 2990 mo-

172 3032 346 3086 retur,
379 3021 578 3080 nullum
626 3039 692 3077 ea:
745 3033 937 3078 natura
985 3035 1181 3080 statuat
1228 3027 1513 3093 inveniens,
1561 3045 1680 3081 cum
1731 3027 1773 3061 “

171 3115 427 3183 spatium,
451 3116 592 3184 quod
615 3117 668 3170 in
708 3117 914 3171 malitia
945 3129 1039 3183 est,
1059 3129 1423 3173 transcursum
1468 3121 1653 3191 fuerit,
1688 3139 1774 3176 se-

173 3207 409 3262 cundum
434 3210 789 3272 necessitatem
825 3211 894 3264 ad
928 3211 971 3244 ¹⁵
1001 3211 1191 3265 bonum
1241 3213 1492 3266 convertit
1547 3222 1765 3267 motum.

1884 2007 2179 2061 desiturum
2199 2008 2264 2061 εδ.
2291 2006 2504 2062 Sieuim
2522 2007 2700 2060 divina
2718 2007 2950 2073 bonitas,
2970 2022 3109 2078 quae
3135 2021 3349 2078 semper
3365 2022 3469 2062 non

1880 2097 2051 2152 solum
2082 2098 2132 2152 in
2179 2099 2354 2163 bouis,
2399 2107 2585 2152 verum
2624 2098 2788 2151 etiam
2821 2098 2874 2151 in
2917 2098 3072 2152 malis
3113 2099 3250 2154 bene
3279 2113 3472 2168 Opera-

1881 2199 1986 2256 tur,
2029 2200 2247 2245 aeterna
2299 2199 2352 2245 et
2380 2189 2584 2243 inﬁnita
2617 2199 2700 2244 est
2727 2189 2794 2255 “,
2833 2190 3167 2244 contrarium
3201 2189 3319 2261 ejus
3369 2207 3467 2246 ne-

1876 2283 2115 2338 cessario
2192 2299 2296 2337 non
2356 2283 2460 2336 erit
2525 2292 2803 2337 aeternum
2871 2292 2927 2338 et
2983 2283 3299 2351 infinitum;
3341 2287 3471 2341 alio-

1875 2376 2004 2446 quin
2054 2393 2165 2430 non
2197 2376 2301 2430 erit
2330 2375 2690 2440 contrarium,
2737 2391 2836 2430 nec
2867 2390 2931 2430 ex
2985 2376 3199 2431 diversa
3230 2380 3274 2411 ’τ
3317 2386 3472 2447 parte

1874 2470 2203 2539 Oppositum.
2268 2468 2502 2524 Aeterna
2560 2469 2860 2538 siquidem,
2909 2471 3158 2539 quamvis
3211 2469 3473 2540 qualitate

1876 2560 2230 2630 discrepant,
2286 2561 2401 2614 sola
2464 2561 2804 2615 aeternitatis
2867 2562 3198 2632 aequalitate
3255 2564 3474 2618 sibimet

1875 2654 2225 2708 conveniunt.
2267 2652 2456 2707 Divina
2505 2668 2741 2722 namque
2789 2653 2960 2724 pietas
3007 2665 3168 2725 atque
3207 2657 3472 2712 severitas

1876 2744 2138 2814 qualitate
2167 2744 2471 2808 dissonum,
2521 2745 2646 2798 dum
2689 2760 2792 2798 una
2838 2746 3031 2800 delicta
3074 2747 3250 2817 punit,
3298 2748 3470 2802 altera

1875 2834 2120 2903 indulget
2153 2852 2163 2887 :
2197 2836 2389 2889 ambae
2417 2845 2599 2889 tamen
2639 2846 2896 2890 aeternae
2937 2847 3081 2892 sunt.
3119 2837 3343 2892 Divinae
3378 2854 3472 2892 au-

1878 2939 1986 2984 tem
2037 2929 2269 2983 bonitati
2329 2929 2536 2984 malitia
2601 2930 2824 2985 omnino
2889 2931 3202 3001 opponitur.
3265 2930 3468 2986 Malitia

1877 3020 2058 3089 itaque
2083 3021 2604 3075 consummationem
2635 3021 2889 3090 accipiet,
2921 3029 2975 3076 et
3005 3023 3056 3075 in
3094 3021 3239 3075 nulla
3273 3031 3470 3078 natura

1875 3115 2202 3178 remanebit,
2247 3116 2501 3184 quoniam
2549 3116 2601 3169 in
2645 3116 2897 3171 omnibus
2938 3117 3151 3170 bonitas
3191 3115 3371 3171 divina
3414 3121 3470 3170 et

1874 3213 2188 3282 operabitur
2208 3221 2261 3268 et
2288 3213 2586 3283 apparebit.
2605 3213 2681 3268 Ac
2713 3229 2809 3283 per
2831 3213 2932 3269 hoc
2957 3223 3204 3268 naturam
3229 3226 3466 3276 nostram

179 3300 322 3356 Nam
362 3301 489 3356 dum
504 3305 721 3384 malitia
771 3305 826 3358 in
864 3305 1131 3374 inﬁnitum
1174 3323 1276 3360 non
1314 3308 1647 3377 progreditur
1689 3308 1729 3339 ¹⁶
1753 3349 1766 3374 ,
1798 3318 1842 3380 C
1876 3325 1979 3364 non
2003 3325 2124 3365 esse
2151 3310 2204 3363 in
2235 3309 2377 3363 malo
2403 3310 2704 3374 lixam,ncc
2727 3310 2965 3364 futuram
2980 3325 3099 3364 esse
3122 3327 3335 3381 semper
3362 3328 3471 3369 tna~

177 3396 270 3451 sed
301 3397 607 3458 necessariis
645 3397 836 3466 ﬁnibus
881 3401 1356 3469 comprehenditur,
1393 3410 1768 3471 consequenter

175 3489 300 3542 boni
339 3492 598 3544 successio
625 3490 778 3558 ﬁnem
825 3491 1058 3546 malitiae
1101 3495 1338 3564 excipiet.
1366 3495 1440 3548 Ac
1473 3497 1570 3560 sic,
1598 3504 1652 3548 ut
1687 3494 1768 3549 di-

172 3593 319 3632 ctum
339 3591 432 3647 est,
460 3581 871 3651 semper-mobile
897 3592 1108 3644 nostrae
1135 3593 1352 3642 naturae
1381 3585 1562 3639 ultimo
1593 3603 1770 3641 recur-

173 3686 250 3728 ret
291 3675 344 3730 in
373 3677 560 3729 bonam
591 3677 725 3729 uiam
759 3675 827 3740 ίτ,
853 3676 978 3729 dum
1006 3693 1071 3731 ex
1101 3679 1353 3731 memoria
1405 3679 1639 3747 priorum
1686 3682 1768 3735 itt-

172 3765 488 3834 felicitatum
511 3769 818 3837 castigatur,
844 3784 906 3820 ne
926 3769 982 3820 in
1003 3767 1246 3838 aequales
1273 3769 1466 3822 recidat
1484 3769 1547 3824 ιι.
1569 3771 1768 3826 Rursus

172 3858 341 3928 igitur
364 3859 460 3912 erit
491 3858 534 3889 ³ο
566 3859 713 3913 nobis
749 3876 934 3924 cursus
962 3870 1018 3914 t‘n
1068 3860 1233 3925 bonis,
1283 3879 1344 3914 eo
1388 3863 1528 3932 quod
1575 3863 1769 3932 ﬁnibus

175 3949 484 4006 necessariis
509 3950 740 4004 malitiae
763 3961 956 4005 natura
984 3953 1518 4006 circumterminatur.
1540 3951 1607 4006 Ut
1628 3956 1766 4008 enim

171 4043 502 4112 superiorum
529 4045 683 4112 periti
707 4044 750 4076 ²⁰
790 4043 1004 4100 laminis
1043 4046 1256 4116 quidem
1283 4063 1486 4100 omnem
1507 4047 1765 4102 mundum

170 4134 388 4206 plenum
418 4151 528 4190 esse
557 4135 761 4201 dicunt,
781 4137 1020 4192 tenebras
1051 4154 1170 4190 vero
1213 4139 1536 4207 oppositione
1569 4139 1763 4194 terreni

171 4226 411 4294 corporis
450 4225 899 4281 obumbratiouem
943 4229 1080 4296 ﬁeri,
1105 4246 1262 4300 quum
1293 4230 1502 4300 quidem
1553 4248 1585 4283 a
1633 4231 1762 4285 solis

169 4319 342 4376 radiis
393 4336 424 4373 a
465 4329 609 4388 tergo
649 4321 933 4376 secundum
988 4321 1214 4391 fortnam
1270 4323 1482 4378 rotundi
1527 4325 1763 4390 corporis

171 4411 359 4470 umbra
420 4412 589 4472 instar
623 4415 738 4467 coni
777 4412 1061 4469 claudatur
1096 4416 1183 4480 ¹¹;
1237 4415 1316 4471 sol
1381 4419 1518 4472 enim
1581 4417 1764 4472 multi-

167 4501 381 4570 pliciter
449 4505 808 4574 magnitudine
871 4517 1065 4566 terram
1145 4525 1398 4580 superans
1433 4552 1448 4577 ,
1513 4510 1766 4582 illamque

1875 3401 1984 3456 litin
2004 3401 2299 3466 detentum,
2323 3403 2422 3455 sed
2453 3403 2518 3455 ad
2543 3402 2741 3456 bonum
2765 3403 2918 3456 linito
2944 3403 3089 3455 omni
3111 3401 3251 3456 malo
3285 3417 3465 3456 rever-

1876 3511 2081 3560 suram,
2118 3496 2393 3566 praefatus
2439 3504 2627 3550 auctor
2657 3498 2870 3552 asserit.
2903 3498 3056 3551 Sicut
3086 3498 3229 3552 enim
3276 3498 3469 3552 umbra

1879 3598 2075 3651 terrae,
2105 3607 2267 3661 quam
2299 3599 2511 3644 noctem
2541 3590 2830 3660 appellant,
2862 3591 2917 3644 in
2965 3591 3106 3647 aéris
3134 3598 3188 3644 et
3232 3591 3468 3645 aetheris

1878 3681 2049 3751 spatia
2080 3696 2176 3752 per
2221 3680 2490 3735 inﬁnitum
2531 3696 2637 3734 non
2676 3682 2990 3750 porrigitur,
3024 3681 3116 3734 sed
3159 3682 3294 3734 inlra
3338 3698 3468 3734 cen-

1879 3785 1992 3829 tum
2020 3774 2211 3845 viginti
2238 3776 2280 3812 ⁸⁸
2303 3790 2395 3829 sex
2431 3776 2597 3830 millia
2631 3776 2952 3838 stadiorum,
2993 3783 3052 3828 ut
3090 3775 3298 3846 physici
3347 3790 3470 3844 per-

1877 3866 2090 3930 hibent,
2137 3867 2506 3920 coartantibus
2548 3882 2668 3920 eam
2707 3867 2942 3937 malique
2993 3866 3259 3921 solaribus
3303 3864 3468 3919 radiis

1876 3958 2021 4013 circa
2055 3968 2255 4013 terram
2286 3958 2514 4023 diffusis,
2549 3959 2724 4013 instar
2751 3958 2871 4013 coni
2905 3959 3267 4020 acuminatnr,
3308 3957 3379 4011 ita
3412 3965 3469 4009 ut

1873 4053 2087 4121 penitus
2131 4051 2348 4106 deﬁciat
2385 4069 2397 4106 :
2432 4051 2511 4105 sic
2548 4051 2786 4117 malitia,
2820 4067 2958 4122 quae
3003 4051 3164 4106 veluti
3200 4051 3466 4122 quaedam

1873 4145 2060 4199 umbra
2103 4145 2422 4199 delictorum
2462 4155 2771 4199 nostrorum
2822 4154 3061 4199 nostram
3102 4152 3330 4213 occupat
3371 4160 3470 4198 na-

1873 4247 2071 4302 turam,
2124 4238 2449 4292 abundantia
2503 4253 2766 4305 supernae
2812 4249 3172 4308 aeternaeque
3207 4240 3250 4270 ’θ
3300 4235 3457 4289 boui-

1875 4331 2000 4386 tatis
2039 4331 2391 4396 coartabitur,
2419 4339 2475 4386 et
2517 4331 2738 4387 omnino
2782 4331 3119 4396 abolebitur,
3161 4321 3286 4386 dum
3322 4329 3464 4384 irra-

1877 4422 2158 4477 tionabiles
2200 4424 2471 4479 luunanae
2515 4424 2732 4479 animae
2785 4433 2962 4478 motus
3008 4424 3072 4478 ad
3117 4420 3465 4486 rationabiles

1874 4516 2119 4572 xeritatis
2167 4515 2391 4573 affectus
2436 4527 2822 4574 convertentur
2864 4531 2912 4572 ε.
2970 4516 3172 4573 Deinde
3225 4525 3463 4573 nostram

1466 4667 1722 4726 VABIAE
1762 4667 2166 4726 LECTIONES.

242 4791 260 4838 ί
291 4797 330 4850 Δ
363 4807 415 4850 ut
447 4797 644 4867 magni.
721 4799 741 4834 ³
765 4797 1149 4867 Apermissum.

165 4884 334 4937 quam
361 4869 504 4936 quod
531 4885 749 4939 semper
773 4870 1012 4932 similiter
1040 4870 1188 4924 liabet
1216 4872 1268 4926 in
1299 4871 1432 4924 bona
1454 4870 1672 4938 faciens.

166 4959 280 4990 mn.
307 4939 410 4991 Cl“.
489 4939 661 5012 f°__l‘ro
684 4941 883 5012 ηυξ(λίΙῇ
902 4941 1030 4994 nihil
1053 4959 1152 4996 non
1179 4941 1468 4996 nascentis.

165 5012 317 5061 dum.
404 5012 445 5045 ¹⁸
473 5010 553 5063 CF
583 5011 655 5076 in.
696 5010 704 5012 ⁷
735 5010 776 5042 ίθ
804 5010 884 5065 CF
914 5013 1293 5082 pregrediatur.

165 5083 297 5160 dum
323 5095 388 5133 ex
413 5083 669 5160 ιιιελιιοςῇιι
702 5083 938 5160 priorum
969 5083 1429 5160 calamitatuprud
1453 5083 1725 5160 essentiam
1748 5087 1933 5160 iterum
1957 5086 2008 5137 in
2031 5085 2108 5160 Itis
2132 5083 2266 5157 quae
2291 5098 2426 5160 recta
2448 5098 2590 5160 sunt,
2618 5091 2980 5159 compescitur.

1161 5153 1208 5192 ³ο
1229 5154 1312 5208 CF
1333 5153 1554 5227 Utenint
1583 5157 1673 5224 qui
1704 5157 1930 5227 aetheria
1956 5153 2165 5224 sapiunt
2196 5159 2364 5225 spatia
2389 5153 2605 5214 luminis
2625 5153 2846 5227 quidem
2873 5171 2977 5213 cet.

163 5154 329 5220 igitur
355 5153 447 5204 erit
477 5151 562 5206 CF
589 5151 712 5208 Non
736 5170 856 5221 ergo
879 5154 1085 5210 iterum.

1227 4799 1248 4832 ³
1275 4799 1366 4854 Sic
1385 4798 1471 4853 CF
1493 4801 1752 4854 vicesimo
1778 4811 1829 4872 et
1856 4819 1915 4855 ιι.
1943 4802 1980 4854 Α
2006 4801 2263 4856 vicesimo
2291 4803 2480 4872 primo.

1227 4872 1268 4926 in
1299 4871 1432 4924 bona
1455 4870 1672 4927 faciens.
1751 4873 1772 4906 ⁸
1806 4873 1889 4927 CF
1918 4872 2042 4927 Sed.
2119 4874 2140 4906 ’
2170 4873 2254 4927 CF
2280 4884 2452 4927 atque.

1547 4889 1672 4925 rens.
1751 4889 1772 4906 ι’
1806 4889 1878 4927 LI‘
1918 4889 2042 4927 aea.

1547 4940 1915 5014 “CFNeque.
1999 4944 2038 4974 ¹¹

2559 4803 2582 4880 ξ
2604 4802 2857 4880 .Lsicest
2884 4803 3034 4880 fortis
3056 4805 3244 4880 inquit.
3332 4803 3460 4880 'ACF

2119 4874 2140 4944 ξ
2170 4873 2254 4928 CF
2280 4884 2452 4943 atque.
2548 4877 2570 4908 ⁸
2601 4873 2684 4928 CF
2709 4875 2894 4944 ubique
2918 4873 3262 4933 immutabile.
3354 4877 3376 4910 ⁹
3407 4894 3461 4929 se

1999 4943 2138 5002 “CF
2166 4954 2500 4999 momentum.
2583 4946 2624 4977 ⁸³
2643 4961 2738 5014 pro
2762 4943 2848 5000 ubi
2862 4945 2945 5001 CF
2967 4963 3084 5000 cum
3101 4964 3236 5001 vero.
3317 4946 3460 5014 f‘CF

1377 5012 1519 5065 "CF
1549 5023 1764 5085 nostrae
1793 5012 2016 5080 naturae
2039 5017 2225 5070 iterant
2254 5015 2474 5085 ﬁrmiter
2499 5017 2550 5073 in
2584 5012 2770 5074 bonam
2803 5028 3027 5072 recurret
3061 5019 3214 5072 viam.
3293 5012 3335 5048 ¹⁸
3371 5017 3457 5072 CF

3059 5089 3102 5120 ‘9
3129 5090 3233 5142 Pro
3258 5087 3459 5144 Rursus

3076 5161 3118 5190 “
3147 5158 3230 5212 CF
3267 5161 3458 5218 obniti-

164 5221 478 5299 ltrationetn
513 5223 670 5299 fieer
836 5225 932 5277 ltoc
954 5224 1162 5299 quidem
1185 5241 1283 5299 per
1311 5225 1554 5299 figurant
1585 5221 1981 5299 spitaeriformis
2018 5221 2249 5296 corporis
2278 5231 2551 5285 considero
2573 5221 2735 5284 solari
2763 5231 2912 5285 radio
2946 5231 3061 5283 coni
3087 5230 3312 5299 ﬁgurant
3337 5247 3460 5284 con-

165 5292 466 5371 ςίιιιιςνηισ.⁸
510 5295 553 5326 ⁸³
587 5293 670 5349 CF
700 5295 873 5371 Solent
902 5292 1019 5371 vero
1042 5292 1409 5371 multipliciter
1433 5292 1819 5371 magnitudine:
1844 5307 2040 5371 terram
2072 5292 2320 5367 superare
2351 5301 2577 5371 undique
2608 5303 2771 5370 ipsam
2808 5302 2971 5354 radiis
3004 5302 3056 5354 in
3086 5292 3196 5368 giro
3234 5318 3460 5368 compre-

165 5363 425 5427 Itendens,
535 5367 846 5440 summitate
869 5366 990 5419 coni
1015 5363 1402 5440 commissuras
1430 5368 1645 5440 luminis
1669 5367 1981 5437 copulando,
2016 5370 2088 5424 ita
2117 5363 2169 5422 ut
2188 5363 2769 5425 secundam'materiem
2795 5374 2838 5424 si
2864 5373 3012 5425 fieret
3036 5363 3263 5440 cuipiam
3287 5363 3459 5427 virtus

163 5436 604 5506 transgrediendi
648 5453 980 5501 mensuram,
1027 5438 1077 5489 in
1128 5453 1291 5506 quam
1343 5438 1525 5492 umbra
1555 5436 1872 5494 extenditur.

1024 5507 1068 5552 ἓδ
1101 5510 1144 5572 Α
1184 5517 1403 5574 aeterna
1436 5519 1511 5568 est
1547 5521 1601 5566 et
1643 5511 1871 5566 intinita.

162 5506 212 5542 ’⁵
245 5506 340 5577 Sic
376 5505 460 5566 CF
481 5523 494 5572 ;
530 5507 576 5564 Α
606 5507 946 5577 defecturam.

162 5578 209 5615 "
253 5576 298 5642 Α
334 5587 382 5640 et
429 5576 704 5636 aeternae.

1955 5442 1998 5470 ³³
2030 5439 2113 5514 CF
2161 5441 2468 5514 intelligere.
2567 5442 2612 5478 "
2644 5443 2890 5514 SicACF;
2939 5443 2982 5494 Α
3019 5439 3453 5514 quandocunque.

1950 5514 1992 5546 "
2023 5511 2114 5568 Sic
2148 5511 2264 5579 CF;
2316 5509 2361 5567 Ᾱ
2401 5509 2671 5569 aduersa.
2718 5509 2762 5546 ³⁸
2806 5515 2851 5568 Α
2895 5509 3112 5570 centum
3157 5523 3204 5567 et
3247 5509 3454 5584 viginti.

1690 5653 1938 5710 NOTAE.

240 5742 409 5818 a__Ea,
471 5758 611 5813 quae
650 5743 886 5818 Joannes
941 5745 1135 5802 Scottis
1184 5748 1297 5818 jam
1357 5748 1424 5803 de
1471 5748 1761 5804 abolitione

165 5812 314 5889 mali
356 5811 770 5889 dequ'epocnis
828 5833 891 5872 ac
947 5811 1220 5888 suppliciis
1278 5819 1598 5889 impiorum,
1648 5821 1760 5874 sive

163 5885 473 5952 hominum,
524 5887 634 5941 sive
673 5885 1159 5957 dacmonumfcet.
1217 5885 1486 5963 disputat,
1541 5891 1757 5948 veritati

1871 5751 2170 5824 catholicae
2201 5753 2423 5824 omnino
2449 5768 2768 5824 repugnare,
2800 5752 2886 5807 vix
2930 5760 3032 5816 est,
3066 5752 3208 5824 quod
3237 5766 3460 5824 monea-

1869 5837 2006 5875 mus.
2054 5821 2133 5877 Cf.
2183 5824 2247 5877 de
2277 5822 2484 5878 Joanne
2512 5821 2697 5882 _Séoto
2731 5821 3253 5883 Conuneutatiouem
3293 5821 3354 5881 Ρ.
3389 5823 3455 5892 ll,

1866 5892 1894 5964 ς
1921 5892 1988 5946 57
2019 5909 2182 5965 supra
2212 5895 2313 5950 col.
2338 5895 2404 5952 78
2434 5904 2489 5952 et
2524 5895 2610 5954 79.
