3956 5414
518 442 620 497 919

1889 431 2170 491 JOANNIS
2207 430 2404 487 SCOTI

3689 429 3782 486 92']

521 567 766 614 naturam
819 570 1033 626 semper
1073 555 1310 620 moveri,
1351 552 1493 624 quod
1536 552 1697 608 etiam
1747 551 1860 606 fere
1910 565 2101 606 omnes
2128 551 2180 612 Α
2205 565 2308 620 qua
2353 548 2638 622 Dionysius
2681 549 3005 623 Areopagita
3047 551 3321 606 Dorotheo
3371 549 3619 605 scribens
3662 550 3782 605 ait:

520 647 684 704 divini
733 647 1040 718 philosophi
1089 646 1421 716 approbant,
1470 645 1844 700 incunctanter
1879 642 2098 707 asserit,

520 748 574 794 et
604 738 738 794 nihil
773 737 917 792 aliud
953 737 1178 808 appetit,
1226 737 1330 791 nisi
1375 751 1641 791 summum
1682 737 1902 800 bonum,
1933 748 1962 787 a
1993 747 2101 804 quo

517 831 681 888 veluti
733 833 997 904 principio
1045 833 1230 904 incipit
1279 834 1502 899 moveri,
1553 843 1607 888 et
1647 819 1889 902 adquod
1937 830 2102 886 veluti

519 925 678 979 finem
706 925 722 955 ¹
761 932 965 980 motum
1004 940 1175 996 suum,
1205 923 1491 980 accelerat.
1532 923 1666 979 Tota
1705 923 1971 994 siquidem
2016 937 2103 977 ra-

520 1014 732 1070 tionalis
789 1023 1060 1081 creatura,
1117 1029 1256 1085 quae
1304 1015 1519 1086 proprie
1573 1015 1625 1068 in
1664 1012 1972 1070 hominibus
2014 1014 2098 1069 in-

522 1105 777 1176 telligitur
829 1106 1124 1161 subsistere
1162 1108 1207 1171 ’,
1255 1106 1500 1162 etiamin
1561 1105 1770 1161 delictis
1810 1105 1925 1160 suis
1982 1118 2104 1176 per-

520 1195 796 1265 versisque
846 1193 1176 1252 anfractibus
1226 1195 1396 1253 Deum
1449 1194 1471 1230 ³
1503 1211 1700 1261 suum,
1757 1211 1788 1250 a
1838 1211 1945 1267 quo
2000 1203 2104 1262 est,

521 1294 574 1339 et
626 1285 692 1342 ad
734 1301 894 1356 quem
945 1286 1416 1358 contemplandum
1468 1287 1684 1344 condita
1734 1297 1840 1354 est,
1893 1302 2107 1359 semper

519 1376 748 1446 quaerit.
777 1376 1132 1432 Rationabilis
1162 1378 1358 1449 quippe
1388 1386 1580 1433 natura
1607 1393 1881 1450 nunquam
1907 1377 2107 1433 malum

523 1470 748 1539 appetit,
780 1471 831 1524 in
882 1470 1064 1526 multis
1104 1480 1282 1526 tamen
1320 1471 1520 1527 fallitur
1557 1481 1613 1528 et
1653 1472 1938 1543 decipitur,
1974 1469 2108 1526 falsa

523 1577 621 1632 pro
649 1564 790 1618 veris
819 1565 1145 1636 approbans,
1177 1567 1320 1638 quod
1360 1569 1635 1639 proprium
1672 1578 1756 1624 est
1799 1569 2021 1636 erroris,
2051 1575 2109 1624 et

523 1670 628 1710 non
653 1664 859 1711 rectam
881 1649 1026 1712 viam
1055 1659 1408 1731 ingredientis
1435 1658 1457 1692 ⁸
1482 1659 1552 1716 ad
1583 1676 1852 1717 summum
1884 1664 2105 1728 bonum,

523 1749 664 1818 quod
698 1763 913 1824 semper
943 1751 1174 1821 quaerit.
1227 1750 1522 1807 Perversus
1559 1761 1739 1808 autem
1779 1753 1891 1823 ipse
1934 1761 2111 1808 motus

522 1841 782 1897 vocabulo
823 1842 1058 1917 malitiae
1095 1860 1200 1900 non
1239 1844 1533 1916 incongrue
1565 1845 1881 1918 appellatur.
1912 1843 2111 1900 Malitia

2206 643 2396 698 Divina
2411 645 2580 715 caligo
2605 654 2680 698 est
2702 644 3058 699 inaccessibile
3077 644 3255 699 lumen
3270 643 3341 710 ¹⁸,
3362 644 3421 697 in
3442 641 3787 714 qua'ﬁabitare

2204 733 2344 790 Deus
2365 737 2600 801 dicitur;
2629 736 2754 789 dum
2782 736 3052 790 invisibilis
3074 737 3250 791 existit
3277 734 3323 767 “‘
3348 745 3568 807 propter
3589 751 3788 804 supere-

2205 829 2485 884 minentem
2515 829 2830 895 claritatem,
2859 842 2906 884 et
2937 830 3351 885 inaccessibilem
3383 829 3785 901 superexcellen-

2205 922 2334 975 tiam
2357 922 2400 954 ”
2421 922 2868 993 superessentialis
2895 922 3149 976 luminum
3175 922 3508 977 manationis
3528 921 3598 984 ¹⁶,
3621 922 3672 974 in
3699 921 3784 974 liot-

2205 1011 2264 1082 fit
2295 1013 2463 1068 omnis
2489 1011 2656 1067 Deum
2678 1015 2811 1068 scire
2847 1022 2895 1067 et
2921 1013 3093 1067 videre
3130 1013 3350 1082 dignus,
3382 1012 3515 1065 dum
3557 1012 3663 1081 ipse
3695 1027 3785 1064 non

2205 1106 2361 1172 videt,
2409 1123 2502 1160 nec
2543 1107 2803 1175 cognoscit
2827 1122 2940 1160 vere
2981 1104 3177 1169 lumen,
3211 1105 3266 1159 in
3300 1121 3408 1175 quo
3448 1121 3612 1174 super
3651 1104 3785 1158 cisio-

2207 1215 2324 1254 nem
2376 1207 2423 1254 et
2475 1198 2820 1269 cognitionem
2868 1198 3039 1267 factus
3081 1195 3192 1262 est',
3247 1197 3349 1250 ltoc
3395 1194 3574 1250 solum
3615 1195 3783 1255 scient,

2207 1309 2326 1348 eum
2365 1293 2420 1347 in
2459 1291 2698 1346 omnibus
2748 1290 3076 1346 sensibilibus
3118 1298 3167 1344 et
3208 1287 3634 1360 intelligibilibus
3671 1305 3784 1346 esse,

2207 1391 2258 1437 et
2288 1381 2587 1452 prophetica
2623 1382 2800 1436 dicens
2825 1394 2845 1433 .'
2880 1379 3143 1436 Mirabilis
3173 1380 3318 1450 facta
3347 1391 3425 1434 est
3459 1380 3678 1434 scientia
3707 1390 3784 1432 tu

2208 1492 2274 1534 ca:
2303 1493 2416 1542 me,
2447 1476 2744 1546 confortata
2772 1485 2878 1541 est,
2909 1484 3080 1530 etnon
3109 1484 3290 1545 potero
3321 1475 3395 1528 ad
3424 1491 3568 1528 eam.
3611 1473 3785 1539 Quem—

2211 1572 2496 1628 admodum
2542 1567 2722 1626 etiam'
2749 1571 2954 1625 divinus
3002 1568 3206 1623 Paulus
3237 1558 3240 1560 ⁷
3269 1568 3444 1621 Deum
3511 1568 3786 1637 cognorim

2212 1664 2432 1726 dicitur,
2464 1677 2776 1732 cognoscens
2803 1661 2953 1715 illum
2982 1677 3138 1730 super
3166 1675 3380 1713 omnem
3409 1658 3787 1730 intelligentiam

2213 1765 2262 1811 et
2301 1754 2653 1825 cognitionem
2687 1744 3041 1817 existentem‘;
3079 1762 3297 1822 propter
3331 1751 3481 1822 quod
3519 1761 3569 1805 et
3607 1751 3791 1805 inusti-

2215 1845 2410 1914 gabiles
2457 1861 2568 1899 esse
2612 1845 2726 1898 vias
2771 1843 2884 1914 ejus
2932 1843 3040 1909 ait,
3089 1852 3140 1897 et
3189 1841 3569 1896 inscrutabilia
3608 1843 3787 1911 judicia

524 1949 758 2004 namque
787 1944 872 1991 est
916 1936 1128 1991 animae
1160 1924 1542 1993 intellectualis
1579 1937 1908 1993 naturalium
1944 1938 2114 1993 bono-
2145 1907 2193 1968 Β
2217 1935 2331 2006 ejus
2351 1975 2365 2002 ,
2397 1944 2446 1990 et
2481 1934 2858 1990 inenarrabiles
2889 1935 3194 1990 donationes
3225 1935 3342 2005 ejus
3363 1978 3378 2001 ,
3413 1944 3462 1989 et
3494 1952 3672 2005 pacem
3698 1935 3787 2004 ejus

524 2043 643 2082 rum
674 2021 898 2093 oblivio,
923 2036 977 2084 et
1005 2029 1072 2085 ad
1105 2029 1263 2086 linem
1289 2030 1572 2086 insitarum
1596 2042 1824 2087 naturae
1853 2031 2114 2086 virtutum

526 2119 854 2188 operationis
919 2119 1162 2176 delectus
1193 2162 1208 2187 ,
1260 2121 1698 2195 naturaliumque
1753 2123 2117 2194 potentiarum

2217 2037 2554 2098 superantem
2609 2043 2815 2082 omnem
2858 2025 3208 2092 intellectum,
3258 2029 3337 2080 sic
3381 2027 3654 2082 inveniens
3693 2043 3786 2080 es:

2217 2135 2377 2190 super
2405 2118 2614 2181 omnia,
2645 2127 2693 2172 et
2723 2117 2819 2171 hoc
2847 2133 3003 2188 super
3029 2115 3438 2186 intelligentiam
3467 2131 3785 2186 cognoscetis,

527 2225 625 2280 per
669 2211 941 2267 fallentem
980 2214 1370 2284 judicationem
1413 2217 1466 2272 in
1508 2216 1652 2271 aliud
1699 2225 1917 2288 praeter
1953 2216 2117 2272 ﬁnem
2217 2213 2341 2284 quia
2386 2229 2546 2284 supra
2595 2212 2771 2266 omnia
2824 2222 2936 2276 est,
2991 2210 3225 2264 omnium
3275 2209 3520 2263 causalis
3569 2210 3784 2263 eaistm.

529 2304 916 2359 irrationabilis
952 2314 1149 2360 motus.
1195 2305 1385 2362 Finem
1415 2323 1544 2364 vero
1573 2309 1694 2364 dico
1739 2325 1949 2376 eorum,
1978 2325 2120 2381 quae
2219 2305 2365 2360 ldem
2400 2305 2717 2376 in'epistola
2772 2305 2838 2359 ad
2876 2303 3066 2359 Gaium
3107 2302 3447 2357 monachum
3500 2319 3516 2355 :
3559 2299 3789 2353 Tenetis:

528 2407 676 2463 sunt,
705 2384 967 2462 causam,
1016 2414 1180 2468 quam
1233 2403 1554 2458 naturaliter
1607 2413 1866 2475 appetunt
1914 2405 2116 2460 omnia.

2225 2399 2454 2470 quidem,
2487 2397 2661 2468 inquit
2690 2397 2754 2462 ⁸⁷,
2787 2397 3038 2450 obscurae
3064 2406 3188 2450 sunt
3209 2396 3264 2449 in
3293 2394 3522 2457 lumine,
3570 2404 3618 2448 et
3654 2395 3788 2462 magis

532 2488 765 2544 Proinde
805 2491 923 2560 ipso
967 2490 1323 2549 irrationabili
1371 2505 1542 2563 motu,
1573 2498 1665 2568 qtti
1712 2498 1879 2553 totius
1915 2498 2038 2553 mali
2066 2509 2122 2555 et

2225 2496 2278 2548 in
2307 2492 2471 2548 mttlto
2500 2491 2716 2546 lumine.
2751 2487 3117 2561 Ignora’utiam
3147 2489 3423 2543 occultant
3454 2489 3727 2548 scientiae,
3752 2499 3788 2537 et

532 2581 772 2637 malitiae
807 2592 860 2639 et
889 2583 910 2614 ⁸
939 2598 1102 2640 causa
1131 2597 1188 2640 et
1215 2586 1490 2657 plenitudo
1517 2598 1619 2655 est,
1650 2589 1907 2646 bonitatis
1932 2593 2121 2663 ampli-
2221 2587 2390 2657 magis
2424 2583 2620 2640 multae
2647 2584 2912 2637 δοίεηιὶαει
2942 2581 3089 2637 Haec
3119 2582 3256 2635 enim
3278 2580 3327 2614 ⁸⁸
3350 2581 3787 2651 superemineat".

540 2675 724 2732 tudine
775 2676 1186 2748 circumscripto
1230 2681 1552 2752 penitusque
1595 2683 1902 2748 terminato,
1955 2686 2125 2742 ratio-

537 2769 788 2824 nabiliter
830 2771 1128 2826 secundum
1177 2772 1368 2828 insitas
1417 2775 1518 2830 sibi
1575 2777 1845 2832 naturales
1895 2778 2124 2834 virtutes

535 2863 768 2917 humana
806 2873 1001 2919 natura
1044 2867 1368 2933 movebitur,
1419 2884 1630 2924 sursum
1678 2885 1868 2927 versus
1915 2851 2126 2940 erecta,

535 2968 755 3008 causam
798 2969 950 3008 suam
989 2970 1205 3025 semper
1253 2967 1542 3029 appetens,
1585 2968 1642 3015 et
1675 2960 1731 3015 in
1778 2963 2121 3031 paradisum,

537 3043 758 3099 delicias
787 3044 907 3100 dico
935 3045 1216 3113 virtutum,
1241 3041 1378 3118 quas
1406 3050 1726 3107 naturaliter
1753 3052 1854 3108 sibi
1885 3044 2074 3109 insitas
2101 3053 2124 3086 ⁸

536 3135 810 3207 peccando
849 3136 1184 3206 perdiderat,
1215 3140 1448 3208 rediens,
1481 3157 1769 3213 escamque
1800 3143 1927 3216 ligni
1959 3145 2121 3210 vitae,

538 3229 632 3284 Dei
679 3228 928 3284 videlicet
954 3230 1119 3287 Verbi
1148 3233 1682 3304 contemplationem,
1705 3237 1958 3291 ardenter
1983 3236 2136 3292 desi-.

536 3323 750 3388 derans,
811 3323 1134 3396 divinaeque
1184 3328 1453 3399 imaginis,
1500 3329 1570 3383 ad
1619 3345 1780 3401 quam
1830 3329 1970 3385 facta
2019 3339 2126 3398 est,

539 3413 856 3484 dignitatem
882 3417 1124 3487 recipere
1152 3416 1434 3475 festinans.
1483 3419 1588 3476 Sed
1627 3423 1884 3491 quoniam
1909 3422 1952 3489 ",
1984 3423 2128 3493 quod

542 3505 753 3573 quaerit
778 3513 833 3559 et
857 3507 1080 3576 appetit,
1105 3507 1230 3562 dum
1264 3519 1410 3566 recte
1439 3519 1688 3566 movetur
1708 3511 1794 3566 vel
1829 3527 1933 3568 non
1961 3522 2127 3580 recte,

539 3593 810 3648 inﬁnitum
841 3604 945 3662 est,
977 3599 1233 3670 omnique
1257 3609 1541 3657 creaturae
1568 3587 2130 3674 incomprehensibile,

540 3685 950 3754 necessarieque
1015 3686 1035 3716 "
1086 3704 1299 3761 semper
1339 3692 1647 3761 quaeritur,
1714 3708 1779 3748 ac
1824 3710 1920 3764 per
1982 3695 2132 3750 hoco

543 3787 758 3844 semper
823 3787 1069 3832 movetur
1122 3797 1135 3833 :
1191 3796 1404 3851 semper
1465 3783 1720 3854 quaerit,
1796 3785 2137 3857 mirabilique

548 3875 708 3937 pacto
741 3866 1200 3939 “quodammodo
1253 3875 1481 3942 invenit,
1527 3878 1670 3946 quod
1717 3879 1930 3949 quaerit
1971 3881 2038 3946 “,
2083 3889 2140 3936 et

552 3973 656 4012 non
690 3960 916 4028 invenit,
942 3965 1066 4032 quia
1088 3964 1460 4026 invenirenon
1491 3978 1689 4040 potest.
1719 3971 1925 4028 Invenit
1956 3982 2138 4028 autem

551 4066 647 4120 per
677 4051 1053 4123 theopbanias,
1084 4072 1182 4128 per
1207 4068 1432 4116 naturae
1464 4077 1595 4118 vero
1637 4063 1851 4118 divinae
1899 4079 1996 4135 per
2035 4065 2141 4120 sei-

549 4158 702 4213 psam
771 4149 1283 4218 contemplationem
1324 4171 1430 4210 non
1481 4157 1708 4213 invenit.
1763 4141 2146 4230 Theoplianias'

550 4243 728 4292 autem
756 4238 877 4294 dico
921 4241 1212 4299 visibilium
1244 4256 1299 4302 et
1338 4248 1690 4306 invisibilium
1732 4252 1956 4322 species,
2002 4267 2149 4322 qua-5

549 4336 668 4383 rum
692 4331 881 4386 ordine
905 4342 960 4388 et
974 4335 1375 4404 pulchritudine
1398 4344 1742 4412 cognoscitur
1763 4344 1904 4400 Deus
1927 4359 2050 4400 esse
2073 4345 2138 4411 “,

549 4427 604 4474 et
633 4421 905 4477 invenitur
930 4441 1036 4479 non
1066 4427 1196 4497 quid
1223 4438 1330 4497 est,
1358 4432 1452 4487 sed
1485 4434 1612 4504 quia
1655 4434 1994 4490 solummodo
2031 4443 2136 4502 est,

550 4514 804 4581 quoniam
831 4515 946 4584 ipsa
967 4516 1061 4572 Dei
1091 4528 1280 4575 natura
1315 4537 1414 4580 nee
1441 4527 1636 4582 dicitur
1661 4542 1762 4584 nec
1788 4527 2152 4598 intelligitur;

2222 2681 2312 2735 sed
2344 2695 2445 2734 non
2476 2677 2762 2735 secundum
2804 2675 3146 2747 privationem
3170 2674 3480 2744 accipiens,
3518 2673 3733 2742 approba
3754 2671 3788 2702 "

2222 2791 2379 2845 super
2407 2790 2543 2837 vere,
2573 2772 2699 2842 quia
2738 2770 2863 2824 latet
2883 2800 2953 2810 —
2972 2770 3134 2824 etiam
3159 2768 3253 2839 qui
3279 2767 3491 2822 habent
3523 2767 3794 2834 incompre-

2223 2865 2487 2921 hensibile
2512 2865 2713 2929 lumen,
2755 2861 3003 2918 nesciunt
3029 2860 3158 2931 quid
3202 2859 3276 2914 sit
3302 2857 3455 2928 quod
3495 2857 3795 2916 habeante-

2225 2968 2402 3016 stante
2429 2957 2766 3025 Evangelista
2795 2974 2807 3010 :
2847 2955 2916 3008 Et
2943 2954 3035 3008 lux
3057 2955 3113 3007 in
3142 2952 3372 3006 tenebris
3396 2950 3538 3004 lucet
3559 2991 3574 3015 ,
3599 2961 3646 3002 et
3684 2959 3801 3001 tene-

2226 3053 2348 3106 brae
2395 3069 2511 3107 eant
2559 3067 2662 3105 non
2693 3047 3246 3119 'contprehenderunt;
3291 3045 3531 3113 ideoque
3587 3041 3798 3094 divinum

2225 3143 2404 3198 lumen
2434 3143 2779 3197 tenebrarum
2803 3139 3083 3203 vocabulo,
3121 3136 3383 3208 quoniam
3417 3134 3802 3204 incomprehen-

2231 3237 2385 3293 sibile
2400 3245 2505 3301 est,
2526 3235 2828 3299 vocitatur;
2861 3230 3110 3287 similiter
3138 3239 3193 3284 et
3219 3228 3475 3300 gnostica
3499 3227 3673 3281 virtus
3698 3239 3801 3277 con-

2176 3318 2200 3404 έ
2234 3325 2605 3398 templantium
2636 3324 2786 3390 illud,
2824 3324 3078 3390 quoniam
3120 3319 3188 3374 ab
3220 3334 3288 3374 eo
3329 3318 3717 3387 repercutitnr.
3741 3324 3800 3364 te-

2232 3419 2524 3474 nebrarum
2548 3416 2766 3472 nomine
2789 3414 3038 3485 frequens
3061 3410 3387 3482 appellatur,
3417 3411 3548 3479 quia
3576 3408 3806 3462 habentis

2235 3511 2413 3566 lumen
2436 3519 2490 3567 et
2504 3524 2687 3566 rerum
2708 3507 2989 3563 scientiam
3005 3505 3218 3560 latet—
3233 3503 3532 3558 secundum
3549 3500 3803 3554 Damam

2234 3603 2578 3676 ignorantia;
2611 3610 2658 3656 et
2703 3598 3054 3671 superpositae
3093 3597 3262 3666 ipsius
3306 3593 3558 3648 tenebrae
3600 3591 3810 3644 celantur

2237 3695 2301 3749 ab
2343 3693 2484 3748 omni
2529 3692 2750 3758 lumine,
2803 3701 2849 3747 et
2899 3688 3484 3744 abscondunt'omnern
3539 3683 3806 3737 scientiam.

2237 3788 2306 3843 Et
2343 3790 2387 3843 si
2423 3789 2540 3859 quis
2568 3789 2742 3842 videns
2778 3785 3054 3839 Dominum
3083 3779 3343 3836 intellexit
3370 3777 3515 3849 quod
3543 3778 3700 3838 ritlit,
3725 3789 3807 3825 non

2236 3883 2410 3954 ipsum
2434 3879 2810 3950 contemplatus
2837 3886 2946 3943 est,
2975 3875 3063 3931 sed
3093 3873 3224 3946 quid
3260 3887 3442 3927 eorum
3473 3869 3538 3923 ab
3580 3871 3688 3938 ipso
3721 3867 3810 3918 επ-

2239 3975 2486 4029 stentium
2515 3981 2565 4027 et
2594 3971 2959 4042 cognitorum;
2989 3970 3098 4039 ipse
3126 3977 3304 4021 autem
3334 3981 3498 4036 super
3524 3963 3752 4016 animum
3773 3968 3808 4010 et

2241 4083 2398 4138 super
2425 4067 2702 4121 essentiam
2730 4063 3046 4128 collocatus,
3085 4059 3458 4116 universaliter
3497 4075 3606 4111 non
3643 4070 3809 4125 cogno-

2241 4163 2428 4226 scitur,
2446 4177 2609 4233 neque
2630 4159 2850 4223 videtur,
2868 4157 2956 4210 sed
2984 4163 3060 4210 est
3080 4148 3596 4224 superessentialiter
3613 4158 3661 4203 et
3681 4161 3810 4214 super

2245 4254 2479 4309 animum
2509 4251 2857 4324 cognoscitur.
2894 4246 2961 4301 Et
2990 4248 3106 4317 ipsa
3133 4245 3424 4299 secundum
3472 4239 3615 4312 quod
3656 4238 3807 4293 melius

2245 4355 2321 4400 est
2367 4343 2746 4415 perfectissima
2793 4339 3113 4411 ignorantia,
3141 4336 3367 4391 scientia
3411 4344 3489 4388 est
3527 4335 3648 4400 eius
3681 4346 3808 4398 super

2248 4439 2425 4493 omnia
2463 4437 2690 4507 cognita.
2732 4433 2919 4504 Neque
2955 4434 3057 4488 hoc
3095 4428 3427 4501 evangelista
3466 4423 3810 4497 praetermisit

2249 4531 2434 4586 dicens
2462 4548 2476 4584 :
2507 4529 2676 4584 Deum
2705 4544 2854 4582 nemo
2883 4526 3011 4582 vidit
3039 4541 3296 4595 unquam.
3328 4523 3396 4577 Et
3422 4530 3487 4576 ut
3510 4523 3593 4576 ait
3617 4520 3814 4577 Ambro-

551 4613 784 4700 superat
816 4623 1050 4700 namque
1090 4626 1304 4668 omnem
1339 4617 1668 4674 intellectum
1713 4619 1804 4674 lux
1848 4621 2401 4700 inaecessi-Dsius:
2455 4619 2601 4676 Sicut
2641 4636 2906 4692 nunquam
2965 4618 3180 4672 visibilis
3239 4617 3382 4687 fuit,
3434 4616 3515 4670 ita
3579 4628 3812 4682 antiquet

556 4694 701 4750 bilis.
745 4695 811 4750 Et
861 4697 964 4754 hoc
1009 4709 1093 4756 est
1127 4704 1272 4773 quod
1319 4705 1608 4763 Psalmista
1652 4710 1784 4765 dicit
1826 4727 1840 4764 :
1891 4710 2140 4776 Quaerite

554 4784 900 4861 Dominumet
915 4793 1321 4864 conﬁrmamini;
1333 4800 1568 4869 quaerite
1580 4801 1771 4870 faciem
1789 4802 1906 4874 ejus
1919 4819 2142 4875 semper.

554 4875 623 4932 Et
672 4879 806 4936 haec
855 4891 938 4938 est
971 4886 1266 4955 spiritualis
1314 4890 1402 4946 illa
1431 4893 1538 4958 via,
1582 4908 1721 4964 quae
1768 4894 1826 4952 iu
1871 4896 2144 4953 inﬁnitum

559 4973 750 5040 tendit,
783 4991 943 5044 quam
971 4994 1139 5049 purae
1180 4983 1560 5056 perfectaeque
1585 4989 1803 5044 animae
1831 4990 2146 5062 ingrediun-

558 5072 667 5128 tur,
702 5065 868 5122 Deum
915 5084 1072 5125 suum
1113 5085 1456 5141 quaerentes.
1491 5077 1629 5135 Nam
1668 5091 1724 5137 et
1763 5083 1994 5141 virtutes
2025 5098 2151 5139 cae-

559 5151 724 5208 lestes
753 5154 918 5211 Deum
949 5175 1107 5215 suum
1142 5176 1353 5234 semper
1393 5179 1679 5235 quaerunt,
1720 5173 1774 5226 in
1809 5190 1971 5230 auem
2008 5189 2151 5224 sem-
2255 5151 2530 5230 assumnta
2580 5184 2692 5226 est.
2741 5151 2958 5230 unaaue
3007 5189 3130 5224 enim
3182 5172 3302 5226 in“
3357 5171 3540 5206 sub"

2242 4715 2459 4772 visibilis
2486 4716 2604 4769 erit.
2629 4714 2696 4768 Et
2719 4713 2862 4783 quod
2887 4710 2935 4750 "
2958 4711 3071 4782 ipsa
3097 4711 3314 4766 Veritas
3337 4709 3477 4766 dicit
3503 4728 3517 4764 :
3550 4709 3718 4763 Nemo
3746 4722 3817 4758 trs—

2247 4809 2315 4865 vit
2344 4807 2562 4862 Patrem
2587 4807 2688 4860 nisi
2711 4802 2888 4858 Filius
2907 4843 2922 4866 ,
2956 4817 3120 4872 neque
3147 4798 3354 4854 Filium
3380 4800 3488 4855 nisi
3515 4797 3698 4852 Pater.
3731 4797 3814 4849 Sed

2251 4913 2434 4957 utrum
2466 4898 2562 4953 Dei
2595 4897 2756 4953 Verbi
2788 4894 3125 4958 humanitas,
3155 4892 3299 4948 sicut
3327 4899 3386 4947 et
3414 4891 3540 4961 ejus
3569 4889 3815 4947 divinitas.

2254 4989 2823 5063 incomprehensibilis
2853 4996 2936 5044 est
2964 4986 3111 5042 omni
3150 4994 3482 5052 creaturae,
3523 4995 3817 5049 emnctan

2253 5095 2476 5158 superat
2523 5083 2889 5149 intellectum,
2937 5091 3227 5152 pOStquam
3277 5079 3334 5133 in
3381 5078 3649 5135 deitatem
3689 5073 3818 5131 Verbi
