4028 6282
190 444 295 503 921

1042 439 1128 495 ns
1166 435 1509 495 DlVlSlONE
1547 434 1911 521 NATURAE.
1942 420 2013 475 '—
2048 430 2253 490 LIBER
2287 429 2618 501 QUINTUS.

3370 431 3476 487 922

189 558 405 616 scilicet
431 564 595 627 atque
637 555 654 586 ί
685 554 982 618 humanae,
1034 567 1102 608 ex
1133 552 1329 622 quibus
1355 567 1497 608 unus
1533 550 1784 609 Christus
1807 552 1859 617 Α
1888 546 2137 603 deﬁcere.
2168 543 2365 599 Eadem
2391 551 2473 599 est
2498 541 2640 597 ratio
2662 541 2686 574 ⁸
2708 527 2774 596 de
2798 549 2971 597 morte
2999 550 3052 597 et
3074 542 3205 597 vita.
3247 541 3304 597 Si
3328 542 3474 598 cnim

189 649 457 706 Dominus
501 654 888 721 nosteratque
936 642 1188 723 Salvator
1234 652 1487 700 constare
1541 644 1783 699 creditur

187 749 251 795 et
286 737 604 808 intelligitur
640 736 708 793 ab
744 735 830 792 his
855 776 871 803 ,
923 734 1017 806 qui
1052 733 1393 791 orthodoxae
1428 732 1552 791 ﬁdei
1609 734 1783 806 parti-

186 831 342 903 cipes
368 837 530 893 sunt,
562 844 631 883 an
660 828 804 883 intra
832 827 1096 883 terminos
1124 826 1501 885 universitatis
1529 827 1783 883 conditae

188 919 505 978 rationabili
533 928 595 995 et
616 916 942 990 intelligibili
978 924 1209 972 naturae
1251 914 1633 989 cognoseibilis
1672 917 1782 972 cir-

186 1010 602 1078 cumscribitur,
632 1011 737 1066 hoc
772 1018 859 1067 est
882 1050 897 1076 ,
938 1009 1079 1065 intra
1111 1024 1367 1066 numeros
1395 1009 1489 1081 qui
1527 1010 1781 1082 cognosci

182 1110 416 1175 possunt
437 1102 729 1168 detinetur,
751 1098 1153 1172 unusquisque”
1170 1109 1331 1172 prout
1348 1099 1464 1155 vult
1486 1116 1638 1156 suam
1658 1116 1781 1157 sen-

182 1196 415 1252 tentiam
453 1194 713 1267 proferat.
765 1195 876 1266 Ego
926 1204 1109 1251 autem
1150 1194 1527 1250 incunctanter
1554 1193 1781 1265 vestigia

181 1302 378 1343 eorum
410 1300 630 1358 sequor,
661 1286 754 1357 qui
790 1301 897 1341 non
939 1293 1140 1341 temere
1177 1284 1497 1357 praedicant
1530 1285 1783 1341 humani-

182 1386 355 1434 tatem
385 1377 599 1434 Domini
628 1375 953 1435 nostridesu
976 1376 1180 1434 Christi
1210 1393 1341 1434 suae
1365 1377 1633 1433 divinitati
1662 1378 1782 1434 uni-

181 1476 327 1534 tam,
357 1467 432 1523 ita
463 1475 524 1523 ut
552 1484 717 1524 unum
736 1509 750 1533 ,
787 1468 938 1525 salva
969 1477 1286 1524 naturarum
1313 1468 1547 1539 ratione,
1574 1456 1639 1524 in.
1662 1468 1780 1542 ipsa

175 1569 239 1617 et
263 1576 382 1617 cum
410 1560 527 1633 ipsa
559 1562 658 1628 sit,
695 1561 952 1633 quoniam
984 1577 1093 1616 una
1127 1561 1432 1617 substantia
1470 1569 1585 1629 est,
1624 1569 1682 1618 et
1718 1569 1780 1617 ut

176 1649 437 1707 usitatius
474 1652 685 1719 dicam,
726 1667 835 1708 una
865 1667 1098 1723 persona
1131 1652 1443 1709 humanitas
1476 1650 1686 1709 Christi
1723 1660 1780 1709 et

175 1742 456 1801 divinitas.
487 1743 557 1799 Et
592 1744 1053 1817 quemadmodum
1092 1745 1351 1803 divinitas
1395 1743 1513 1816 ejus
1558 1760 1776 1802 onmem

1881 638 2101 696 omnino
2127 639 2149 671 ⁹
2178 633 2539 691 absorbebitur
2568 649 2707 689 mors
2735 651 2768 687 a
2798 633 2898 688 vita
2919 674 2934 700 ,
2964 634 3415 704 quemadmodum
3442 651 3475 690 τι

1880 731 2124 788 bonitate
2164 729 2373 785 malitia
2413 736 2472 784 et
2500 744 2537 797 ,a
2579 727 2915 785 beatitudine
2959 728 3224 785 miseria:
3274 730 3397 802 quis
3440 747 3470 786 a

1882 810 2059 882 morte
2093 833 2149 880 et
2185 822 2407 880 miseria
2450 821 2813 891 torquebitur,
2855 823 3075 894 quando
3106 832 3258 880 extra
3298 824 3469 881 vitam

1881 926 1936 974 et
1972 916 2361 974 beatitudinem
2393 931 2555 972 nemo
2604 915 2900 973 residebit?
2928 915 2986 972 Si
3012 932 3142 974 vero
3170 918 3293 989 quis
3321 932 3465 974 asse-

1882 1009 2074 1076 ruerit,
2096 1019 2308 1082 partem
2336 1008 2609 1065 humanae
2630 1018 2853 1065 naturae
2879 1010 2932 1064 in
2956 1010 3126 1065 Deum
3150 1010 3471 1080 redituram,

1881 1110 2092 1174 partem
2122 1101 2176 1157 in
2213 1102 2405 1173 poenis
2423 1116 2638 1172 semper
2662 1117 2975 1158 mansuram
3001 1119 3015 1157 :
3040 1111 3245 1174 quanta
3268 1103 3477 1159 inconi-

1883 1197 2067 1263 moda,
2099 1212 2368 1268 veraeque
2394 1197 2593 1253 rationi
2624 1197 2948 1254 reluctantis
2975 1199 3332 1256 assertionem
3361 1200 3477 1271 ejus

1881 1289 2329 1360 consequentur?
2381 1288 2620 1363 Cogetur
2676 1290 2946 1362 siquidem
3004 1291 3201 1361 fateri,
3239 1291 3406 1347 Deum
3436 1292 3477 1323 '°

1882 1379 2120 1438 Verbum
2145 1397 2253 1438 non
2285 1389 2454 1439 totam
2488 1383 2782 1439 humanam
2820 1391 3092 1451 naturam,
3125 1384 3219 1441 sed
3265 1394 3475 1457 partem

1881 1470 1998 1542 ejus
2028 1473 2352 1546 sumpsisse,
2393 1489 2458 1531 ac
2482 1489 2582 1546 per
2621 1474 2725 1531 hoc
2759 1489 2934 1546 neque
2977 1483 3148 1531 totum
3180 1476 3475 1531 humanum

1881 1577 2054 1637 genus
2074 1564 2288 1622 salvare
2304 1565 2570 1641 voluisse,
2597 1581 2698 1623 nec
2717 1565 2988 1633 salvasse;
3008 1567 3153 1638 quod
3180 1568 3473 1624 absurdum

1881 1657 2124 1714 credere.
2156 1655 2298 1713 Vera
2333 1656 2463 1714 item
2505 1658 2646 1714 ratio
2671 1672 2917 1730 puraque
2956 1674 3139 1714 rerum
3177 1658 3475 1729 speculatio

1879 1764 2007 1805 eum
2062 1748 2327 1805 deridebit
2356 1748 2783 1821 _simplicitatem
2836 1749 3105 1806 humanae
3150 1758 3379 1806 naturae
3419 1750 3475 1805 in

176 1844 405 1906 superat
440 1837 775 1894 intellectum
797 1879 813 1907 ,
850 1839 924 1895 ita
958 1848 1015 1895 et
1049 1839 1396 1908 humanitas,
1433 1855 1574 1911 quae
1612 1853 1778 1910 super
1877 1851 2065 1913 partes
2089 1843 2132 1876 “
2162 1842 2514 1911 dividentem,
2539 1859 2604 1900 ac
2624 1842 2789 1899 veluti
2815 1860 2882 1899 ex
2907 1843 3093 1899 multis
3121 1842 3476 1900 dissimilibus

175 1922 655 1991 universalitatem
692 1935 923 1993 visibilis
960 1944 1016 1992 et
1052 1936 1407 2010 intelligibilis
1444 1944 1769 2005 creaturae,
1799 1944 1849 2004 B
1878 1937 1966 1992 vel
1996 1935 2266 1993 similibus
2307 1936 2666 2007 compositam
2717 1952 2843 1993 esse
2890 1937 3199 2005 docentem,
3245 1952 3367 1992 eum
3399 1936 3474 1991 sit

171 2038 345 2094 super
369 2028 551 2083 omnia
577 2027 695 2085 loca
719 2039 776 2084 et
802 2039 1046 2100 tempora
1065 2069 1081 2096 ,
1112 2045 1277 2102 super
1298 2042 1517 2086 omnem
1542 2029 1799 2093 circum:
1874 2043 2004 2094 una,
2035 2035 2091 2083 et
2124 2026 2372 2099 simplex,
2401 2026 2659 2099 omnique
2699 2026 3089 2099 compositione
3110 2036 3168 2083 et
3189 2026 3469 2083 dissimili-

176 2116 539 2187 scriptionem
574 2128 630 2175 et
667 2119 1039 2177 deﬁnitionem
1061 2161 1078 2187 ,
1119 2135 1283 2193 super
1318 2135 1509 2177 omnes
1546 2120 1730 2177 caelos
1752 2159 1768 2187 ,
1875 2120 2061 2176 tudine
2082 2128 2137 2176 et
2165 2118 2565 2191 multiplicitate
2588 2119 2824 2190 partium
2851 2118 3022 2176 libera
3059 2139 3072 2174 :
3102 2120 3342 2191 alioquin
3367 2135 3471 2176 non

177 2223 348 2278 super
373 2224 563 2267 omnes
611 2211 840 2268 virtutes
886 2222 942 2268 et
984 2222 1313 2284 potestates,
1365 2226 1531 2284 super
1574 2227 1768 2279 omne,
1865 2210 1979 2282 jam
2018 2213 2087 2268 ad
2116 2213 2411 2284 imaginem
2440 2212 2535 2268 Dei
2557 2211 2702 2267 facta
2729 2223 2834 2277 est,
2864 2212 2958 2269 sed
2984 2214 3052 2268 ad
3083 2213 3393 2270 mortalium
3417 2222 3472 2269 et

176 2300 325 2369 quod
355 2300 554 2357 dicitur
581 2311 637 2358 et
666 2303 1005 2376 intelligitur,
1040 2320 1206 2377 super
1231 2320 1425 2372 omne,
1467 2305 1615 2376 quod
1643 2313 1772 2376 post
1870 2302 2305 2374 corruptibilium
2334 2317 2628 2373 corporum
2676 2300 3066 2359 multiformem
3124 2303 3466 2368 varietatem,

174 2392 350 2447 Deum
377 2402 493 2461 est,
525 2395 764 2451 exaltata
791 2405 876 2453 est
897 2382 962 2454 ἐι
988 2398 1467 2468 superessentialis
1489 2397 1655 2465 facta,
1684 2388 1795 2455 est
1869 2383 2015 2466 quod
2034 2394 2349 2450 existimare
2374 2401 2430 2449 et
2459 2393 2837 2450 stultissimum
2862 2401 2967 2460 est,
2990 2401 3045 2449 et
3070 2394 3466 2466 turpissimum,

176 2484 333 2538 omni
358 2495 646 2544 creaturae
672 2489 1237 2561 incomprehensibilis
1272 2500 1328 2547 et
1361 2491 1768 2562 ininvestigabi—
1869 2496 1925 2544 et
1943 2487 2221 2543 onminoa
2263 2487 2307 2519 ¹¹
2340 2487 2568 2543 veritate
2608 2486 2866 2542 alienum.
2916 2486 3089 2543 Porro
3139 2488 3183 2544 si
3230 2488 3467 2543 humana

170 2572 263 2630 lis.
287 2575 352 2630 Et
378 2578 483 2634 hoc
508 2578 564 2633 in
593 2582 858 2651 superiori
886 2581 1046 2652 hujus
1070 2583 1254 2654 operis
1278 2590 1428 2640 textu
1457 2583 1762 2641 docuimus.
1798 2638 1801 2645 ἱ
1868 2587 2060 2633 natura
2090 2578 2267 2650 imago
2300 2587 2356 2634 et
2397 2578 2693 2634 similitudo
2721 2578 2818 2634 Dei
2855 2588 2962 2645 est,
2991 2578 3238 2650 profecto
3267 2589 3323 2635 et
3351 2590 3462 2636 tota

247 2667 336 2723 27.
391 2669 541 2727 Disc.
592 2671 669 2728 De
716 2673 1048 2731 exaltatione
1097 2674 1370 2753 incarnati
1422 2676 1589 2733 Verbi
1637 2693 1762 2734 eum

169 2775 373 2825 carne,
404 2777 567 2832 quam
614 2764 679 2821 de
711 2766 932 2838 Virgine
980 2767 1222 2838 accepit,
1275 2776 1497 2839 totoque
1541 2768 1763 2825 homine

168 2851 425 2922 copulato
454 2853 559 2910 sibi
587 2854 642 2910 in
684 2856 952 2913 unitatem
992 2858 1331 2916 substantiae
1375 2875 1539 2930 super
1579 2860 1764 2917 omnia

169 2947 723 3016 superessentialiter,
755 2960 809 3005 et
836 2965 867 3005 a
896 2961 946 3007 te
972 2951 1192 3022 copiose
1217 2967 1470 3018 suasum,
1500 2962 1556 3008 et
1584 2968 1616 3008 a
1643 2967 1765 3008 san-

169 3036 275 3090 ctis
310 3033 564 3094 Patrihus
591 3049 675 3096 est
703 3042 1037 3096 roboratum.
1074 3042 1182 3098 Sed
1212 3048 1395 3098 utrum
1423 3051 1534 3099 tota
1564 3052 1763 3099 natura

168 3126 443 3196 humana,
480 3146 643 3201 quam
673 3131 844 3188 solam
872 3134 1071 3204 partim
1102 3135 1157 3189 in
1187 3133 1377 3190 electis
1426 3133 1765 3191 liberandam

166 3227 523 3287 putaveram,
567 3223 767 3293 partim
812 3234 1028 3295 semper
1066 3224 1088 3257 ³
1135 3225 1189 3281 in
1247 3226 1493 3297 reprohis
1541 3234 1764 3282 aeterno

1865 2685 1965 2742 per
2017 2678 2188 2726 totum
2218 2670 2274 2725 in
2306 2685 2366 2725 se
2391 2669 2436 2701 "
2464 2669 2580 2741 ipsa
2603 2678 2705 2736 est,
2738 2679 2793 2726 et
2824 2678 2935 2725 tota
2965 2669 3021 2725 in
3068 2671 3295 2742 singulis
3341 2662 3464 2728 eam

1865 2762 2342 2836 participantibus,
2372 2761 2577 2818 nullam
2609 2762 2663 2817 in
2712 2761 2890 2834 seipsa
2919 2761 3004 2817 vel
3030 2762 3085 2816 in
3116 2762 3299 2834 aliquo
3328 2780 3460 2821 suae

1866 2856 2210 2913 uniformiter
2224 2854 2590 2927 simplicitatis
2622 2854 2945 2911 divisionem
2972 2854 3057 2911 vel
3089 2855 3462 2924 partitionem,

1866 2967 1964 3008 seu
1987 2948 2348 3022 possibilitate
2369 2947 2641 3004 dividendi
2672 2946 2757 3003 vel
2781 2946 3075 3017 partiendi,
3113 2962 3209 3002 seu
3239 2956 3363 3003 actu
3413 2958 3469 3004 et

1867 3058 2032 3116 opere
2051 3042 2341 3113 recipiens.
2360 3039 2419 3097 Si
2432 3039 2577 3096 enim
2592 3054 2701 3095 una
2720 3037 3063 3111 el_individua
3078 3037 3345 3094 Divinitas
3360 3046 3460 3104 est,

1869 3138 1938 3193 ad
1960 3134 2115 3207 cujus
2131 3134 2423 3205 imaginem
2448 3132 2761 3189 humanitas
2781 3129 2924 3187 facta
2945 3139 3053 3198 est,
3075 3130 3385 3187 necessario
3407 3136 3462 3184 et

1870 3227 1990 3298 ipsa
2021 3241 2129 3281 una
2158 3235 2213 3281 et
2236 3223 2512 3281 individua
2536 3231 2644 3290 est,
2664 3231 2923 3279 etomnes
2949 3221 3217 3288 homines,
3248 3220 3465 3277 nemine

168 3308 296 3379 igne
348 3314 708 3383 torquendam
749 3316 1017 3384 detineri,
1059 3316 1253 3373 solutis
1299 3317 1471 3389 ipsius
1512 3317 1757 3374 malitiae
1787 3312 1836 3378 Ο
1864 3328 2113 3391 excepto,
2128 3317 2185 3373 in
2207 3332 2270 3373 ea
2292 3331 2459 3372 unum
2487 3314 2776 3371 sunt.Atsi
2805 3314 2926 3386 quis
2940 3313 3294 3370 humanitatis
3334 3313 3462 3368 sim-

168 3401 489 3460 retinaculis
526 3406 850 3478 penitusque
887 3408 1147 3480 disruptis
1169 3450 1186 3477 ,
1224 3417 1286 3466 ut
1318 3412 1567 3481 superior
1604 3412 1762 3469 docet

168 3495 314 3550 ratio
334 3537 349 3563 ,
378 3512 673 3555 ascensura
698 3509 815 3568 est,
846 3517 954 3572 quo
980 3502 1253 3572 primitiae
1279 3503 1477 3579 ipsius,
1510 3504 1761 3561 humani-

168 3596 339 3644 tatem
366 3590 570 3647 Christi
600 3594 742 3659 dico,
790 3594 1034 3651 ascendit
1059 3594 1104 3660 ’⁵,
1127 3595 1243 3667 jam
1272 3595 1466 3652 dubius
1495 3597 1756 3669 delibero,

166 3679 429 3748 quoniam
454 3680 595 3738 inter
619 3698 678 3739 se
704 3683 876 3739 multa
902 3685 957 3739 in
985 3685 1091 3741 hac
1113 3685 1432 3756 quaestione
1460 3685 1760 3744 colluctan-
1794 3749 1801 3756 _

165 3780 283 3827 tur.
310 3770 369 3828 Si
397 3775 541 3830 enim
570 3782 681 3831 tota
708 3776 836 3833 illuc
858 3792 1153 3833 ascensura
1179 3784 1263 3834 est
1282 3819 1296 3845 ,
1325 3764 1497 3844 et,'ut
1519 3779 1760 3848 apertius

166 3862 380 3953 dicam,
417 3866 657 3923 reditura
696 3868 753 3925 in
789 3860 948 3938 eum,
988 3885 1150 3942 quem
1180 3869 1458 3941 peccando
1484 3871 1755 3938 deseruit;
1790 3860 1795 3867 ’

166 3955 216 4011 si
253 3970 377 4012 eam
407 3967 574 4015 totam
604 3960 921 4019 redimendo
950 3963 1226 4034 suscepit:
1260 3962 1389 4034 quid
1427 3962 1626 4019 dicturi
1663 3980 1757 4020 su-
1794 3952 1800 3959 ’

162 4049 339 4104 mus?
388 4047 578 4108 Nonne
632 4068 973 4124 consequens
1008 4044 1165 4120 erit,
1219 4053 1426 4111 nullam
1477 4063 1757 4111 aeternam

163 4149 399 4197 mortem
423 4143 679 4200 miseriae
698 4185 713 4212 ,
739 4144 942 4201 nullam
971 4146 1258 4218 impiorum
1285 4162 1514 4218 poenam
1542 4161 1760 4202 reman-

164 4233 397 4287 suram?
446 4233 586 4302 Quid
632 4235 778 4291 enim
822 4237 880 4293 in
927 4238 1011 4294 eis
1059 4237 1417 4309 torquebitur,
1465 4247 1758 4309 postquam

163 4330 282 4380 tota
310 4332 505 4381 natura
524 4365 541 4393 ,
568 4326 723 4398 cujus
745 4336 802 4384 et
840 4328 863 4360 ⁸
896 4327 1024 4385 boni
1049 4337 1105 4385 et
1130 4329 1255 4384 mali
1280 4328 1571 4401 participes
1596 4337 1754 4396 sunt,
1786 4396 1791 4401 ο

162 4436 279 4477 non
326 4421 502 4478 solum
546 4424 695 4480 omni
737 4433 913 4482 morte
951 4433 1114 4497 atque
1155 4425 1365 4481 malitia
1408 4424 1756 4492 liberabitur,

161 4527 357 4569 verum
380 4515 543 4570 etiam
573 4516 628 4570 in
655 4516 832 4586 ipsum
864 4516 1035 4573 Deum
1064 4517 1403 4575 revertetur?
1431 4516 1535 4575 Ubi
1560 4533 1692 4591 ergo
1732 4518 1755 4549 °

161 4612 351 4660 aestus
390 4605 476 4662 ille
512 4604 853 4664 ﬂammarum
883 4608 1026 4680 ignis
1054 4611 1295 4679 aeterni,
1326 4610 1382 4666 in
1410 4626 1573 4683 quem
1603 4628 1758 4669 seve-

1864 3411 2165 3484 plicitatem
2180 3418 2235 3466 et
2248 3406 2736 3487 impartibilitatem
2752 3423 2840 3463 me
2855 3406 3053 3463 dixisse
3076 3405 3219 3462 nulla
3241 3420 3465 3477 praero-

1868 3501 2121 3583 gativaff
2142 3518 2426 3559 sacrorum
2444 3501 2670 3557 Patrum
2684 3499 3007 3571 auctoritate
3019 3499 3262 3579 adjutum
3280 3497 3326 3533 "
3346 3500 3463 3555 exi-

1863 3597 2071 3663 stimet,
2097 3595 2285 3693 augiat
2305 3597 2521 3652 beatum
2538 3594 2829 3681 Qrigenem
2853 3594 2907 3649 in
2933 3592 3069 3650 libro
3086 3594 3246 3650 tertio
3262 3584 3316 3673 in
3337 3593 3465 3665 Epi-

1863 3689 2060 3748 stolam
2075 3689 2120 3721 “
2132 3672 2200 3746 ἀέι
2222 3688 2496 3746 Romanos
2519 3672 2668 3760 :Ego
2691 3687 2804 3743 dixi
2818 3702 2838 3743 :
2853 3686 2943 3742 Dii
2955 3688 3076 3743 estis
3093 3696 3143 3743 et
3161 3672 3267 3758 ﬁlii
3280 3686 3469 3742 Excel-

1863 3782 1932 3849 si,
1954 3789 2009 3837 et
2039 3780 2244 3836 addidit
2270 3798 2283 3835 :
2308 3778 2523 3835 Omnes.
2549 3778 2698 3847 Quae
2729 3777 2963 3849 adjectio
2990 3793 3151 3835 omne
3176 3776 3463 3842 simulsub

1865 3876 1971 3932 hoc
2024 3873 2182 3929 titulo
2216 3872 2516 3928 humanum
2566 3873 2864 3928 eonnexuit
2908 3889 3099 3944 genus.
3133 3870 3379 3941 Denique
3408 3871 3459 3925 in

1864 3967 2326 4040 consequentibus
2356 3966 2488 4023 dicit
2517 3983 2531 4019 :
2579 3963 2684 4021 Vos
2712 3974 2889 4021 autem
2919 3975 2974 4020 ut
3000 3965 3236 4019 homines
3275 3963 3464 4018 morie—

1864 4058 2014 4113 mini.
2066 4054 2221 4112 Unde
2264 4065 2312 4111 et
2336 4055 2495 4123 illud,
2524 4056 2664 4128 quod
2709 4057 2962 4128 scriptum
3002 4065 3077 4111 est
3120 4054 3234 4111 :Et
3264 4055 3464 4125 recogi-

1862 4148 1991 4205 tavit
2020 4147 2164 4203 Deus
2192 4150 2317 4221 quia
2343 4148 2467 4217 fecit
2506 4147 2768 4202 hominem
2789 4164 2947 4219 super
2966 4157 3185 4214 terram,
3208 4155 3256 4201 et
3279 4146 3460 4216 poeni-

1862 4240 1961 4295 tuit
1989 4240 2045 4294 in
2076 4238 2233 4294 corde
2267 4256 2384 4305 suo,
2417 4247 2467 4293 et
2496 4238 2632 4293 dixit
2659 4237 2800 4293 Deus
2845 4255 2864 4293 :
2913 4236 3129 4292 Deleam
3175 4238 3455 4302 hominem,

1860 4345 2015 4403 quem
2060 4328 2183 4401 feci,
2232 4347 2268 4384 a
2297 4329 2436 4400 facie
2484 4339 2655 4386 terrae
2682 4371 2696 4396 ,
2743 4329 3053 4405 non'_solum
3107 4345 3201 4398 pro
3255 4328 3459 4384 excidio

1862 4420 2048 4476 diluvii
2095 4421 2297 4476 dictum
2330 4429 2481 4491 puto,
2534 4421 2625 4477 sed
2667 4420 2870 4494 aliquid
2905 4437 2970 4476 ea:
3014 4420 3113 4475 hoc
3165 4421 3325 4476 etiam
3363 4423 3460 4476 sub

1863 4514 2110 4586 mysterio
2136 4514 2200 4568 de
2218 4513 2412 4585 futuris
2446 4516 2799 4585 praedictum,
2830 4500 2886 4570 ut
2909 4532 2969 4586 eo
2998 4514 3152 4570 modo
3178 4516 3459 4583 sentiatur,

1862 4607 2003 4679 quod
2041 4607 2239 4663 dictant
2301 4617 2376 4664 est
2430 4626 2450 4666 :
2504 4607 2714 4664 Deleam
2774 4608 3073 4674 hominem,
3132 4607 3275 4680 quod
3330 4608 3372 4649 ³⁷
3412 4615 3460 4663 et

161 4696 302 4752 ritas
322 4694 613 4764 justissimi
633 4697 834 4768 judicis
865 4699 1039 4757 malos
1065 4701 1302 4758 missura
1326 4711 1446 4775 est,
1472 4703 1662 4760 dicens
1685 4704 1707 4736 ⁷
1737 4722 1750 4758 :
1786 4702 1838 4764 D
1861 4716 1956 4773 per
1982 4700 2286 4772 prophetam
2324 4700 2452 4754 dicit
2486 4699 2628 4755 Deus
2658 4699 2705 4732 ¹⁶
2737 4713 2752 4753 :
2780 4698 2916 4755 Ecce
2958 4699 3096 4755 enim
3134 4700 3281 4756 deleo
3326 4701 3461 4756 sicut

160 4785 250 4841 Ite
273 4828 288 4853 ,
323 4787 621 4857 maledicti,
663 4790 719 4845 in
750 4791 922 4862 ignem
945 4800 1249 4862 aeternum,
1277 4793 1368 4865 qui
1404 4805 1755 4865 praeparatus

160 4888 242 4934 es!
274 4879 483 4935 diabolo
512 4890 560 4936 et
586 4881 786 4954 angelis
816 4884 982 4955 ejus?
1018 4883 1121 4941 Ubi
1161 4888 1267 4941 erit
1302 4886 1629 4958 supplicium
1664 4903 1756 4944 ae-

164 4980 414 5039 ternum,
449 4973 503 5029 in
542 4975 685 5046 quod
721 4975 851 5030 ituri
879 4982 1006 5031 sunt
1037 4975 1229 5047 impii,
1256 4976 1303 5034 si
1330 4976 1477 5033 nulla
1500 4994 1631 5050 pars
1655 4979 1758 5036 hu-

162 5079 362 5120 manae
386 5075 614 5125 naturae
651 5068 1009 5135 remanserit,
1050 5084 1195 5140 quae
1231 5079 1461 5143 aeterno,
1490 5052 1789 5144 supplicio,

161 5158 405 5215 obnoxia
426 5159 532 5215 sit?
552 5158 731 5216 Finita
753 5175 990 5232 namque
1007 5162 1156 5217 omni
1181 5161 1407 5229 malitia,
1432 5164 1557 5234 quis
1581 5164 1759 5222 malus

161 5251 506 5307 remanebit?
530 5249 722 5309 Omnis
745 5252 893 5308 enim
919 5252 1095 5309 malus
1118 5252 1327 5309 malitia
1357 5253 1533 5311 malus
1558 5265 1664 5322 est,
1690 5272 1755 5312 ac
1780 5238 1788 5331 ξ

160 5357 267 5417 per
289 5344 397 5401 hoc
419 5354 678 5415 pereunte
699 5345 908 5402 malitia
934 5346 1133 5417 peribit
1154 5345 1323 5402 etiam
1347 5356 1404 5404 et
1430 5336 1624 5406 malus.
1649 5347 1787 5404 De-"

161 5436 385 5494 ﬁciente
405 5439 604 5511 quippe
626 5454 790 5497 causa
829 5439 1200 5498 necessarium
1239 5449 1326 5498 est
1366 5438 1619 5499 effectum
1661 5440 1753 5497 sui

1863 4796 2387 4871 nubeminiquitates
2419 4806 2538 4851 tuas
2591 4798 2654 4860 ι’,
2716 4802 2773 4848 ut
2823 4793 3062 4850 videatur
3107 4793 3285 4849 delens
3338 4808 3456 4848 eum

1861 4888 2151 4961 secundum
2176 4888 2294 4956 hoc,
2327 4887 2468 4960 quod
2490 4889 2645 4941 homo
2687 4896 2783 4952 est,
2814 4897 2929 4958 post
2960 4885 3089 4940 haec
3114 4884 3288 4956 facere
3339 4899 3456 4951 eum

1862 4979 2055 5049 Deum,
2083 4989 2228 5048 tunc,
2259 4996 2380 5036 cum
2417 4979 2516 5034 erit
2547 4978 2684 5034 Deus
2708 4979 2886 5034 omnia
2934 4979 2990 5032 in
3042 4975 3305 5032 omnibus.
3341 4973 3454 5029 Ma-

1864 5088 2031 5146 gnum
2062 5086 2278 5144 quoque
2307 5068 2617 5143 theologum
2657 5068 2980 5142 Gregorium
3017 5066 3073 5122 in
3122 5065 3335 5123 decimo
3372 5080 3458 5121 se-

1864 5164 2037 5238 ptimo
2076 5163 2312 5236 capitulo
2338 5163 2606 5220 sermonis
2632 5163 2698 5219 de
2725 5161 2965 5231 lmagine
3003 5158 3365 5232 disputantem
3393 5158 3459 5213 de

1864 5257 2207 5314 humanitate
2235 5255 2403 5328 legat,
2426 5255 2520 5313 ubi
2547 5255 2624 5311 ait
2650 5273 2664 5310 :
2694 5253 2834 5321 Quid
2877 5261 2976 5320 est,
3005 5250 3146 5323 quod
3174 5250 3239 5305 de
3266 5250 3347 5305 his
3370 5266 3457 5304 co-

1862 5349 2132 5423 gitamus?
2175 5339 2412 5417 Sermo,
2437 5348 2526 5422 qui
2571 5348 2699 5403 dicit
2737 5361 2757 5403 :
2805 5343 2955 5400 Fecit
2985 5344 3128 5400 Deus
3166 5343 3453 5409 hominem,

1860 5443 2070 5515 inﬁnita
2104 5441 2493 5515 signiﬁcatione
2539 5454 2743 5497 omnem
2784 5436 3161 5493 humanitatem
3206 5435 3451 5493 ostendit.

1455 5560 1724 5636 vastas”
1748 5576 2155 5638 LECTIONES.

214 5706 217 5771 ξ
244 5697 262 5729 ί
288 5696 336 5752 Α
366 5666 436 5753 et.
478 5694 641 5771 {CF
672 5697 905 5771 quisquis
932 5694 1060 5771 vult,
1089 5706 1251 5770 prout
1274 5696 1411 5754 vult.
1451 5768 1460 5771 _
1490 5696 1512 5728 ³
1540 5697 1584 5771 Α
1604 5711 1822 5771 semper
1844 5698 2088 5771 partitus
2132 5696 2157 5771 ξ
2184 5694 2276 5754 Sic
2304 5693 2476 5754 ACF.
2556 5691 2656 5771 “et
2684 5708 2795 5771 om.
2826 5690 2897 5750 Α.
2974 5689 3069 5771 ’Λᾼ-
3092 5704 3232 5771 vero:
3308 5687 3332 5722 '
3357 5685 3442 5745 CF
3466 5742 3469 5745 ,

160 5770 396 5824 uictura.
428 5782 436 5829 1
472 5769 495 5802 ⁸
522 5768 609 5826 CF
639 5768 774 5824 ratio
801 5768 896 5824 est.

158 5840 250 5912 Δ.Δ
310 5837 367 5871 ’⁸⁵
407 5843 766 5912 praerogativa
796 5857 903 5896 om.
937 5842 1002 5894 A.
1082 5842 1126 5873 "
1149 5841 1240 5897 Sic
1270 5844 1344 5908 A;
1390 5840 1475 5897 Cl“
1517 5842 1750 5896 adimus.

161 5909 323 5969 deleo
346 5909 660 5984 iniquitates
679 5922 797 5970 tuas
818 5922 873 5967 ut
905 5913 1112 5969 nubem.

992 5770 1013 5801 ³
1046 5763 1262 5825 omnino
1291 5787 1400 5825 om.
1435 5768 1502 5823 A.
1573 5770 1617 5800 ¹⁰
1640 5768 1685 5822 Α
1714 5763 1972 5824 divinum.
2052 5769 2093 5802 ¹¹
2124 5768 2179 5823 in
2201 5778 2378 5839 partes
2408 5784 2520 5822 om.
2561 5767 2630 5822 A.
2682 5808 2685 5813 ς
2712 5766 2755 5797 ¹²
2785 5784 2816 5821 a
2842 5763 3090 5839 om._ACl".

1848 5841 1894 5872 ¹⁶
1917 5843 1958 5894 Λ
1984 5841 2035 5896 in
2061 5839 2304 5912 epistola.

3187 5761 3229 5795 ¹³
3256 5777 3310 5817 se
3335 5778 3446 5818 om.

2412 5840 2453 5872 ¹⁷
2477 5839 2561 5896 CF
2583 5854 2710 5910 quo.
2791 5838 2834 5869 “‘
2866 5837 2912 5891 Λ
2949 5836 3087 5894 Deus
3111 5834 3264 5890 dicit.
3341 5833 3382 5868 ³³
3404 5832 3451 5886 Α
