4028 6282
549 371 652 426 θέδ

1876 375 2158 434 JOANNIS
2197 372 2391 433 SCO'l‘i

3725 384 3830 439 91$

548 488 669 542 Non
702 489 838 543 enim
865 506 1003 544 nunc
1032 492 1440 547 counominatur
1471 501 1746 547 creaturae
1774 492 1966 558 Adam,
1996 494 2129 548 sicut
2160 500 2206 557 Α
2237 491 2287 544 in
2306 474 2423 561 ipso
2448 482 2759 546 salvandam
2788 490 3023 546 naturali
3057 492 3470 548 resurrectionis
3504 493 3713 549 virtute
3744 494 3832 549 tio-

544 581 595 635 in
632 582 958 652 sequentibus
986 582 1205 637 historia
1223 584 1371 648 dicit,
1400 585 1488 638 sed
1512 600 1698 638 nomen
1723 594 1898 639 creato
1928 584 2127 639 homini

542 688 644 725 non
672 673 818 726 aliud
841 674 1106 744 quoddam
1140 675 1507 730 universaliter
1533 686 1628 730 est.
1662 673 1784 730 Non
1812 676 1973 746 igitur
2011 678 2127 731 uni-

541 765 729 818 versali
755 767 771 795 ί
803 777 1022 820 naturae
1054 768 1318 821 vocatione
1360 767 1461 822 tale
1512 768 1712 840 aliquid
1752 769 2010 837 suspicari
2046 770 2127 825 in-

538 858 863 911 troducimur
885 870 927 922 3,
953 860 1077 929 quia
1106 861 1160 914 in
1203 861 1377 914 divina
1409 862 1761 932 praescientia
1799 863 1820 894 ³
1850 872 1898 918 et
1942 866 2126 919 virtute

538 951 704 1002 omnis
737 950 1038 1004 humanitas
1068 951 1122 1004 in
1153 952 1323 1021 prima
1355 952 1719 1009 constitutione
1756 954 2124 1025 comprehensa

536 1050 633 1093 est.
679 1038 895 1109 Oportet
940 1043 1075 1095 enim
1108 1041 1183 1095 nil
1225 1036 1333 1097 Deo
1381 1044 1646 1113 inﬁnitum
1686 1045 1742 1099 in
1768 1045 1868 1110 Itis,
1898 1058 2029 1115 quae
2059 1044 2140 1099 ab‘

533 1150 592 1187 eo
628 1133 769 1201 [acta
814 1143 955 1199 sunt,
986 1136 1283 1201 aestimare,
1330 1138 1420 1190 sed
1470 1136 1882 1208 uniuscujusque
1919 1154 2120 1204 eorunt,

533 1243 666 1297 quae
706 1237 851 1291 sunt,
873 1227 997 1297 linis
1020 1237 1067 1281 et
1097 1244 1343 1283 mensura
1374 1231 1868 1300 circumponderans
1906 1230 2137 1302 [actoris‘

533 1318 795 1389 sapientia
845 1320 941 1374 est'.
994 1320 1447 1387 Quemadmodum
1514 1324 1677 1393 igitur
1728 1324 1917 1396 aliquis
1966 1326 2121 1379 homo

535 1414 769 1483 corporis
800 1414 1092 1480 quantitate
1112 1425 1403 1481 coartatur,
1420 1427 1467 1471 et
1490 1434 1733 1473 mensura
1760 1419 1859 1474 sibi
1880 1419 2121 1474 substan-

529 1502 634 1556 tiae
664 1504 964 1574 magnitudo
1004 1515 1100 1571 est,
1131 1521 1265 1576 quae
1297 1507 1348 1561 in
1388 1507 1662 1577 superﬁcie
1696 1509 1927 1580 corporis
1966 1508 2120 1581 perﬁ-

529 1596 667 1649 citur
693 1613 710 1650 :
738 1599 812 1651 sic
860 1598 1088 1653 arbitror
1116 1598 1271 1655 veluti
1300 1602 1351 1655 in
1382 1618 1486 1655 uno
1508 1618 1725 1673 corpore
1753 1612 1917 1658 totam
1937 1604 2120 1658 humaé

530 1686 710 1741 uitatis
732 1680 1109 1757 plenitudinem
1132 1706 1225 1761 pro
1238 1693 1471 1763 gnostica
1497 1693 1684 1749 virtute
1702 1712 1735 1749 a
1761 1694 1869 1750 Deo
1885 1696 2118 1750 omnium

527 1783 953 1850 comprehensam
985 1784 1166 1855 fuisse.
1201 1783 1268 1839 Et
1306 1785 1327 1817 "
1354 1786 1449 1840 Itoc
1469 1788 1615 1842 docet
1645 1805 1816 1843 sermo
1841 1790 2069 1861 quidicit
2093 1808 2113 1846 :

2229 582 2553 650 operatrice,
2584 594 2723 652 quae
2749 582 2951 637 nullam
2980 588 3223 637 naturam
3251 585 3427 654 perire
3467 585 3620 647 sinit,
3652 600 3834 654 neque

2228 680 2488 742 perpetuo
2535 674 2727 745 puniri‘
2760 675 2990 730 dixero:
3024 677 3153 746 quid
3198 676 3335 738 erit,
3377 678 3521 746 quod
3566 686 3835 732 detentae

2227 764 2559 821 damnationi
2606 767 2972 822 attribuatur?
3017 767 3353 837 Divinaeque
3379 768 3717 838 Scripturae
3738 784 3838 822 au-

2228 861 2461 915 ctoritati
2510 863 2761 918 resistere
2809 862 3056 929 videbor,
3108 872 3247 931 quae
3286 863 3677 917 incunctanter
3720 864 3837 917 dia.

2225 946 2369 1018 bolo,
2403 952 2775 1024 omnibbsque'
2810 953 2929 1023 ejus
2970 954 3245 1018 membris,
3277 960 3497 1008 aeterna
3552 960 3834 1009 tormenta

2226 1045 2463 1099 minatur
2485 1054 2613 1103 esse‘
2628 1046 2829 1101 futur‘a'.
2870 1045 2929 1103 Si
2961 1056 3141 1101 autent
3165 1056 3340 1117 neque
3366 1056 3535 1101 tutam
3574 1048 3835 1101 immani-

2226 1128 2393 1191 tatem
2425 1154 2456 1192 a
2482 1137 2701 1193 Christo
2732 1146 3067 1209 assumptum
3091 1147 3253 1208 atque
3272 1136 3619 1203 salvatiiiam,
3650 1152 3835 1208 neque

2224 1229 2458 1284 naturali
2479 1231 2892 1285 resurrectionis
2922 1229 3118 1284 Virtute
3143 1226 3711 1296 totatn'iiberandatn',
3740 1231 3849 1284 sed‘

2228 1337 2295 1377 ex
2317 1326 2471 1393 parte
2518 1323 2585 1376 in"
2617 1321 3113 1394 divinae‘imaginis
3142 1322 3455 1394 dignitatem
3492 1320 3830 1389 redituram,

2220 1430 2286 1469 ex
2309 1416 2462 1484 parte
2485 1416 2543 1469 in’
2571 1420 2792 1470 aeterna
2831 1414 3137 1470 calamitate
3158 1414 3423 1485 captivam
3438 1424 3828 1469 reutausuratn

2221 1511 2457 1567 docuero
2489 1516 2710 1567 :‘nonne
2738 1508 3023 1566 confestim
3066 1514 3191 1565 v'er'a
3232 1510 3373 1565 ratio
3410 1509 3719 1581 divinaque
3763 1512 3831 1565 si-

2218 1600 2653 1660 mulauctoritas
2693 1604 2793 1660 me'
2814 1603 3142 1674 r'edarguet?
3170 1600 3328 1657 Ratio
3358 1604 3557 1674 quippe
3596 1603 3827 1658 eviden-

2221 1693 2427 1752 tissimc
2456 1698 2643 1762 docet,
2677 1695 2749 1750 nil
2778 1700 3023 1751 summae
3053 1680 3096 1727 ’δ
3129 1695 3355 1750 bonitati
3400 1697 3658 1766 vitaeque
3693 1714 3763 1752 ac
3785 1698 3823 1729 "

2218 1785 2545 1842 beatitudini
2591 1803 2659 1842 ex
2703 1782 2971 1841 diametro
3003 1784 3353 1841 contrarium
3382 1798 3655 1858 perpetuo
3707 1805 3824 1844 esse

529 1874 668 1943 Quia
710 1877 830 1947 fecit
870 1878 1010 1933 Deus
1061 1881 1343 1947 hominem,
1378 1883 1662 1937 secundum
1706 1884 1986 1957 imaginem
2024 1880 2194 1941 Dei‘B
2221 1892 2403 1949 posse.
2443 1877 2665 1934 Bonitas
2705 1868 2853 1934 enim
2889 1877 3293 1935 circumscribit
3322 1879 3607 1947 malitiam,
3661 1884 3817 1953 peni-

523 1968 644 2037 [ecit
669 1986 808 2026 eum.
836 1966 958 2028 Non
983 1972 1119 2027 enim
1142 1975 1196 2027 in
1221 1983 1371 2043 parte
1408 1984 1628 2030 naturae
1652 1975 1847 2047 imago,
1874 1994 2037 2049 neque
2058 1978 2114 2031 in

522 2063 751 2133 quodam
775 2079 979 2131 eorum,
1006 2082 1141 2136 quae
1160 2067 1448 2121 secundum
1476 2068 1646 2138 ipsam
1691 2068 2110 2136 considerantur,

520 2157 692 2224 gratia
744 2156 766 2186 ⁸
804 2167 901 2225 est,
932 2157 1023 2212 sed
1046 2160 1099 2212 in
1128 2169 1294 2214 totum
1321 2178 1481 2232 genus
1524 2161 1814 2233 aequaliter
1854 2161 1972 2217 talis
2002 2180 2115 2232 per-

521 2249 654 2302 t'eni-t
679 2249 860 2304 virtus.
888 2250 1111 2321 Signum
1139 2268 1257 2307 vero
1277 2263 1353 2308 est
1378 2256 1616 2310 omnibus
1641 2248 1884 2312 similiter
1905 2257 2111 2312 animus

522 2336 809 2393 collocatus
833 2340 877 2403 θ,
900 2339 1026 2395 dum
1050 2358 1225 2396 omnes
1264 2342 1586 2415 intelligendi
1611 2357 1656 2399 et
1678 2346 1990 2401 consiliandi
2011 2349 2112 2402 vir-

521 2439 683 2483 tutem
712 2432 955 2498 habeant,
982 2444 1028 2487 et
1051 2434 1156 2487 alia
1186 2436 1382 2501 omnia,
1416 2436 1684 2508 exquibus
1715 2438 1889 2493 divina
1919 2450 2111 2494 natura

522 2519 576 2573 in
607 2536 689 2584 eo,
730 2521 869 2592 quod
894 2524 1181 2578 secundant
1212 2525 1377 2596 ipsum
1403 2527 1601 2597 factum
1628 2538 1725 2594 est,
1764 2530 2106 2601 imaginatur.

524 2609 781 2665 Similiter
808 2630 863 2665 se
885 2604 915 2645 ⁷’
936 2614 1085 2668 liabet
1111 2627 1156 2670 et
1184 2617 1292 2687 ipse
1322 2619 1374 2672 in
1402 2620 1575 2688 prima
1602 2621 1784 2676 mundi
1805 2610 2107 2675 “constitu-

519 2702 657 2756 tione
675 2714 908 2760 ostensus
923 2706 1101 2774 homo,
1119 2720 1163 2763 et
1187 2720 1301 2780 post
1327 2712 1680 2767 universitatis
1702 2715 2107 2770 consummatio-

520 2808 633 2845 nem
657 2793 891 2863 futurus,
908 2799 1196 2869 aequaliter
1210 2790 1464 2874 inseipsis
1484 2796 1712 2859 diuinam
1726 2806 1899 2876 [erunt
1923 2807 2109 2878 imagi-

520 2900 635 2937 ncm
657 2895 698 2940 θ.
729 2882 1013 2960 Propterea
1048 2909 1182 2947 unus
1214 2893 1367 2948 homo
1393 2897 1719 2952 nominatum
1735 2909 1816 2953 est
1847 2916 1997 2955 onme
2022 2917 2112 2969 ge-

515 2992 615 3032 nus
633 2979 944 3048 humanum,
963 2984 1002 3015 ¹⁰
1026 2986 1149 3056 quia
1173 2987 1226 3040 in
1244 2986 1431 3042 virtute
1445 2980 1539 3042 Dei
1556 2988 1686 3044 nihil
1704 2984 2113 3061 praeterit,niltil

515 3068 699 3138 instat,
718 3074 806 3127 sed
830 3084 877 3128 ct
898 3076 1037 3146 quod
1062 3088 1348 3148 spectatur,
1371 3080 1656 3150 aequaliter
1678 3082 1939 3152 praesenti
1963 3100 2106 3137 com-

512 3164 750 3233 prehensi
758 3184 815 3221 va
834 3169 1184 3225 universitatis
1199 3174 1498 3242 operatione
1512 3173 1555 3205 “
1579 3174 1890 3229 continetur.
1922 3170 2105 3230 omnis

2217 1976 2409 2039 tusque
2458 1969 2747 2037 consumit,
2782 1962 3031 2026 similiter
3077 1970 3186 2025 vita
3231 1972 3479 2038 mortem,
3532 1970 3820 2029 beatitudo

2215 2056 2492 2119 miseriam
2506 2070 2525 2130 ‘,
2556 2062 2731 2118 unus
2758 2062 2911 2128 vitia;
2954 2058 3319 2134 ﬁliorumque
3356 2063 3417 2096 ¹⁸”
3449 2070 3675 2131 causas,
3723 2081 3813 2121 ce-

2216 2156 2563 2225 teraque'iii‘
2581 2170 2773 2228 genus.
2828 2146 3020 2209 Divina
3065 2156 3360 2211 auctoritas
3406 2157 3664 2211 c'iamat‘:
3706 2158 3812 2211 Ero

2214 2253 2353 2300 nlors
2385 2258 2504 2314 tua,
2538 2261 2583 2303 o‘
2605 2252 2767 2313 mors,
2802 2240 3093 2303 et'tnbi'sus
3135 2256 3274 2315 tuus,
3307 2266 3336 2303 ο
3372 2236 3597 2319 inferne.
3632 2249 3813 2308 Item:

2214 2332 2544 2393 Nouissimas
2568 2340 2811 2393 inimicus
2833 2338 3129 2393 destruetur
3154 2350 3316 2403 m’ors,
3336 2339 3437 2395 hoc
3453 2341 3814 2397 e‘s’l'diabeius

2213 2435 2414 2483 anctor'
2426 2427 2638 2494 mortis,
2656 2428 2737 2483 vel
2756 2436 2906 2483 certe
2928 2428 3039 2499 ipsa
3064 2443 3228 2483 mors.
3247 2427 3419 2499 Hujus
3438 2444 3645 2485 nomen
3674 2435 3813 2503 apud

2211 2517 2448 2574 Graecos
2476 2526 2562 2574 est
2592 2521 2842 2585 θάνατοςς
2878 2521 2949 2574 ita
2973 2519 3585 2590 quidem'scriptum‘est
3613 2526 3813 2596 ἰχθύς

2211 2614 2443 2679 θάνατός,
2474 2612 2725 2667 inimicus
2751 2615 2980 2674 θάνατος.
3002 2612 3062 2667 in
3078 2613 3373 2668 visionibus
3386 2628 3606 2686 quoque
3622 2616 3813 2673 Daniel

2208 2705 2503 2775 prophetae
2525 2705 2746 2775 angelus
2769 2705 2970 2775 inquit:
2990 2705 3332 2777 Septuaginta
3344 2706 3713 2765 hebdomades
3726 2711 3815 2764 ab-

2210 2799 2468 2853 breviata'e
2490 2808 2610 2853 sunt
2624 2816 2782 2870 super
2800 2792 3050 2869 populum
3074 2808 3220 2853 tuum
3237 2809 3285 2854 et
3306 2816 3465 2872 super
3481 2801 3675 2856 urbem
3690 2821 3812 2858 san-

2210 2901 2345 2945 ctam
2369 2902 2533 2959 tuam,
2570 2902 2625 2945 ut
2652 2901 2987 2945 consumetur
3013 2894 3394 2963 praevaricatio
3420 2903 3468 2947 et
3483 2894 3655 2963 ﬁnem
3683 2900 3813 2951 acci-

2206 2981 2319 3051 piat
2333 2991 2622 3051 peccatum,
2641 2990 2686 3035 et
2704 2971 3222 3054 deleaturiniquitas,
3238 2994 3285 3037 et
3308 2984 3376 3037 ad
3400 2984 3813 3057 dtteaturjustt-

2208 3071 2279 3123 tia
2297 3068 2863 3142 sempiternadilystico
2877 3070 3127 3127 videlicet
3142 3074 3483 3142 septuaginta
3506 3076 3809 3132 hebdoma-

2210 3162 2335 3217 dum
2351 3174 2576 3220 numero
2590 3158 3026 3221 abbreviatarum
3044 3173 3213 3247 totum
3240 3175 3451 3237 tempus
3475 3185 3507 3222 a
3523 3171 3711 3240 primo
3726 3172 3810 3226 ad-

514 3254 692 3326 itoque
723 3267 914 3313 natura
943 3260 1175 3316 humana
1192 3263 1235 3294 ¹²
1252 3279 1386 3334 quae
1407 3282 1438 3318 a
1463 3265 1646 3336 primis
1670 3283 1831 3338 usque
1850 3267 1920 3321 ad
1938 3260 1979 3298 "
2005 3285 2096 3321 no-
2123 3254 2168 3317 C
2200 3265 2362 3311 ventu
2379 3255 2674 3313 Sitlt'atOris
2686 3258 2940 3327 usquead
2954 3257 3607 3331 secundumsigniﬂcans.
3628 3263 3809 3333 Septe

514 3347 724 3402 vissima
754 3352 1005 3420 peruenit,
1044 3370 1149 3408 una
1179 3355 1439 3426 quaedam
1469 3373 1583 3411 vere
1614 3352 1881 3413 existentis
1926 3352 2095 3430 imago

513 3448 624 3503 est;
651 3441 764 3509 ipsa
797 3458 915 3496 vero
945 3444 996 3497 in
1029 3445 1320 3500 masculum
1348 3458 1395 3502 et
1445 3440 1692 3518 feminam
1723 3451 1924 3521 generis
1952 3444 2101 3522 cli/fe-

514 3530 683 3583 rentia
706 3533 979 3588 norissime
1000 3538 1361 3593 constitutioni
1390 3540 1719 3609 [ormationis
1743 3536 1951 3614 adjecta
1999 3540 2097 3600 est.

515 3617 746 3678 Proinde
772 3622 817 3677 si
842 3624 933 3678 Dei
961 3616 1258 3683 “Verbum
1285 3631 1674 3688 humanitatem
1717 3634 1942 3706 accepit,
1991 3653 2097 3692 non

474 3732 487 3739 -
513 3726 721 3783 partem
752 3715 891 3785 ejus,
922 3735 1061 3789 quae
1091 3722 1233 3778 nulla
1263 3733 1363 3789 est,
1393 3726 1487 3781 sed
1519 3728 1896 3785 universaiiter
1928 3739 2093 3787 totam

515 3811 742 3882 accepit.
768 3812 833 3867 Et
863 3814 906 3869 si
940 3822 1105 3871 lotam
1123 3819 1351 3892 accepit,
1384 3829 1546 3875 totam
1572 3821 1816 3892 proiecto
1840 3824 1891 3878 in
1918 3825 2097 3895 seipso

515 3903 774 3970 restituit,
805 3906 1061 3976 quoniam
1084 3908 1135 3963 itt
1168 3909 1283 3981 ipso
1306 3919 1605 3968 restaurata
1637 3924 1762 3969 sunt
1786 3916 1990 3982 omnia,
2043 3926 2099 3972 et

513 3992 647 4046 nihil
700 3994 1075 4064 humanitatis,
1136 4016 1297 4071 quam
1347 4010 1514 4058 totam
1552 4006 1782 4074 accepit,
1822 4006 2098 4078 perpetuis

512 4085 699 4154 poculis
727 4087 1209 4162 insolubilibusquc
1242 4094 1678 4167 malitiae,quam
1705 4110 2096 4156 tormentorum

510 4177 795 4234 calamitas
838 4183 1101 4252 sequitur,
1155 4188 1383 4243 nexibus
1414 4188 1704 4245 obnoxium
1739 4194 1986 4265 reliquit;
2042 4199 2096 4255 in

512 4268 658 4327 nullo
691 4270 837 4327 enim
872 4272 1092 4330 damnat
1129 4274 1287 4340 Deus,
1315 4281 1459 4348 quod
1508 4280 1659 4348 fecit,
1692 4286 1785 4341 sed
1816 4290 1956 4357 quod
1989 4306 2094 4347 non

510 4360 658 4425 fecit,
689 4364 860 4433 punit.
890 4364 1022 4418 Nam
1043 4375 1098 4421 et
1122 4371 1618 4437 praevaricantium
1641 4378 1957 4448 angelorum
1993 4399 2093 4437 na-

511 4461 687 4508 turam
717 4470 821 4509 non
852 4458 1028 4526 punit,
1074 4475 1172 4515 nec
1222 4463 1511 4531 puniturus
1548 4478 1663 4536 est;
1723 4470 1936 4528 illorum
1965 4491 2095 4534 vero

511 4547 771 4603 malitiam
787 4558 841 4605 et
857 4551 1185 4622 impietatem
1202 4558 1554 4632 nocivamque
1568 4568 1887 4635 potentiam,
1903 4587 2091 4642 quem-

2202 3351 2356 3406 nario
2383 3351 2645 3420 siquidem
2662 3364 2901 3407 numero
2949 3354 3141 3408 curSus
3176 3352 3332 3424 hujus
3370 3356 3541 3421 vitae,
3567 3358 3808 3428 septenis

2201 3444 2410 3499 dierum
2429 3434 3534 3501 revolu'tiOnibus'convolittusinsinuatur.
3557 3447 3666 3516 Qui
3688 3467 3807 3505 cur-

2201 3550 2291 3591 sus
2336 3535 2938 3591 abhreviatus‘dicitur:
2966 3534 3158 3592 Omnia
3188 3551 3422 3609 namque
3456 3550 3712 3612 tempora
3754 3544 3804 3598 in

2201 3628 2609 3697 comparatione
2624 3628 2963 3685 aeternitatis
2980 3626 3163 3685 brevia
3178 3638 3321 3686 sunt.
3341 3631 3399 3685 in
3421 3634 3530 3688 hac
3549 3635 3738 3706 itaque
3764 3635 3806 3667 ι’

2201 3720 2337 3785 acie,
2388 3721 2527 3777 inter
2573 3722 2705 3776 haec
2748 3720 3051 3778 tela'veluti
3097 3728 3423 3794 eruti-mue
3453 3725 3635 3782 latere
3685 3746 3806 3784 con-

2206 3814 2363 3881 ﬁxus,
2391 3815 2668 3885 ignorans,
2696 3829 2803 3886 quo
2842 3812 3076 3883 tendam,
3110 3826 3163 3871 et
3194 3819 3321 3887 quid
3350 3821 3536 3889 potius
3578 3837 3802 3892 sequar,

2200 3907 2393 3961 anxius
2438 3908 2698 3963 consisto.
2750 3906 2864 3963 Non
2915 3909 3067 3963 enitn‘
3096 3908 3231 3964 levis
3277 3911 3653 3968 consideratio
3699 3922 3802 3979 t'sl,

2201 4016 2366 4054 unum
2411 4016 2442 4055 e
2486 4002 2694 4058 duobus
2751 4002 2952 4074 eligere
2985 4020 3000 4057 :
3035 4010 3126 4058 aut
3168 4010 3417 4060 aeternas
3450 4021 3664 4076 poenas
3700 4010 3799 4063 im-

2199 4092 2410 4162 piorum
2460 4094 2771 4164 angelorum
2808 4095 3183 4151 et‘hominum
3229 4097 3535 4165 destruere,
3581 4111 3683 4156 aut
3729 4103 3802 4157 di-

2203 4185 2384 4238 vinam
2430 4184 2727 4240 bonitatem
2780 4196 2835 4241 et
2879 4187 3296 4255 beatitudinem,
3341 4189 3602 4263 absorpta
3653 4196 3799 4248 ωηιιὶ

2198 4278 2409 4332 malitia
2448 4277 2801 4349 miseriaque,
2835 4296 2942 4335 non
2992 4276 3192 4351 ubique
3247 4280 3315 4335 iti‘
3346 4284 3495 4337 omni
3540 4284 3798 4342 creatura

2200 4380 2568 4440 regnaturam.
2617 4370 2759 4428 MM}.
2811 4370 3033 4427 Patiens
3081 4383 3230 4439 esto;
3278 4374 3453 4429 aderit
3499 4375 3590 4431 lux
3648 4368 3835 4434 tuetk'

2200 4462 2355 4539 tium,
2400 4477 2539 4533 quae
2590 4463 2857 4517 illuminat
2905 4460 3221 4519 abscondita
3267 4466 3644 4535 tenebrarum,
3696 4469 3799 4525 ob-

2201 4567 2377 4612 strusa
2406 4559 2449 4589 ²⁰
2491 4558 2693 4628 aperit,
2720 4559 2991 4630 incognita
3026 4561 3245 4627 revelat,
3292 4561 3517 4633 fugitiva
3550 4578 3797 4632 revocat,

511 4638 799 4694 admodum
825 4649 878 4697 et
914 4643 1180 4701 malorum
1223 4647 1502 4708 hominum
1534 4656 1614 4712 eis
1659 4638 2089 4730 “haeream”,
2122 4650 2174 4711 D
2199 4652 2672 4722 incircumscripta
2693 4653 3114 4718 circumscribit,
3144 4653 3420 4710 indelinita
3441 4658 3659 4725 deﬁnit,
3683 4677 3800 4715 am-

510 4733 810 4805 extinguet,
843 4748 897 4793 et
928 4736 1177 4797 fortassis
1200 4742 1410 4800 illorum
1443 4748 1549 4803 erit
1569 4761 1789 4809 aeterna
1819 4757 2095 4815 damnatio

510 4839 643 4881 suae
678 4828 917 4885 malitiae
947 4832 1348 4907 impietatisque
1376 4840 1701 4901 universalis
1740 4844 1983 4908 abolitio.
2009 4852 2095 4908 ln-

512 4924 595 4971 ter
622 4917 757 4976 haec
785 4920 965 4994 itaque
1000 4924 1101 4980 sibi
1132 4928 1358 4983 invicem
1402 4937 1777 5006 repugnantia,
1820 4941 1985 4997 veluti
2018 4945 2094 4999 in-

511 5017 592 5065 ter
619 5016 918 5072 aestuantis
940 5019 1128 5074 oceani
1152 5017 1348 5078 ﬂuctus
1368 5035 1823 5101 cautesque,quas
1846 5035 2092 5104 aiiidunt,

512 5099 741 5160 amictus
770 5105 926 5178 longa
951 5118 1006 5164 et
1035 5109 1396 5169 inextricabili
1426 5099 1812 5181 deliberatione
1836 5099 2091 5200 fatigatus

510 5194 822 5263 convoivor,
839 5199 1146 5271 nullamque
1162 5203 1302 5258 viam
1320 5208 1579 5266 evadendi
1603 5216 1833 5284 reperio.
1854 5218 1911 5274 Si
1927 5194 2086 5289 enim,

508 5291 565 5337 ut
588 5285 823 5345 breviter
834 5290 1100 5362 colligam,
1128 5294 1387 5365 quaeiate
1411 5303 1656 5371 superius
1677 5307 1818 5365 dicta
1847 5323 1993 5380 sunt,
2015 5285 2093 5371 to-

512 5383 620 5434 tam
643 5379 1033 5441 humanitatem
1048 5383 1225 5443 Verbo
1243 5387 1339 5445 Dei
1364 5391 1769 5468 “assumptam,
1797 5418 1861 5458 ac
1880 5409 2095 5476 perhoc

2198 4745 2360 4816 bigua
2389 4744 2477 4800 ad'
2505 4752 2711 4800 cet-tam
2741 4747 3140 4816 quodammodo
3188 4749 3515 4805 sententiam
3546 4754 3793 4809 adducit.

2196 4840 2277 4894 Ac
2304 4839 2539 4910 primum
2572 4839 2787 4909 quidem
2813 4838 3167 4910 contemplari
3198 4852 3438 4912 oportet,
3482 4844 3621 4915 quid
3653 4849 3798 4902 inter

2200 4950 2298 4988 nos
2322 4934 2650 4997 coniectum,
2677 4934 2841 5003 inque
2870 4934 3247 4990 inconcussam
3267 4936 3649 4995 deﬁnitionem
3672 4956 3796 5011 per-

2199 5029 2366 5092 venit,
2398 5026 2526 5100 quld
2548 5028 2724 5083 adhuc
2754 5029 2804 5082 in
2832 5027 3113 5083 ﬂuctuanti
3139 5028 3531 5088 deliberatione
3550 5044 3793 5101 aestuat,

2198 5123 2325 5192 quid
2371 5124 2435 5177 de
2461 5131 2640 5178 celero
2680 5123 3047 5194 quaerendum
3073 5126 3159 5179 sit.
3187 5126 3329 5181 Dtsc.
3358 5124 3472 5180 Non
3497 5129 3666 5184 aliam
3690 5147 3791 5185 oa-

2200 5225 2444 5270 turarum
2494 5215 2897 5285 inquisitionem
2924 5218 3063 5270 ratio
3088 5216 3274 5287 exigit.
3298 5198 3438 5275 ΜἈο.
3494 5218 3662 5273 Multa
3695 5224 3796 5276 de-

2201 5311 2351 5366 ﬁnita
2384 5311 2889 5383 rationabiliterquc
2924 5323 3138 5381 reperta
3185 5313 3237 5367 in
3287 5322 3376 5369 tua
3429 5315 3791 5372 deliberativa

2204 5410 2416 5466 theoria
2451 5410 2743 5482 perspicio.
2778 5410 2886 5467 Sed
2916 5412 3170 5484 quoniam
3200 5410 3377 5467 adhuc
3404 5411 3573 5468 veluti
3596 5414 3650 5468 iu
3675 5428 3793 5466 aut-

1789 5539 2045 5601 VARIAE
2064 5546 2477 5607 'LECTIONES.

510 5698 616 5757 CF.
705 5705 727 5734 "
755 5698 1065 5762 mundiom.
1092 5698 1198 5765 CF.

514 5771 557 5801 "
584 5773 814 5829 humana
834 5791 945 5831 om.
969 5778 1034 5831 A.
1115 5779 1159 5812 "
1188 5782 1256 5834 ad
1271 5771 1385 5838 om.
1417 5784 1519 5840 CF.

516 5842 559 5886 ’³
583 5841 676 5897 Sic
702 5846 817 5911 (1F;
853 5849 896 5900 A
921 5859 1366 5923 mortuorumque.
1450 5858 1490 5897 ⁸ο
1520 5841 1697 5930 itaque

1603 5788 1697 5844 “A
1727 5788 1959 5851 Proinde
1978 5788 2102 5866 fidei
2127 5788 2369 5856 verbum.

582 5631 599 5730 ς
620 5631 664 5687 Α
685 5633 1074 5730 πίηξιυξςςςρξς
1091 5636 1562 5730 Μηιτςέιίσξιπωετ
1596 5645 1617 5678 ³
1635 5647 1680 5701 Α
1700 5656 2013 5730 praesentia.
2054 5657 2076 5689 ⁸
2094 5658 2162 5714 Et
2181 5676 2289 5716 om.
2316 5661 2382 5714 A.
2425 5665 2446 5698 ³
2466 5661 2506 5715 Α
2537 5663 2781 5730 gratiam.
2842 5663 2865 5695 ⁸
2882 5662 2925 5717 Α
2948 5664 3179 5717 animum
3206 5662 3473 5729 collocari.
3549 5668 3574 5700 ⁷
3594 5684 3649 5722 se
3667 5683 3784 5722 om.

1270 5711 1316 5777 ε’
1338 5712 1383 5767 Α
1411 5714 1655 5801 ἱρέείρςρ
1673 5711 2400 5801 diuinamjintaginemﬂleret.

2498 5732 2540 5763 “’
2567 5750 2753 5802 genum
2780 5735 3066 5788 humanum
3088 5748 3197 5789 om;
3220 5736 3283 5790 A'.

3368 5736 3404 5766 ¹¹
3422 5737 3473 5789 Ἀ
3498 5742 3787 5806 optatiime.

2452 5803 2496 5835 "
2522 5804 2566 5857 A
2593 5804 2786 5859 divino.

2870 5805 2912 5837 “
2934 5816 3167 5860 summac
3194 5822 3301 5861 om.
3328 5808 3394 5861 Λ.
3475 5805 3783 5881 "twcque.

2008 5868 2054 5907 ²⁶
2101 5873 2264 5927 atterit
2305 5873 2567 5929 abstrusa.
