4028 6282
1071 292 1100 326 Ι

533 371 640 430 927

537 587 665 639 tem,
690 571 966 628 beatitudo
990 571 1285 627 miseriam.
1333 570 1604 643 Scriptum
1638 581 1723 628 est
1766 573 1950 628 enim:
2005 573 2117 628 Ero

537 683 674 722 mors
708 676 820 732 tua,
870 682 900 719 o
950 680 1110 730 mors,
1159 673 1207 719 et
1255 680 1459 718 morsus
1502 674 1645 731 tuus,
1686 682 1716 719 ο
1746 664 1966 735 inferne.
2004 664 2117 720 Nisi

538 761 675 814 forte
705 759 878 814 adhuc
901 758 1150 830 ambigis,
1190 759 1475 813 Dominum
1499 758 1684 816 Jesum
1716 761 1984 817 humanae
2015 777 2114 816 na-

538 860 690 906 turae
729 859 1067 920 acceptorem
1115 861 1170 906 et
1192 850 1512 907 salvatorem
1539 866 1647 907 non
1694 860 1862 906 totam
1901 852 2072 922 ipsam
2098 892 2115 917 ,

537 943 628 999 sed
660 942 1187 1013 quantulamcunque
1216 952 1426 1013 partem
1456 944 1573 1016 ejus
1596 954 1652 1000 et
1701 954 1723 985 ε
1758 945 2031 1016 accepisse
2063 954 2121 1001 et

536 1035 812 1102 salvasse;
846 1037 987 1106 quod
1013 1038 1234 1094 credere
1258 1041 1566 1110 superiores
1592 1034 1829 1097 rationes
1857 1040 2115 1097 refutant.

541 1127 681 1182 DISC.
708 1127 824 1183 lam
845 1128 1000 1184 video
1013 1131 1245 1200 undique
1265 1147 1351 1187 me
1375 1141 1615 1202 captum,
1634 1132 1942 1203 nullamque
1955 1133 2123 1188 ratio-

540 1229 660 1268 nem
690 1213 947 1283 reperire,
973 1230 1079 1284 qua
1107 1216 1310 1286 possim
1354 1225 1615 1280 astruere,
1649 1216 1930 1283 malitiam,
1976 1232 2119 1273 mor-

540 1312 774 1371 temque,
807 1319 871 1358 ae
894 1304 1170 1361 miseriam
1196 1306 1250 1359 in
1286 1305 1641 1373 humanitate,
1669 1315 1765 1362 aut
1786 1307 1840 1362 in
1865 1315 1998 1373 tota,
2027 1316 2122 1361 aut
2157 1362 2161 1366 .

539 1394 590 1449 in
614 1394 792 1464 aliqua
813 1404 966 1465 parte
989 1393 1130 1464 ejus,
1157 1396 1580 1463 dominaturam,
1603 1405 1972 1468 perpetuoque
1998 1412 2123 1467 per-

539 1499 867 1551 mansurum,
897 1484 1151 1555 quoniam
1178 1485 1231 1540 in
1264 1486 1443 1542 Verbo
1470 1486 1585 1551 Dei,
1617 1485 1760 1556 quod
1798 1499 1919 1542 eam
1951 1495 2118 1542 totam

539 1574 591 1628 in
625 1576 882 1630 unitatem
933 1574 955 1606 ⁸
989 1589 1118 1630 suae
1157 1574 1493 1630 substantiae
1540 1575 1807 1646 suscepit,
1839 1577 2120 1631 universa-

536 1667 657 1722 liter
680 1674 735 1721 et
759 1667 1028 1737 redempta
1064 1675 1120 1722 et
1161 1666 1385 1722 liberata
1428 1674 1513 1722 est
1538 1683 1552 1733 ;
1582 1681 1647 1722 ac
1682 1682 1780 1738 per
1806 1668 1910 1724 hoc
1939 1677 2121 1724 rectae

538 1758 959 1813 ratiocinationis
987 1758 1188 1813 virtute
1210 1766 1495 1829 superatus
1531 1774 1694 1830 cogor
1724 1758 1884 1815 fateri
1904 1800 1918 1826 ,
1949 1769 2118 1817 totam
2153 1793 2167 1800 κ

1911 365 2194 423 JUANNIS
2231 364 2426 423 SCOTI

534 491 815 541 consumet
843 482 1122 547 malitiam,
1162 490 1382 536 aeterna
1425 481 1534 536 vita
1577 482 1888 538 absorbebit
1916 485 1933 515 ⁸
1968 499 2113 539 mor—
2138 488 2190 547 Α
2217 481 2295 537 vel
2365 482 2625 536 inerudite
2696 481 2952 537 asseritur
3011 487 3037 523 ο
3063 519 3082 548 ,

3701 363 3818 423 998

3166 494 3276 539 non
3340 489 3547 538 tantum
3616 486 3817 536 sandr-

2221 575 2361 629 tiane
2402 574 2606 644 prima,
2646 573 2737 628 sed
2778 573 2937 628 etiam
2981 590 3119 628 nunc
3158 573 3456 644 depravatis
3493 582 3572 627 tot
3618 574 3819 628 solun-

2219 669 2436 735 tatibus,
2473 669 2528 722 in
2569 684 2776 723 summa
2810 678 2986 721 tamen
3028 667 3229 732 omnia,
3273 683 3407 736 quae
3432 674 3614 721 creata
3642 679 3810 730 sunt,

2217 760 2274 814 id
2297 770 2371 815 est
2393 760 2690 815 universam
2715 759 2927 814 omnino
2958 766 3256 814 creaturam
3284 758 3472 811 bonam
3494 773 3612 811 esse
3632 756 3810 817 ealde,

2220 867 2323 905 non
2362 849 2502 921 quod
2536 845 2668 904 'boni
2708 849 2813 905 sint
2858 851 2914 904 in
2958 867 3019 904 ea
3057 849 3206 913 mali,
3252 848 3341 903 sed
3383 849 3525 919 quod
3569 865 3682 902 non
3712 849 3814 917 e5-

2219 944 2359 997 ciant
2383 941 2589 996 malitia
2612 958 2734 1008 sua,
2757 950 2816 995 ut
2838 942 2933 996 sub
2959 941 3052 996 Dei
3085 941 3533 995 administratoris
3564 940 3811 1009 imperio,

2220 1034 2406 1088 virtute
2426 1033 2712 1103 sapientiae
2736 1032 2806 1096 ",
2829 1032 2986 1087 decus
3010 1042 3055 1087 et
3082 1032 3210 1086 ordo
3239 1031 3595 1086 universitatis
3624 1030 3813 1102 aliqua

2220 1139 2285 1178 ea;
2306 1133 2453 1194 parte
2474 1132 2712 1194 turpetur
2730 1123 2837 1178 sive
2857 1123 3100 1177 turbetur
3125 1122 3190 1187 “,
3219 1139 3338 1176 cum
3371 1121 3483 1176 suis
3512 1121 3812 1191 quibusque

2218 1215 2573 1272 voluntatibus
2613 1216 2773 1273 etiam
2815 1213 2970 1269 malis
3016 1214 3317 1269 tribuantur
3348 1214 3480 1268 certi
3506 1223 3559 1267 et
3587 1213 3813 1281 congrui

2219 1304 2765 1377 limitespatestatum
2806 1315 2857 1361 et
2899 1306 3133 1376 pondera
3171 1306 3503 1371 meritorum,
3545 1314 3605 1357 ut
3642 1305 3811 1358 etiam

2221 1414 2339 1452 cum
2376 1398 2502 1468 ipsis
2534 1398 2893 1477 convenienter
2921 1398 3165 1468 justeque
3202 1396 3461 1463 ordinatis
3485 1396 3811 1449 universitas

2218 1487 2439 1558 pulchra
2477 1490 2543 1542 sit
2568 1491 2609 1554 .ﬂ
2629 1498 2801 1542 tamen
2840 1489 2967 1560 quia
3006 1486 3219 1543 cuilibet
3267 1487 3517 1552 occurrit,
3546 1496 3595 1540 et
3623 1502 3809 1540 um

2220 1586 2297 1632 est
2333 1587 2487 1650 atque
2529 1578 2887 1648 manifestum,
2905 1579 3149 1649 justitiae
3187 1579 3354 1643 ipsius
3377 1580 3422 1612 ¹¹
3460 1595 3576 1633 esse
3597 1587 3813 1632 contra-

2223 1668 2397 1735 rium,
2455 1679 2511 1723 ut
2559 1668 2704 1723 nullo
2751 1670 3095 1739 praecedente
3143 1669 3326 1723 merito
3379 1668 3477 1722 hoc
3524 1668 3707 1737 ipsum
3757 1669 3809 1719 in

2221 1776 2483 1831 quoquam
2512 1759 2561 1791 ¹³
2590 1758 2730 1814 Deus
2752 1760 2984 1824 damnet,
3009 1746 3148 1829 quod
3170 1760 3225 1812 in
3248 1775 3309 1812 eo
3331 1758 3440 1829 ipse
3464 1756 3721 1811 creaverit
3746 1758 3809 1822 “,

536 1851 925 1907 humanitatem
956 1850 1010 1906 in
1060 1850 1312 1907 omnibus
1359 1866 1478 1907 eam
1510 1852 1957 1923 participantibus
1991 1851 2118 1907 libe-
2151 1844 2192 1902 Β
2219 1859 2460 1920 certaque
2505 1859 2553 1905 et
2598 1850 2807 1904 evidens
2851 1850 3122 1903 damnatio
3165 1848 3360 1902 diaboli
3398 1857 3447 1903 et
3490 1846 3809 1919 angelorum

535 1942 789 2009 rendam,
844 1943 1200 2013 omnibusque
1250 1942 1488 1999 malitiae
1534 1943 1771 1999 vinculis
1815 1943 2119 2014 mortisque

532 2043 694 2105 atque
712 2034 967 2090 miseriae
995 2034 1397 2102 absolvendum,
1429 2036 1648 2105 quando
1669 2035 1725 2090 in
1751 2049 1879 2093 suus
1903 2051 2114 2101 causas,

533 2141 671 2196 quae
726 2126 783 2180 in
831 2141 929 2181 suo
978 2124 1261 2182 Salvatore
1313 2127 1643 2193 subsistunt,
1678 2142 1960 2183 reversura
2012 2135 2114 2183 est.

531 2216 721 2276 A'dhuc
749 2228 929 2275 tamen
954 2218 1214 2285 delibero,
1243 2234 1467 2276 securus
1508 2218 1622 2288 jam
1677 2220 1745 2276 de
1780 2220 2117 2275 humanitate
2152 2284 2155 2285 ν

533 2314 748 2380 factus,
817 2323 1013 2387 utrum.
1072 2312 1451 2368 universaliter
1518 2313 1573 2367 in
1646 2313 1795 2368 omni
1866 2321 2119 2369 creatura

536 2406 744 2461 malitia
764 2404 1117 2475 abolebitur,
1158 2420 1226 2460 an
1267 2404 1322 2460 in
1367 2405 1481 2460 sola
1538 2405 1892 2469 humanitate.
1944 2405 2121 2471 Aesti-

536 2515 624 2555 mo
678 2514 951 2570 namque,
1009 2497 1335 2558 diabolicos,
1370 2499 1579 2555 animos
1642 2514 1917 2571 nunquam
1965 2497 2122 2552 mali-

538 2592 611 2647 tia
646 2592 1003 2661 omnibusque
1049 2607 1169 2647 eam
1217 2590 1672 2661 consequentibus
1719 2591 2003 2647 carituros.
2039 2578 2152 2646 Ac.

534 2700 631 2754 per
659 2686 781 2751 hoc,
822 2684 949 2740 licet
993 2684 1048 2739 in
1076 2684 1193 2740 sola
1224 2682 1560 2739 humanitate
1587 2684 1729 2739 dono
1760 2683 1973 2738 divinae
1996 2698 2119 2753 gra-

535 2777 645 2832 tiae
669 2775 1011 2848 naturalique
1040 2775 1237 2832 virtute
1259 2776 1631 2847 coeperatrice
1657 2775 1861 2830 malitia
1905 2774 2121 2845 penitus

533 2868 830 2936 aboleatur,
886 2868 942 2923 in
990 2867 1314 2924 daemonum
1373 2877 1553 2924 tamen
1605 2878 1800 2923 natura
1846 2867 1962 2924 sine
2014 2867 2121 2921 ﬁne

532 2968 1003 3030 perseveraturum
1031 2967 1180 3028 puto,
1212 2966 1268 3015 et
1311 2959 1365 3014 in
1411 2958 1544 3029 ipsis
1586 2957 1609 2990 ‘
1634 2959 1848 3014 divinae
1891 2957 2120 3014 bonitati

534 3052 821 3109 eoaeterna'
858 3051 983 3117 erit,
1030 3052 1260 3122 ideoque
1287 3067 1395 3107 non
1422 3050 1478 3106 in
1509 3050 1655 3106 omni
1683 3049 1985 3107 abolebitur
2028 3064 2123 3105 na-

533 3154 653 3200 tura
698 3154 741 3200 ι.
792 3144 934 3201 Μια-
978 3142 1228 3199 Nondum
1276 3143 1419 3199 clare
1457 3142 1743 3213 perspicis,
1794 3150 1853 3196 ut
1905 3141 2118 3211 opinor,

2219 1937 2334 2007 eius
2380 1954 2444 1992 ex
2484 1936 2770 2009 Evangelia
2814 1939 3085 2004 recitatur,
3149 1938 3238 1991 ubi
3284 1955 3339 1992 se
3378 1938 3649 1991 dicturum
3700 1937 3811 1992 De.

2219 2033 2392 2086 minus
2425 2033 2819 2103 praenunciavit
2849 2034 2892 2067 “
2937 2033 3032 2100 eis,
3066 2033 3157 2106 qui
3193 2050 3227 2087 a
3262 2034 3487 2089 sinistris
3519 2043 3647 2087 sunt
3677 2049 3700 2088 :
3726 2032 3807 2086 Ite

2218 2123 2275 2177 in
2313 2123 2485 2189 ignem
2530 2133 2821 2190 aeternum,
2862 2124 2952 2195 qui
2991 2133 3335 2195 praeparatus
3372 2135 3447 2180 est
3493 2124 3717 2179 diabolo
3761 2135 3807 2179 ct

2219 2212 2418 2283 angelis
2461 2212 2612 2285 ejus,
2640 2286 2649 2295 ⁸
2677 2213 2821 2293 nullo
2868 2214 3022 2268 modo
3079 2215 3136 2269 in
3178 2231 3237 2268 ea
3295 2225 3539 2269 naturam
3566 2256 3582 2280 ,
3640 2232 3807 2285 quam

2219 2304 2362 2360 Deus
2400 2308 2614 2374 ereavit,
2638 2290 2731 2362 sed
2758 2305 2955 2360 malam
2994 2308 3258 2378 propriam
3285 2304 3604 2361 voluntatem
3635 2324 3805 2377 poena

2219 2396 2355 2467 ignis
2396 2399 2597 2452 aeterni
2633 2398 2956 2467 plectendum
2997 2414 3109 2453 esse
3152 2397 3462 2453 credendum
3502 2409 3601 2453 est.
3670 2399 3809 2454 Dae-

2220 2502 2444 2544 monum
2472 2496 2653 2543 autem
2684 2488 2947 2543 malitiam
2973 2504 3080 2544 non
3108 2503 3230 2543 esse
3256 2498 3573 2559 perpetuam
3602 2490 3809 2545 beatus

2218 2582 2539 2640 Ambrosius
2569 2584 2625 2640 in
2652 2569 2986 2655 expositione
3015 2584 3068 2638 in
3111 2583 3312 2640 Lucam
3340 2584 3695 2655 apertissime
3724 2585 3810 2640 do-

2220 2684 2327 2741 cet,
2359 2674 2582 2730 dicens:
2623 2672 2801 2745 Coepit
2843 2689 2994 2730 orare
3031 2673 3278 2740 daemon,
3312 2684 3365 2728 ut
3400 2675 3717 2729 introeundi
3757 2677 3809 2727 in

2218 2784 2404 2839 porcas
2443 2767 2696 2837 acciperet
2736 2765 3063 2836 facultatem.
3113 2765 3184 2820 Et
3217 2768 3444 2837 primum
3471 2766 3809 2822 clementiam

2221 2857 2434 2913 Domini
2467 2856 2713 2911 debemus
2747 2855 3033 2922 advertere,
3056 2856 3196 2924 quod
3228 2855 3432 2910 nullum
3450 2857 3604 2925 prius
3629 2858 3678 2889 ¹⁶
3706 2859 3809 2928 ipse

2221 2948 2558 3014 condemnat,
2598 2948 2690 3004 sed
2729 2948 3079 3021 unusquisque
3114 2938 3215 3004 sibi
3253 2959 3439 3003 auctor
3469 2960 3550 3005 est
3583 2968 3805 3021 poenae.

2224 3039 2351 3095 Non
2394 3040 2676 3094 mittuntur
2716 3040 2770 3093 in
2803 3056 2987 3111 porcos
3026 3038 3326 3107 daemones,
3350 3042 3443 3095 sed
3474 3042 3579 3112 ipsi
3603 3053 3807 3112 petunt,

2221 3135 2346 3206 quia
2387 3133 2623 3188 caelestis
2654 3130 2880 3213 luminis
2926 3133 3220 3188 claritatem
3267 3135 3529 3190 sustinere
3569 3152 3683 3191 non
3721 3154 3809 3206 po-

531 3241 699 3297 Deum
728 3239 926 3296 nullam
959 3249 1290 3306 creaturam,
1316 3254 1478 3309 quam
1517 3237 1664 3304 fecit,
1694 3238 1905 3307 punire,
1935 3253 2036 3294 nec
2062 3237 2115 3291 in

2221 3234 2432 3291 terant,
2496 3232 2588 3293 ut,
2633 3225 2723 3296 qui
2766 3223 2944 3279 oculos
2982 3223 3196 3287 dolent,
3242 3226 3451 3280 radium
3494 3227 3632 3283 solis
3676 3228 3808 3298 [em

532 3335 790 3400 humana,
836 3347 938 3388 nec
988 3333 1043 3387 in
1078 3332 1397 3399 daemonum
1449 3329 1792 3395 substantia;
1841 3329 1935 3384 sed
1977 3327 2121 3398 quod

536 3441 640 3480 non
670 3423 818 3489 fecit,
860 3424 917 3479 in
943 3421 1194 3478 omnibus
1236 3422 1408 3493 punit,
1455 3422 1559 3476 hoc
1584 3428 1667 3476 est
1720 3418 2118 3475 irrationabiles

535 3530 823 3585 perversae
850 3513 1144 3569 voluntatis
1176 3521 1397 3574 ,motus.
1437 3511 1517 3566 Ac
1547 3524 1615 3566 ne
1655 3511 1734 3577 de
1774 3509 1876 3565 hoc
1920 3510 2121 3566 diutius

537 3604 795 3671 haesitas,
829 3603 953 3660 audi
978 3603 1196 3659 beatum
1216 3599 1961 3674 Augustinuminundecimo
1980 3599 2120 3655 libro

539 3694 790 3751 Exemeri
838 3693 921 3749 sui
958 3693 1248 3758 dicentem,
1279 3692 1345 3747 de
1385 3699 1579 3746 natura
1617 3691 1938 3747 daemonum
1967 3690 2121 3744 mali-

540 3785 720 3854 tiaque
742 3783 1021 3854 disputans
1055 3801 1069 3838 :
1107 3780 1401 3849 Nonnulli,
1433 3780 1627 3852 inquit,
1664 3797 1781 3835 eum
1804 3821 1819 3847 ,
1850 3779 2121 3857 diabolum

538 3868 809 3941 videlicet,
841 3891 947 3930 non
975 3875 1029 3929 in
1057 3873 1192 3929 lianc
1222 3873 1480 3928 malitiam
1509 3871 1672 3927 libero
1693 3871 1908 3926 arbitrio
1932 3870 2119 3928 solun-

539 3970 662 4024 tatis
695 3969 716 3999 ‘
744 3986 854 4025 esse
882 3969 1166 4040 deﬂexum,
1207 3968 1297 4035 sed
1323 3968 1381 4022 in
1406 3968 1505 4021 hac
1533 3967 1744 4021 omnino
1767 3974 1999 4019 creatura
2024 3981 2137 4035 ρᾳο,

539 4067 673 4133 tant,
695 4066 926 4138 quamvis
960 4083 993 4121 a
1019 4063 1245 4120 Domina
1285 4063 1394 4122 Deo
1432 4078 1635 4117 summa
1679 4070 1729 4115 et
1760 4076 1876 4115 vero
1905 4069 2123 4114 natura—

540 4176 656 4213 rum
688 4158 920 4213 omnium
968 4164 1234 4221 creatore;
1280 4154 1626 4225 adhibentque
1675 4151 2026 4206 testimonium
2057 4150 2122 4205 de

539 4249 673 4303 libro
700 4247 826 4315 Job,
857 4247 1106 4318 quoniam
1134 4245 1206 4299 ibi
1225 4247 1478 4315 scriptum
1504 4252 1600 4308 est,
1638 4258 1756 4295 cum
1793 4242 1857 4295 de
1886 4239 1976 4294 illo
2011 4256 2136 4318 serf

538 4354 623 4392 mo
667 4346 811 4401 esset,
847 4350 867 4391 :
910 4334 1026 4391 Hoc
1078 4344 1152 4390 est
1200 4333 1410 4388 initium
1448 4332 1681 4405 figmenti
1722 4330 1936 4386 Domini
1983 4332 2122 4402 quod

2220 3335 2325 3375 non
2363 3327 2612 3390 possunt,
2658 3318 2750 3373 sed
2795 3318 3065 3374 tenebrosa
3105 3317 3332 3389 eligunt,
3373 3328 3432 3373 ut
3473 3319 3806 3391 splendentia

2217 3412 2579 3482 derelinquant
2608 3412 2674 3467 η.
2718 3409 2957 3484 Fugiunt
2995 3428 3116 3483 ergo
3156 3412 3435 3467 daemones
3470 3413 3805 3482 splenderent

2218 3504 2350 3560 lucis
2393 3517 2657 3572 aeternae,
2697 3516 2745 3561 et
2788 3515 2909 3560 ante
2948 3517 3148 3577 tempus
3189 3506 3364 3561 debita
3403 3506 3507 3561 sibi
3548 3518 3808 3563 tormenta

2220 3597 2540 3668 formidant,
2589 3615 2694 3653 non
2737 3598 3191 3668 praedivinantes,
3243 3615 3378 3670 quae
3416 3598 3611 3669 futura
3655 3612 3807 3663 sunt,

2218 3690 2308 3744 sed
2348 3707 2483 3762 quae
2526 3690 2835 3762 prophetale
2883 3698 3028 3755 sunt,
3071 3690 3423 3745 recordantes.
3470 3690 3629 3767 Dixit
3674 3693 3811 3746 cuius

2218 3777 2509 3835 Zacharias
2553 3795 2574 3836 :
2614 3777 2683 3834 Et
2720 3770 2816 3834 e'rit
2856 3781 2914 3834 in
2951 3779 3045 3834 illa
3080 3779 3183 3845 die,
3228 3780 3494 3851 disperdat
3544 3779 3808 3835 Dominus

2221 3872 2434 3927 nomina
2476 3870 2737 3927 idolorum
2794 3872 2858 3926 de
2914 3880 3094 3938 terra,
3159 3881 3208 3926 et
3261 3889 3366 3927 non
3418 3873 3522 3927 erit
3582 3873 3811 3927 ulterius

2220 3963 2470 4017 memoria
2495 3980 2695 4031 eorum,
2738 3974 2784 4018 et
2815 3965 3055 4035 spiritum
3098 3964 3427 4020 immundum
3472 3982 3701 4021 exuram
3746 3967 3812 4020 de

2222 4064 2383 4110 terra.
2434 4053 2695 4108 Ducentur
2742 4070 2889 4126 ergo,
2927 4054 3066 4126 quod
3106 4072 3213 4110 non
3249 4072 3450 4127 seraper
3494 4059 3807 4119 manebunt,

2222 4161 2314 4200 nec
2346 4144 2550 4199 malitia
2584 4161 2763 4199 eorum
2799 4145 2963 4217 possit
3000 4162 3111 4200 esse
3138 4156 3406 4218 perpetua.
3456 4144 3625 4202 Nunc
3652 4148 3813 4219 igitur

2223 4236 2371 4291 illaut
2431 4246 2711 4292 metuentes
2771 4253 3022 4306 poenam,
3072 4238 3221 4292 aiunt
3268 4251 3288 4290 :
3345 4234 3545 4291 Venisti
3592 4238 3813 4307 perdere

2224 4344 2317 4382 nos
2366 4336 2485 4383 ante
2532 4338 2732 4400 tempus
2754 4327 2803 4382 ?.
2839 4326 2942 4383 Sed
2977 4328 3101 4399 quia
3138 4328 3311 4382 adhuc
3346 4344 3458 4382 esse
3501 4328 3811 4383 desiderant
3840 4392 3851 4407 α

542 4433 694 4501 fecit,
749 4441 807 4486 ut
846 4430 1106 4505 illudatur
1144 4431 1208 4484 ab
1239 4429 1461 4513 angelis,
1496 4429 1629 4500 ejus.
1695 4427 1795 4484 Cui
1840 4430 2125 4485 sententiae
2214 4421 2335 4513 iam
2376 4420 2442 4475 ab
2480 4420 3129 4513 flaminibusrecedentes,
3163 4429 3374 4492 propter
3410 4438 3544 4513 quos
3585 4438 3813 4491 ροεῃατι

543 4524 802 4593 congruit,
837 4521 976 4592 quod
1029 4522 1084 4576 in
1112 4520 1328 4576 Psalmo
1363 4521 1615 4592 scriptum
1644 4530 1766 4578 est:
1814 4521 1989 4576 Draco
2016 4520 2122 4587 hic,

2227 4512 2395 4567 sciunt
2433 4511 2534 4567 sibi
2574 4528 2685 4567 esse
2722 4512 3046 4567 subeundam
3088 4521 3267 4583 petunt
3312 4512 3450 4568 mitti
3497 4513 3555 4567 in
3598 4531 3810 4584 porcos.

542 4592 694 4686 quem
744 4614 945 4684 ﬁnisti
988 4614 1057 4668 ad
1124 4613 1454 4671 laudandum
1514 4616 1563 4670 ei
1587 4656 1603 4683 ,
1681 4616 1781 4671 nisi
1834 4615 1975 4687 quod
2036 4615 2120 4670 hic
2145 4592 2199 4653 Ῑ)
2224 4604 2291 4661 Et
2328 4619 2396 4660 ne
2433 4604 2572 4660 forte
2606 4606 2883 4661 existimes
2908 4646 2923 4673 ,
2974 4621 3082 4660 non
3122 4605 3297 4662 solum
3336 4607 3391 4661 in
3431 4605 3654 4662 diabolo
3691 4622 3812 4661 ma-

550 4725 568 4758 ι
605 4722 753 4778 quem
779 4705 980 4776 tinxisti
1011 4725 1032 4759 ι
1065 4706 1221 4775 dixit,
1255 4724 1359 4762 non
1383 4717 1559 4763 autem
1585 4709 1721 4763 sicut
1749 4706 1842 4774 ibi,
1870 4726 1893 4775 ¹ι
1926 4708 2023 4762 hoc
2044 4717 2118 4762 est

542 4797 749 4852 initium
775 4797 1006 4869 ﬁgmenti
1041 4797 1297 4865 Domini;
1325 4819 1344 4851 ι
1391 4809 1659 4872 tamquam
1701 4799 1851 4854 initio
1895 4816 2013 4855 cum
2046 4800 2120 4854 ita

542 4893 799 4962 ﬁnwisset,
829 4902 888 4948 ut
924 4893 1095 4951 malus
1116 4935 1132 4962 ,
1164 4905 1221 4951 ut
1262 4895 1491 4964 invidus,
1531 4906 1587 4953 ut
1618 4898 1878 4964 seductor,
1926 4907 1982 4953 ut
2008 4914 2121 4953 am-

544 4984 668 5038 nino
698 4981 938 5039 diabolus
959 4995 1111 5051 esset,
1144 5000 1247 5039 non
1272 4985 1538 5041 voluntate
1570 4985 1905 5058 depravatus,
1935 4987 2025 5043 sed
2050 4988 2124 5041 ita

544 5083 769 5129 creatus.
795 5073 943 5131 Haec
964 5076 1138 5148 opinio
1156 5076 1413 5147 quomoda
1436 5092 1541 5131 non
1560 5076 1626 5130 sit
1652 5076 1869 5132 adversa
1894 5079 1962 5144 ei,
1982 5076 2123 5149 quod

543 5166 796 5237 scriptum
829 5174 904 5222 est
945 5178 965 5218 :
1004 5164 1155 5222 Fecit
1200 5165 1342 5221 Deus
1371 5166 1549 5221 omnia
1576 5175 1625 5221 et
1649 5183 1764 5222 ecce
1801 5167 1824 5200 "
1854 5167 1989 5222 bona
2016 5166 2127 5220 val-

544 5258 657 5313 de?
691 5254 792 5312 Ubi
814 5257 1075 5314 invenitur
1092 5255 1335 5313 diabolus
1364 5273 1468 5312 non
1491 5258 1706 5329 propria
1744 5258 2010 5314 voluntate
2033 5258 2124 5313 de-

545 5348 919 5421 pravatus,sed
948 5349 1012 5403 ab
1039 5349 1152 5420 ipso
1178 5347 1405 5403 Domino
1426 5346 1535 5403 Dea
1557 5347 1727 5419 factus
1754 5349 1923 5404 malus
1940 5347 2126 5404 valde?

548 5441 796 5511 Quamvis
823 5452 1101 5512 _canentur
1150 5442 1439 5515 ostendere.
1499 5440 1612 5497 Nec
1662 5441 1685 5473 ⁸
1727 5442 1921 5497 insulse
1968 5440 2126 5495 etiam

2228 4693 2417 4760 litiam,
2451 4710 2638 4751 verum
2673 4695 2839 4751 etiam
2878 4695 3235 4751 substantiam
3263 4709 3384 4750 esse
3411 4695 3721 4765 perituram
3745 4723 3817 4736 ——

2227 4787 2586 4843 substantiam
2618 4787 2762 4842 enim
2793 4786 2923 4841 dicit
2952 4803 3055 4841 non
3085 4801 3116 4840 a
3146 4787 3257 4842 Deo
3285 4785 3488 4842 factam
3517 4797 3811 4850 naturam,

2227 4881 2323 4936 sed
2354 4896 2569 4936 omnem
2601 4895 2731 4936 suae
2761 4881 3066 4952 apostasiae
3101 4880 3586 4952 consequentiam,
3631 4881 3687 4937 id
3728 4892 3814 4937 est

2228 4972 2561 5044 propositum
2590 4960 2897 5043 superbiae,
2939 4980 2995 5026 et
3030 4971 3303 5026 inimicam
3332 4970 3708 5037 voluntatem,
3758 4982 3817 5026 et.

2230 5068 2623 5123 immunditiam
2638 5066 3004 5133 idololatriae;
3025 5067 3108 5123 his
3128 5067 3342 5123 enimet
3361 5068 3636 5126 similibus
3646 5069 3814 5125 veluti

2231 5157 2488 5221 membris
2540 5156 2786 5213 subsistit
2836 5171 3016 5224 omne,
3071 5154 3215 5228 quod
3263 5157 3512 5214 diabolus
3560 5159 3811 5216 dicitur:

2232 5262 2410 5325 potest
2437 5253 2601 5310 etiam
2629 5252 2852 5325 intelligi
2883 5253 2953 5310 de
2988 5253 3149 5311 aereo
3178 5268 3425 5324 corpore,
3454 5255 3604 5325 quod
3642 5255 3691 5310 ei
3731 5265 3813 5309 est

2234 5346 2639 5417 superadditum
2664 5344 2707 5376 ³⁸
2727 5375 2799 5386 -
2820 5354 2876 5400 et
2923 5346 3065 5416 quod
3114 5361 3223 5401 non
3253 5337 3325 5402 im
3353 5346 3505 5402 omni
3552 5345 3814 5401 rationali

2231 5446 2484 5494 creatura
2531 5451 2679 5493 mors
2722 5436 3050 5509 aculeusque
3095 5436 3212 5509 ejus
3239 5476 3256 5506 ,
3310 5447 3603 5508 peccatum
3652 5437 3811 5503 dico,

1851 5532 2105 5589 VARIAE
2140 5528 2541 5589 LECTIONES.

618 5634 634 5667 ¹
669 5632 761 5690 Sic
775 5628 890 5700 CF;
918 5630 969 5700 Α
997 5629 1253 5687 absorbet.
1328 5635 1350 5666 ³
1376 5638 1425 5685 et
1453 5644 1564 5687 om.
1595 5629 1661 5683 A.
1736 5626 1870 5700 {Sic
1892 5625 1977 5680 CF
1994 5641 2009 5691 ;
2034 5626 2078 5679 A
2108 5626 2160 5700 in
2191 5625 2411 5700 unitate.
2446 5695 2457 5700 _
2487 5622 2510 5655 ⁸
2532 5622 2625 5700 Sic
2649 5621 2835 5700 CFA;_A
2857 5638 3016 5693 ipsos.
3091 5627 3116 5662 ⁸
3139 5622 3362 5700 idegqug
3368 5640 3495 5700 non
3508 5624 3565 5677 in
3587 5626 3814 5700 omnif—

546 5716 737 5760 natura
767 5693 967 5759 om.'A.
1017 5703 1040 5737 ⁸
1064 5702 1111 5756 Λ
1132 5700 1416 5756 voluntatis
1441 5701 1678 5755 arbitrio.
1752 5698 1773 5730 '
1801 5697 1971 5752 Aeace
1991 5712 2097 5753 om.
2127 5696 2193 5751 Α.
2267 5694 2290 5727 ⁸
2306 5694 2353 5749 Α
2375 5704 2429 5749 ut
2445 5693 2665 5750 insulse.
2727 5694 2749 5725 '
2765 5693 3109 5749 Aasseratur.
3160 5693 3206 5726 ‘°
3220 5693 3312 5748 Sic
3323 5693 3443 5757 CF;
3469 5694 3512 5748 Δ
3529 5696 3816 5762 sapientia.

1430 5772 1474 5805 “
1504 5771 1595 5825 Sic
1622 5768 1742 5831 CF;
1776 5767 1820 5822 A
1852 5767 1970 5839 ipsi.

549 5775 589 5814 ιι
617 5775 661 5829 Α
694 5775 928 5830 turbetur
954 5782 1046 5841 aut
1075 5774 1331 5842 turpetur.

1386 5844 1427 5877 ’⁷
1457 5841 1504 5896 Α
1533 5842 1845 5913 relinquant.

549 5846 822 5898 mmtiuvit.
925 5845 967 5881 ’⁸
993 5843 1033 5897 Α
1064 5844 1286 5913 primus.

2061 5767 2105 5800 “
2132 5765 2216 5821 CF
2247 5765 2299 5837 in
2320 5782 2527 5835 quoquo
2573 5765 2675 5837 (sic
2701 5765 2764 5833 Ξ).
2842 5763 2885 5795 ¹⁵
2916 5762 3153 5837 SicCF;
3186 5764 3231 5818 A
3260 5767 3474 5837 creavit.
3551 5766 3600 5799 ¹³
3626 5766 3670 5820 Α
3702 5780 3823 5837 pro—

1950 5839 1992 5870 "‘
2018 5836 2365 5894 substantiam
2396 5834 2530 5891 enim
2559 5836 2687 5894 dicit
2713 5864 2784 5875 —-
2810 5834 3205 5907 superadditum
3231 5849 3339 5891 om.
3368 5836 3473 5893 Cl“.
