4028 6282
214 334 325 391 929

1058 329 1147 386 DE
1185 327 1522 385 DIVISIONE
1561 320 1908 380 NATUllAE.
1943 353 2014 362 -—
2053 325 2251 381 LIBER
2292 326 2611 395 QUINTUS.

3361 334 3466 389 950

215 461 503 518 omnisque
535 445 736 501 malitia
768 443 1051 498 interitura
1079 444 1185 509 sit,
1230 443 1323 499 sed
1362 443 1415 497 in
1451 449 1606 510 parte
1636 453 1787 494 crca-
1814 441 1863 499 Λ
1887 448 2114 505 quantae
2132 440 2396 508 puritatis,
2424 451 2651 510 quantae
2673 439 2995 506 subtilitatis,
3020 451 3247 510 quantae
3270 443 3469 514 gloriae

219 552 373 595 turae
425 538 846 600 interimentur,’
876 535 931 589 in
980 544 1136 605 parte
1184 533 1612 605 permanebunt,
1663 530 1788 586 andi

217 646 472 702 maguum
502 629 815 698 Origenem,
846 626 1318 697 diligentissimum
1352 640 1535 679 rerum
1566 622 1790 693 inquisi-

217 732 412 783 torem,
438 720 490 774 in
519 718 677 777 tertio
704 717 843 773 libro
860 720 985 793 περὶ
1008 718 1210 791 ’Δρχῶν
1240 717 1305 772 de
1330 713 1792 771 consummatione

218 813 403 867 mundi
423 853 438 876 ,
478 812 582 867 hoc
610 819 692 865 cst
719 810 786 864 dc
815 825 1025 865 summo
1053 809 1217 871 bono,
1260 808 1328 863 ad
1359 806 1501 878 quod
1542 806 1789 859 universa

222 900 561 956 rationabilis
595 908 790 954 natura
822 898 1076 963 festinat,
1110 906 1167 952 ut
1197 897 1339 952 Deus
1367 896 1548 951 omnia
1585 895 1638 949 in
1670 908 1789 947 om-

225 992 385 1047 nibus
421 990 530 1055 sit;
561 1005 664 1043 non
708 989 851 1042 enim
896 988 999 1042 alia
1039 988 1430 1043 consummatio
1478 983 1663 1038 mundi
1708 990 1793 1036 cst

217 1090 435 1151 praeter
461 1080 628 1134 Deum
657 1078 839 1131 omnia
873 1078 924 1131 in
955 1076 1206 1132 omnibus
1235 1090 1355 1130 esse
1385 1082 1707 1128 tractantem
1738 1077 1795 1125 et

218 1171 485 1224 dicentem
529 1169 568 1220 ί.
624 1170 773 1232 Quae
813 1167 915 1219 sint
946 1181 1068 1234 ergo
1095 1165 1194 1219 ista
1215 1166 1236 1194 ¹
1268 1163 1462 1228 omnia,
1493 1177 1626 1230 quae
1653 1159 1794 1213 Deus

216 1261 431 1329 futurus
471 1259 537 1311 sit
576 1258 631 1310 in
670 1256 931 1321 omnibus,
966 1256 1315 1325 requiramus.
1368 1252 1435 1307 Et
1463 1269 1556 1322 ego
1583 1250 1792 1321 quidem

215 1347 464 1411 arbitror,
494 1348 617 1415 quia
649 1347 767 1409 hoc,
794 1344 933 1411 quod
962 1345 1018 1397 in
1048 1342 1290 1397 omnibus
1321 1341 1500 1395 omnia
1529 1355 1639 1394 esse
1665 1338 1787 1391 dici~

215 1447 306 1488 tur
331 1435 491 1499 Deus,
517 1435 771 1504 signi/iret
802 1434 958 1487 etiam
989 1434 1043 1485 in
1070 1429 1291 1502 singulis
1321 1446 1438 1484 eum
1462 1429 1636 1481 omnia
1663 1442 1792 1481 esse.

218 1524 326 1579 Per
350 1524 584 1594 singulos
623 1534 799 1577 autem
838 1523 1015 1577 omnia
1052 1523 1146 1575 erit
1182 1523 1278 1575 hoc
1316 1519 1493 1583 modo,
1532 1527 1610 1581 ut,
1650 1516 1795 1587 quic-

213 1614 340 1684 quid
365 1612 689 1667 rationabilis
712 1628 876 1675 mens,
895 1619 1180 1680 expurgatu
1202 1609 1342 1664 omni
1366 1608 1608 1662 vitiorum
1630 1606 1793 1675 faece,

214 1723 371 1776 atque
408 1706 550 1759 omni
581 1704 788 1772 penitus
818 1703 1052 1758 abstersa
1089 1702 1222 1755 nube
1259 1701 1525 1764 malitiae,
1565 1698 1643 1752 vel
1678 1712 1796 1751 sen-

1891 529 1958 581 sit
1982 528 2211 597 qualitas
2233 530 2465 600 corporis
2492 529 2653 593 illius,
2679 532 2726 584 si
2749 532 3188 602 comparationem
3211 532 3471 602 faciamus

1888 619 2004 688 ejus
2044 619 2113 672 ad
2138 636 2221 685 ea,
2251 637 2384 690 quae
2412 638 2571 685 nunc,
2603 621 2719 676 licet
2759 621 3003 677 caelestia
3031 625 3135 677 sint
3162 634 3210 677 et
3244 624 3474 696 splendi-

1888 707 2106 761 dissima
2132 724 2376 779 corpora,
2408 710 2716 779 manufarta
2760 719 2934 765 tamen
2979 720 3101 766 sunt
3130 722 3179 765 et
3216 712 3467 767 visibilia.

1890 798 1970 852 De
2012 799 2105 853 illo
2136 801 2176 831 “
2205 809 2375 853 autem
2407 800 2603 854 dicitur
2630 800 2816 853 domus
2854 816 2964 854 esse
2995 817 3097 856 non
3144 802 3471 871 manufacta,

1889 887 1981 941 sed
2034 896 2245 941 aeterna
2295 888 2349 941 in
2402 888 2581 942 caelis.
2636 887 2777 954 Quia
2830 905 2975 959 ergo,
3036 906 3170 959 quae
3213 890 3473 954 videntur,

1891 976 2200 1047 temporalia
2240 986 2385 1043 sunt,
2413 995 2547 1048 quae
2594 989 2768 1032 autem
2814 995 2917 1032 non
2970 979 3228 1045 videntur,
3264 989 3477 1033 acterna

1891 1076 2032 1131 sunt,
2063 1065 2301 1119 omnibus
2334 1066 2415 1120 his
2441 1068 2764 1137 corporibus,
2790 1085 2923 1138 quae
2951 1069 3057 1122 sive
3095 1070 3149 1121 in
3176 1069 3348 1131 cerris,
3374 1068 3479 1121 sive

1890 1153 1948 1206 in
1989 1152 2147 1206 caelis
2178 1154 2429 1220 videmus,
2474 1167 2521 1208 et
2564 1172 2698 1226 quae
2728 1156 2890 1210 videri
2933 1166 3172 1225 possunt,
3215 1166 3262 1209 et
3290 1171 3479 1211 manu-

1894 1242 2036 1310 facta
2066 1249 2207 1307 sunt,
2236 1242 2305 1315 [et
2336 1254 2546 1298 aeterna
2575 1245 2717 1314 facta
2763 1245 2908 1318 sunt]
2935 1247 3000 1311 ἰ,
3022 1256 3072 1299 et
3122 1256 3333 1301 aeterna
3370 1264 3474 1302 non

1893 1341 2037 1395 sunt,
2068 1339 2229 1384 multa
2258 1331 2408 1401 longe
2434 1332 2754 1403 praelatione
2782 1333 3046 1403 praecellit
3079 1334 3234 1402 illud,
3262 1337 3404 1407 quod
3426 1349 3477 1393 ct

1895 1418 2093 1474 visibile
2137 1436 2241 1474 non
2269 1429 2365 1486 est,
2397 1437 2488 1474 nec
2516 1420 2875 1490 manufactum
2922 1432 3017 1489 est,
3070 1425 3161 1478 sed
3211 1435 3479 1482 aeternum

1895 1519 1991 1564 est.
2019 1506 2104 1563 Ea:
2124 1525 2227 1580 qua
2258 1511 2647 1579 comparatione
2676 1512 2866 1580 conjici
2904 1523 3092 1582 potest,
3122 1525 3351 1585 quantus
3388 1523 3477 1569 cte-

1897 1614 2002 1661 cor,
2035 1609 2261 1669 quantus
2285 1598 2549 1666 splendor,
2594 1612 2921 1671 quantusque
2948 1601 3125 1673 fulgor
3151 1605 3216 1658 sit
3246 1607 3480 1675 corporis

1896 1687 2218 1758 spiritualis;
2269 1697 2318 1742 et
2365 1704 2540 1743 verum
2592 1705 2701 1744 esse
2750 1690 2883 1744 illud
2928 1694 3066 1763 quod
3114 1695 3310 1749 dictum
3349 1708 3478 1752 est:

213 1797 315 1849 tire
356 1794 432 1849 vel
470 1794 756 1865 intelligere
804 1794 880 1849 vel
926 1795 1153 1864 cogitare
1200 1801 1385 1862 potest,
1438 1791 1614 1845 omnia
1658 1788 1798 1842 Deus

1903 1777 2045 1843 Quia
2089 1777 2271 1833 oculus
2284 1794 2387 1832 non
2412 1778 2456 1810 ¹³
2478 1780 2623 1844 vidit,
2648 1796 2739 1834 nec
2775 1783 2920 1836 auris
2942 1784 3165 1850 audivit,
3189 1802 3282 1839 nec
3304 1787 3358 1840 in
3385 1804 3478 1841 cor

213 1889 306 1952 sit,
354 1902 446 1941 nec
485 1885 626 1940 ultra
666 1886 783 1955 jam
824 1885 1026 1951 aliquid
1065 1884 1210 1938 aliud
1253 1884 1352 1937 nisi
1391 1882 1558 1936 Deum
1595 1880 1787 1943 videat,

216 1978 385 2033 Deum
422 1987 614 2043 teneat,
661 1978 829 2030 omnis
860 1986 1028 2029 motus
1067 1976 1148 2028 sui
1179 1973 1315 2028 Deus
1344 1973 1528 2027 modus
1565 1978 1613 2025 et
1643 1986 1788 2022 men-

210 2085 341 2121 sura
367 2069 467 2132 sit;
499 2077 545 2121 et
575 2069 649 2120 ita
675 2067 771 2119 erit
803 2066 977 2118 omnia
1007 2064 1166 2118 Deus.
1205 2064 1326 2117 Non
1353 2064 1488 2116 enim
1512 2060 1626 2130 jam
1655 2060 1793 2113 ultra

213 2156 341 2210 mali
368 2158 588 2227 bonique
615 2155 880 2219 discretio,
910 2155 1033 2222 quia
1064 2169 1317 2219 nusquam
1348 2152 1566 2204 malum.
1599 2147 1792 2203 Omnia

211 2248 350 2301 enim
381 2248 428 2300 ei
457 2245 600 2300 Deus
629 2256 724 2311 est,
763 2247 848 2299 cui
884 2245 1003 2314 jam
1047 2262 1148 2298 non
1179 2242 1383 2313 adjacet
1418 2241 1656 2305 malum;
1700 2256 1791 2293 nec

212 2338 355 2392 ultra
383 2353 448 2391 ex
476 2338 662 2391 arbore
699 2336 895 2391 sciendi
934 2335 1126 2388 bonum
1169 2344 1216 2387 et
1256 2333 1451 2387 malum
1492 2332 1643 2386 edere
1671 2346 1793 2384 cono

213 2430 463 2498 cupiscet,
487 2428 577 2498 qui
597 2425 622 2460 ⁸
646 2443 846 2497 semper
886 2428 939 2480 in
968 2426 1100 2479 bono
1128 2435 1225 2489 est,
1251 2435 1298 2479 et
1332 2425 1416 2477 cui
1445 2422 1621 2477 omnia
1652 2420 1791 2473 Deus

211 2530 310 2573 est.
345 2519 406 2574 Si
448 2535 568 2589 ergo
592 2518 614 2549 ⁸
644 2518 765 2588 ﬁnis
794 2518 863 2571 ad
889 2518 1200 2588 principium
1228 2525 1522 2587 reparatus,
1544 2523 1589 2568 et
1619 2528 1791 2567 rerum

210 2610 382 2663 exitus
420 2609 641 2664 collatus
672 2608 868 2674 initiis,
905 2608 1140 2662 restituet
1178 2607 1329 2661 illum
1365 2615 1556 2661 statuat
1578 2646 1593 2670 ,
1639 2619 1790 2676 quem

213 2710 338 2751 tuttc
362 2698 541 2752 habuit
570 2708 761 2751 natura
797 2696 1149 2762 rationabilis,
1176 2712 1294 2749 cum
1328 2695 1393 2749 tle
1427 2694 1569 2765 ligno
1592 2692 1792 2748 sciendi

215 2790 405 2842 bonum
436 2798 483 2843 et
513 2788 712 2842 malum
754 2790 776 2822 '
806 2788 959 2842 edere
986 2803 1089 2841 non
1121 2787 1318 2857 egebat,
1358 2795 1414 2839 ut
1448 2796 1621 2840 amoto
1650 2789 1791 2840 omni

222 2877 458 2932 malitiae
486 2895 665 2944 sensu,
703 2890 751 2932 et
796 2868 866 2931 ad
898 2878 1167 2932 sincerum
1194 2879 1215 2911 ⁸
1249 2892 1537 2946 purumque
1565 2874 1787 2942 deterso,

218 2967 387 3031 solus,
425 2970 513 3037 qui
542 2978 617 3022 est
648 2966 976 3032 unus,.Deus
1008 2969 1172 3021 bonus
1206 2968 1290 3020 hic
1316 2968 1363 3021 ei
1386 2966 1479 3035 ﬁat
1509 2967 1704 3032 omnia,
1741 2976 1790 3020 et

216 3074 323 3110 non
351 3060 405 3110 in
433 3060 613 3127 paucis
643 3057 903 3127 aliquibus
931 3054 1008 3110 vel
1034 3055 1290 3126 pluribus,
1320 3056 1410 3108 sed
1449 3064 1504 3108 nt
1541 3056 1595 3108 in
1621 3054 1789 3108 omni-

1888 1870 2114 1925 ltominis
2144 1871 2189 1902 “
2216 1871 2472 1937 ascendit,
2501 1888 2636 1943 quae
2660 1875 2988 1945 praeparavit
3032 1874 3171 1932 Deus
3209 1879 3289 1933 Itis
3317 1881 3359 1914 ¹³
3384 1882 3478 1951 qui

1890 1962 2115 2033 diligunt
2149 1978 2292 2016 eum.
2334 1960 2458 2016 Non
2510 1974 2685 2017 autem
2731 1963 2776 1995 ¹⁶
2815 1964 3160 2020 dubitandum
3191 1978 3285 2034 est,
3316 1982 3474 2023 natu-

1894 2069 2005 2105 ram
2034 2053 2269 2124 corporis
2316 2053 2478 2123 hujus
2514 2054 2681 2108 nostri
2723 2054 2987 2109 voluntate
3027 2057 3140 2122 Dei,
3185 2060 3275 2128 qui
3317 2059 3476 2115 talem

1890 2139 2012 2209 fecit
2033 2156 2170 2205 eam,
2213 2157 2377 2211 usque
2402 2143 2471 2195 atl
2497 2141 2642 2196 illam
2669 2142 2973 2213 qualitatem
3004 2144 3047 2176 η
3076 2145 3405 2202 subtilissimi
3429 2161 3479 2203 et

1891 2233 2165 2302 purissimi
2194 2249 2255 2287 ac
2291 2233 2700 2303 splendidissimi
2730 2237 2962 2306 corporis
2988 2254 3140 2305 posse
3168 2256 3201 2292 a
3232 2238 3480 2296 Creatore

1890 2323 2127 2391 produci,
2176 2334 2329 2394 prout
2385 2340 2556 2378 rerum
2603 2334 2772 2380 status
2819 2328 3094 2393 vocaverit,
3133 2339 3182 2382 et
3235 2332 3481 2386 meritum

1893 2413 2222 2467 rationabilis
2268 2423 2488 2468 naturae
2525 2416 2834 2486 poposcerit.
2876 2416 3110 2488 Denique
3150 2436 3268 2475 cum
3311 2423 3480 2476 varie-

1893 2515 1998 2559 tate
2020 2515 2066 2559 et
2094 2505 2395 2559 diversitate
2418 2506 2641 2561 mundus
2667 2508 2912 2577 indiguit,
2936 2524 3028 2579 per
3046 2509 3278 2566 diversas
3302 2528 3478 2566 rerum

1893 2596 2055 2665 facies
2081 2597 2374 2666 speciesque
2416 2599 2558 2650 omni
2589 2598 2852 2666 famulatu
2893 2601 3132 2669 praebuit
3172 2619 3228 2657 se
3255 2606 3480 2659 materia

1893 2686 2172 2748 conditori,
2211 2696 2387 2755 utpote
2419 2686 2641 2740 Domino
2668 2698 2716 2741 et
2755 2686 2996 2743 Creatori
3029 2708 3148 2757 suo,
3171 2708 3273 2763 quo
3302 2695 3478 2749 diver-

1891 2793 1977 2830 sas
2004 2776 2304 2831 caelestium
2350 2788 2775 2850 terrenorumque
2804 2779 2890 2852 [de
2927 2782 3331 2851 simplicitate'et
3359 2786 3480 2840 uni-

1893 2876 1998 2921 tate
2026 2884 2304 2937 corporum
2352 2879 2467 2938 post
2511 2870 2966 2943 resurrectionem]
2996 2873 3040 2911 ¹⁸
3075 2889 3141 2927 es:
3180 2890 3243 2929 ea
3267 2875 3480 2930 duceret

1893 2957 2110 3025 formas.
2142 2956 2273 3011 Cum
2313 2972 2431 3011 vero
2457 2974 2539 3012 res
2560 2958 2631 3012 ad
2663 2958 2798 3012 illud
2830 2963 3089 3030 coeperint
3116 2962 3385 3031 festinare,
3422 2975 3481 3019 ut

1891 3046 1994 3100 sint
2031 3062 2205 3101 omnes
2230 3063 2427 3111 unum,
2470 3048 2605 3103 sicut
2649 3057 2723 3103 est
2754 3046 2916 3103 Pater
2949 3067 3067 3104 cum
3108 3049 3251 3107 Filio
3291 3070 3477 3121 unum,

216 3147 314 3200 bus
356 3117 463 3217 ipse
508 3146 574 3200 sit
621 3117 796 3199 omnia
818 3184 832 3209 ,
881 3161 1001 3199 cum
1034 3117 1298 3214 nusquam
1338 3159 1500 3209 ntors,
1530 3159 1785 3213 nusquam
1815 3117 1858 3180 C
1889 3146 2257 3208 consequenter
2284 3137 2503 3208 intelligi
2548 3139 2729 3204 datur,
2762 3140 2925 3209 quod,
2967 3142 3055 3195 ubi
3088 3158 3265 3197 omnes
3310 3117 3476 3197 unum

217 3239 432 3290 aculeus
467 3237 667 3301 mortis,
704 3251 961 3306 nusquam
990 3235 1202 3289 omnino
1236 3235 1438 3287 malum
1464 3247 1485 3285 :
1513 3245 1635 3287 tunc
1672 3249 1788 3287 vere

216 3324 360 3379 Deus
394 3324 569 3378 omnia
596 3324 650 3378 in
683 3323 921 3378 omnibus
950 3324 1069 3377 erit.
1119 3321 1308 3377 Verum
1334 3324 1490 3376 istam
1517 3321 1789 3392 perfectio-

216 3430 337 3467 nem
388 3430 451 3467 ac
495 3413 864 3468 beatitudinem
910 3411 1307 3468 rationabilium
1354 3422 1667 3467 naturarum
1713 3412 1790 3466 ita

214 3504 428 3557 demum
475 3502 690 3574 quidam
737 3518 1042 3573 permanere
1091 3503 1145 3556 in
1192 3518 1254 3557 eo
1299 3510 1462 3567 statu,
1493 3517 1596 3572 quo
1628 3517 1791 3571 supra

213 3593 472 3656 dia-imus,
497 3602 715 3662 putant,
758 3591 814 3647 id
857 3602 965 3659 est,
1005 3601 1062 3645 ut
1107 3591 1276 3646 Deum
1314 3592 1491 3646 omnia
1529 3592 1786 3655 habeant,

213 3692 267 3737 et
318 3681 455 3736 Deus
495 3681 569 3737 eis
612 3683 678 3736 sit
721 3682 897 3736 omnia
919 3721 935 3747 ,
993 3681 1040 3736 si
1094 3680 1391 3747 nullatenus
1434 3697 1524 3736 eas
1569 3682 1790 3737 societas

214 3784 443 3829 naturae
504 3772 791 3842 corporalis
838 3772 859 3804 ⁷
916 3782 1149 3826 amoreat
1203 3778 1247 3826 ⁸.
1315 3770 1562 3845 Alioquin
1634 3771 1792 3825 aesti-

212 3873 406 3926 mant,
466 3860 687 3933 gloriam
734 3876 974 3915 summae
1021 3859 1357 3914 beatitudinis
1406 3859 1685 3929 impediri,
1745 3859 1792 3914 si

211 3953 509 4011 materialis
549 3952 873 4007 substantiae
897 3951 1239 4006 interseratur
1259 3948 1536 4004 admixtio.
1581 3948 1661 4009 De
1688 3965 1793 4020 qua

215 4061 278 4099 re
323 4042 526 4113 plenius
571 4059 603 4097 a
650 4042 817 4104 nobis,
865 4056 1001 4111 quae
1038 4040 1094 4094 in
1131 4038 1483 4110 superioribus
1522 4053 1795 4092 occurrere

211 4141 538 4204 potuerunt,
605 4141 928 4203 pertractata
976 4140 1131 4201 atque
1183 4130 1384 4199 digesta
1438 4139 1583 4184 sunt.
1636 4127 1794 4183 Nunc

214 4239 367 4288 vero,
424 4224 671 4293 quoniam
716 4221 1009 4293 apostolum
1060 4218 1289 4275 Paulum
1334 4221 1644 4275 mentionem
1689 4221 1795 4290 spi-

215 4313 429 4367 ritualis
473 4313 706 4382 corporis
750 4311 932 4381 fecisse
982 4311 1311 4374 invenimus,
1367 4309 1593 4379 qualiter
1636 4310 1794 4363 etiam

215 4405 345 4459 inde
395 4403 575 4458 sentiri
626 4401 810 4457 debeat
867 4401 932 4456 de
986 4403 1121 4466 hoc,
1181 4399 1581 4463 tantummodo,
1640 4407 1792 4469 prout

212 4510 518 4566 possumus,
548 4492 890 4563 requiramus.
945 4491 1213 4557 Quantum
1251 4507 1373 4562 ergo
1412 4506 1594 4544 sensus
1620 4499 1795 4544 noster

215 4600 407 4653 capere
447 4592 637 4653 potest,
693 4581 998 4653 qualitatem
1040 4581 1332 4651 spiritualis
1367 4583 1601 4652 corporis
1634 4579 1792 4635 talem

216 4674 487 4747 quandam
520 4690 628 4728 esse
670 4673 943 4738 sentimus,
990 4672 1044 4726 in
1086 4688 1188 4743 quo
1230 4674 1520 4727 inhabitare
1553 4679 1578 4712 ο
1614 4673 1792 4728 deceat

217 4779 328 4818 non
371 4761 539 4817 solum
580 4771 786 4817 sanctas
829 4777 1058 4833 quasque
1093 4760 1448 4833 perfectasque
1488 4762 1531 4794 ¹⁰
1567 4763 1793 4828 animas,

217 4870 403 4909 verum
442 4854 597 4907 etiam
619 4868 821 4907 onmem
858 4851 1004 4905 illam
1046 4861 1361 4915 creaturam,
1390 4868 1524 4922 quae
1551 4851 1797 4905 liberabi-

218 4957 314 5000 tur
349 4962 381 4999 a
431 4945 671 5000 servitute
711 4943 1074 5013 corruptionis.
1131 4941 1207 4996 De
1254 4958 1354 5012 quo
1378 4958 1591 5012 corpore
1641 4944 1799 4997 etiam

220 5034 362 5091 illud
399 5033 677 5104 Apostolus
721 5032 895 5087 dixit:
925 5031 1149 5086 Domum
1189 5031 1461 5093 habemus,
1486 5048 1587 5084 non
1618 5048 1803 5086 manu—

223 5124 449 5194 factant,
469 5134 733 5177 aeternam
786 5124 840 5176 in
883 5121 1061 5186 caelis,
1086 5120 1140 5173 id
1185 5130 1260 5175 est
1296 5112 1653 5176 mansionibus
1683 5123 1805 5177 bea-

221 5223 422 5274 torum.
455 5211 541 5266 Ex
581 5213 679 5265 hoc
727 5227 848 5279 ergo
875 5211 1230 5279 conjecturam
1271 5225 1457 5277 capere
1503 5229 1800 5285 possumus,

1886 3242 2032 3300 sunt,
2076 3232 2195 3301 jam
2246 3230 2525 3286 diversitas
2572 3248 2677 3286 non
2721 3235 2839 3287 erit.
2891 3231 3201 3302 Propterea,
3258 3250 3483 3304 namque

1888 3322 2046 3376 etiam
2090 3322 2131 3352 ⁸³
2160 3320 2469 3377 novissimus
2504 3322 2749 3377 inimicus
2777 3322 3040 3389 diabolus,
3074 3324 3165 3394 qui
3195 3340 3335 3378 mors
3379 3341 3478 3393 ap-

1888 3406 2139 3480 pellatur,
2192 3408 2393 3463 destrui
2436 3410 2650 3476 dicitur,
2702 3420 2759 3465 ttt
2804 3427 2967 3483 neque
3014 3410 3156 3467 ultra
3218 3415 3367 3468 triste
3413 3413 3483 3468 sit

1890 3495 2112 3568 aliquid,
2143 3496 2233 3551 ubi
2260 3512 2399 3551 mors
2424 3514 2527 3552 non
2548 3508 2648 3565 est,
2670 3516 2835 3571 neque
2858 3500 3123 3565 diversum
3142 3501 3230 3566 sit,
3257 3502 3348 3556 ubi
3372 3518 3480 3557 non

1889 3596 1966 3642 est
2019 3587 2282 3643 inimicus.
2322 3588 2536 3644 Destrui
2580 3606 2707 3644 sane
2756 3591 3063 3645 novissimus
3109 3592 3353 3648 inimicus
3404 3596 3482 3648 ita

1891 3679 2264 3752 intelligendus
2285 3692 2383 3747 est,
2417 3699 2519 3738 non
2563 3691 2622 3737 ut
2654 3683 2948 3739 substantia
2977 3685 3115 3755 ejus,
3153 3702 3288 3756 quae
3311 3703 3344 3740 a
3372 3685 3483 3741 Deo

1893 3773 2035 3843 facta
2075 3783 2171 3839 est,
2215 3783 2427 3844 pereat,
2454 3774 2545 3828 sed
2571 3784 2626 3828 ut
2650 3776 2972 3844 propositum
3001 3786 3051 3831 et
3095 3776 3335 3833 voluntas
3377 3779 3483 3833 ini-

1893 3866 2068 3931 mica,
2122 3882 2258 3936 quae
2315 3882 2420 3919 non
2473 3883 2504 3918 a
2551 3865 2662 3920 Deo
2686 3906 2701 3932 ,
2754 3851 2846 3921 sed
2910 3867 2976 3921 ab
3027 3870 3141 3938 ipso
3184 3871 3476 3938 processit,

1891 3957 2132 4011 intereat.
2189 3954 2498 4010 Destruetur
2546 3971 2669 4025 ergo
2716 3971 2822 4010 non
2877 3966 2934 4010 ut
2972 3973 3078 4011 non
3118 3959 3223 4022 sit,
3274 3959 3366 4012 sed
3416 3969 3477 4013 ut

1891 4047 2135 4101 inimicus
2178 4055 2227 4099 et
2269 4059 2409 4098 mors
2461 4059 2565 4098 non
2616 4045 2704 4097 sit.
2747 4043 2899 4097 Nihil
2947 4045 3085 4098 enim
3135 4048 3480 4117 omnipotenti

1892 4132 2207 4205 impossibile
2245 4144 2349 4197 est,
2408 4148 2500 4185 nec
2566 4131 2861 4186 insanabile
2914 4141 2991 4186 est
3042 4132 3244 4204 aliquid
3286 4133 3481 4205 [actori

1893 4239 2011 4278 suo.
2043 4222 2327 4292 Propterea
2360 4219 2496 4277 enim
2520 4220 2641 4290 fecit
2662 4222 2861 4287 omnia,
2889 4230 2945 4275 ut
2970 4231 3139 4276 essent
3164 4233 3211 4277 et
3234 4240 3318 4290 ea,
3347 4240 3484 4295 quas

1896 4314 2039 4384 facta
2064 4323 2208 4378 sunt,
2233 4321 2292 4367 ut
2316 4322 2507 4377 essent,
2534 4328 2627 4366 nec
2652 4328 2762 4367 esse
2790 4328 2893 4367 non
2914 4324 3118 4383 possent
3145 4314 3215 4367 ιο.
3255 4312 3484 4385 Propter

1898 4405 2036 4477 quod
2078 4404 2496 4459 immutationem
2522 4402 2735 4473 quidem
2774 4405 3178 4475 varietatemque
3212 4406 3480 4475 recipient,

1898 4498 1973 4550 ita
2006 4506 2063 4550 ut
2114 4512 2208 4565 pro
2259 4494 2457 4550 meritis
2491 4494 2567 4550 vel
2610 4496 2663 4548 in
2710 4494 2943 4560 meliore,
2991 4494 3071 4549 vel
3116 4496 3173 4548 in
3224 4495 3485 4550 deteriore

1896 4586 2187 4641 habeantur
2237 4594 2426 4651 statu;
2492 4584 2887 4639 substantialem
2922 4600 3035 4639 vero
3066 4586 3334 4640 interitum
3394 4602 3481 4662 ea,

1895 4694 2029 4750 quae
2067 4696 2101 4731 a
2136 4676 2244 4731 Deo
2266 4678 2335 4730 ad
2364 4677 2461 4731 hoc
2504 4676 2647 4747 facta
2673 4686 2816 4741 sunt,
2845 4685 2899 4729 ut
2929 4686 3094 4731 essent
3139 4686 3187 4732 et
3214 4694 3485 4750 permane-

1898 4777 2032 4833 rent,
2062 4766 2284 4835 recipere
2330 4782 2439 4820 non
2474 4775 2710 4835 possunt.
2743 4764 2954 4835 Itaque,
2992 4768 3135 4834 quod
3162 4766 3484 4824 Ambrosius

1900 4858 1955 4912 in
1983 4856 2233 4926 ambiguo
2262 4854 2571 4924 reliquerat,
2600 4853 2864 4925 Origenes
2896 4856 3150 4911 declarat.
3177 4856 3312 4912 Nam
3334 4860 3479 4927 quod

1901 4948 1991 5003 ille
2017 4948 2092 5002 ait
2125 4964 2140 5001 :
2168 4946 2445 5011 Docemur,
2467 4947 2605 5017 quod
2629 4963 2732 5001 non
2763 4964 2964 5018 semper
2999 4949 3272 5004 daemonia
3308 4965 3485 5003 mane.

1903 5038 2051 5100 bunt,
2081 5051 2143 5088 ne
2177 5034 2380 5089 malitia
2407 5051 2587 5088 eorum
2624 5036 2784 5104 possit
2812 5052 2923 5090 esse
2959 5049 3232 5106 perpetua,
3259 5036 3478 5091 dubium

1902 5135 2007 5190 est,
2041 5125 2169 5195 quid
2196 5124 2344 5189 velit,
2370 5134 2550 5179 utrum
2577 5124 2880 5180 substantia
2903 5126 3224 5181 daetnonum
3252 5124 3484 5182 simulet

1903 5233 2091 5274 eorum
2136 5216 2374 5272 malitiae
2416 5216 2690 5287 periturae
2726 5218 2858 5280 sint,
2897 5231 2964 5270 an
2996 5215 3331 5271 solummodo
3367 5230 3483 5269 ma-

1495 5305 1749 5365 VARIAE
1786 5306 2187 5368 LECTIONES.

302 5401 320 5430 ι
342 5406 653 5468 tractantem
673 5406 719 5451 et
741 5397 992 5451 dicentem
1021 5408 1130 5449 om.
1153 5393 1318 5468 A_.__’
1339 5392 1560 5468 ᾼρτεο,
1583 5397 1774 5468 inquit,
1798 5401 1923 5456 ista.

1175 5464 1196 5495 "
1229 5462 1321 5519 Sic
1344 5462 1430 5518 CF
1448 5462 1549 5529 ;"A
1574 5462 1855 5537 corporali.
1925 5470 1947 5502 ⁸
1973 5464 2151 5535 ϐοιιίη
2180 5465 2268 5521 AF

1175 5530 1292 5587 Ille.
1392 5533 1434 5563 ¹²
1459 5544 1506 5587 et
1534 5546 1743 5591 aeterna
1771 5539 1912 5592 facta
1937 5548 2057 5592 sunt
2083 5552 2192 5591 om.
2216 5537 2261 5591 Α

754 5539 794 5569 ¹¹
835 5539 926 5589 Sic
958 5539 1042 5589 CF
1056 5549 1070 5597 ;
1100 5539 1144 5585 Δ
1172 5539 1292 5587 Ille.
1392 5539 1434 5563 "
1459 5544 1506 5587 et
1534 5546 1743 5591 aeterna
1769 5539 1912 5608 facta
1937 5548 2057 5592 sunt
2083 5552 2192 5591 om.
2216 5539 2285 5591 Α.
2382 5539 2427 5567 ¹³
2455 5539 2500 5588 Α
2534 5549 2643 5588 nec.
2720 5539 2765 5567 "
2793 5539 2836 5587 A
2860 5539 3148 5588 hominum.

702 5604 1005 5675 qualitatem
1036 5618 1144 5657 om.
1177 5603 1243 5656 A.
1318 5602 1362 5675 ‘f
1396 5604 1461 5657 de
1476 5605 1820 5674 simplicitate
1853 5618 1902 5661 et
1933 5608 2133 5661 unitate
2160 5622 2436 5674 corporum
2466 5605 2898 5659 resurrectionem
2927 5619 3038 5660 om.
3070 5603 3177 5660 CF.

223 5469 250 5501 ⁸
275 5467 363 5522 CF
389 5468 457 5521 ad
479 5467 734 5521 incertum
754 5478 1080 5569 purumque.

229 5537 278 5569 so
306 5538 335 5569 Δ
375 5536 630 5569 ηροΐιροιη
779 5537 794 5567 ι
835 5536 925 5569 Qin
958 5532 1068 5569 (TI?-

372 5536 667 5617 perfectas;
754 5530 794 5569 (ί
814 5536 926 5617 “Sit;
958 5530 1042 5589 CF
1056 5549 1070 5597 ς
1100 5532 1144 5585 Α
1172 5530 1292 5617 Ψε-

231 5606 279 5639 ¹⁶
314 5607 362 5659 Α
388 5606 547 5660 enim.
625 5607 667 5639 "

2001 5395 2128 5466 'Sic
2146 5395 2251 5466 CF;
2276 5395 2322 5451 Α
2344 5397 2492 5466 quia.
2566 5396 2588 5428 ‘
2612 5397 2657 5451 A
2676 5396 2855 5466 igitur.
2931 5406 2952 5435 δ
2980 5405 3027 5450 et
3051 5394 3249 5449 malum
3276 5411 3387 5450 om.
3416 5402 3482 5452 Α.

2372 5476 2607 5531 moveat;
2637 5466 3001 5535 C,admoneat.
3101 5474 3123 5506 υ
3148 5466 3195 5520 Α
3225 5466 3485 5521 habitare.

2382 5535 2427 5567 ¹³
2455 5536 2500 5588 Α
2534 5549 2643 5588 nec.
2684 5534 2687 5535 ⁷
2720 5534 2765 5567 ίδ
2793 5535 2836 5587 Α
2860 5534 3148 5588 hominum.
3224 5536 3267 5576 ¹³
3304 5535 3350 5589 Α
3387 5538 3484 5590 eis.

2382 5622 2436 5658 im
2466 5605 2898 5659 resurrectionem
2927 5619 3038 5660 om.
3070 5603 3177 5660 CF.
3264 5604 3307 5638 ¹⁹
3329 5605 3485 5660 etiam

230 5692 346 5731 om.
377 5675 445 5729 A.
518 5676 564 5707 ⁸ο
603 5673 694 5730 Sic
713 5670 834 5740 CF;
862 5673 905 5727 A
938 5681 1222 5742 propterea
1252 5686 1302 5727 e.
1333 5670 1373 5726 l‘.
1421 5688 1473 5729 ο.
1510 5690 1564 5730 u.
1588 5670 1760 5732 essent
1806 5679 1921 5733 ideo
1953 5693 2057 5732 non
2103 5692 2211 5730 esse
2252 5670 2355 5730 non
2379 5685 2619 5749 possunt.

480 5767 754 5827 ΡΑτξιοι..
803 5764 1037 5826 CXXII

2934 5768 3012 5826 30
