4028 6282
533 348 637 410 93f

1889 335 2168 398 IOANNIS
2204 335 2407 397 SCO'"

3700 342 3817 403 93'!

534 463 668 534 ﬁlia,
698 472 799 536 qua
834 460 944 519 sola
990 460 1272 518 daemonia
1321 466 1605 522 vorantur,
1644 465 1893 510 inanente
1924 468 2109 508 eorum
2140 452 2186 511 Α
2217 452 2352 521 [ecta
2412 464 2542 509 esset
2591 456 2668 522 η,
2720 454 2769 512 et
2826 460 3205 530 corruptionem
3257 470 3311 513 et
3353 460 3642 530 subjectum
3704 463 3815 515 tol-

535 556 1018 628 incorruptibiliter
1091 564 1302 608 natura.
1376 552 1483 606 Iste
1554 565 1682 603 vero
1751 545 2115 601 indubitanter

535 649 750 713 astruit,
784 647 925 717 quod
955 647 1007 700 in
1040 645 1169 715 ipsis
1198 641 1494 697 substantia
1528 656 1558 694 a
1583 637 1694 693 Deo
1731 637 1870 691 facta
1904 648 2119 704 semper

532 753 909 811 permansura,
935 735 1138 790 malitia
1169 747 1298 788 vero
1322 746 1577 802 perversa
1604 730 1816 784 illorum
1843 727 2118 795 voluntate

532 836 749 900 reperta
779 828 832 883 in
848 835 1126 882 aeternum
1154 825 1410 895 peritura.
1440 820 1587 877 Talia
1615 819 1877 890 siquidem
1902 818 2117 872 nomina

534 917 870 974 daemonium
904 918 943 981 ¹,
970 903 1573 982 Diabolus,novissimus
1591 911 1858 978 inimicus,
1884 922 1931 965 et
1955 926 2117 975 mors,

534 1027 644 1066 non
688 1017 816 1065 sunt
844 1017 1092 1072 naturae,
1141 1008 1234 1061 sed
1266 1020 1465 1077 pravae
1511 1002 1802 1058 voluntatis
1839 1000 2119 1055 vocabula.

536 1101 750 1156 Audisti
796 1099 962 1170 igitur
995 1107 1241 1154 sanctum
1282 1097 1634 1166 Augustinum
1664 1096 1953 1158 dicentem,
1979 1093 2122 1161 quod

535 1189 680 1248 Deus
706 1193 762 1247 in
791 1184 1002 1246 diabolo
1032 1206 1156 1255 non,
1187 1190 1331 1261 quod
1352 1190 1494 1258 fecit,
1521 1188 1632 1253 sed,
1669 1187 1812 1258 quod
1828 1203 1950 1240 .non
1978 1186 2120 1256 fecit,

537 1284 822 1352 puniturus
864 1283 1015 1348 est’;
1050 1282 1244 1336 audisti
1278 1280 1564 1351 Origencm
1599 1277 1975 1341 allirmantem,
2009 1278 2123 1331 dia-

537 1373 645 1430 boli
694 1372 1048 1429 substantiam
1114 1387 1388 1441 nunquam
1449 1371 1786 1439 perituram,
1838 1368 1944 1421 sed
2007 1366 2125 1436 ejus

540 1464 877 1521 solummodo
914 1460 1193 1517 malitiam.
1237 1462 1305 1516 Et
1352 1470 1410 1515 ut
1436 1461 1537 1516 hoc
1572 1460 1780 1513 ﬁrmius
1808 1468 1862 1513 et
1889 1458 1909 1489 ³
1935 1458 2126 1513 credas

539 1566 595 1612 et
617 1569 928 1627 cognoscas,
954 1554 1069 1624 lege
1097 1568 1347 1623 magnum
1394 1553 1705 1624 Dionysium
1742 1549 2124 1622 AreOpagitam

539 1664 594 1703 tn
624 1648 765 1704 libro
782 1645 849 1701 de
873 1645 1069 1701 divinis
1097 1644 1417 1700 Nominibus
1451 1645 1516 1699 dc
1542 1658 1628 1709 eo,
1660 1642 1803 1712 quod
1844 1643 1895 1696 in
1930 1650 2124 1697 natura

539 1740 862 1795 daemonum
883 1736 1085 1792 malum
1106 1751 1210 1792 non
1237 1736 1338 1800 sit,
1374 1750 1607 1805 eamque
1636 1735 1782 1789 nullo
1810 1735 1973 1790 modo
1998 1750 2124 1788 cor-

539 1830 714 1900 rumpi
747 1829 829 1882 vel
854 1828 1020 1884 minui
1048 1843 1209 1902 posse
1239 1828 1624 1897 disputantem.

609 1921 701 1976 28.
739 1918 845 1975 Sed
900 1936 1062 1988 neque
1118 1920 1418 1985 daemones,
1464 1919 1670 1989 inquit,
1730 1927 1921 1974 natura
1974 1919 2125 1975 mali.

544 2008 751 2064 Etenim
779 2010 824 2065 si
851 2021 1044 2064 natura
1084 2010 1210 2063 mali
1241 2008 1369 2082 [hoc
1403 2011 1558 2076 dicit,
1590 2011 1716 2081 quia
1746 2012 2036 2067 daemones
2060 2028 2127 2067 ex

539 2102 687 2157 bono
722 2100 890 2155 creati
932 2108 1080 2165 sunt,
1102 2108 1158 2155 et
1197 2100 1523 2155 naturaliter
1565 2101 1889 2166 subsistunt,
1917 2110 1972 2155 et
1997 2117 2129 2156 con-

540 2190 682 2246 versi
704 2204 735 2243 a
759 2189 901 2245 bono
921 2195 1049 2244 sunt
1077 2189 1389 2245 deserentes
1411 2188 1567 2261 illud]
1594 2201 1651 2254 ε,
1676 2207 1837 2259 neque
1865 2206 1929 2243 ex
1961 2191 2127 2254 bono,

540 2293 706 2349 neque
733 2279 788 2333 in
830 2277 1165 2332 existentibus
1190 2317 1207 2342 ,
1251 2294 1414 2349 neque
1458 2294 1527 2333 ex
1571 2279 1717 2334 bonis
1765 2295 2068 2334 conversum
2105 2279 2128 2312 ⁸

543 2381 735 2425 natura
765 2378 811 2422 et
835 2352 1037 2437 semper
1060 2365 1189 2421 mali
1212 2368 1459 2422 existunt.
1482 2367 1756 2440 Sequitur,
1780 2369 1980 2423 sibimet
2009 2380 2129 2425 sunt

544 2462 673 2517 mali
740 2478 810 2517 an
857 2459 1018 2514 aliis?
1071 2457 1340 2531 Siquidem
1388 2459 1626 2527 sibimet;
1677 2477 1747 2515 an
1793 2471 2131 2530 corrumpunt

543 2553 789 2625 seipsos?
816 2551 875 2609 Si
903 2560 1077 2607 autem
1105 2550 1261 2613 aliis;
1282 2552 1541 2622 quomodo
1567 2562 1925 2622 corrumpunt,
1960 2570 2131 2608 essen-

543 2645 673 2700 tiam
693 2661 762 2698 an
782 2645 1025 2698 virtutem
1058 2658 1128 2697 an
1150 2649 1171 2681 ⁵
1192 2634 1490 2696 actionem?
1527 2641 1796 2713 Siquidem
1821 2643 2131 2711 essentiam;

542 2735 773 2804 primum
816 2732 1026 2804 quidem
1075 2748 1179 2786 non
1214 2731 1376 2801 juxta
1424 2742 1691 2788 naturam.
1733 2730 1945 2787 Natura
1996 2734 2134 2787 enim

542 2823 964 2894 ineorruptibilia
993 2838 1096 2876 non
1126 2831 1488 2894 corrumpunt,
1515 2823 1606 2877 sed
1638 2824 1902 2892 acceptiva
1950 2840 2136 2878 corru—

542 2914 756 2981 ptionis,
792 2913 919 2986 [hoc
964 2922 1052 2969 est
1088 2913 1290 2968 nullam
1335 2921 1582 2969 naturam
1606 2926 1977 2985 corrumpunt,
2009 2918 2132 2987 quia

544 3004 695 3085 nulla
739 3017 935 3060 natura
968 3006 1246 3075 acceptiva
1287 3013 1369 3060 est
1400 3002 1576 3078 mali].
1603 3005 1852 3070 Sequitur
1886 3012 1931 3072 ⁸,
1974 3024 2135 3078 neque

543 3099 641 3152 hoc
671 3098 851 3153 omni"
879 3109 926 3153 et
962 3098 1175 3153 omnino
1212 3096 1443 3164 malum,
1482 3099 1573 3152 sed
1599 3116 1760 3168 neque
1784 3102 2136 3170 corrumpitur

542 3188 829 3259 quidquam
859 3190 881 3219 ⁸
908 3188 1265 3253 existentium,
1307 3189 1592 3243 secundum
1642 3190 1783 3259 quod
1832 3192 2053 3245 essentia
2083 3202 2130 3246 et

542 3286 759 3341 natura,
789 3277 879 3330 sed
905 3276 1112 3347 defectu
1154 3277 1310 3348 (ordo
1335 3279 1621 3333 verborum
1648 3295 1660 3331 :
1697 3279 1791 3334 sed
1829 3280 2132 3336 inﬁrmatur

545 3358 688 3419 ratio
714 3365 1033 3421 harmoniae
1070 3373 1127 3420 et
1155 3369 1699 3423 commensurationis
1735 3369 1948 3424 delectu
1977 3381 2132 3427 natu-

546 3453 681 3509 ralis
716 3454 946 3523 ordinis)
986 3454 1149 3524 juxta
1199 3464 1444 3509 naturam
1477 3458 1700 3524 ordinis,
1750 3460 2057 3516 harmoniae
2083 3473 2132 3517 et

548 3533 1071 3598 commensurationis
1099 3545 1236 3599 ratio
1261 3544 1564 3614 inﬁrmatur
1599 3563 1807 3603 manere
1846 3550 2129 3606 similiter9

547 3634 763 3697 habens,
795 3633 992 3704 (idest,
1023 3635 1149 3690 dum
1183 3634 1436 3691 similiter
1462 3645 1654 3692 natura
1701 3639 1925 3711 manet).
1959 3641 2127 3712 In/ir-

547 3727 705 3783 mitas
750 3726 791 3800 ἕο
837 3739 1011 3783 autem
1057 3744 1163 3783 non
1202 3739 1280 3784 est
1332 3728 1373 3760 “
1416 3730 1646 3800 perfecta
1695 3745 1711 3784 :
1756 3733 1801 3786 si
1840 3735 1976 3787 enim
2018 3753 2132 3806 per-

2220 543 2345 598 teret
2399 545 2462 608 “,
2501 557 2731 618 essetque
2788 548 2909 603 talis
2975 553 3240 621 corruptio
3292 562 3341 606 et
3399 554 3591 607 suimet
3641 554 3813 607 inter-

2216 635 2320 688 itus
2348 635 2414 702 '5,
2458 637 2674 706 ideoque
2717 647 2776 692 ut
2818 638 2940 693 talis
2969 639 3013 671 ¹⁸
3035 656 3137 694 non
3172 640 3391 707 malum,
3429 642 3520 695 sed
3551 642 3815 710 deﬁciens

2219 725 2427 780 bonum.
2463 726 2617 792 Quod
2642 729 2777 783 enim
2809 730 3022 784 omnino
3055 747 3237 802 expers
3270 742 3344 786 est
3385 732 3428 763 “
3458 733 3605 797 boni,
3641 748 3818 803 neque

2218 820 2273 874 in
2306 808 2641 875 existentibus
2681 823 2799 876 erit.
2838 819 3038 877 Eadem
3066 827 3223 877 etiam
3249 835 3323 878 est
3355 825 3488 879 ratio
3524 831 3596 879 de
3629 836 3815 896 potat-

2219 910 2324 964 tiae
2367 919 2413 964 et
2469 913 2690 966 actionis
2734 916 3066 984 corruptione
3120 913 3183 968 ‘7.
3235 913 3411 987 [Sicut
3448 927 3647 972 natura
3697 930 3819 973 cor-

2222 1002 2395 1071 rumpi
2422 1018 2526 1055 non
2550 1010 2747 1073 potest,
2771 1003 2845 1056 ita
2868 1004 3041 1059 virtus
3058 1013 3113 1059 et
3133 1006 3276 1060 actio
3316 1008 3586 1064 naturalis
3622 1023 3823 1065 corru-

2220 1094 2460 1163 ptionem
2476 1109 2580 1147 non
2603 1093 3149 1167 recipiunt].Deinde,
3164 1097 3424 1167 quomodo
3444 1098 3737 1154 daemones
3756 1116 3820 1154 ex

2223 1184 2332 1238 Deo
2377 1186 2504 1256 [acti
2540 1186 2584 1217 ¹⁸
2617 1187 2719 1241 sint
2750 1186 2916 1240 ntali?
2950 1185 3154 1242 Bonum
3181 1189 3320 1242 enim
3348 1188 3481 1243 bona
3510 1191 3740 1245 adducit
3771 1202 3819 1247 et

2222 1276 2507 1330 substituit.
2546 1273 2737 1330 Verum
2766 1276 2901 1330 dicet
2934 1276 3127 1347 aliquis
3153 1279 3220 1345 η,
3250 1277 3503 1332 dicuntur
3523 1280 3701 1344 mali,
3732 1283 3827 1335 sed

2225 1354 2329 1420 non
2356 1364 2640 1419 secundum
2669 1363 2809 1436 quod
2836 1374 2979 1430 sunt,
3010 1382 3074 1419 ex
3094 1367 3225 1420 bono
3249 1367 3295 1397 ²⁰
3317 1368 3455 1421 enim
3480 1376 3628 1435 sunt,
3662 1378 3718 1424 et
3737 1371 3826 1423 bo-

2227 1474 2347 1511 nam
2372 1458 2542 1512 sortiti
2571 1467 2690 1511 sunt
2713 1458 2756 1488 ¹¹
2785 1459 3083 1523 essentiam,
3110 1459 3202 1512 sed
3229 1460 3515 1514 secundum
3544 1461 3700 1531 quod
3720 1478 3825 1516 non

2226 1562 2369 1619 sunt,
2400 1552 2620 1622 inﬁrmi,
2661 1563 2714 1606 ut
2746 1550 2970 1622 Eloquia
3010 1554 3175 1615 aiunt,
3205 1571 3413 1608 servare
3438 1571 3594 1608 suum
3613 1556 3825 1620 princi-

2225 1644 2392 1714 pium.
2423 1632 2612 1715 ln'quo
2647 1646 2806 1709 enim,
2851 1644 2935 1697 dic
2963 1645 3115 1707 mihi,
3149 1644 3433 1699 daemonas
3460 1646 3644 1699 vitiari
3687 1646 3825 1697 dici-

2229 1748 2352 1787 mus
2376 1734 2442 1797 ²¹,
2472 1724 2517 1787 si
2556 1750 2659 1787 non
2699 1734 2751 1786 in
2798 1731 3083 1786 cessatione
3116 1733 3323 1787 habitus
3370 1744 3419 1787 et
3470 1735 3819 1803 operationis,

2124 1896 2127 1897 ν
2154 1806 2200 1860 Β
2226 1842 2362 1897 quae
2408 1836 2680 1880 versantur
2719 1825 2858 1879 circa
2899 1825 3075 1878 divina
3127 1824 3259 1879 bona
3286 1820 3381 1879 .9"
3393 1825 3644 1897 Alioquin
3680 1824 3753 1890 ’⁵,
3782 1827 3827 1879 si

2230 1906 2424 1970 natura
2448 1916 2572 1970 mali
2601 1926 2722 1970 sunt
2745 1916 3048 1979 daemones,
3079 1931 3279 1982 semper
3306 1926 3425 1968 sunt
3466 1915 3596 1968 mali
3620 1932 3644 1969 :
3676 1917 3825 1986 atqui

2229 2008 2427 2063 malum
2453 2007 2693 2062 instabile
2714 2019 2807 2061 est.
2851 2004 2910 2061 Si
2946 2008 3120 2076 itaque
3147 2020 3347 2078 semper
3370 2004 3549 2060 eodem
3572 2007 3739 2059 modo
3771 2023 3827 2060 se

2228 2100 2442 2165 habent,
2480 2115 2583 2153 non
2602 2108 2733 2153 'sunt
2766 2097 2936 2152 ntali:
2983 2113 3183 2167 semper
3208 2098 3343 2151 enim
3382 2096 3521 2150 idem
3559 2113 3679 2150 esse
3706 2096 3825 2149 boni

2229 2176 2501 2262 proprium
2519 2178 2621 2245 est.
2652 2190 2710 2246 Si
2744 2206 2862 2245 vero
2892 2205 2996 2243 non
3019 2205 3219 2257 semper
3244 2188 3369 2241 mali
3389 2229 3404 2252 ,
3432 2205 3594 2258 neque
3625 2196 3827 2241 natura

2232 2283 2358 2338 ntali
2385 2292 2523 2343 sunt,
2556 2283 2647 2337 sed
2688 2281 3041 2354 angelicorum
3074 2268 3329 2336 bonorum
3369 2276 3695 2351 indigentia.
3726 2280 3825 2338 Sed

2232 2389 2337 2427 non
2375 2374 2584 2427 omnino
2627 2382 2857 2442 expertes
2899 2381 3021 2426 sunt
3068 2370 3208 2437 boni,
3251 2371 3539 2426 secundum
3586 2373 3741 2443 quod
3778 2384 3826 2428 et

2232 2475 2379 2532 sunt,
2402 2476 2448 2520 et
2479 2467 2677 2530 vivunt,
2725 2475 2775 2520 et
2803 2464 3126 2534 intelligunt,
3161 2474 3208 2518 et
3247 2464 3457 2519 omnino
3489 2475 3566 2519 est
3604 2466 3825 2536 quidam

2231 2557 2285 2610 in
2312 2556 2417 2610 illis
2444 2556 2699 2625 appetitus
2738 2566 2907 2609 motus
2932 2570 2951 2609 :
2978 2553 3105 2607 mali
3136 2564 3308 2608 autem
3332 2570 3444 2609 esse
3466 2554 3750 2621 dicuntur,
3771 2572 3829 2610 eo

2232 2647 2372 2718 quod
2398 2648 2452 2700 in
2483 2644 2713 2700 naturali
2752 2644 3052 2711 operatione
3091 2654 3210 2697 sunt
3242 2642 3456 2713 inﬁrmi.
3507 2643 3830 2712 Depraeatio

2233 2738 2393 2806 igitur
2419 2746 2493 2789 est
2524 2735 2598 2789 eis
2623 2733 2843 2798 malum,
2866 2744 2912 2787 et
2939 2750 3114 2787 rerum
3144 2732 3249 2786 illis
3278 2733 3712 2788 convenientiam
3745 2736 3825 2788 de-

2233 2826 2388 2879 sertio
2413 2824 2810 2895 [rustratioque,
2858 2831 3012 2892 atque
3040 2807 3357 2891 imperfectio
3384 2831 3434 2875 et
3478 2823 3827 2892 impotentia,

2235 2913 2605 2987 {multatisque
2626 2915 2678 2968 in
2707 2916 2781 2967 eis
2816 2913 3184 2982 perfectionem
3214 2914 3577 2967 conservantis
3609 2914 3833 2983 inﬁrmi-

2236 3015 2341 3068 tas,
2367 3014 2412 3058 et
2439 3004 2666 3066 abactio,
2688 3012 2734 3056 et
2759 3000 3003 3070 dilapsio.
3031 2999 3172 3065 Quid
3198 3016 3313 3054 vero
3337 3000 3491 3053 aliud
3534 3003 3589 3054 in
3613 3003 3829 3057 daemo-

2239 3095 2388 3149 nibus
2413 3092 2655 3147 malum?
2690 3089 2869 3145 Furor
2896 3090 3243 3156 irrationalis,
3275 3090 3717 3160 concupiscentia
3743 3094 3833 3145 de-

2238 3204 2405 3252 mens,
2438 3185 2746 3261 imaginatio
2766 3199 3031 3255 praeceps.
3077 3182 3184 3237 Sed
3209 3183 3335 3235 haec
3355 3182 3452 3236 etsi
3474 3183 3533 3237 in
3563 3184 3831 3261 daemoni-

2237 3279 2330 3332 bus
2354 3285 2498 3342 sunt,
2526 3292 2628 3330 non
2651 3274 2883 3338 omnino,
2911 3291 3071 3355 neque
3099 3274 3154 3327 in
3182 3274 3447 3340 omnibus,
3491 3266 3670 3345 neque
3708 3277 3827 3328 haec

2234 3386 2326 3440 per
2351 3386 2404 3423 se
2433 3367 2592 3422 mala.
2647 3364 2857 3420 Etenim
2884 3367 2938 3420 in
2979 3366 3097 3420 aliis
3126 3366 3443 3420 animalibus
3476 3384 3586 3420 non
3625 3368 3830 3421 habitus

2235 3460 2443 3529 horum,
2468 3458 2558 3513 sed
2579 3459 2801 3527 privatio
2828 3467 2902 3511 est
2925 3466 2972 3511 et
3003 3457 3269 3529 corruptio
3300 3457 3626 3512 animalium
3655 3471 3705 3513 et
3727 3477 3830 3513 ma—

2234 3550 2381 3623 lum;
2404 3549 2613 3603 habitus
2637 3563 2756 3602 vero
2781 3546 3028 3601 animalis
3055 3556 3319 3623 naturam,
3345 3564 3484 3617 quae
3509 3548 3716 3602 isthaec
3736 3549 3828 3601 Isa-

2234 3622 2337 3707 bet,
2363 3648 2531 3693 servat
2559 3646 2605 3692 et
2628 3637 2916 3690 constituit.
2949 3622 3269 3717 Nonitaque
3290 3622 3489 3690 malum
3520 3646 3598 3692 est
3623 3645 3832 3692 daemo-

2234 3735 2351 3788 nica
2383 3748 2531 3802 gens,
2558 3746 2665 3801 qua
2699 3727 2985 3783 secundum
3017 3739 3262 3783 naturam
3293 3738 3391 3796 est,
3439 3728 3539 3783 sed
3571 3746 3684 3801 qua
3731 3746 3830 3783 non

1841 3841 2098 3902 VAllIAE
2133 3843 2537 3904 LECTIONES.

618 3932 637 3965 ¹
673 3931 719 3986 Α
746 3930 1092 3987 Daemonum.
1185 3932 1210 3963 '
1244 3931 1336 3988 Sic
1363 3931 1481 4000 CF;
1515 3932 1559 3986 A
1592 3934 1681 3987 sit.

549 4003 755 4057 deinde.
849 4002 871 4035 "
908 4001 1025 4068 CF;
1068 4003 1278 4058 omnino
1308 4012 1363 4057 et
1386 4004 1623 4058 omnino.

548 4073 625 4142 (id
661 4078 745 4126 est
790 4070 916 4126 dum
956 4072 1207 4142 similiter
1249 4082 1444 4142 natura
1494 4073 1703 4142 manet)

549 4140 595 4174 θ’
633 4150 762 4197 esset
799 4156 909 4196 om.
938 4141 1046 4198 CF.
1132 4141 1176 4173 ¹³
1205 4140 1289 4197 CF
1313 4142 1581 4196 interimit.

1759 3933 1787 3966 ⁵
1817 3944 1865 3988 et
1892 3950 2003 3991 om.
2027 3938 2097 3994 A.

549 4361 655 4405 tur.
731 4354 776 4385 ²¹
803 4349 889 4405 CF
918 4351 1095 4404 vitiari
1116 4349 1342 4404 dicimus
1363 4352 1666 4406 daemonas.

2172 3942 2196 3972 ⁸
2235 3940 2326 3995 Sic
2355 3937 2469 4003 CF;
2501 3934 2544 3990 Α
2572 3950 2805 3989 conversi
2834 3935 2903 3989 si.

1718 4004 1740 4036 ⁸
1776 4003 1859 4060 CF
1898 4008 2024 4076 quid
2076 4011 2425 4066 existentinm.

1750 4090 1853 4145 non
1892 4086 2055 4145 potest
2101 4096 2330 4134 manere.

1660 4143 1705 4174 “
1734 4142 1836 4218 ACFA
1852 4142 1901 4198 et
1923 4150 2018 4200 erit
2042 4149 2155 4218 ipsa
2183 4147 2457 4218 corruptio
2483 4154 2537 4200 ct
2558 4146 2754 4218 suimet
2779 4145 3064 4218 carruptio.
3129 4142 3283 4218 “‘CF
3290 4144 3472 4218 itaque
3501 4145 3834 4218 huiusmodi.

549 4210 595 4243 “
616 4222 689 4267 est
719 4227 829 4288 om.
857 4210 973 4288 CF.
1043 4212 1087 4288 ξτ
1128 4210 1207 4288 Et
1231 4212 1295 4265 de
1320 4211 1507 4288 virtute
1553 4221 1613 4288 e_t_
1641 4213 1864 4268 actionis
1899 4210 2229 4288 corruptione
2252 4210 2438 4271 eadem
2466 4219 2641 4288 ratio:
2702 4216 2746 4248 ¹⁸
2771 4214 2867 4288 CF
2891 4210 2955 4268 ex
2982 4213 3092 4288 Deo
3105 4212 3243 4288 [acti
3264 4210 3566 4288 deamones.

547 4281 888 4359 verumaieet
901 4280 1095 4359 aliquis
1254 4290 1301 4335 et
1325 4282 1532 4359 quidem
1561 4282 1816 4359 dicuntur
1830 4285 1977 4359 ,111³Ιί,
2008 4279 2199 4343 dixerit
2251 4289 2387 4359 quis.

2998 3943 3022 3975 ³
3137 3950 3226 4006 ac.
3320 3933 3343 3966 '
3380 3931 3490 4006 Pro
3517 3936 3764 4006 sequitur
3788 3937 3829 3991 Δ

2523 4010 2544 4040 ⁹
2585 4004 2676 4061 Sic
2711 4004 2838 4071 CF;
2873 4005 2918 4059 A
2963 4005 3104 4059 ratio
3131 4004 3311 4057 eodem
3339 4004 3497 4073 modo
3536 4004 3601 4058 se
3638 4007 3835 4061 habeas

2433 4077 2476 4109 ¹⁰
2517 4076 2608 4131 Sic
2651 4074 2776 4139 CF;
2828 4074 2873 4128 A
2935 4072 3286 4127 imbecillitas.
3364 4075 3404 4104 “
3444 4085 3522 4128 est
3558 4090 3677 4129 om.
3724 4076 3827 4130 CF.

3654 4216 3831 4271 ιἰιω

2486 4286 2531 4326 ιο
2558 4284 2642 4339 CF
2668 4299 2733 4339 ex
2762 4286 2975 4353 optimo.
3076 4286 3121 4315 "
3148 4282 3234 4337 CF
3260 4283 3511 4352 optimam
3534 4287 3828 4340 sortieban~

1743 4353 1789 4385 ³³
1821 4352 1905 4409 CF
1933 4356 1983 4409 si
2010 4372 2113 4412 non
2153 4359 2205 4411 in
2235 4352 2538 4414 cessatione
2559 4352 2852 4409 divinorum
2878 4353 3132 4407 bonorum
3180 4353 3487 4406 habitudine
3521 4364 3569 4407 et
3600 4357 3828 4411 actione.

548 4419 599 4451 "’
627 4418 728 4474 Prc
768 4420 837 4475 iis
864 4436 1051 4497 ,_qu~ae
1090 4434 1259 4497 usque
1308 4421 1374 4472 ad
1426 4419 1947 4497 linetn‘sequuntur,
2015 4424 2103 4497 CF
2148 4428 2283 4483 haec
2328 4424 2613 4497 proferunt
2660 4439 2675 4478 :
2719 4424 2825 4497 Sed
2851 4425 3023 4497 itaque
3071 4424 3117 4476 si
3157 4432 3349 4476 natura
3384 4421 3515 4497 mali
3544 4426 3830 4497 daemones

548 4503 754 4558 semper
797 4489 962 4567 mali;
1009 4500 1056 4542 et
1105 4490 1312 4567 quidem
1357 4488 1555 4567 malum
1592 4488 1832 4567 instabile
1884 4488 1980 4549 est.
2034 4496 2160 4551 Non
2188 4488 2365 4567 igituf,
2416 4496 2461 4550 si
2502 4511 2702 4567 semper
2743 4494 2819 4548 sic
2839 4510 2894 4547 se
2921 4488 3128 4567 habent,
3161 4508 3281 4567 non
3308 4491 3479 4567 mali:
3506 4496 3653 4567 quod
3692 4498 3830 4567 enim

550 4558 865 4637 semperhid
904 4557 1073 4627 ipsum
1118 4557 1301 4637 optimi
1339 4560 1627 4637 proprium.
1684 4559 1743 4616 Si
1793 4573 1986 4637 autem
2012 4582 2116 4637 non
2160 4557 2430 4637 et'semper
2469 4557 2621 4629 mali,
2660 4580 2768 4637 non
2804 4563 3093 4625 naturales,
3132 4564 3220 4637 sed
3266 4557 3590 4637 indigentiae
3625 4566 3840 4637 angeli-

550 4627 1247 4706 corum_bonorum.__Sed_
1278 4645 1381 4706 non
1435 4627 1645 4706 omnino
1687 4642 1920 4706 expertes
1970 4634 2131 4702 boni,
2167 4627 2472 4706 secundum
2529 4627 2670 4706 quod
2716 4643 2763 4687 et
2815 4643 2978 4697 sunt,
3034 4644 3081 4704 et
3132 4633 3343 4706 vivunt,
3378 4627 3447 4706 :et
3501 4627 3825 4704 intelligunt,

548 4704 600 4749 et
626 4695 837 4783 pmnino
889 4707 966 4751 est
993 4697 1206 4778 quidam
1229 4698 1284 4752 in
1310 4695 2080 4783 eis.concupiscentiaemotus.
2118 4695 2257 4783 Mali
2285 4717 2462 4760 autem
2484 4695 2597 4759 esse
2619 4704 2869 4783 dicuntur
2891 4695 3102 4783 propter
3129 4702 3269 4783 quod
3303 4695 3656 4783 infirmantur

549 4765 849 4843 naturalem
877 4765 1247 4843 operationem.
1301 4767 1464 4843 Falsa
1490 4765 1613 4838 ergo
1644 4773 1909 4843 conversio
1939 4786 2012 4827 est
2041 4777 2116 4829 eis
2148 4776 2369 4837 malum,
2401 4787 2448 4829 et
2483 4793 2512 4827 a
2545 4774 2777 4843 cognatis
2818 4765 2929 4843 suis
2971 4765 3200 4842 egressio
3229 4765 3619 4843 et_infortnitas
3644 4784 3694 4826 et
3731 4774 3833 4826 ira-

548 4834 812 4914 perfectio
839 4847 886 4890 et
928 4837 1255 4914 impotentia,
1289 4847 1342 4892 et
1373 4834 1735 4914 sulcanteeis
1764 4843 2135 4910 perfectionem
2170 4834 2366 4899 virtute
2390 4834 2693 4914 inﬁrmitas,
2724 4852 2771 4914 et
2801 4842 2950 4912 fuga,
2980 4834 3028 4896 ἁ
3058 4858 3251 4914 (πλαψ.Δ

3401 4842 3586 4911 itaque
3614 4843 3748 4911 quid
3773 4844 3831 4896 in

550 4905 891 4985 daemonibus
912 4905 1152 4960 malum?
1179 4906 1352 4985 [furor
1385 4905 1782 4985 irrationabilis,
1819 4905 1998 4967 amens
2033 4905 2481 4985 concupiscentia,
2530 4905 2811 4985 phantasiti
2841 4905 3101 4985 proterva.
3150 4905 3733 4985 Sed‘haec‘etsins'unt
3774 4914 3831 4965 in

550 4973 915 5052 daemonibus,
939 4992 1043 5029 non
1071 4976 1281 5052 omnino
1304 4993 1464 5052 neque
1491 4979 1547 5030 in
1565 4973 1832 5047 omnibus,
1850 4997 2012 5052 neque
2036 4982 2170 5037 haec
2187 4973 2479 5038 secundum
2526 4973 2587 5036 se
2621 4982 2783 5036 mala.

2870 4978 3043 5035 Itenim
3085 4982 3141 5036 in
3187 4980 3307 5034 aliis
3352 4979 3678 5035 animalibus
3727 4998 3830 5036 non

551 5054 722 5118 motus
751 5045 1082 5118 taliumtsed
1100 5045 1427 5118 inter-emptio
1462 5057 1567 5118 est,
1592 5057 1642 5101 et
1664 5045 1934 5117 corruptio
1959 5052 2181 5106 animali
2199 5063 2248 5107 et
2274 5056 2470 5107 malum
2491 5070 2509 5118 ;
2536 5053 2747 5105 habitus
2774 5052 2914 5104 enim
2947 5051 3140 5115 salvat,
3163 5058 3212 5105 et
3240 5066 3352 5104 esse
3379 5050 3531 5118 facit,
3562 5051 3696 5104 haec
3732 5052 3830 5103 ba-

498 5176 507 5182 ,
556 5112 755 5194 gentem
776 5114 1021 5169 animalis
1050 5112 1327 5194 naturam.
1354 5114 1478 5194 _Non_
1499 5116 1661 5185 igitur
1681 5112 1879 5194 malum
1902 5120 2182 5194 daemonia
2214 5112 2627 5194 gens,quantum
2656 5132 2730 5175 est
2745 5121 2904 5194 juxta
2923 5112 3189 5194 naturam,
3206 5112 3569 5194 sedquantuin
3593 5136 3702 5194 non
3725 5130 3829 5174 est.

473 5212 480 5221 ·
642 5199 746 5237 non
772 5196 1025 5238 mutatum
1046 5196 1123 5263 est
1145 5186 1329 5239 datum
1351 5186 1406 5239 in
1430 5181 1694 5263 eis'totunt
1715 5187 1927 5263 bonum,
1953 5191 2169 5263 sedipsi
2195 5181 2320 5254 dato
2342 5181 2647 5263 ceciderunt
2667 5181 2776 5254 toto
2796 5192 2952 5263 bono.
2984 5187 3052 5259 Et
3083 5181 3236 5263 datas
3263 5181 3341 5263 cii
3370 5187 3641 5263 angelieas
3657 5190 3826 5244 dona-

550 5254 715 5332 tiones
750 5270 1018 5332 nun‘quam
1039 5256 1180 5323 ipsas
1215 5265 1500 5332 commotas
1526 5254 1689 5332 fuisse
1708 5257 1950 5332 dicimus,
1969 5260 2065 5332 sed
2086 5254 2206 5315 sunt
2235 5271 2282 5314 et
2305 5263 2512 5332 integri,
2530 5270 2578 5314 et
2602 5261 2885 5332 clarissimi
2909 5254 3053 5332 sunt,
3070 5260 3175 5332 etsi
3211 5261 3308 5329 ipsi
3338 5254 3462 5332 noni
3478 5259 3667 5312 viderit
3694 5276 3823 5326 par-

549 5322 826 5400 ticipantes
849 5322 968 5400 boni
993 5322 1343 5400 conspectivas
1370 5322 1604 5400 virtutes.
1625 5324 1813 5400 Itaque
1830 5330 1976 5398 quod
1997 5339 2141 5394 sunt,
2163 5340 2210 5383 et
2236 5346 2299 5385 ex
2325 5322 2515 5396 optimo
2534 5341 2678 5394 sunt,
2701 5341 2748 5385 et
2773 5330 2974 5400 optimi,
2993 5322 3253 5383 et'bonum
3274 5338 3325 5400 et
3337 5328 3608 5400 optimum

549 5392 784 5469 piscunt,
800 5402 847 5446 et
875 5394 1039 5469 vivere
1059 5403 1108 5446 et
1132 5393 1419 5469 intelligere
1438 5392 1768 5469 existentium
1792 5392 2087 5467 appetentes
2109 5392 2135 5463 ;⁷
2149 5409 2198 5453 et
2221 5392 2511 5468 pripdtione
2536 5409 2583 5453 et
2620 5392 2746 5469 fuga
2776 5392 2824 5454 et
2857 5392 2980 5453 casu
3012 5392 3445 5469 connaturalibus
3473 5398 3576 5451 sibi
3617 5398 3829 5468 optimis

552 5460 802 5516 dicuntur
824 5461 971 5526 mali,
1010 5460 1460 5535 secundunt'quod
1488 5481 1595 5541 non}
1620 5475 1760 5532 sunt,
1791 5460 1838 5519 et
1860 5460 2006 5537 'quod
2034 5460 2137 5521 non
2168 5460 2247 5523 est
2270 5460 2573 5540 appetentes
2601 5460 2799 5523 malum
2820 5470 3090 5541 appetunt.
3137 5468 3354 5523 Intuere
3376 5475 3483 5522 cet.

2008 5578 2261 5636 NOTAE.

623 5701 654 5735 ι
685 5688 783 5759 Ea,
811 5703 951 5761 quae
979 5692 1081 5767 hoc
1111 5691 1288 5763 capite
1313 5691 1465 5750 vides
1506 5691 1659 5748 uncis
1687 5691 1917 5769 inclusa,
1947 5689 2141 5747 desunt
2180 5690 2232 5769 in
2263 5691 2667 5757 codicib‘us‘CF.
2735 5676 2742 5688 ’
