4028 6282
206 292 319 371 933

1064 284 1154 349 DE
1189 282 1526 349 nmsmNE
1562 286 1912 348 NATURAE.
1948 316 2017 329 ~
2051 275 2256 345 LIBER
2293 272 2617 357 QUINTUS.

3376 280 3485 346 alit

203 427 312 481 est.
350 414 536 485 Neque
581 420 747 466 totum
790 412 980 466 bonum
1010 410 1114 465 illis
1148 411 1354 475 datum,
1393 418 1653 463 mutatum
1696 416 1793 472 est,
1827 412 1877 477 Α
1902 407 2333 487 etquautitatcs,
2362 415 2666 477 ceteraque,
2710 419 2847 476 quae
2868 407 3051 478 augeri
3085 421 3147 461 ac
3176 407 3487 492 minui‘pos-

206 507 302 564 sed
329 506 429 576 ipsi
457 522 491 558 α
516 514 624 559 toto
655 503 788 557 bono
821 504 946 556 dato
982 502 1307 557 exciderunt.
1354 498 1535 571 Neque
1572 498 1794 552 dicimus

206 594 477 667 angelicas
530 594 840 649 donationes
891 593 999 648 illis
1060 593 1214 646 datas
1275 606 1504 663 unquam
1565 597 1794 644 mutatas

202 687 393 755 fuisse,
425 685 514 739 sed
538 694 586 737 et
614 683 804 752 integri
832 693 976 748 sunt,
1024 691 1072 736 et
1115 679 1270 750 plane
1296 678 1582 750 conspicui,
1610 693 1796 748 quam-

207 777 419 849 visipsi
472 793 576 830 non
617 774 812 840 uident,
856 774 987 827 dum
1036 772 1342 842 facultatem
1384 768 1662 835 claudunt,
1689 782 1793 838 qua

203 870 347 925 bona
387 884 485 922 sua
522 876 737 945 possunt
774 865 986 923 intueri.
1034 864 1223 935 Itaque
1266 861 1403 934 quod
1449 873 1595 929 sunt,
1639 869 1688 915 et
1730 878 1796 916 ex

202 965 346 1019 bona
370 970 517 1028 sunt,
556 974 603 1016 et
635 961 780 1027 boni,
814 970 861 1014 et
891 960 1083 1014 bonum
1116 957 1495 1029 pulchrumque
1524 965 1790 1025 appetunt,

202 1057 336 1111 dum
360 1071 491 1122 esse,
512 1064 560 1110 et
586 1055 772 1122 uiuere,
793 1052 1158 1123 etintelligere
1180 1052 1459 1107 existentia
1474 1049 1794 1115 desiderant;

199 1156 258 1201 et
293 1145 611 1210 privatione,
654 1154 703 1199 et
754 1144 905 1214 fuga,
947 1152 996 1197 et
1034 1141 1366 1212 prolapsione
1421 1139 1680 1201 bonorum
1719 1140 1796 1193 eis

203 1232 623 1290 convenientium
656 1233 908 1295 dicuntur
949 1231 1101 1297 ntali,
1154 1240 1376 1301 suntque
1408 1227 1571 1293 mali,
1611 1244 1800 1283 secun‘~

200 1325 337 1385 dum
357 1326 505 1397 quod
523 1340 627 1380 non
657 1333 777 1379 sunt
803 1341 821 1389 ;
861 1334 909 1377 et
945 1321 1340 1398 nonexistentis
1367 1318 1569 1390 cupidi,
1592 1318 1794 1372 malum

202 1427 479 1488 appetunt.
515 1416 731 1474 Intuere
765 1417 876 1472 vim
921 1418 938 1448 ί
967 1416 1281 1481 verborum,
1309 1421 1365 1469 et
1407 1402 1647 1483 quantae
1671 1411 1797 1467 sub-

206 1508 418 1567 tilitatis
451 1517 598 1564 sunt.
630 1508 816 1564 Primo
858 1507 1075 1578 quidem
1122 1503 1500 1583 universaliter
1526 1500 1796 1557 breviter¢

198 1615 312 1669 que
354 1598 836 1669 comprehenderis,
887 1598 1180 1652 daemones
1228 1602 1423 1649 natura
1464 1592 1635 1647 malos
1688 1606 1797 1647 non

200 1705 349 1755 esse,
381 1689 610 1754 dicendo
638 1689 728 1743 sed
773 1705 934 1759 neque
966 1688 1245 1742 daemones
1281 1694 1472 1740 natura
1510 1682 1662 1749 mali,
1710 1696 1799 1737 ra-

1898 506 2044 579 suut,
2076 507 2132 553 et
2163 498 2214 553 in
2251 498 2494 566 subjecto
2530 502 2762 568 quodam
2811 491 3200 571 intelliguntur.
3242 499 3350 557 Sed
3389 491 3486 557 ne-

1894 604 2001 659 que
2030 588 2119 645 illa
2138 598 2562 660 corrumpuntur
2591 605 2622 643 a
2647 588 2819 657 malo;
2850 591 3037 658 augeri
3066 591 3213 647 enim
3243 594 3486 650 accidens

1896 680 1969 736 tia
2005 681 2366 748 substantiae,
2399 676 2481 736 rei
2511 681 2706 748 minui,
2739 698 2912 753 neque
2937 684 3136 739 malum
3172 693 3279 750 est,
3311 692 3488 757 neque

1896 772 2194 842 cerruptio,
2222 771 2316 827 sed
2361 771 2637 842 profectus
2667 772 2884 843 quidam
2906 777 2928 816 ν
2956 783 3119 844 atquc
3143 765 3385 832 defeetus
3399 790 3488 831 cai-

1894 862 2148 933 pacitatis
2176 862 2620 941 substantiarum.
2652 863 2774 919 Ideo
2805 864 2879 919 ait
2907 882 2919 919 :
2953 862 3136 936 Neque
3168 868 3265 941 hoc
3298 864 3439 922 omni
3462 868 3486 900 ⁸

1892 963 1943 1008 et
1966 954 2177 1009 omnino
2198 939 2426 1019 malum,
2439 955 2541 1009 hoc
2557 963 2662 1020 est,
2684 968 2857 1025 noque
2883 959 3161 1029 acceptiva
3181 939 3490 1030 corruptiod-

1894 1044 1981 1101 nis
2010 1060 2042 1099 a
2082 1044 2224 1099 malo
2255 1054 2696 1115 corrumpuntur,
2729 1047 2855 1116 quia
2907 1063 3084 1118 neque
3116 1047 3337 1104 omnino
3378 1065 3491 1104 ma”-

1895 1137 2030 1194 lum.
2076 1136 2208 1192 Nam
2242 1138 2294 1192 in
2324 1138 2429 1193 hoc
2456 1136 2575 1193 loco
2607 1154 2709 1192 una
2752 1141 2970 1210 negatio
3010 1140 3095 1196 bis
3123 1143 3343 1212 ponitur
3366 1143 3487 1198 sic:

1898 1239 2061 1299 neque
2080 1229 2178 1283 Itoc
2204 1230 2347 1282 omni
2377 1236 2398 1270 θ
2432 1238 2480 1282 et
2507 1246 2670 1302 neque
2693 1232 2904 1285 omnino
2927 1232 3145 1286 malum.
3180 1232 3319 1301 Quid
3343 1237 3488 1290 enim

1897 1327 2307 1390 corrumperet,
2348 1319 2492 1389 quod
2542 1321 2765 1376 omnino
2819 1336 2924 1376 non
2958 1323 3100 1395 gest?
3139 1323 3272 1378 Nam
3314 1325 3492 1379 omnis

1896 1408 2193 1478 corruptio,
2223 1423 2363 1480 quae
2417 1410 2471 1464 in
2517 1418 2712 1464 natura
2741 1424 2923 1465 rerum
2970 1404 3310 1468 mutabilium
3338 1411 3489 1469 intel-

1898 1496 2105 1569 ligitur;
2134 1508 2227 1554 aut
2278 1499 2525 1556 defectus
2572 1500 2924 1571 perfectionis
2973 1512 3089 1569 est,
3134 1513 3229 1559 aut
3270 1505 3338 1559 de
3372 1519 3491 1575 spe-

1898 1591 1983 1665 cie
2045 1591 2100 1646 in
2154 1592 2391 1662 speciem
2451 1593 2714 1649 transitus
2762 1596 3055 1661 materiae,
3116 1606 3209 1651 aut
3265 1613 3493 1668 generai-

1901 1684 2030 1740 Iium
2062 1685 2116 1739 in
2145 1678 2404 1754 speCialia
2433 1694 2489 1739 et
2529 1685 2842 1757 specialium
2896 1687 2951 1742 in
3001 1688 3275 1757 generalia
3320 1701 3495 1744 trans;

201 1782 409 1842 tionem
457 1779 781 1849 subiunxit:
823 1780 1013 1833 etenim
1039 1779 1085 1832 si
1108 1786 1301 1853 natura
1344 1773 1496 1839 ntali,
1524 1789 1688 1844 neque
1728 1788 1793 1826 ex
1826 1760 1872 1819 Β
1899 1776 2147 1841 ιιιιιιειιίο⁵
2199 1791 2342 1847 quae
2392 1777 2575 1833 omnia
2625 1793 2731 1833 non
2788 1779 2950 1844 mala,
3003 1781 3098 1835 sed
3150 1768 3493 1835 mutabilium

200 1869 362 1934 bona,
395 1868 506 1923 Deo
551 1866 824 1932 videlicet,
853 1865 947 1937 qui
993 1864 1143 1921 solus
1170 1879 1202 1918 a
1250 1863 1429 1933 scipso
1462 1863 1638 1918 bonus
1684 1869 1793 1926 est,

199 1960 370 2015 creati
401 1967 557 2026 sunt;
609 1956 1013 2029 omnequippe,
1043 1955 1188 2026 quod
1226 1954 1294 2010 ab
1323 1970 1388 2011 eo
1415 1962 1657 2009 creatum
1688 1961 1793 2018 est,

200 2038 411 2105 bonum
438 2057 542 2115 est,
581 2062 689 2104 nou
715 2046 862 2104 enim
893 2062 958 2102 ex
989 2048 1131 2102 bono
1164 2044 1365 2101 malum
1410 2044 1527 2100 ﬁeri
1575 2051 1753 2114 potest
1778 2059 1793 2108 ;

199 2150 383 2209 neque
413 2139 468 2194 in
495 2128 846 2197 exiStentium
876 2128 1196 2192 naturarum
1227 2123 1453 2191 numero
1480 2141 1796 2203 computau-

203 2241 326 2298 tur;
360 2248 523 2303 neque
561 2247 629 2287 ea:
679 2231 827 2286 bonis
884 2245 1189 2285 conuersum
1226 2229 1246 2259 '
1284 2238 1501 2294 natura,
1541 2227 1646 2281 hoc
1685 2234 1794 2291 est,

203 2337 385 2394 neque
407 2337 479 2379 ex
506 2321 666 2377 bonis
691 2320 897 2390 angelis
923 2328 1120 2375 natura
1144 2319 1197 2373 iu
1220 2317 1480 2372 malitiam
1508 2330 1797 2387 perversae

201 2413 504 2470 voluntatis
532 2413 783 2485 conversi
818 2420 965 2466 sunt.
1005 2410 1148 2466 llaec
1168 2410 1316 2464 enim
1347 2407 1606 2475 vocabula.
1632 2421 1793 2477 prae-

203 2507 352 2564 l'atus
378 2515 563 2565 nllClOl'
604 2503 1141 2577 praevaricatoribus.
1179 2501 1384 2571 angelis
1430 2498 1569 2555 solet
1618 2498 1793 2569 impo-

205 2614 359 2656 nere.
395 2596 714 2661 Conuersata
742 2596 786 2662 ⁸,
836 2597 941 2651 hoc
971 2602 1056 2650 est
1082 2594 1493 2649 conversionem
1525 2605 1597 2645 ex
1624 2582 1801 2646 bono-4

204 2704 331 2744 rum
356 2693 574 2753 natura,
601 2698 658 2745 et
682 2701 868 2743 Casum
895 2701 930 2741 θ
976 2685 1265 2754 sapientia.
1314 2679 1381 2736 Et
1421 2697 1624 2751 semper
1670 2680 1798 2734 ntali

1899 1878 2082 1920 rerum
2111 1866 2388 1922 naturales
2429 1866 2719 1937 qualitates
2744 1877 2807 1923 et.
2830 1870 3166 1938 quantitates
3193 1879 3248 1924 et
3272 1883 3496 1925 conver-

1895 1957 2079 2028 siones
2094 1955 2138 1989 "
2159 1958 2552 2031 intelliguntur.
2574 1961 2767 2015 Cetrra
2783 1976 2911 2016 vero
2927 1958 3087 2030 hujus
3100 1960 3318 2031 capituli
3335 1959 3494 2031 plana

1897 2059 2045 2116 sunt,
2069 2060 2122 2107 et
2149 2051 2504 2123 eupositiouis
2534 2065 2641 2107 non
2672 2052 2931 2123 indigent.
2966 2053 3322 2124 Apertissimc
3347 2067 3496 2107 nam.

1898 2156 2006 2212 que
2032 2142 2210 2207 docet,
2237 2142 2371 2196 nihil
2397 2157 2605 2207 eorum,
2638 2156 2780 2213 quae
2810 2151 2955 2209 sunt,
2986 2144 3287 2200 secundum
3309 2157 3496 2200 essem-

1902 2218 2033 2288 t'iam
2081 2244 2137 2288 et
2190 2243 2441 2288 naturam
2490 2248 2648 2304 posse
2702 2234 2997 2305 corrumpi,
3047 2232 3315 2290 defectum
3363 2248 3494 2289 vero

1899 2326 2161 2381 naturalis
2195 2323 2421 2390 ordinis,
2448 2336 2503 2379 et
2531 2324 3075 2381 commcnsurationis
3100 2324 3493 2389 inﬁrmitatem,

1900 2415 2097 2485 quibus
2132 2413 2342 2470 duobus
2371 2414 2651 2469 mutabilia
2689 2415 2880 2470 eodem
2923 2416 3082 2470 modo
3127 2429 3343 2485 semper
3380 2429 3496 2470 mat

1900 2519 2032 2559 nere
2055 2520 2160 2559 non
2192 2513 2437 2575 possunt,
2478 2505 2842 2575 corruptionis
2872 2504 3135 2561 vocabulo
3168 2506 3412 2571 vocitari,
3440 2514 3498 2561 et

1897 2593 2044 2665 quod
2088 2594 2202 2663 ipsa
2235 2593 2513 2664 corruptio
2543 2592 2666 2649 non~
2703 2593 2906 2647 malum
2955 2594 3049 2659 sit,
3098 2593 3191 2648 sed
3240 2594 3495 2648 deﬁciens

1902 2688 2121 2742 bonum.
2156 2686 2212 2742 Si
2244 2688 2391 2742 enim
2420 2686 2623 2743 malum
2653 2696 2817 2752 esset,
2851 2688 2902 2743 in
2935 2698 3126 2743 natura
3168 2694 3351 2744 rerum
3385 2700 3495 2743 non

202 2780 471 2846 existunt;
493 2794 523 2833 a
553 2776 921 2849 superioribus
948 2773 1245 2831 assumitur
1272 2772 1490 2844 negatio
1520 2789 1534 2826 :
1564 2780 1615 2825 et
1636 2783 1797 2841 neque
1817 2756 1882 2807 δ’
1903 2777 2181 2833 existeret.
2248 2777 2415 2833 Docet
2446 2778 2636 2845 etiam,
2685 2778 2982 2834 daemones
3043 2794 3147 2833 non
3198 2779 3496 2834 secundum

200 2885 411 2940 semper
439 2868 570 2924 mali
613 2871 865 2935 existunt.
902 2865 1036 2923 Nam
1064 2865 1210 2937 quod
1236 2874 1428 2921 natura
1459 2864 1661 2920 malum
1695 2864 1824 2930 esl,'
1867 2900 1873 2906 -
1904 2854 2048 2941 Quod
2096 2876 2244 2935 sunt,
2273 2869 2445 2925 malos
2472 2883 2619 2936 esse,
2651 2885 2715 2925 ex
2747 2870 2954 2940 optimo
2997 2870 3141 2925 enim
3172 2879 3317 2936 sunt,
3350 2871 3496 2941 οριίι

204 2977 317 3020 non
344 2969 525 3032 potest
549 2975 763 3032 semper
792 2961 1048 3017 existere.
1080 2959 1339 3015 Naturam
1365 2959 1562 3030 quippe
1600 2944 1726 3012 mali
1748 2944 1842 3012 etX
1870 2978 2134 3036 lanaeque
2166 2963 2459 3036 participes
2485 2963 2753 3018 essentiae
2788 2964 2854 3028 “,
2895 2965 2988 3018 sed
3019 2963 3313 3020 secundum
3352 2952 3496 3034 quod

204 3023 459 3111 maliiiae.
489 3023 766 3110 aeternam
789 3051 811 3082 ⁸
841 3067 962 3108 esse
995 3050 1329 3121 impossibile
1353 3058 1457 3106 est.
1489 3047 1802 3104 Substantia

1906 3070 2014 3112 non
2047 3064 2194 3121 sunt,
2232 3055 2357 3110 mali
2391 3056 2666 3110 dicuntur.
2709 3054 2775 3110 Et
2805 3055 2933 3126 quid
2967 3055 3018 3109 iu
3062 3056 3143 3109 eis
3182 3055 3381 3109 malum
3415 3046 3496 3109 die

206 3152 390 3207 autem
438 3142 760 3200 daemonum
805 3156 1095 3213 nunquam
1123 3140 1339 3211 peribit.
1373 3138 1576 3194 Natura
1614 3140 1801 3208 itaque

208 3235 341 3291 mali
367 3249 472 3291 non
492 3242 639 3304 sunt.
661 3233 868 3295 Deinde
893 3240 1211 3303 argumenta
1228 3245 1327 3302 per
1348 3230 1803 3298 interrogationes

207 3325 470 3391 subdidit,
524 3325 708 3381 dicens
748 3340 764 3378 :
813 3322 1085 3395 Sequitur,
1127 3322 1329 3377 sibimet
1371 3330 1492 3377 sunt
1542 3321 1693 3385 mali,
1735 3337 1807 3374 an

209 3417 338 3477 aliis
360 3417 387 3470 2’
420 3416 499 3470 Ac
530 3415 576 3470 si
602 3415 836 3471 dixisset,
862 3429 878 3468 :
910 3415 956 3469 si
985 3422 1177 3468 natura
1207 3412 1333 3467 mali
1363 3422 1509 3477 sunt,
1546 3424 1801 3465 necessa-

209 3508 300 3564 rio
326 3515 423 3563 aut.
446 3506 664 3565 sibimet
684 3506 812 3561 mali
847 3514 994 3570 sunt,
1023 3513 1117 3560 aut
1143 3504 1285 3558 aliis.
1304 3503 1372 3556 Et
1394 3502 1649 3573 siquidem
1675 3498 1804 3555 sibi-

205 3606 320 3656 met
345 3637 361 3663 ,
415 3613 486 3651 an
524 3603 867 3666 corrumpunt
908 3593 1142 3664 scipsos?
1191 3591 1386 3662 Utique
1425 3599 1801 3660 corrumpunt.

210 3688 725 3759 Quod-impossibile
750 3696 836 3743 est
860 3686 1007 3752 ﬁeri;
1034 3685 1177 3741 nulla
1204 3684 1471 3753 siquidem
1499 3670 1693 3737 naiura
1718 3696 1801 3736 se-

209 3785 390 3855 ipsam
433 3794 782 3851 corrumpere
828 3787 1039 3850 potest;
1066 3777 1321 3832 accidens
1357 3785 1443 3832 est
1467 3775 1614 3831 enim
1657 3775 1804 3829 omni

211 3883 449 3932 naturae
472 3873 561 3929 sui
590 3873 889 3942 corruptio.
941 3871 1019 3927 Ac
1042 3885 1140 3941 per
1165 3871 1269 3927 hoc
1295 3870 1340 3925 si
1370 3878 1565 3924 natura
1591 3868 1806 3923 daemo-

208 3981 347 4023 num
383 3966 523 4021 mala
542 3972 653 4030 est,
693 3964 912 4020 sibimet
955 3976 1063 4017 non
1107 3969 1191 4029 est
1215 3960 1377 4031 mala,
1425 3957 1678 4030 quoniam
1706 3960 1805 4013 ἐρε-

208 4058 392 4131 ipsam
420 4072 546 4113 non‘
575 4057 773 4112 sinitur
816 4066 1201 4124 corrumpere;
1236 4050 1435 4107 malum
1465 4050 1671 4120 quippe.
1696 4064 1804 4104 non

204 4151 375 4218 mali,
403 4149 498 4206 sed
545 4149 672 4205 boni
702 4157 788 4204 est
811 4147 1108 4215 corruptio.
1145 4142 1205 4200 Si
1246 4153 1421 4198 autem
1455 4141 1575 4196 aliis
1613 4150 1809 4213 natura

212 4244 381 4302 bonis
407 4241 532 4298 mali
565 4249 713 4307 sunt,
742 4239 1001 4312 quomodo
1029 4253 1094 4295 ea
1125 4246 1489 4307 corrumpunt,
1518 4247 1696 4305 utrum
1723 4252 1807 4290 es—

206 4339 443 4396 sentiam
493 4351 697 4399 eorum,
735 4350 806 4388 an
843 4333 1108 4398 uirtutem,
1140 4348 1209 4387 an
1241 4338 1263 4375 ⁸
1305 4329 1719 4385 αοιὶοηεηιῖιΑο
1762 4328 1808 4384 si

1909 3148 2072 3213 citur,
2096 3158 2285 3218 aperte
2309 3147 2571 3219 declarat,
2607 3147 2977 3202 inﬁrmitatem
3001 3147 3254 3204 videlicet
3280 3162 3495 3211 eorum,

1907 3253 2011 3309 qua
2064 3251 2285 3294 servare
2342 3254 2500 3295 sumn
2555 3238 2743 3293 nolunt
2800 3238 3163 3308 principium,
3225 3250 3495 3305 summum

1906 3330 2115 3385 scilicet
2147 3330 2371 3393 bonum,
2416 3344 2484 3383 ex
2517 3344 2625 3400 quo
2654 3340 2780 3386 sunt
2806 3373 2822 3398 ,
2868 3330 3249 3403 negligentiam
3283 3344 3498 3402 quoque

1906 3435 2117 3484 eorum,
2182 3435 2290 3490 qua
2359 3421 2663 3476 divinorum
2740 3414 3004 3477 bonorum
3075 3421 3390 3489 habitudine
3444 3432 3502 3477 et

1906 3514 2119 3569 actione
2151 3522 2347 3568 vacant
2392 3516 2459 3580 ¹²,
2495 3500 2808 3585 ceteraque,
2849 3530 2988 3586 quae
3016 3516 3081 3571 de
3110 3514 3327 3571 miseria
3364 3513 3498 3569 dae-

1907 3618 2129 3676 monum
2179 3603 2608 3660 luculentissime
2655 3620 2684 3659 a
2735 3606 2980 3676 praefato
3038 3606 3300 3676 magistro
3355 3604 3499 3659 dicta

1904 3703 2057 3761 sunt,
2097 3695 2275 3766 deque
2300 3706 2527 3750 naturae
2575 3711 2767 3751 eorum
2803 3696 3067 3761 bonitate,
3099 3705 3155 3755 ct
3188 3696 3331 3766 quod
3364 3694 3498 3751 nihil

1906 3784 2286 3851 donationum,
2318 3800 2453 3855 quas
2495 3787 2548 3839 iu
2588 3787 2899 3842 conditione
2937 3789 3018 3842 sui
3063 3795 3410 3857 acceperunt,
3444 3785 3496 3839 iu

1900 3877 2011 3935 eis.
2031 3884 2423 3931 commutatum
2469 3877 2541 3931 sit
2585 3885 2676 3933 aut
2705 3878 2775 3933 ab
2798 3878 2882 3933 eis
2913 3878 3211 3948 demptum,
3238 3876 3329 3932 sed
3369 3877 3500 3930 inte-

1907 3971 2150 4041 gritatem
2193 3980 2243 4023 et
2278 3969 2582 4039 claritatem
2607 3985 2734 4024 suae
2764 3979 2987 4024 naturae
3013 3985 3215 4039 semper
3251 3984 3498 4030 manere.

1909 4064 2282 4133 quamvis'non
2313 4061 2613 4134 intelligant
2648 4062 2692 4094 ¹⁸
2722 4077 2849 4117 suas
2876 4061 3224 4128 speculatiuas
3259 4062 3496 4123 uirtutes.

1901 4169 2047 4224 quas
2075 4154 2142 4208 ad
2168 4153 2682 4223 contemplationem
2721 4152 2805 4210 sui
2844 4153 3145 4218 Creatoris,
3182 4153 3229 4207 si
3274 4152 3497 4214 vellent,

1899 4246 2103 4314 insitas
2128 4246 2350 4309 habent,
2377 4246 2632 4315 fugientes
2654 4262 2688 4300 η
2708 4261 2827 4300 vero
2850 4244 3070 4307 lumine,
3096 4254 3144 4297 et
3171 4242 3412 4297 cadentes
3435 4257 3501 4295 ea:

1895 4336 2339 4405 conualui-alium
2368 4335 2467 4389 sibi
2488 4335 2803 4405 optimorum
2826 4333 3139 4405 angelorum
3160 4332 3498 4403 contempla-

214 4428 465 4486 dicereh
498 4428 691 4483 Ιιπυηι
719 4427 882 4480 "ium
906 4423 1109 4479 “unum
1137 4425 1159 4456 ⁸
1191 4432 1418 4492 Possunt
1437 4434 1804 4491 corrumpere.
1833 4467 1888 4529 Β
1915 4430 2022 4484 tiva
2052 4431 2281 4503 virtute,
2324 4436 2661 4499 appetentes,
2690 4427 2844 4498 quod
2891 4443 2999 4483 non
3027 4436 3111 4483 est
3137 4445 3149 4481 :
3184 4440 3240 4482 ct
3277 4428 3382 4483 hoc
3416 4438 3503 4483 est

201 4519 372 4576 -Haec
397 4518 542 4575 enim
569 4518 691 4582 tria,
718 4516 1010 4572 essenliam
1034 4516 1176 4580 dico.
1206 4523 1261 4570 el
1292 4514 1569 4580 νίΐιαῑθω,
1615 4522 1671 4569 el
1711 4528 1806 4569 ³ο·
1833 4514 1883 4529 υ
1918 4534 2110 4589 totum,
2139 4522 2282 4593 quod
2315 4523 2366 4577 in
2394 4523 2475 4578 eis
2515 4523 2714 4577 malum
2741 4531 2797 4578 et
2825 4520 3029 4576 malitia
3056 4520 3273 4577 dicitur.
3310 4518 3501 4577 Vidisti
3558 4534 3641 4593 λ’

218 4569 370 4576 -----
999 4569 1005 4570 7
1220 4569 1229 4570 7
1306 4569 1337 4570 η
1470 4569 1481 4570 7
1555 4569 1568 4580 .
1918 4569 2110 4589 ----....,
2141 4569 2282 4593 νη-
2398 4569 2474 4578 ν--
2744 4569 2797 4578 --
2825 4569 3029 4576 --τ---ω
3061 4569 3273 4577 ηψπ--
3326 4569 3501 4577 ..ω---

200 4611 430 4666 ~tionem
456 4612 512 4665 in
545 4610 795 4666 omnibus
820 4608 1246 4678 iueorruptibilia
1290 4616 1435 4674 sunt,
1465 4607 1721 4676 quoniam
1756 4608 1807 4663 in
1896 4630 2069 4685 .crgo,
2094 4615 2236 4683 quod
2271 4623 2461 4668 natura
2487 4608 2806 4668 daemonum
2837 4620 2893 4668 et
2915 4613 3052 4669 bona
3094 4613 3273 4677 sit,'et
3299 4630 3329 4667 a
3358 4569 3603 4685 sum-,f

206 4700 317 4756 his
347 4700 522 4756 tribus
544 4700 733 4755 omnis
768 4708 958 4754 natura
991 4698 1259 4754 subsistit.
1304 4698 1373 4752 Et
1421 4699 1524 4752 hoc
1550 4707 1633 4752 est
1666 4698 1810 4765 quod

203 4789 512 4859 sequitur:
554 4788 827 4860 Siquidem
864 4788 1177 4853 essentiam;
1209 4788 1436 4857 primum
1463 4787 1673 4856 quidem
1708 4803 1812 4842 non

204 4880 384 4952 juxta
412 4890 681 4947 naturam,
715 4881 819 4935 hoc
862 4887 966 4944 est,
1008 4894 1116 4934 non
1166 4878 1310 4933 illam
1352 4878 1670 4942 essentiam,
1705 4894 1813 4948 qua

224 4971 480 5027 subsistit
510 4980 725 5027 natura.
765 4971 979 5025 Natura
1007 4972 1145 5026 enim
1173 4971 1614 5041 incorruptibilia,
1636 4987 1818 5029 essetis

201 5063 366 5121 ﬁam
387 5063 654 5131 videlicet,
668 5064 941 5127 virtutem,
958 5071 1016 5117 et
1035 5063 1324 5128 actionem,
1339 5079 1442 5117 non
1453 5076 1816 5136 corrumpunt,

200 5157 326 5213 ‘sed
363 5158 625 5228 acceptior:
646 5156 1021 5226 corruptionis,
1046 5158 1149 5211 hoc
1171 5165 1276 5220 est,
1296 5171 1436 5226 quae
1457 5168 1683 5229 possunt
1701 5176 1814 5214 cor-

231 5248 438 5320 rumpi,
470 5256 530 5302 ut
552 5256 677 5303 sunt
707 5248 974 5302 naturalia
1004 5248 1323 5314 accidentia,
1367 5249 1657 5319 qualitates
1698 5252 1821 5307 dico

1897 4660 2069 4685 νον,
2096 4660 2236 4683 τω-
2489 4660 2806 4668 ν-.-...ν.-----
2840 4660 2893 4668 ν-
2917 4660 3052 4669 η---
3094 4660 3185 4677 _.-,
3222 4660 3273 4669 ν-
3299 4660 3329 4667 --
3358 4660 3475 4669 --.η

1897 4720 2007 4769 ,ηιο
2032 4705 2176 4760 bono
2198 4702 2360 4767 facta,
2382 4704 2601 4773 etquod
2625 4719 2729 4758 non
2753 4703 3047 4758 secundum
3066 4704 3209 4773 quod
3235 4713 3380 4767 sunt,
3408 4660 3521 4760 sed

1897 4797 2212 4853 .secundum
2243 4795 2389 4866 quod
2418 4794 2522 4851 non
2548 4804 2697 4859 sunt,
2728 4794 2853 4850 mali
2879 4794 3154 4851 dicuntum
3185 4796 3263 4851 Ac
3284 4811 3383 4866 per
3400 4797 3506 4853 hoc

1898 4888 2159 4945 naturali
2210 4887 2534 4943 necessitate
2582 4888 2847 4957 sequitur,
2899 4888 3045 4957 quod
3100 4888 3152 4942 in
3203 4888 3283 4944 eis
3328 4897 3422 4945 est
3477 4905 3508 4943 a

1886 4992 2138 5037 -summo
2165 4976 2276 5033 Deo
2305 4977 2527 5042 factum,
2576 4978 2913 5035 solummodo
2962 4979 3015 5034 in
3040 4979 3138 5036 .eis
3184 4994 3513 5048 permansu-

1925 5082 2068 5136 rum,
2100 5070 2247 5125 nullo
2275 5070 2538 5140 modoque
2559 5070 2906 5141 muniendum,
2930 5072 3072 5142 quod
3093 5079 3274 5126 autem
3302 5088 3369 5127 ex
3400 5072 3515 5126 Deo

1890 5175 2033 5218 7mm
2069 5170 2171 5225 est,
2214 5160 2427 5216 illorum
2458 5161 2707 5218 videlicet
2752 5162 2953 5217 malitia
2980 5162 3045 5226 “,
3074 5162 3396 5232 periturum,
3448 5178 3515 5216 ne

1928 5250 1989 5310 in
2009 5255 2186 5325 aliqua
2214 5263 2484 5319 creatura,
2516 5254 2631 5308 sive
2665 5252 2922 5319 humana,
2960 5253 3074 5308 sive
3102 5252 3368 5324 angelica,
3400 5267 3515 5306 ma-

1521 5360 1776 5427 VARIAE
1809 5367 2208 5432 LECTIONES.

307 5483 326 5516 ¹
357 5482 402 5538 Α
432 5491 682 5536 tenorem.
785 5481 805 5511 ¹
839 5474 939 5533 'Sic
970 5472 1056 5533 CF
1072 5494 1087 5544 ;
1131 5476 1178 5531 Α
1205 5480 1458 5534 conversi.

1535 5481 1557 5513 ⁸
1595 5483 1685 5538 Sic
1714 5485 1828 5551 CF;
1867 5489 1906 5542 A
1940 5488 2194 5543 conversi.

2282 5485 2304 5517 ⁸
2342 5479 2428 5541 CF
2456 5482 2665 5541 Natura
2692 5495 3041 5539 —-—neternam
3073 5500 3195 5541 esse
3289 5486 3312 5525 ⁸
3348 5484 3387 5537 Α
3428 5500 3512 5537 ac.

208 5553 260 5587 “
278 5554 321 5608 A
354 5552 519 5607 nulla.
594 5552 614 5584 ⁷
644 5551 733 5608 Sic
759 5549 873 5615 CF;
908 5549 953 5602 Α
980 5548 1230 5619 perfectio
1254 5551 1551 5616 quaedam!
1585 5555 1607 5585 ⁸
1628 5553 1713 5609 CF
1741 5548 1951 5612 omnino
1976 5566 2031 5612 et
2052 5558 2274 5614 omnino
2368 5559 2390 5590 ⁹
2412 5556 2497 5612 CF
2520 5558 2729 5611 omnino
2805 5556 2849 5588 ¹⁰
2874 5567 2919 5610 et
2947 5559 3301 5612 conversiones
3320 5570 3429 5609 om.
3446 5554 3509 5609 Α.

204 5622 366 5703 "LA
405 5622 755 5703 optimumque
799 5621 1094 5675 sortiuntur
1138 5620 1432 5675 essentiam.
1511 5623 1553 5654 ³³
1594 5621 1685 5680 Sic
1713 5624 1851 5699 'CF;
1883 5628 1927 5682 Α
1966 5628 2153 5683 vacant
2193 5639 2243 5684 et
2285 5628 2509 5683 actione.
2552 5648 2556 5652 Α
2588 5628 2633 5658 ¹³
2671 5629 2717 5682 Ἀ
2746 5626 3051 5691 intelligunt

235 5692 452 5748 illorum
476 5692 705 5748 malitia.

3149 5628 3197 5660 ⁵⁸
3236 5627 3281 5681 Λ
3314 5628 3406 5680 liae
3440 5623 3516 5677 est
