4028 6282
437 5465 439 5468 ‘
528 5470 617 5511 om
666 5455 774 5512 CF.

542 282 654 343 935

1918 263 2198 335 ΙοΑΝΝιε
2235 264 2429 333 SCOTI

3689 268 3813 335 D36

538 400 652 456 litia
698 398 872 471 possit
907 396 1020 452 ﬁeri
1081 420 1088 430 -
1136 390 1391 467 perpeiua
1437 392 1490 449 et
1535 391 1765 448 bonitati
1808 405 2115 451 coacterna.
2147 398 2192 457 Α
2222 392 2347 447 liter
2370 391 2423 445 in
2462 389 2694 460 quadam
2723 397 2896 460 parte,
2943 383 3025 445 vel
3056 390 3107 444 in
3139 389 3182 422 ¹³
3211 397 3324 445 toto
3366 386 3526 459 huius
3565 390 3815 447 visibilis

543 491 798 546 Similiter
817 490 884 545 de
907 496 1077 544 morte
1100 497 1154 543 et
1178 486 1394 542 miseria
1421 484 1849 555 intelligendum,
1878 501 1948 540 ne
1974 486 2118 540 vitae

538 592 594 636 et
619 581 934 638 beatitudini
971 579 1100 655 quid
1130 578 1459 635 contrarium
1487 585 1648 647 atque
1676 591 1933 655 coaevum
1964 575 2120 631 intel-

539 673 754 745 ligatur.
786 670 953 727 Porro
979 644 1023 725 si
1056 666 1436 724 universaliter
1461 644 1687 733 malitia,
1720 644 1969 729 et‘mors,
1995 679 2122 719 acu-

537 765 759 833 leusque
786 760 925 831 ejus,
948 760 1093 832 quod
1124 768 1206 815 est
1238 766 1542 830 peccatum,
1563 757 1847 828 omnisque
1878 755 2124 820 miseria,

536 857 759 926 insuper
777 854 942 909 etiam
968 850 1292 908 novissimus
1319 849 1587 912 inimicus,
1613 848 1852 918 nequitia
1873 845 2121 901 videlicet

536 944 824 1007 diabolica,
864 940 1294 1010 universalisque
1336 939 1615 1009 impietas,
1645 934 1764 1011 [aut
1806 937 1918 1006 ipsa
1972 942 2121 991 certe

536 1032 709 1106 mors]
736 1044 779 1101 θ,
816 1018 885 1088 de
912 1040 1104 1087 natura
1153 1044 1333 1087 rerum
1379 1027 1722 1084 abolebitur:
1753 1026 1881 1096 quid
1929 1032 2118 1087 restat,

535 1126 641 1182 nisi
669 1134 731 1180 ut
754 1124 866 1181 sola
891 1120 1213 1179 universalis
1234 1128 1482 1176 creatura
1514 1118 1659 1175 omni
1691 1117 1843 1172 faece
1882 1115 2120 1171 malitiae

536 1227 593 1272 et
615 1214 910 1286 impietatis
923 1221 1169 1285 purgata,
1185 1209 1333 1266 omni
1349 1218 1528 1278 morte
1551 1205 1909 1277 corruptionis
1926 1205 2115 1268 libera,

534 1306 856 1377 penitusque
879 1300 1122 1359 absoluta
1152 1298 1467 1357 remaneat?
1495 1298 1562 1352 Et
1592 1299 1725 1352 haec
1747 1304 1831 1352 est
1851 1294 2120 1366 generalis

537 1399 823 1453 universae
868 1405 1170 1457 creaturae,
1222 1404 1362 1460 quae
1406 1404 1437 1441 a
1486 1388 1743 1443 servitute
1780 1385 2117 1450 liberabitur,

536 1481 892 1548 resurrectio,
941 1481 1310 1552 mysticaeque
1354 1486 1551 1542 terrae,
1581 1485 1804 1529 naturae
1849 1472 2117 1536 videlicet,

538 1575 819 1630 renovatio
839 1572 878 1625 ³.
907 1573 980 1626 De
1010 1585 1115 1640 qua
1146 1566 1414 1638 Propheta
1434 1566 1737 1636 praedixit:
1769 1564 1985 1635 Auferes
2008 1564 2119 1633 spi-

535 1666 692 1718 ritum
710 1679 912 1728 corum,
926 1670 971 1716 et
993 1658 1254 1728 deﬁcient,
1271 1668 1318 1711 et
1341 1657 1394 1710 in
1410 1656 1669 1727 pulverem
1691 1671 1843 1709 suum
1865 1662 2120 1708 reverten-

2220 490 2521 544 ereaturae,
2549 490 2623 545 et,
2657 487 2717 534 ut
2742 480 3062 550 simpliciter
3086 481 3286 545 dicam,
3309 495 3482 550 neque
3505 481 3649 534 intra
3682 482 3813 535 uni.

2220 571 2534 628 versitatem
2589 579 2753 625 lOllllS
2798 579 3025 626 naturae
3063 586 3094 625 a
3139 570 3250 626 Deo
3289 571 3539 626 conditae
3591 570 3817 624 futuras

2220 680 2342 721 esse
2368 665 2676 729 credimus;
2712 672 2768 719 et
2797 679 2971 733 neque
2998 679 3140 719 nunc
3174 678 3313 728 esse,
3347 672 3402 720 et
3423 679 3725 733 nusquam,
3755 671 3811 718 es

2221 773 2521 829 nunquam,
2544 756 2637 812 sed
2661 756 2712 810 in
2741 756 3006 811 malarunt
3031 756 3364 812 voluntatum
3391 765 3808 826 corruptarum-

2220 845 2833 919 querconscientiarum
2890 846 3164 915 perversis
3215 845 3482 910 motibus,
3535 844 3815 913 tardaque

2219 937 2552 1007 poenitentia
2579 945 2634 993 et
2654 935 3012 1002 infructuosa,
3043 935 3205 1004 inque
3233 948 3525 1005 perversae
3561 940 3813 1002 potata-

2219 1026 2289 1082 tis
2319 1026 2627 1081 omnimoda
2655 1024 3033 1088 subversione,
3072 1023 3186 1079 sive
3230 1023 3299 1077 ab
3328 1021 3376 1055 ³⁵
3417 1023 3663 1077 humana
3694 1021 3817 1075 sive

2219 1115 2460 1187 angelica
2492 1127 2761 1171 creatura.
2796 1113 3143 1169 Subvertitur
3166 1122 3368 1177 autem,
3397 1113 3544 1183 quod
3580 1113 3813 1166 omnino

2218 1209 2571 1278 extinguitur.
2633 1207 2997 1277 Extinguetnr
3058 1204 3280 1260 omnino
3341 1204 3521 1259 omnis
3575 1202 3814 1257 facultas

2216 1296 2519 1368 peccandi,
2571 1294 2989 1360 malefaciendi,
3037 1294 3198 1364 impie
3248 1293 3458 1363 agendi.
3521 1291 3815 1347 Facultate

2218 1396 2398 1443 autem
2433 1388 2600 1442 totius
2632 1385 2873 1440 malitiae
2900 1384 3114 1454 penitus
3144 1383 3441 1446 subtracta,
3471 1396 3658 1436 nonne
3693 1380 3813 1436 sola

2218 1479 2479 1546 occasio,
2515 1474 2771 1549 perversa
2835 1475 3087 1531 videlicet
3149 1474 3437 1537 voluntas,
3497 1474 3809 1527 remanebit

2218 1572 2384 1627 veluti
2453 1570 2736 1626 extincta?
2819 1567 2891 1624 Ut
2958 1568 3104 1622 enim
3174 1566 3305 1635 ﬁdes
3341 1564 3480 1620 sine
3560 1566 3817 1634 operibus

2222 1673 2428 1717 mortua
2473 1671 2586 1727 est;
2614 1660 2733 1716 silet
2757 1660 2900 1714 enim
2931 1660 2974 1691 ¹¹
3004 1675 3018 1712 :
3050 1659 3121 1712 ita
3145 1665 3422 1728 peccatum
3450 1657 3658 1725 absque
3684 1671 3813 1725 pos-

534 1752 652 1815 lnr;
682 1751 879 1806 emittes
893 1749 1134 1820 spiritum
1160 1755 1395 1811 tuum,et
1409 1745 1738 1808 creabantur,
1766 1754 1813 1798 et
1849 1742 2115 1797 renovabis
2148 1741 2191 1800 Β
2220 1751 2479 1808 sibilitate
2514 1749 2808 1820 peccandi,
2854 1757 2911 1803 et
2939 1748 3151 1803 malitia
3176 1747 3379 1816 absque
3410 1744 3710 1802 maleﬁcio,
3758 1753 3815 1799 et

534 1842 721 1915 [aciem
756 1854 943 1897 terrae.
989 1838 1094 1908 Qui
1123 1839 1285 1893 etiam
1324 1837 1512 1892 laetari
1557 1836 1831 1891 Dominum
1860 1837 1913 1890 in
1944 1833 2110 1905 operi-

535 1937 629 1989 bus
654 1936 763 1989 suis
792 1934 940 1999 dicit,
965 1930 1322 2002 deﬁcientibus
1345 1929 1700 2001 peccatoribus
1720 1946 1752 1982 a
1778 1939 1917 1982 terra
1936 1936 1984 1981 et
2005 1927 2110 1982 ini-

534 2028 676 2095 quis,
702 2026 777 2079 ita
804 2036 857 2079 ut
883 2041 984 2079 non
1006 2024 1129 2078 sint.
1146 2022 1423 2090 Quomodo
1449 2021 1591 2075 enim
1613 2019 1736 2090 quis
1762 2035 1828 2075 ex
1853 2016 2115 2091 peccato'

538 2116 926 2180 nominabitur,
966 2122 1186 2186 peccato
1243 2127 1346 2166 non
1394 2112 1688 2176 exis'ente;
1728 2119 1824 2165 aut
1866 2109 2111 2179 iniquus,

536 2204 822 2278 iniquitate
850 2206 1159 2262 destructa?
1190 2206 1342 2260 Sicut
1368 2204 1443 2258 ait
1475 2204 1612 2260 idem
1640 2192 1908 2273 Propheta
1944 2220 1957 2256 :
1991 2200 2114 2258 Non

533 2306 803 2368 resnrgent
832 2296 977 2366 impii
1026 2297 1080 2349 in
1110 2296 1335 2365 judicio.
1379 2293 1513 2348 Nam
1564 2295 1777 2364 quando
1810 2292 2116 2348 humanitas

535 2390 589 2442 in
643 2387 1042 2441 resurrectione
1085 2386 1498 2450 restaurabitur,
1547 2386 1691 2439 omni
1741 2384 2013 2455 impietate
2059 2393 2114 2440 et

535 2476 741 2531 malitia
764 2485 820 2531 et
846 2486 1017 2532 morte
1043 2476 1369 2532 absolvetur.
1400 2477 1476 2529 Ac
1502 2491 1597 2545 per
1628 2476 1727 2530 hoc
1764 2489 1937 2544 neque
1962 2474 2109 2541 mali,

535 2565 899 2639 nequeimpii
915 2578 1226 2639 resurgent;
1260 2566 1373 2623 sola
1413 2565 1677 2638 siquidem
1716 2575 1907 2621 natura
1934 2578 2116 2622 resur-

533 2665 623 2727 get
659 2658 705 2723 ⁸,
750 2657 998 2727 impietas
1032 2672 1161 2712 vero
1191 2666 1248 2713 et
1280 2657 1481 2712 malitia
1519 2666 1737 2712 aeterna
1774 2656 2117 2711 damnatione

531 2745 804 2816 peribunt.
839 2745 983 2801 Dtsc.
1010 2744 1142 2813 Quis
1161 2756 1393 2817 estergo
1414 2745 1501 2800 ille
1520 2755 1773 2801 aeternus
1793 2745 1952 2816 ignis,
1974 2747 2116 2814 quod

531 2833 878 2904 supplicium,
925 2834 1231 2904 ardensque
1277 2834 1555 2906 sulphurei
1600 2834 1622 2867 ⁸
1667 2842 1915 2905 stagnum
1945 2833 2114 2903 ignis,

532 2924 736 2978 vermis
777 2939 995 2995 quoque
1038 2941 1147 2982 non
1185 2926 1444 2991 moriens,
1490 2934 1781 2994 ceteraque
1826 2932 2115 2988 tormenta,

529 3027 670 3082 quae
695 3013 876 3070 divina
915 3014 1128 3086 eloquia
1173 3014 1388 3071 diabolo
1422 3015 1778 3085 omnibusque
1802 3013 1919 3082 ejus
1946 3028 2117 3069 mem-

2211 1842 2462 1913 impietas
2491 1838 2695 1910 absque
2732 1839 2999 1895 idolorum
3031 1838 3199 1893 cultu.
3241 1837 3496 1905 Quamvis
3544 1836 3703 1891 enim
3754 1837 3813 1889 in

2211 1933 2484 2003 perversis
2508 1932 2877 1989 voluntatibus
2898 1945 3151 2001 perverse
3177 1930 3371 2000 agendi
3411 1928 3692 1999 appetitus
3720 1944 3811 1981 ar-

2212 2023 2415 2093 dorque
2440 2038 2655 2093 semper
2680 2022 3060 2092 permanserit,
3110 2020 3363 2091 quoniam
3411 2018 3555 2088 quod
3582 2020 3809 2089 appeti-

2214 2121 2320 2177 tur,
2352 2112 2536 2182 perlici
2561 2126 2664 2166 non
2695 2110 2977 2176 sinitur,et
3002 2112 3057 2164 in
3079 2110 3245 2175 nullo,
3268 2109 3368 2164 nisi
3400 2109 3451 2163 in
3474 2107 3809 2178 semetipsa,

2216 2202 2429 2258 ﬂamma
2459 2200 2754 2257 malevolae
2777 2201 3089 2271 cupiditatis
3134 2201 3290 2256 ardet
3323 2218 3336 2254 :
3367 2200 3498 2270 quid
3544 2199 3699 2253 aliud
3726 2215 3810 2253 re-

2216 2296 2495 2366 linquitur,
2514 2295 2616 2349 nisi
2642 2292 2838 2349 foetida
2862 2292 3149 2357 cadavera,
3164 2293 3314 2348 omni
3335 2291 3480 2346 vitali
3505 2300 3689 2357 motu,
3707 2292 3813 2346 hoc

2215 2394 2321 2449 est,
2336 2399 2480 2439 omni
2501 2382 2827 2438 naturalium
2850 2384 3114 2438 bonorum
3141 2382 3342 2437 virtute
3361 2393 3526 2452 atque
3547 2383 3812 2435 substan-

2217 2474 2287 2529 tia
2317 2474 2566 2544 privata?
2614 2474 2681 2528 Et
2721 2473 2974 2529 fortassis
3028 2473 3165 2529 tales
3188 2481 3314 2528 sunt.
3343 2473 3661 2543 gravissimi
3694 2490 3816 2527 cru-

2216 2566 2391 2619 ciatus
2432 2564 2697 2619 malorum
2752 2564 3031 2619 hominum
3076 2571 3132 2619 et
3183 2564 3522 2634 angelorum,
3573 2573 3634 2617 et
3686 2575 3813 2617 ante

2209 2656 2472 2728 judicium
2496 2653 2756 2721 futurum,
2785 2662 2839 2709 et
2865 2664 3006 2726 post,
3032 2653 3406 2710 malefaciendi
3434 2655 3739 2725 cupiditas,
3756 2666 3811 2712 et

2215 2745 2530 2816 perficiendi
2555 2744 2857 2800 diﬁieultas.
2892 2744 3045 2813 Quod
3073 2754 3253 2800 autem
3283 2760 3394 2799 non
3432 2745 3488 2800 in
3542 2745 3815 2802 localibus

2217 2837 2408 2908 spatiis
2437 2835 2879 2905 corporalibusve
2897 2835 3210 2891 carceribus
3228 2834 3476 2891 diabolus
3492 2850 3624 2890 cum
3646 2852 3813 2892 mem-

2214 2926 2331 2982 bris
2390 2926 2504 2982 suis
2554 2925 2847 2996 punietur,
2896 2926 2993 2982 sed
3054 2926 3423 2995 unusquisque
3474 2925 3628 2980 intra
3680 2941 3817 2981 suae

2218 3014 2396 3070 malae
2420 3013 2712 3070 voluntatis
2733 3012 2992 3069 terminos
3016 3028 3219 3083 poenas
3264 3014 3397 3079 luet,
3430 3014 3635 3069 beatus
3677 3016 3815 3069 Am-

527 3106 647 3163 bris
678 3105 857 3162 futura
881 3122 1002 3164 esse
1019 3108 1406 3178 pronuntiant?
1432 3106 1489 3161 Si
1510 3107 1802 3163 secundum
1828 3106 2110 3162 historiam
2139 3099 2184 3162 C
2216 3103 2429 3160 bresius
2464 3103 2518 3158 in
2556 3103 2892 3174 expositione
2915 3103 2968 3159 in
2995 3103 3197 3160 Lucam
3220 3103 3515 3159 manifeste
3539 3104 3811 3171 declarat,

531 3206 824 3267 rerumque
850 3197 1140 3254 visibilium
1171 3198 1553 3269 proprietatem
1578 3206 1833 3268 putantur
1859 3197 1993 3263 fore,
2017 3212 2112 3252 ne-

529 3287 770 3341 cessario
802 3287 856 3342 in
886 3287 1065 3358 aliqua
1093 3297 1245 3358 parte
1279 3289 1462 3343 mundi
1490 3288 1760 3345 sensibilis
1785 3289 2112 3345 sensibiliter

528 3386 712 3432 erunt.
767 3378 837 3433 Et
877 3379 924 3434 si
977 3380 1052 3434 ita
1079 3388 1165 3434 est
1187 3387 1234 3446 τ,
1272 3380 1501 3435 mundus
1539 3381 1643 3436 iste
1683 3388 1778 3434 aut
1830 3388 1973 3435 totus
2018 3388 2111 3436 aut

530 3465 710 3537 aliqua
739 3479 871 3537 pars
892 3465 1011 3536 eius
1032 3469 1418 3536 reservabitur,
1447 3470 1500 3524 in
1532 3484 1637 3540 qua
1676 3470 1964 3526 damnandi
1987 3483 2111 3541 per-

524 3565 697 3627 petuo
726 3555 1143 3612 damnabantur.
1193 3558 1272 3614 Ac
1299 3572 1395 3628 per
1440 3559 1545 3614 hoc
1574 3572 1681 3612 non
1713 3557 1953 3614 solvetur
1995 3572 2112 3613 omo

531 3649 687 3717 uino,
716 3664 894 3720 neque
919 3652 1405 3718 consummabitur,
1430 3652 1533 3707 hoc
1554 3660 1657 3718 est,
1687 3651 1741 3707 in
1769 3666 1963 3708 causas
1986 3667 2112 3709 suas

524 3748 641 3794 non
684 3752 1002 3796 reversurus
1044 3748 1129 3796 est
1173 3739 1220 3806 ⁸,
1271 3740 1487 3809 quando
1518 3741 1660 3796 Deus
1688 3743 1863 3797 omnia
1896 3743 1952 3797 in
1994 3757 2110 3797 om-

526 3828 685 3883 nibus
709 3829 828 3884 erit.
880 3829 998 3899 Ipsa
1025 3838 1111 3885 est
1134 3830 1275 3886 enim
1296 3839 1339 3897 ⁸,
1367 3839 1427 3885 ut
1449 3831 1834 3901 praediximus,
1861 3845 2113 3887 consum-

525 3917 701 3974 matio
727 3917 933 3985 mundi,
970 3927 1026 3975 et
1062 3934 1167 3975 non
1198 3919 1324 3986 alia,
1360 3920 1528 3976 Deum
1555 3923 1736 3976 omnia
1775 3922 1819 3956 ι’
1849 3923 1902 3977 in
1938 3923 2113 3978 omni-

530 4004 634 4062 bus
677 4022 816 4065 esse.
866 4008 934 4064 Et
957 4010 1101 4081 quod
1141 4018 1225 4066 est
1278 4010 1516 4082 gravius,
1569 4011 1699 4081 quid
1744 4013 2021 4082 punietur,
2064 4013 2111 4069 si

529 4099 737 4155 nullum
769 4102 808 4134 υ
833 4101 1187 4159 substantiale
1207 4102 1527 4173 subjectum,
1554 4104 1698 4175 quod
1720 4105 1895 4175 puniri
1919 4106 2108 4177 possit,

530 4187 679 4244 nullo
705 4190 749 4229 ¹²
774 4190 933 4246 modo
975 4192 1334 4248 remanserit?
1372 4192 1545 4250 Porro
1589 4197 1636 4250 si
1680 4201 1823 4251 totus
1859 4195 2110 4264 mundus,

533 4274 1023 4353 universaliterque
1041 4289 1155 4338 tota
1177 4292 1450 4350 creatura,
1476 4298 1616 4355 quae
1643 4300 1673 4339 a
1703 4285 1815 4341 Deo
1838 4284 1981 4342 facta
2003 4295 2112 4354 est,

2212 3194 2366 3250 illum
2394 3194 2569 3250 locum
2598 3194 2869 3266 Evangelii
2892 3209 3167 3265 exponens
3186 3214 3200 3249 :
3229 3194 3464 3250 Tolletttr
3482 3197 3739 3250 manibus
3758 3208 3810 3251 es

2210 3287 2427 3358 pedibus
2454 3287 2647 3359 ligatus
2667 3288 2734 3353 ³⁸,
2759 3298 2809 3342 et
2828 3289 3063 3343 mittetur
3083 3289 3124 3321 ¹⁴¹
3148 3290 3202 3343 in
3224 3288 3462 3343 tenebras
3494 3291 3809 3354 wet-iores,

2211 3383 2322 3440 illic
2352 3385 2449 3439 erit
2474 3385 2627 3456 ﬂetus
2660 3394 2707 3438 et
2726 3383 2923 3438 stridor
2957 3383 3211 3439 dentiant.
3236 3381 3383 3450 Quae
3411 3393 3541 3439 sunt
3564 3385 3812 3440 tenebrae

2211 3474 2490 3529 exteriores
2506 3474 2532 3528 .’
2552 3470 2809 3545 Nunquid
2832 3472 2943 3526 illic
2965 3489 3169 3544 quoque
3197 3488 3377 3527 carcer
3404 3472 3610 3545 aliquis
3662 3474 3809 3527 latu-

2211 3566 2450 3636 miaeque
2504 3563 2809 3619 subeundae
2852 3564 3017 3619 sunt?
3060 3563 3295 3619 Minime.
3326 3562 3435 3619 Sed
3461 3580 3810 3636 quaecunque

2210 3665 2359 3711 extra
2379 3655 2636 3725 promissa
2665 3666 2786 3708 sunt
2809 3654 3113 3709 caelestium
3157 3654 3558 3719 mandatorum,
3590 3656 3646 3709 in
3674 3666 3813 3710 teu-

2212 3745 2316 3800 bris
2340 3744 2679 3799 exterioribus
2704 3754 2847 3810 sunt,
2879 3744 3004 3816 quia
3031 3745 3282 3800 mandata
3309 3743 3408 3799 Dei
3434 3743 3624 3800 lumen
3651 3758 3768 3801 sunt
3792 3767 3807 3800 :

2211 3845 2259 3890 et
2284 3836 2577 3906 quicunque
2598 3836 2710 3889 sine
2747 3833 2958 3889 Christo
2996 3844 3092 3900 est,
3138 3837 3194 3888 in
3256 3834 3482 3889 tenebris
3532 3846 3635 3897 est,
3684 3837 3809 3907 quia

2211 3923 2386 3979 lumen
2404 3924 2621 3978 interius
2645 3924 2882 3979 Christus
2904 3933 2979 3978 est
3005 3924 3069 3978 “'.
3096 3922 3236 3995 Ergo
3264 3939 3426 3995 neque
3442 3924 3809 3994 corporalium

2211 4017 2409 4071 stridor
2439 4016 2631 4089 aliquis
2661 4017 2894 4072 dentium
2911 4058 2927 4084 ,
2955 4034 3118 4089 neque
3144 4018 3280 4089 ignis
3303 4017 3502 4089 aliquis
3522 4032 3811 4089 perpetuus

2211 4105 2549 4177 ﬂammarum
2569 4116 2643 4161 est
2669 4106 3041 4178 corporalium,
3058 4123 3223 4177 neque
3248 4109 3432 4163 vermis
3458 4121 3535 4163 est
3559 4126 3813 4180 corporu-

2212 4193 2301 4260 lis,
2322 4194 2413 4250 sed
2439 4195 2566 4250 haec
2586 4195 2725 4261 ideo,
2748 4198 2893 4267 quia,
2921 4196 3054 4251 sicut
3102 4212 3168 4251 ea:
3217 4196 3386 4251 multa
3443 4200 3724 4253 cruditate
3759 4209 3811 4254 et

2216 4281 2383 4352 febres
2414 4295 2704 4338 nascuntur
2731 4294 2778 4339 et
2803 4300 3014 4347 vermes,
3041 4285 3142 4350 ita,
3166 4286 3214 4339 si
3252 4286 3369 4356 quis
3405 4302 3514 4341 non
3542 4288 3810 4358 decoquat

529 4374 587 4428 in
618 4381 869 4429 aeternas
897 4386 1112 4438 causas,
1144 4373 1198 4428 in
1228 4374 1424 4443 quibus
1467 4375 1730 4443 subsistit,
1765 4391 1873 4432 non
1900 4385 1986 4435 est
2013 4392 2110 4434 re-
2135 4439 2177 4446 _
2212 4381 2424 4445 peccata
2445 4389 2544 4429 sua
2570 4374 2705 4429 velut
2725 4375 2954 4446 quadam
2982 4374 3285 4446 interposita
3318 4375 3612 4432 sobrietate
3636 4380 3812 4433 sbsti~

528 4477 777 4529 versura,
810 4472 922 4519 tota
952 4464 1129 4520 adhuc
1165 4439 1347 4520 nostra
1377 4439 1722 4523 ratiocinatio
1756 4469 1908 4525 irrita
1949 4471 2107 4541 poni-
2133 4439 2191 4501 θ
2213 4439 2443 4532 nemine.
2466 4465 2557 4520 sed
2590 4439 2853 4519 miscendo
2874 4474 3085 4535 peccata
3110 4439 3358 4535 peccatis.
3388 4476 3644 4537 tanquam
3680 4486 3813 4525 cru-

531 4561 729 4622 tusque
757 4551 1019 4608 dissoluta
1043 4552 1320 4608 residebit.
1361 4552 1501 4611 MAG.
1527 4553 1586 4610 ln
1616 4571 1815 4612 vanum
1840 4556 2109 4615 laboravi.

529 4653 673 4705 mus,
698 4640 744 4695 si
771 4640 843 4695 ita
869 4639 1053 4710 fuerit,
1076 4643 1484 4713 sententiaeque
1518 4655 1827 4702 sanctorum
1857 4647 2107 4716 Patrum,

532 4744 671 4800 quas
694 4729 1111 4797 introduximus,
1138 4731 1451 4803 redigentur
1477 4733 1530 4788 in
1558 4734 1752 4802 risum,
1773 4737 1915 4806 quod
1941 4737 2105 4794 absit.

530 4820 677 4876 Dtsc.
712 4820 982 4877 Succurre
1013 4821 1226 4892 itaque,
1272 4824 1447 4893 deque
1495 4826 1787 4895 praedictis
1809 4836 2107 4885 tormento-

529 4925 653 4965 rum
684 4911 986 4981 speeiebus,
1025 4927 1164 4983 quas
1204 4913 1383 4968 divina
1431 4929 1538 4970 non
1581 4918 1810 4973 mendax
1846 4922 2118 4990 promittit

530 4998 778 5064 historia,
804 5000 1141 5069 probabilem
1168 5001 1335 5057 redde
1358 5002 1642 5059 rationem.

597 5089 688 5145 29.
729 5088 869 5147 lite.
901 5089 1152 5147 Diversas
1176 5092 1558 5164 suppliciorum
1585 5092 1787 5153 formas
1822 5111 1928 5153 non
1956 5097 2110 5155 luca-

2212 4556 2428 4611 ditatem
2439 4555 2702 4627 quandam
2726 4556 2998 4610 contrahat
3019 4554 3067 4587 ¹⁵
3081 4566 3308 4610 veterum
3332 4566 3382 4611 et
3408 4560 3703 4611 recentium
3724 4561 3816 4613 do-

2212 4646 2474 4713 lictorum,
2497 4647 2615 4717 igne
2640 4646 2894 4701 aduretur
2917 4646 3150 4716 proprio,
3176 4655 3224 4701 ct
3250 4647 3365 4701 suis
3386 4648 3655 4702 set-usibus
3669 4666 3811 4704 cosa-

2214 4746 2470 4792 sumetur.
2504 4734 2653 4791 Unde
2702 4745 2751 4790 et
2786 4735 2962 4790 Isaias
3014 4737 3139 4791 ait:
3181 4736 3458 4792 Ambulate
3498 4738 3559 4792 in
3602 4737 3816 4795 laniate

2213 4829 2351 4899 ignis
2402 4828 2579 4893 vestri,
2607 4837 2655 4882 et
2687 4829 2922 4898 ﬂamma,
2943 4842 3103 4898 quam
3142 4827 3473 4882 accendistis.
3506 4826 3662 4899 Ignis
3708 4841 3813 4896 est,

2211 4934 2363 4990 quem
2409 4927 2618 4989 generat
2662 4917 2924 4972 massilia
2971 4916 3311 4983 delictorum;
3353 4919 3545 4973 vermis
3591 4930 3701 4985 est,
3747 4937 3815 4975 eo

2211 5010 2352 5080 quod
2377 5009 2763 5064 irrationabilia
2800 5010 3008 5064 animae
3032 5018 3244 5081 peccata
3283 5018 3505 5065 mentem
3557 5013 3636 5065 rei
3684 5029 3816 5069 se.-

2212 5114 2430 5171 sumque
2453 5107 2827 5169 comoungant,
2848 5108 2895 5153 et
2917 5098 3173 5170 quaedam
3198 5099 3419 5155 malunt
3448 5100 3648 5156 uiscera
3677 5119 3817 5157 cott-

1808 5213 2071 5271 VARIAE
2106 5213 2507 5273 LECTIONES.

529 5385 552 5417 .
591 5317 703 5417 1ηὲ
725 5317 1589 5417 Eliges“;signﬁes???
1622 5341 1772 5417 mer:
1800 5340 1910 5417 0":-
1930 5334 2009 5417 ἐς
2058 5325 2225 5417 .3510
2255 5325 2380 5417 Cia
2413 5328 2458 5381 Α
2488 5329 2773 5417 morare;
2839 5328 2975 5385 ‘Sic
3009 5330 3125 5396 CF:
3157 5331 3201 5385 Α
3231 5331 3351 5400 auis
3647 5350 3812 5417 eom-

591 5387 994 5471 rolg‘ifiquidem
1033 5401 1225 5471 natura
1264 5387 1495 5471 resurget
1536 5408 1644 5471 om.
1687 5394 1793 5449 CF.
1829 5463 1841 5471 Δ
1869 5400 1891 5432 ⁸
1930 5393 2028 5471 Sic
2052 5396 2131 5471 ;
2166 5398 2209 5471 A_
2233 5387 2456 5471 sulphur
2482 5406 2566 5471 et;
2592 5387 3161 5471 (Isalfurestagnutn.
3234 5387 3263 5439 ἶ
3290 5387 3499 5456 εειόιη.
3524 5402 3595 5456 Α.
3667 5402 3697 5436 ⁸
3733 5387 3816 5459 est

849 5460 870 5491 ³
906 5457 953 5512 Α
995 5460 1134 5514 enim
1172 5471 1269 5514 est.
1346 5457 1602 5516 "'omnia
1652 5478 1762 5519 om.
1814 5463 1881 5517 Α.

528 5523 638 5604 QE;
675 5526 741 5604 ab
785 5541 893 5583 om.
941 5526 1012 5604 Αἴ
1033 5597 1046 5604 _
1082 5529 1127 5562 "
1163 5530 1280 5587 silet
1308 5530 1446 5588 enim
1476 5547 1586 5589 om.
1614 5531 1682 5588 Δ.
1760 5530 1805 5604 ξ’
1830 5532 1878 5589 Α
1903 5530 2105 5604 ligatis.

526 5593 613 5649 CF
633 5610 652 5665 ;
711 5596 755 5651 A
807 5597 1085 5654 contrahit.
1737 5605 1740 5608 ’
1760 5598 1781 5611 ³

1959 5466 2005 5496 ¹¹
2048 5464 2140 5523 Sic
2174 5464 2331 5527 ACF.
2407 5467 2451 5497 ¹¹
2488 5466 2579 5521 Sic
2632 5464 2785 5527 ACF.

2862 5469 2906 5501 ’³
2946 5469 3050 5523 Pro
3088 5470 3165 5524 vel
3196 5471 3250 5524 in
3281 5473 3323 5523 Α
3368 5471 3543 5525 ueluti.
3621 5474 3670 5504 “
3715 5475 3816 5529 Sic

2211 5536 2253 5606 δ”
2292 5534 2385 5593 Sic
2409 5533 2451 5590 F
2467 5552 2482 5604 ;
2516 5534 2604 5593 AC
2634 5538 2843 5593 mittite.
2948 5540 2991 5571 ¹⁸
3018 5539 3102 5594 CF
3152 5550 3225 5594 est
3274 5539 3534 5595 Christus.
3623 5542 3674 5577 ε’
3712 5546 3817 5598 Sic
