4028 6282
254 374 323 428 37
1076 375 1167 431 DE
1206 355 1545 435 nivrsrons
1584 378 1937 438 annuae.
1974 412 2042 425 —
2078 381 2282 439 unm
2318 380 2635 452 QUINTUS.

3376 387 3487 447 $38

210 491 485 553 scientiae,
512 504 645 561 quae
665 496 911 563 tanquam
936 508 1126 549 uermes
1146 511 1212 550 ex
1233 513 1544 570 unoquoque
1576 494 1801 555 nascun-
1826 505 1875 565 Α
1905 502 2064 559 Deus.
2087 504 2258 560 Adam
2284 508 2474 578 quippe
2498 508 2552 561 in
2582 506 2962 577 deiﬁcationem
2985 522 3051 562 ea:
3081 506 3271 576 spiritu
3295 506 3491 563 nativi-

212 594 330 648 tur,
353 592 602 653 tanquam
624 598 690 638 ea:
715 598 931 654 corpore
948 586 1255 656 peccatoris.
1289 588 1523 661 Denique
1543 590 1598 644 id
1624 590 1803 646 Domi-

212 686 319 726 nus
382 688 477 745 per
529 670 733 729 Isaiam
787 672 1105 741 declaravit,
1154 677 1335 733 dicens
1387 694 1406 733 :
1455 680 1521 735 Et
1562 681 1802 736 v'debunt

214 761 448 815 membra
490 762 762 816 hominum
798 765 1277 834 praeuaricautium
1327 768 1381 823 in
1409 785 1513 833 me,
1538 779 1587 823 et
1616 771 1801 825 vermis

212 868 396 907 eorum
423 868 526 907 non
550 854 823 921 morietur,
836 865 889 933 et
912 855 1047 926 ignis
1073 873 1177 915 non
1214 860 1547 931 extinguetur
1582 861 1622 915 ³.
1662 859 1802 917 Stri-

212 940 317 995 tlor
334 957 537 1013 quoque
570 942 804 997 dentium
850 945 1026 1015 prodit
1067 945 1391 1020 indignantis
1438 950 1711 1021 aﬁ'ectum,
1740 966 1801 1004 eo

210 1032 355 1100 quod
366 1048 483 1087 sero
499 1049 912 1107 unumquemque
925 1037 1203 1110 poeniteat,
1217 1056 1332 1095 sero
1345 1041 1669 1112 ingemiscat,
1683 1057 1801 1096 sero

212 1124 483 1177 irascatur
505 1124 625 1189 sibi,
655 1126 797 1196 quod
815 1136 923 1180 tam
948 1130 1203 1198 pervicaci
1225 1130 1552 1201 improbitate
1572 1130 1803 1203 delique-

213 1216 307 1269 rit.
338 1214 470 1271 Vide
499 1216 685 1287 igitur,
716 1216 896 1289 qualia
928 1218 1044 1275 loca
1094 1229 1483 1277 tormentorum
1523 1222 1802 1293 praefatus

212 1306 474 1362 describit
494 1307 816 1382 Theologus.
846 1309 947 1367 Ubi
978 1310 1144 1370 Judas
1168 1313 1462 1371 Salvatoris
1486 1317 1657 1372 nostri
1676 1331 1802 1387 pro-

213 1396 357 1451 ditor
385 1399 705 1467 torquetur?
754 1397 1008 1471 Nunquid
1038 1402 1164 1458 alibi
1200 1404 1302 1460 nisi
1347 1405 1403 1459 in
1446 1420 1542 1461 sua
1598 1405 1801 1476 polluta

214 1488 569 1555 conscientia,
596 1505 701 1559 qua
727 1491 1011 1548 Dominum
1036 1493 1291 1553 tradidit?
1319 1496 1545 1565 Qualem
1573 1512 1799 1568 poenam

213 1580 456 1648 patitur?
511 1580 701 1637 Seram
723 1581 971 1654 profecto
996 1587 1384 1656 paenitentiam
1432 1598 1487 1645 et
1531 1589 1797 1655 inutilem,

209 1686 321 1742 qua
342 1686 556 1743 semper
575 1674 770 1731 uritur.
797 1675 934 1744 Quid
964 1677 1165 1748 patitur
1185 1679 1335 1736 dives
1355 1679 1443 1737 ille
1473 1681 1524 1736 in
1553 1680 1799 1738 inferno?

214 1762 404 1820 Nonne
432 1764 833 1836 splendidarum
872 1768 1189 1839 epularum,
1221 1772 1415 1843 quibus
1443 1773 1496 1828 in
1545 1773 1647 1830 hac
1688 1773 1797 1827 vita

1906 604 2061 650 tatem
2088 606 2271 667 sponte
2320 614 2418 652 sua
2462 596 2777 668 relinquens,
2819 606 2974 651 natus
3025 605 3101 652 est
3144 594 3490 666 corporaliter

1904 682 1960 737 in
1984 686 2392 755 corruptionem,
2452 686 2544 742 sed
2581 686 2679 742 hoc
2708 686 2976 742 damnauit
3003 687 3231 758 optimus
3277 694 3326 740 et
3376 683 3488 741 ele-

1904 790 2048 829 mens
2073 791 2169 844 pro
2200 787 2376 831 nostro
2402 776 2590 832 delicto
2611 777 2784 847 factus
2810 777 2987 843 homo,
3027 785 3076 831 et
3122 774 3488 832 condemnauit

1904 867 2131 937 seipsum
2159 867 2312 923 nobis
2342 869 2364 902 ⁸
2388 868 2533 924 solus
2575 866 2709 923 liber
2744 878 2975 937 peccato,
3004 875 3053 922 et
3079 883 3145 922 ea:
3183 864 3488 937 corporibus

1904 960 2052 1014 nasci
2072 958 2319 1030 dignatus
2348 959 2641 1026 natioitate,
2689 960 2749 1014 in
2803 974 2908 1031 qua
2951 958 3236 1030 potentiam
3282 964 3489 1011 nostrae

1904 1049 2350 1105 condemnationis
2367 1050 2652 1123 superavit,
2679 1048 3026 1120 mysticeeque
3062 1047 3117 1101 in
3165 1045 3353 1116 spiritu
3396 1044 3488 1098 di-

1905 1141 2038 1195 rexit
2069 1142 2388 1197 natiuitatem
2407 1182 2423 1209 ,
2446 1150 2494 1195 et
2520 1139 2807 1211 corporalis
2830 1138 3129 1194 nativitatis
3153 1136 3354 1193 soluens
3395 1150 3491 1203 pro

1905 1232 2145 1288 nobisin
2193 1232 2361 1304 seipse
2409 1231 2637 1293 vincula,
2667 1231 2812 1319 dedit
2856 1228 3004 1285 nobis
3053 1236 3356 1319 potestatem
3401 1241 3518 1319 per.

1907 1321 2226 1377 nativitatem
2252 1338 2318 1377 es:
2345 1321 2553 1392 spiritu,
2566 1320 2708 1391 ﬁlios
2736 1318 2854 1385 Dei,
2875 1335 2970 1390 pro
2992 1318 3166 1373 carnis
3197 1327 3245 1374 et
3273 1318 3493 1388 sangui-

1907 1414 2009 1477 nis,
2039 1412 2177 1482 ﬁeri,
2199 1411 2527 1468 credentibus
2558 1413 2610 1465 in
2637 1411 2845 1464 nomine
2879 1410 3015 1479 ejus.
3049 1408 3116 1463 Et
3138 1408 3277 1464 haec
3298 1414 3383 1462 est
3411 1406 3490 1461 in-

1906 1505 2073 1568 vidia,
2100 1520 2205 1574 qua
2236 1504 2467 1559 maxime
2504 1503 2643 1558 intra
2676 1501 3018 1572 semetipsam
3044 1498 3315 1554 diabolica.
3336 1497 3493 1569 pitui-

1908 1602 1996 1649 tur
2023 1592 2312 1663 iniquitas;
2345 1598 2625 1662 torquetur
2649 1590 2815 1655 enim,
2842 1602 3095 1657 magnam
3122 1600 3495 1643 eonununem-

1906 1697 2012 1753 que
2027 1681 2481 1738 resurrectionem
2507 1679 2777 1737 humanae
2797 1677 3133 1734 substantiae
3142 1675 3494 1747 omniumque

1907 1772 1961 1827 in
1999 1787 2065 1828 ea
2098 1770 2391 1827 visibilium
2442 1770 2498 1826 in
2549 1768 2940 1826 immutabilem
2986 1766 3489 1835 immortalitatem,

212 1858 556 1925 vescebatur,
569 1863 901 1930 egestatem?
924 1862 1039 1931 Qua
1050 1862 1264 1921 ﬂamma
1281 1868 1617 1925 consumitur
1635 1868 1806 1939 impu-
1833 1851 1881 1912 Β
1907 1860 2084 1931 deque
2112 1876 2208 1918 sua
2237 1868 2505 1931 potestate
2524 1860 2761 1931 elapsam
2782 1858 3118 1931 prospiciens
3134 1861 3177 1923 ⁸,
3194 1872 3377 1928 quam,
3407 1856 3490 1913 vi-

212 1946 466 2004 rissimus
494 1956 587 2005 re’x
618 1950 881 2018 Herodes,
904 1954 1009 2009 nisi
1038 1970 1138 2011 suo
1169 1954 1370 2023 lurore,
1393 1973 1503 2029 quo
1526 1958 1578 2014 in
1610 1974 1799 2016 necem

208 2037 418 2092 exarsit
446 2038 851 2097 innocentium?
887 2041 1033 2100 llaec
1054 2045 1301 2118 exempla
1330 2047 1397 2106 de
1425 2050 1606 2119 pravis
1635 2049 1802 2105 mala-

211 2139 335 2179 rum
360 2124 694 2182 voluntatum
718 2130 975 2198 motibus,
990 2148 1128 2207 quos
1149 2133 1202 2190 in
1219 2136 1528 2208 semetipsis
1549 2138 1803 2193 vitiorum

211 2225 434 2287 torquet
465 2216 768 2288 justissima
817 2222 1079 2292 vindicta,
1128 2227 1570 2301 diversarumque
1625 2231 1804 2288 libidi-

213 2323 343 2363 num
374 2309 657 2367 cicatrices
688 2311 978 2374 subiciunt.
1019 2317 1399 2391 Unusquisque
1442 2322 1586 2382 enim
1642 2324 1803 2394 impie

212 2398 509 2456 viventium
542 2401 657 2473 ipsa
686 2403 937 2461 vitiorum
961 2406 1206 2476 libidine,
1228 2425 1335 2481 qua
1362 2411 1415 2469 in
1455 2427 1617 2471 carne
1640 2430 1801 2471 exar-

211 2488 309 2553 sit,
338 2488 500 2545 veluti
545 2492 777 2562 quadam
822 2494 1035 2552 ﬂamma
1084 2491 1476 2571 ine'xtinguibili
1530 2504 1805 2575 torquebi-

210 2586 326 2632 tur.
355 2577 430 2634 De
458 2579 849 2637 dlabollcarum
881 2600 1012 2641 vero
1040 2601 1421 2658 perversarum
1466 2591 1805 2648 voluntatum

211 2668 481 2739 supplicio
501 2671 632 2741 quid
680 2671 825 2730 aliud
867 2674 1291 2749 intelligendum,
1322 2690 1541 2754 praeter
1590 2681 1804 2737 illarum

213 2767 495 2813 aeternam
550 2759 968 2821 refrenationem
989 2806 1003 2831 ,
1036 2782 1276 2842 suaeque
1311 2770 1603 2842 impietatis
1629 2784 1807 2829 aeter-

214 2865 349 2904 num
381 2851 692 2913 interitum?
738 2853 890 2922 Quae
939 2856 1084 2912 enim
1132 2860 1351 2930 gravior
1394 2877 1565 2933 poena
1620 2864 1805 2934 impio,

214 2962 378 3019 quam
412 2947 575 3018 impie
598 2963 761 3020 agere
781 2958 842 3006 et
868 2952 1136 3009 neminem
1166 2953 1381 3011 laedere
1406 2972 1562 3027 posse
1584 2959 1642 3012 ’ἲ
1664 2958 1807 3015 llaec

214 3047 303 3093 est
332 3038 353 3070 ³
398 3049 612 3107 catena,
652 3056 757 3110 qua
809 3040 1070 3099 Dominus
1111 3054 1294 3103 noster
1337 3047 1494 3103 Jesus
1536 3050 1803 3117 Christus,

215 3129 554 3186 descendens
580 3132 633 3187 in
659 3131 952 3199 infernum,
986 3134 1253 3189 diabolum
1288 3136 1503 3209 ligavit,
1529 3154 1622 3195 eos
1663 3141 1806 3199 vide-

1901 1952 2094 2008 delicet
2144 1953 2526 2018 substantiam,
2558 1952 2828 2007 subditam
2872 1950 2976 2007 sibi
3015 1958 3178 2021 atque
3222 1949 3491 2021 captivam

1898 2042 2117 2113 penitus
2166 2042 2400 2108 abolere,
2454 2042 2616 2111 inque
2663 2049 2884 2096 aeterna
2935 2048 3111 2096 morte
3142 2038 3186 2071 ¹⁰
3211 2037 3490 2110 perpetuis

1900 2130 2091 2201 poenis
2129 2130 2417 2188 obnoxiam
2473 2131 2717 2186 detinere
2769 2129 3108 2190 decreverat.
3162 2128 3298 2186 Dum
3343 2128 3490 2188 enim

1902 2221 2221 2278 vicissitudo
2249 2222 2506 2279 nascendi
2533 2237 2599 2278 ex
2626 2220 2946 2292 corporibus
2991 2228 3048 2277 et
3091 2221 3148 2275 in
3189 2219 3493 2291 corruptiu—

1903 2330 2026 2369 nem
2079 2314 2338 2371 redeundi
2366 2314 2608 2379 desierit,
2639 2314 2693 2369 in
2720 2327 2827 2383 quo
2854 2321 3100 2383 potestas
3146 2311 3353 2383 antiqui
3392 2310 3491 2370 ho—

1904 2406 2002 2461 stis
2025 2405 2360 2461 remanebit?
2388 2404 2445 2460 lu
2474 2403 2640 2461 nullo.

1957 2495 2046 2553 50.
2066 2497 2210 2552 DISC.
2232 2495 2376 2553 llaec
2395 2498 2573 2553 omnia
2589 2496 2852 2569 probabili
2873 2496 3197 2553 auctoritate
3209 2505 3263 2550 et
3280 2493 3491 2549 ratione

1904 2588 2134 2675 spbnixa
2168 2602 2288 2645 esse
2315 2588 2573 2645 arbitror.
2624 2587 2731 2645 Sed
2760 2589 2937 2646 adhuc
2968 2595 3139 2643 restat
3164 2585 3479 2675 difﬁcillima

1905 2674 1992 2733 illa
2014 2720 2028 2744 ,
2062 2691 2121 2733 ut
2150 2679 2278 2734 mibi
2312 2679 2544 2746 videtur,
2574 2678 2840 2748 quaestio,
2872 2678 2929 2737 in
2963 2691 3071 2747 quo
3097 2675 3361 2748 supplicia
3393 2674 3483 2731 illa

1905 2777 2069 2838 erunt
2091 2770 2156 2836 ¹¹,
2188 2784 2325 2840 quae
2359 2785 2464 2825 non
2501 2769 2673 2825 solum
2708 2766 2940 2833 diabolo,
2976 2782 3163 2826 verum
3191 2766 3354 2825 etiam
3388 2765 3481 2823 int-

1906 2863 2011 2933 piis
2063 2863 2368 2918 hominibus
2416 2862 2596 2918 futura
2650 2862 2830 2918 divina
2888 2869 3119 2918 testatur
3169 2861 3480 2919 auctoritas-

1906 2951 2069 3009 Verbi
2100 2953 2296 3025 gratia,
2321 2962 2377 3007 ut
2408 2968 2575 3024 pauca
2608 2967 2674 3007 ex
2704 2952 2886 3015 multis
2913 2951 3272 3009 introducam.
3309 2949 3485 3005 Domi.-

1909 3060 2010 3100 nus
2051 3044 2103 3102 in
2144 3042 2431 3115 Evangelio
2467 3044 2737 3115 promittit
2779 3058 2837 3099 se
2880 3044 3193 3101 dicturum:
3229 3040 3488 3098 Discedite

1909 3153 1940 3188 a
1971 3151 2073 3201 me,
2102 3134 2384 3200 maledicti,
2425 3134 2479 3188 in
2518 3135 2689 3206 ignem
2724 3144 3013 3200 aeternum,
3052 3133 3141 3207 qui
3166 3140 3393 3202 paratus.
3415 3140 3494 3189 est

214 3217 367 3283 licet,
392 3219 481 3288 qui
531 3220 584 3275 in
623 3236 745 3276 eum
773 3221 861 3292 pie
901 3222 1249 3297 perfectoque
1295 3227 1546 3296 credunt,
1586 3228 1809 3301 ejusque
1836 3216 1881 3277 C
1913 3229 2121 3286 diabolo
2150 3240 2195 3284 et
2224 3227 2422 3300 angelis
2457 3230 2589 3300 ejus.
2650 3229 2747 3287 Ubi
2790 3228 3058 3290 ostendit,
3105 3233 3326 3283 aeterno
3362 3225 3485 3297 igne

216 3306 474 3361 mandata
502 3309 831 3376 custodiunt,
878 3313 1103 3382 perdere
1156 3329 1262 3370 non
1315 3315 1517 3381 valere.
1560 3320 1808 3388 quamvis
1910 3319 2183 3376 diabolum
2213 3330 2268 3375 et
2296 3320 2513 3390 angelos
2542 3318 2657 3388 ejus
2687 3334 2924 3373 arsuros.
2960 3317 3027 3372 Et
3055 3316 3195 3388 quod
3227 3315 3487 3386 scriptum

211 3408 347 3453 an'e
371 3399 632 3469 judicium
654 3417 759 3457 non
789 3403 967 3474 puniri
997 3404 1699 3477 daemones‘precenturﬁ
1714 3410 1808 3466 sed
1910 3421 1995 3467 est
2044 3412 2095 3467 in
2146 3412 2467 3483 Apocalypsi
2502 3430 2512 3465 :
2570 3410 2819 3466 Diabolus
2846 3452 2861 3474 ,
2909 3410 2998 3481 qui
3048 3407 3325 3464 seducebat
3370 3423 3497 3469 eos,

214 3491 364 3545 rnlttl
422 3493 477 3546 in
536 3508 746 3563 porcos,
798 3493 1115 3552 libidinosus
1159 3497 1407 3555 videlicet
1451 3501 1719 3566 homines,
1753 3503 1806 3557 in
1910 3506 2100 3561 missus
2126 3516 2198 3561 est
2224 3507 2279 3560 in
2304 3515 2545 3577 stagnum
2575 3506 2709 3576 ignis
2735 3513 2782 3558 et
2808 3502 3075 3571 sulphuris
3126 3517 3228 3570 quo
3255 3510 3302 3554 et
3330 3498 3495 3554 bestia

212 3583 416 3653 quibus
436 3585 611 3640 adhuc
631 3586 739 3641 vim
760 3602 910 3641 suam
939 3597 1227 3647 exerceant
1249 3590 1303 3643 ἐ
1331 3590 1517 3647 durius
1542 3592 1806 3663 Iigandns,
1909 3605 1957 3651 et
1985 3595 2458 3667 pseudoprophetae
2487 3594 2860 3649 cruciubuntur
2880 3594 2924 3625 "
2953 3594 3037 3648 die
3073 3604 3120 3648 et
3153 3602 3297 3648 nocte
3329 3594 3383 3647 in
3411 3608 3493 3647 se-

217 3675 442 3747 quando
467 3675 533 3731 de
560 3685 828 3746 potestate
860 3678 1000 3735 illius
1028 3688 1148 3750 post
1170 3679 1430 3749 judicium
1457 3684 1633 3740 omnis
1680 3685 1811 3741 libe-
1911 3686 2029 3740 cula
2058 3685 2371 3742 seculorum.
2406 3684 2506 3743 Ubi
2530 3683 2791 3741 vocabulo
2819 3684 2924 3739 diei
2959 3683 3307 3754 intelligimus
3334 3697 3494 3752 aper-

218 3765 435 3821 rabitur
458 3770 1086 3841 crcatura,.omniuoque
1114 3773 1422 3829 absolvctur
1458 3790 1488 3829 a
1527 3777 1805 3844 servitute,
1914 3788 2022 3833 tam
2072 3779 2328 3850 angelicis
2379 3778 2736 3851 humanisque
2782 3777 2935 3848 puris
2984 3769 3343 3835 intellcclibus
3396 3775 3501 3853 im-

219 3858 279 3913 in
310 3859 629 3931 principium
660 3877 837 3928 suum,
866 3862 1032 3920 Deum
1062 3864 1328 3931 videlicet,
1352 3868 1444 3937 qui
1483 3875 1566 3923 est
1609 3870 1813 3938 princi-
1911 3870 2124 3942 piorum
2177 3868 2622 3933 damnationem,
2674 3868 2863 3924 noctis.
2899 3882 3028 3924 vero
3078 3879 3233 3937 tropo
3282 3863 3499 3925 divinan

217 3949 372 4018 pium
403 3950 642 4005 omnium
674 3960 730 4006 et
765 3952 905 4017 linis,
940 3970 1239 4018 reversura,
1264 3956 1390 4010 dum
1416 3957 1694 4013 visibilium
1716 3959 1812 4014 ad-

219 4040 547 4094 ministratio
586 4043 726 4096 circa
753 4044 1137 4113 generationem
1166 4055 1213 4098 et
1239 4047 1621 4116 corruptionem
1653 4048 1808 4118 ﬁnem

219 4127 444 4200 accipiet
489 4147 581 4200 per
617 4148 882 4203 magnam,
923 4142 982 4189 ut
1018 4134 1095 4189 alt
1140 4136 1328 4191 beatus
1359 4135 1643 4203 Maximus,
1671 4156 1812 4194 com-

218 4236 537 4292 munemque
576 4222 1026 4299 resurrectionem,
1052 4242 1188 4297 quae
1230 4228 1393 4299 gignit
1433 4227 1489 4281 in
1543 4229 1812 4283 immorta-

214 4306 429 4368 iitatem
453 4314 717 4369 hominem
742 4317 1028 4371 secundum
1074 4301 1461 4377 subsistentiam
1509 4319 1809 4377 immutabi-

222 4407 353 4470 lem,
377 4415 587 4476 propter
611 4422 761 4477 quem
799 4406 1091 4461 visibilium
1111 4417 1302 4463 natura
1328 4425 1439 4464 esse
1471 4425 1563 4479 per
1597 4425 1815 4481 genera-

222 4497 424 4553 tionem
450 4497 707 4569 suscepit,
731 4507 781 4554 et
811 4515 928 4553 cum
954 4516 1057 4570 quo
1081 4500 1104 4532 "
1127 4501 1344 4572 accipiet
1369 4518 1462 4572 per
1486 4503 1707 4576 gratiam
1732 4518 1812 4557 se~

223 4588 458 4643 cundum
480 4589 756 4644 essentiam
782 4607 886 4646 non
918 4593 1199 4663 corrumpi.
1228 4592 1311 4647 Ad
1344 4593 1480 4649 hanc
1502 4594 1666 4666 igitur
1686 4596 1812 4650 uisi-

225 4679 351 4737 bilis
368 4690 640 4737 creaturae
658 4682 954 4738 servitutem
973 4683 1273 4740 solvendam
1300 4685 1519 4742 Verbum
1544 4686 1639 4742 Dei
1657 4688 1810 4745 homo

223 4789 297 4830 ea:
347 4773 644 4828 hominibus
691 4774 1034 4845 corporaliter
1070 4778 1307 4832 nascitur
1333 4779 1444 4834 sine
1469 4789 1680 4853 peccato
1719 4797 1813 4855 per

225 4866 515 4933 hominem,
563 4877 611 4922 et
657 4867 958 4939 baptizatur
992 4868 1048 4923 in
1105 4868 1420 4937 ﬁliolitatem
1466 4870 1808 4941 spiritualem,

225 4971 329 5028 pro
367 4955 514 5019 nobis
542 4958 832 5011 voluntarie
854 4956 1063 5012 subiens
1089 4959 1429 5023 natiuitatem,
1454 4958 1600 5015 Deus
1627 4976 1813 5021 secun-

226 5044 359 5100 dum
388 5047 685 5114 essentiam,
707 5056 757 5102 et
784 5047 884 5103 Dei
908 5034 1083 5104 Filius
1110 5050 1393 5105 secundum
1430 5060 1708 5117 naturam;
1757 5061 1814 5107 ut

229 5133 559 5189 nativitatem
579 5151 645 5190 ea:
672 5136 976 5208 corporibus
1011 5138 1316 5203 destrueret,
1343 5139 1687 5212 corporaliter
1713 5157 1815 5196 na-

214 5221 402 5280 'scitur
421 5226 534 5282 sine
556 5235 790 5298 peccato,
816 5237 867 5283 et
909 5245 978 5284 ea:
1016 5229 1325 5300 baptismate
1380 5230 1437 5285 in
1492 5231 1816 5303 spiritualem

229 5308 547 5383 ﬁliolitatem
569 5332 666 5386 pro
691 5316 838 5374 nobis
867 5318 1042 5373 subire
1064 5326 1248 5390 recepit
1276 5319 1600 5376 natlritatem
1624 5331 1817 5378 natura

1913 3960 2214 4020 semenliae
2258 3959 2590 4030 incognitam
2638 3959 2890 4015 omnibus
2933 3956 3371 4030 profunditatem.
3427 3955 3495 4017 Et

1913 4049 2323 4115 animadverte,
2374 4048 2515 4118 quod
2562 4062 2706 4102 nunc
2753 4062 2860 4102 non
2905 4060 3109 4117 quaero
3139 4046 3205 4101 de
3234 4044 3499 4115 qualitate

1914 4140 2295 4212 suppliciorum
2340 4147 2395 4195 et
2438 4138 2729 4194 localitate.
2787 4136 2933 4193 Satis
2969 4151 3205 4207 namque
3242 4135 3295 4194 iu
3323 4150 3495 4206 supe-

1915 4231 2150 4287 rioribus
2179 4240 2399 4287 auctore
2428 4229 2714 4285 Ambrosio
2738 4224 2780 4258 ¹³
2816 4242 3037 4282 suasum
3070 4235 3174 4291 est,
3202 4224 3345 4283 nulla
3374 4240 3492 4288 cor-

1916 4323 2119 4402 poralia
2180 4321 2265 4379 vel
2319 4320 2507 4381 localia
2565 4321 2661 4385 vel,
2701 4318 2978 4381 sensibilia
3040 4317 3119 4373 vel
3176 4317 3494 4390 temporalia

1916 4416 2117 4472 futura.
2168 4413 2279 4470 Nec
2310 4414 2611 4481 immerito;
2649 4428 2775 4470 nam
2811 4420 2936 4484 post
2966 4410 3503 4471 consummationem

1916 4506 2111 4562 mundi
2129 4520 2305 4576 neque
2330 4520 2559 4565 corpora
2586 4504 2860 4560 sensibilia
2882 4502 2924 4535 ¹⁸
2947 4512 3129 4568 erunt,
3151 4517 3327 4572 neque
3356 4500 3499 4566 loca.

1918 4612 2094 4668 neque
2133 4605 2375 4668 tempora
2403 4636 2419 4660 ,
2471 4612 2523 4650 ιιι
2576 4594 2774 4666 quibus
2822 4600 3094 4649 tormenta
3130 4589 3503 4664 intelligantur

1914 4703 2035 4744 esse
2063 4702 2239 4760 posse.
2293 4685 2438 4742 llaec
2467 4685 2612 4740 enim
2645 4684 2825 4739 omnia
2856 4683 3018 4738 linem
3057 4682 3325 4754 accipient
3369 4696 3505 4741 cum

1914 4780 2138 4845 mundo,
2159 4779 2286 4834 dum
2316 4778 2438 4833 linis
2468 4776 2631 4835 fuerit
2658 4776 2898 4834 omnium
2929 4789 3217 4845 corporum
3246 4773 3499 4845 spiritua-

1915 4870 2062 4935 litas,
2110 4869 2352 4926 omnium
2395 4868 2634 4924 locorum
2680 4866 3015 4939 simplicitas,
3042 4865 3268 4929 omnino
3298 4865 3503 4941 spatiis

1917 4974 2110 5016 carens
2140 4998 2155 5026 ,
2222 4957 2462 5014 omnium
2526 4967 2829 5029 temporum
2887 4955 3205 5018 aeternitas.
3268 4954 3504 5024 Ideoque

1922 5050 2301 5106 aeternitatem
2337 5048 2509 5122 ignis,
2554 5049 2643 5104 de.
2662 5063 2769 5117 quo
2808 5047 3066 5103 Dominus
3096 5046 3337 5105 dicturus
3374 5053 3456 5100 est
3488 5063 3523 5105 :_

1925 5140 2190 5204 Discedite
2232 5157 2264 5193 a
2308 5156 2413 5206 me,
2458 5138 2745 5211 ntale;.’icti,
2794 5139 2849 5193 in
2896 5139 3066 5210 ignem
3112 5145 3408 5202 aeternum,
3455 5145 3525 5195 et.

1924 5231 2093 5287 alibi:
2127 5229 2286 5286 Ibunt
2332 5231 2419 5286 isti
2463 5231 2519 5285 in
2560 5228 2877 5301 supplicium
2919 5238 3223 5310 aeternum,
3272 5228 3402 5283 item
3453 5229 3525 5285 in.

1922 5319 2285 5397 Apocalypsi:
2320 5320 2389 5375 Et
2421 5320 2797 5379 cruciabuntut
2830 5318 2915 5375 die
2950 5327 3198 5393 nocteque
3231 5318 3288 5373 in
3325 5324 3511 5383 secuta

1500 5431 1754 5490 VARIAE
1789 5431 2198 5489 LECTIONES.

341 5544 440 5603 Sic
457 5544 566 5613 CF;
589 5545 640 5601 Α
655 5549 944 5620 moritur...
960 5547 1301 5620 extinguitur.
1378 5548 1400 5620 ξ
1419 5547 1505 5604 CF
1521 5548 1875 5620 neminemque
1890 5547 2116 5620 laedere
2128 5562 2228 5602 non
2253 5561 2429 5617 posse.
2508 5545 2528 5620 ξ
2553 5545 2641 5620 Sic
2654 5544 2749 5620 ΛΞΡ
2763 5540 3010 5620 {illaec
3030 5550 3115 5598 est
3128 5557 3267 5620 etum
3282 5511 3543 5620 catena}.

291 5757 531 5812 mbrosio.
612 5758 657 5790 ⁸³
684 5755 773 5814 Sic
800 5755 840 5814 C

838 5834 853 5845 ι

232 5613 265 5691 ἕ
288 5608 564 5699 daemones
592 5631 703 5701 om:
832 5687 846 5701 ο
866 5621 888 5653 ⁸
914 5618 958 5673 Α
980 5608 1241 5701 precetur.
1316 5620 1338 5653 ⁶
1363 5618 1404 5673 A
1437 5627 1716 5701 eserceat._
1768 5608 1798 5657 ’τ’
1822 5615 1913 5701 Sic
1936 5616 2022 5672 CF
2045 5617 2221 5701 λᾼηει
2245 5608 2547 5701 eumque-tt.»
2620 5608 2771 5701 {Sic
2790 5612 2909 5701 CF;
2936 5612 2977 5668 A
3001 5608 3523 5701 ξηειῃοὶιιξῖωςιςξ

277 5687 573 5755 erspiciens.
653 5686 697 5747 “,
723 5688 767 5741 Α
798 5687 846 5743 ei
880 5704 945 5743 ue
972 5680 1025 5743 in
1066 5698 1332 5744 aeternam
1360 5698 1601 5743 mortem.
1679 5688 1718 5720 “
1750 5695 1901 5742 erunt
1931 5680 2179 5742 om.’(ZF.
2259 5689 2300 5719 "
2328 5680 2412 5747 CF,
2444 5696 2490 5747 et
2523 5685 2907 5748 cruciabuutur
3002 5680 3160 5740 "CF
3197 5682 3529 5745 auctoritates

238 5701 531 5817 (Ambrosio.
612 5758 657 5790 ιδ
684 5755 773 5814 Sic
800 5705 916 5817 ὥς
950 5759 992 5815 Α
1024 5772 1198 5817 neque
1223 5757 1518 5817 corporalia
1543 5773 1703 5817 neque
1730 5756 2026 5816 sensibilia.

901 5775 916 5828 ;
950 5759 992 5815 Α
1024 5772 1198 5829 neque
1223 5757 1518 5833 corporalia
1543 5773 1703 5831 neque
1730 5756 2026 5823 sensibilia.
