4008 6286
533 380 647 442 939

1896 392 2195 449 'JOANNIS
2235 392 2432 451 SCOTI

3707 394 3817 451 Si.

535 499 861 567 seculorum,
890 517 1003 558 non
1031 504 1099 560 de
1128 504 1504 572 diuturnitate,
1536 507 1710 578 deque
1741 507 1944 564 intimis
1976 518 2113 565 tem-
2144 515 2192 572 Α
2222 519 2275 567 et
2304 512 2650 567 decrementa
2680 512 2706 546 ⁸
2742 502 3057 583 corporum,
3082 528 3377 583 omnesque
3402 529 3593 568 eorum
3618 528 3811 571 corru-

535 594 802 665 poralium
834 595 1227 652 revolutionum
1260 598 1660 667 prolixitatibus
1680 641 1694 663 ,
1727 616 1915 655 verum
1948 602 2014 656 de
2045 601 2118 655 ir-

536 684 827 742 revocabili
874 695 930 740 et
976 687 1403 743 incommutabili
1444 688 1730 757 justissimi
1770 690 1972 760 jndicis
1996 702 2123 747 seu.

537 775 706 829 tentia
737 772 1066 846 'inteiligere
1118 779 1431 835 debemus.-
1468 780 1668 836 Eadem
1722 784 1862 837 ratio
1915 791 2002 837 est
2053 779 2121 838 de

539 866 865 922 aeternitate
891 869 1083 923 beatae
1108 868 1284 935 vitae,
1319 871 1372 925 in
1403 887 1508 941 qua
1536 874 1699 928 etiam
1732 874 1874 929 nulla
1908 874 2117 945 tempo-

538 958 675 1013 ralia
724 957 897 1028 spatia
948 959 1346 1031 intelliguntur,
1395 965 1649 1033 quoniam
1693 966 1746 1020 in
1791 966 1967 1035 seipse
2019 966 2126 1020 iniu

538 1049 874 1107 mutabiliter
901 1066 1247 1121 permanens,
1276 1068 1441 1125 super
1467 1056 1649 1112 omnia
1679 1066 1947 1129 tempora,
1975 1056 2124 1114 nullo

537 1141 808 1212 principio
856 1157 949 1198 seu
1002 1143 1109 1199 line
1150 1146 1518 1203 concluditur.
1584 1148 1723 1205 Hinc
1769 1152 2121 1217 confectum,

508 1238 737 1298 ‘omne,
779 1234 921 1303 quod
968 1243 1249 1291 aeternum
1285 1238 1505 1305 dicitur,
1546 1240 1603 1294 in
1636 1240 1747 1296 Deo
1785 1238 2124 1299 solummodo

541 1320 803 1394 intelligi,
828 1338 913 1381 'ne
947 1324 1053 1380 ulla
1090 1329 1390 1385 aeternitas
1417 1331 1756 1386 existimetur
1780 1340 1934 1387 extra
1974 1328 2121 1400 eum,

539 1413 632 1482 qui
658 1413 806 1469 solus
831 1423 1083 1473 aeternus
1106 1429 1190 1473 eat
1211 1427 1266 1473 et
1287 1421 1597 1477 aeternitas.
1635 1422 1744 1477 Aut
1766 1422 1911 1477 enim
1937 1423 2127 1479 incon-

539 1516 698 1559 cussa
725 1498 1156 1575 iustissimorum
1189 1508 1307 1577 ejus
1338 1509 1667 1579 iudiciorum
1699 1513 1986 1576 severitas,
2017 1505 2122 1584 qua

539 1593 719 1661 puniri
749 1595 877 1650 sinit
907 1596 958 1650 in
990 1597 1173 1667 impiis
1201 1600 1629 1658 irrevocabiliter
1659 1603 1802 1673 quod
1831 1619 1937 1658 non
1972 1604 2120 1668 fecit,

539 1694 632 1741 aut
660 1685 946 1744 ineﬂ'abilis
975 1698 1031 1745 et
1053 1693 1484 1761 supernaturalis
1508 1695 1624 1765 ejus
1648 1696 1841 1766 gratia,
1865 1711 1974 1766 qua
1995 1700 2124 1769 quas

536 1782 811 1849 praesciuit
838 1792 886 1837 et
909 1783 1310 1852 praedestinavit
1340 1786 1629 1857 conformes
1660 1789 1777 1856 fieri
1818 1789 2062 1861 imaginis
2105 1791 2121 1821 ι

2217 604 2454 671 ptiones,
2479 613 2535 659 et
2556 613 2799 659 extrema
2825 605 3065 658 omnium
3099 607 3121 638 ’
3152 604 3447 674 corporalis
3466 603 3815 674 compaginis

2218 693 2452 758 solutio,
2498 694 2896 749 irrationabiles
2943 711 3158 769 quoque
3196 694 3473 752 rationalis
3502 694 3550 728 ¹⁶
3592 696 3817 751 animae

2221 792 2431 849 motus,
2462 784 2557 852 qui
2585 790 2651 839 ex
2681 784 2907 838 materia
2935 794 3251 850 nascuntur,
3281 796 3336 839 et
3367 787 3513 840 circa
3543 800 3672 841 eam
3702 784 3819 841 vol-

2221 883 2422 928 vuntur
2454 893 2466 928 :
2506 890 2644 944 quae
2684 883 2877 930 cuncta
2909 892 3017 931 non
3059 877 3338 944 ex'prima
3367 877 3690 933 conditione
3718 877 3819 931 liu-

2222 946 2516 1033 mzinitatis,
2544 971 2639 1027 sed
2665 987 2731 1026 ex
2761 971 2999 1041 generali
3028 970 3143 1040 ejus
3167 981 3391 1040 peccato
3422 971 3639 1027 initium
3667 987 3820 1026 smu-

2222 1069 2466 1131 psertmt,
2520 1060 2749 1131 ideoque
2796 1062 2957 1117 simul
3003 1078 3126 1116 eum
3174 1064 3289 1132 ipsa
3334 1063 3591 1127 materia,
3650 1078 3817 1131 quam

2224 1155 2493 1219 inﬁciunt,
2522 1156 2794 1225 peribunt,
2819 1156 3035 1225 quando
3056 1156 3221 1225 ipsius
3247 1157 3606 1211 humanitatis
3640 1157 3817 1225 prima

2223 1247 2462 1301 conditio
2485 1246 2552 1300 ab
2573 1246 2656 1300 his
2677 1246 2928 1301 omnibus
2948 1244 3327 1316 similibusque
3341 1248 3452 1306 sibi
3465 1248 3821 1318 passionibus

2223 1334 2562 1401 liberabitur,
2593 1337 2821 1406 igneque
2850 1336 3118 1405 spirituali
3148 1338 3363 1392 divinae
3393 1338 3611 1408 gratiae
3637 1348 3701 1393 et
3731 1339 3821 1392 bo-

2224 1426 2410 1481 nitatis
2435 1427 2772 1498 purgahitur.
2803 1427 2871 1480 Et
2904 1428 3004 1481 hoc
3031 1428 3290 1497 propheta
3320 1428 3489 1484 isaias
3509 1429 3619 1483 snb
3647 1432 3821 1497 ﬁgura

2220 1515 2518 1574 Jerusalem
2560 1518 2877 1588 praedicens
2917 1535 2932 1570 :
2974 1516 3349 1586 Sancti/icabo,
3382 1521 3577 1588 inquit,
3619 1520 3817 1573 canui:

2223 1609 2340 1678 igne
2379 1612 2622 1674 ardente,
2670 1619 2718 1663 et
2765 1610 3028 1663 devorabit
3073 1610 3207 1662 sicut
3258 1610 3471 1679 foenum
3516 1612 3821 1675 materiem,

2225 1699 2399 1768 ignem
2438 1699 2712 1770 appellans
2752 1700 3091 1770 non'impios
3131 1711 3470 1770 torquentem
3508 1700 3819 1768 justissima

2222 1806 2422 1863 poena,
2456 1793 2548 1847 sed
2581 1792 2769 1849 sordes
2790 1794 3021 1848 naturae
3043 1803 3361 1863 purgantem
3386 1794 3823 1850 clementissima

538 1870 672 1926 Filii
698 1873 1037 1937 ani,deiiicat
1062 1891 1124 1931 ac
1150 1891 1313 1947 super
1337 1879 1517 1932 omnia
1544 1878 2117 1946 exaltat,aeternitatis
2150 1876 2193 1934 B
2221 1884 2414 1953 gratia.
2444 1884 2514 1938 At
2547 1883 2590 1938 si
2637 1882 2816 1938 divina
2859 1885 3067 1954 justitia
3112 1885 3163 1938 in
3212 1886 3357 1939 omni
3404 1876 3667 1940 creatura
3717 1901 3820 1941 non

538 1964 758 2020 nomine
790 1974 971 2021 rectae
1008 1967 1234 2023 rationis
1264 1969 1504 2024 contuitu
1542 1970 1826 2040 accipitur,
1851 1971 2121 2041 quoniam

538 2056 673 2111 nihil
705 2056 816 2112 Deo
845 2068 1194 2115 coaeternum
1223 2069 1337 2126 est,
1375 2070 1470 2116 aut
1504 2076 1569 2115 ex
1610 2062 1876 2118 diametro
1906 2073 2123 2119 contra-

540 2148 700 2203 rium.
741 2148 859 2219 ipse
889 2150 1152 2220 siquidem
1187 2152 1332 2207 solus
1362 2153 1415 2207 in
1447 2153 1553 2218 bis,
1580 2169 1720 2221 quae
1750 2154 1802 2208 in
1833 2155 1949 2223 ipso
1977 2138 2122 2223 sunt,

540 2250 596 2295 et
624 2238 852 2298 feliciter
879 2244 1096 2310 vivunt,
1139 2253 1395 2300 aeternus
1434 2255 1517 2301 est
1547 2264 1643 2317 per
1668 2249 1957 2317 gratuitam
1995 2228 2121 2323 grai-

540 2336 712 2401 tiam;
747 2336 800 2391 in
832 2337 918 2392 his
950 2353 1104 2403 vero,
1134 2353 1271 2408 quae
1301 2349 1453 2393 extra
1486 2341 1659 2411 ipsum
1692 2350 1834 2413 sunt,
1868 2345 2122 2412 quoniam

542 2430 610 2485 ab
637 2430 753 2499 ipso
784 2444 889 2484 non
922 2437 1047 2484 sunt
1068 2430 1111 2496 ³,
1148 2430 1398 2502 ideoque,
1425 2434 1669 2502 quamvis
1706 2436 1953 2490 dicantur
1980 2436 2120 2503 esse,

543 2521 762 2575 omnino
790 2536 896 2575 non
930 2532 1077 2587 Sllill,
1108 2531 1368 2579 aeternus
1396 2533 1479 2578 851
1511 2538 1608 2593 per
1635 2541 1884 2581 severam
1908 2536 2123 2581 senten-

544 2611 696 2666 tiam.
726 2610 843 2666 Non
877 2613 1058 2682 itaque
1088 2621 1138 2668 tae
1168 2629 1310 2669 nunc
1336 2614 1608 2686 interrogo
1631 2615 1697 2671 de
1723 2597 2121 2685 corporalitate,

544 2720 637 2760 seu
689 2704 1003 2770 iocalitate,
1070 2720 1164 2761 seu
1233 2708 1630 2778 temporalitate
1688 2708 2119 2780 suppliciorum;

543 2796 895 2865 spiritualiter
930 2796 1076 2851 enim
1117 2796 1301 2853 futura
1338 2798 1625 2869 impiorum
1663 2809 1932 2856 tormenta
1966 2786 2128 2857 intel;

537 2888 756 2958 ‘iigenda
785 2898 947 2943 sunt:
972 2888 1066 2943 sed
1097 2889 1273 2943 adhuc
1301 2904 1529 2960 quaero,
1552 2892 1605 2945 in
1635 2907 1742 2961 qua
1774 2906 1833 2945 re
1862 2891 2123 2947 debemus

542 2995 604 3035 ea
654 2982 909 3047 credere,
958 2981 1041 3036 vel
1093 2982 1391 3053 intelligere
1419 2981 1600 3039 futura
1633 2983 1939 3039 csse?Non
1977 2984 2121 3038 enim

542 3072 841 3142 putandum
888 3082 975 3127 est
1021 3071 1266 3141 subjecto
1312 3073 1493 3145 aliquo
1541 3090 1766 3142 carere;
1824 3076 2123 3131 accidentia

542 3164 741 3234 quippe
770 3172 896 3218 sunt
924 3164 1184 3234 supplicia
1228 3165 1269 3217 ³.
1331 3163 1388 3219 Si
1426 3173 1604 3220 autem
1635 3166 1839 3221 nullum
1869 3168 2127 3223 accidens

541 3232 766 3313 est—nisi
809 3258 861 3311 in
897 3232 1160 3327 subjecto,
1202 3266 1255 3312 et
1283 3274 1443 3314 omne
1478 3257 1779 3328 subjectum
1817 3276 1908 3316 res
1941 3261 2119 3330 aliqua
2151 3232 2193 3293 δ

432 3394 447 3397 _
543 3353 627 3403 est
670 3362 768 3418 per
814 3362 873 3402 se
923 3346 1262 3402 subsistens:
1296 3348 1555 3417 supplicia
1597 3349 1760 3418 igitur
1790 3350 1843 3403 in
1884 3350 2126 3419 subjecto

546 3437 725 3507 aliquo
764 3452 859 3507 per
893 3450 951 3492 se
986 3437 1312 3492 subsistente
1361 3438 1541 3493 futura
1590 3454 1710 3494 esse
1756 3454 1975 3494 necesse
2020 3448 2122 3517 est.

545 3528 741 3593 Porro,
784 3529 826 3583 si
867 3543 1047 3593 omne,
1089 3531 1230 3599 quod
1271 3546 1370 3600 per
1403 3546 1460 3586 se
1490 3531 1767 3599 subsistit,
1805 3533 1872 3586 ab
1906 3548 1988 3592 co,
2033 3528 2123 3601 qui

545 3619 789 3673 omnium
821 3619 1230 3676 subsistentium
1264 3636 1431 3677 causa
1462 3633 1579 3688 est,
1613 3623 1963 3679 substitutum
2004 3637 2085 3679 est
2103 3614 2122 3691 “;

546 3725 706 3766 omne
755 3710 987 3781 quippe,
1038 3713 1180 3782 quod
1220 3728 1250 3768 a
1289 3729 1451 3770 causa
1491 3715 1732 3770 omnium
1774 3706 2127 3772 substitutum

548 3819 653 3859 non
678 3811 785 3868 est,
815 3804 1029 3872 penitus
1057 3805 1189 3861 nihil
1218 3815 1321 3872 est,
1354 3816 1410 3862 et
1440 3807 1492 3861 in
1524 3822 1751 3863 numero
1780 3809 2126 3864 existentium

547 3912 654 3952 non
685 3897 970 3953 subsistit:
1005 3900 1267 3967 sequitur,
1320 3907 1379 3955 ut
1428 3900 1481 3954 in
1530 3900 1706 3970 aliqua
1757 3900 2055 3957 substantia
2096 3917 2127 3955 a

545 3988 659 4043 Deo
691 3988 984 4044 substituta
1015 3986 1401 4058 suppliciorum
1432 3988 1713 4044 calamitas
1742 3989 2122 4045 constituatur.

548 4076 604 4131 Si
637 4086 818 4133 autem
851 4078 953 4133 hoc
983 4078 1166 4133 datum
1201 4078 1392 4143 fuerit,
1427 4078 1711 4135 confestim
1746 4081 1833 4135 illa
1870 4083 2007 4137 ratio
2038 4098 2129 4137 va-

546 4166 787 4233 eillabit,
811 4183 949 4238 quae
993 4170 1281 4239 approbat,
1312 4170 1549 4225 divinam
1586 4170 1854 4240 justitiam
1893 4173 1944 4227 in
1985 4172 2128 4228 nulla

548 4266 834 4325 creatura,
875 4275 1036 4329 quam
1076 4258 1232 4324 fecit,
1272 4261 1465 4329 punire
1494 4262 1637 4330 quod
1666 4261 1831 4329 fecit,
1871 4265 2126 4333 quoniam

548 4367 729 4417 omne,
771 4354 915 4422 quod
957 4354 1009 4407 in
1047 4353 1317 4417 omnibus,
1359 4368 1499 4423 quae
1529 4355 1595 4407 ab
1627 4369 1712 4419 eo,
1752 4356 1844 4425 qui
1882 4356 2130 4426 impassi-

548 4441 674 4497 bilis
708 4451 795 4496 est
822 4451 879 4497 et
909 4442 1354 4511 incorruptibilis,
1386 4443 1586 4501 factum
1620 4454 1725 4508 est,
1756 4445 1999 4515 profecto
2030 4446 2129 4517 im-

549 4530 804 4600 passibile
825 4540 881 4585 et
900 4530 1303 4599 incorruptibile
1323 4542 1423 4596 est,
1443 4532 1707 4603 rutilisque
1734 4533 1756 4565 δ
1788 4535 2129 4604 passionibus

550 4624 865 4680 obnoxium.
924 4621 1209 4679 Passioncs
1256 4635 1436 4681 autem
1483 4642 1623 4681 mine
1668 4626 1787 4681 dico
1828 4643 1931 4681 non
1990 4621 2176 4704 illas,f

553 4728 691 4784 quae
729 4711 1050 4768 naturaliter
1080 4715 1280 4781 insunt,
1332 4725 1391 4769 ut
1428 4720 1676 4787 corporei
1709 4734 1899 4774 sensus
1942 4730 1995 4785 ο,
2038 4721 2133 4775 sed

551 4820 689 4875 quae
727 4812 913 4860 contra
953 4812 1202 4861 naturam
1241 4816 1400 4873 sunt,
1447 4809 1699 4878 circaque
1730 4810 2063 4879 corporalem
2114 4814 2135 4845 ⁸

551 4896 834 4953 materiam
875 4906 1161 4952 versantur
1211 4899 1264 4953 in
1335 4899 1436 4955 hac
1485 4901 1662 4955 adhuc
1709 4901 1927 4957 mortali
1976 4902 2082 4956 vita
2106 4896 2128 4969 ⁴;

551 4989 721 5060 ipsius
751 4996 930 5043 autem
961 4998 1190 5045 naturae
1220 4990 1550 5054 trinitatem.
1586 5007 1723 5059 quae
1748 4999 1830 5047 est
1860 4993 2130 5058 essentia,

553 5080 745 5147 virtus,
773 5080 1038 5151 operatio,
1078 5096 1177 5137 nec
1211 5081 1477 5151 attingere
1506 5097 1603 5136 nec
1632 5096 1978 5153 corrumpere
2008 5078 2130 5153 pos-

550 5180 696 5233 sunt,
719 5174 968 5241 quamvis
991 5187 1112 5226 eam
1144 5186 1455 5243 oppugnare
1481 5170 1765 5228 videantur
1809 5183 2060 5242 appetere
2083 5166 2125 5227 ί.

553 5261 665 5323 Hae
686 5270 865 5318 autem
888 5263 1169 5347 passiones
1184 5264 1319 5318 sunt
1340 5262 1615 5333 generatio
1636 5278 1701 5317 ex
1726 5263 2042 5334 corporibus
2065 5267 2133 5321 ad

551 5352 959 5413 similitudinem
979 5354 1429 5411 irrationabilium
1448 5354 1780 5422 animalium,
1802 5356 2132 5410 incrementa

2160 4582 2210 4647 D

2224 1976 2355 2029 sinit
2388 1975 2563 2053 puniri
2594 1991 2775 2040 omne,
2799 1976 2943 2046 quod
2974 1991 3001 2028 a
3027 1993 3237 2030 summo
3262 1975 3405 2029 bono
3434 1987 3694 2031 creatum
3716 1986 3821 2039 est,

2226 2081 2330 2119 non
2358 2066 2532 2120 solum
2573 2074 2632 2119 ut
2661 2072 2831 2131 cs‘set,
2865 2082 3051 2119 verum
3082 2068 3242 2124 etiam
3280 2076 3339 2120 ut
3365 2082 3589 2137 semper
3619 2068 3826 2138 impasp

2225 2156 2379 2212 sibile
2407 2166 2461 2210 et
2484 2148 3205 2228 incorruptibile‘,contrariis
3230 2157 3580 2227 passionibus
3609 2172 3825 2228 perma-

2225 2255 2377 2300 ncret
2410 2264 2425 2300 :
2453 2246 2722 2316 quomodo
2744 2247 3161 2317 puuiri'potest,
3189 2255 3283 2299 aut
3319 2246 3608 2317 suppliciis
3641 2245 3821 2313 subje-

2222 2349 2370 2394 ctum
2418 2354 2539 2395 esse
2586 2340 2648 2406 “,
2696 2340 2837 2411 quod
2879 2341 3100 2394 omnino
3147 2340 3198 2393 in
3245 2349 3436 2393 natura
3489 2355 3683 2394 rerum
3725 2356 3822 2393 non

2225 2432 2542 2504 intelligitur
2575 2433 2737 2487 esse?
2769 2433 2876 2486 Aut
2912 2432 3183 2501 quomodo
3223 2432 3516 2502 impiorum
3550 2440 3826 2486 tormenta

2226 2524 2458 2578 naiurali
2484 2522 2758 2597 subjecto,
2793 2524 2934 2594 quod
2976 2533 3300 2594 torqueant,
3333 2533 3569 2593 possunt
3595 2524 3827 2579 carere?

2227 2615 2365 2671 MAG.
2397 2614 2611 2670 Nodbsa
2655 2616 2818 2670 nimis
2855 2615 3220 2684 ditiieilisque,
3252 2624 3314 2670 ut
3351 2616 3575 2677 dixisti,
3611 2616 3689 2670 ad
3723 2614 3826 2685 sol;-

2226 2707 2457 2761 vendum
2485 2706 2781 2777 perplexio.
2807 2706 2863 2760 ln
2894 2706 2994 2760 hac
3019 2706 3162 2760 enim
3184 2706 3511 2777 quaestione
3534 2706 3647 2760 tria
3678 2705 3826 2761 nobis

2225 2806 2539 2863 occurrunt,
2579 2806 2635 2853 et
2664 2813 2829 2852 unum
2855 2813 2923 2853 ex
2960 2797 3029 2852 iis
3061 2796 3282 2869 eligere,
3316 2798 3422 2851 alia
3444 2798 3497 2829 ¹⁹
3533 2798 3650 2852 duo
3678 2796 3824 2851 inﬁr-

2227 2903 2377 2942 mare
2405 2903 2625 2944 necesse
2652 2898 2755 2944 est.
2787 2887 3045 2958 Cogimur
3083 2902 3314 2957 namque
3343 2886 3531 2949 fateri.
3556 2874 3659 2943 aut
3687 2886 3826 2957 quod

2227 2979 2442 3050 penitus
2476 2995 2581 3033 non
2610 2988 2693 3035 est
2721 2979 2775 3033 in
2804 2994 2985 3033 rerum
3010 2988 3225 3043 natura,
3259 2994 3355 3051 per
3384 2994 3443 3033 se
3476 2979 3699 3049 absque
3724 2977 3828 3032 ullo

2218 3070 2469 3139 subjecto
2494 3086 2650 3142 posse
2677 3070 2884 3141 puniri;
2916 3080 2971 3123 et
3009 3070 3111 3125 hoc
3161 3068 3361 3124 rationi
3403 3069 3570 3124 valde
3612 3070 3827 3124 videtur

2229 3164 2523 3227 resistere;
2552 3161 2823 3232 quomodo
2858 3163 3002 3216 enim
3033 3162 3286 3232 punitur,
3315 3162 3459 3231 quod
3501 3178 3615 3217 non
3649 3162 3706 3216 in
3736 3163 3827 3216 ali-

2226 3270 2332 3325 quo
2361 3252 2644 3310 subsistit?
2662 3283 2731 3294 —
2750 3262 2842 3307 aut
2872 3252 3139 3324 quoddam
3175 3253 3217 3283 ”
3243 3252 3493 3307 naturale
3518 3254 3833 3322 subjectum.

2225 3345 2487 3415 supplicia
2517 3343 2625 3414 pati
2645 3385 2660 3410 ,
2691 3344 2833 3414 quod
2862 3360 2967 3397 non
3006 3344 3214 3408 minus,
3244 3343 3352 3398 imo
3382 3343 3511 3414 plus
3544 3344 3746 3399 rationi
3776 3354 3828 3397 et

2227 3434 2536 3489 auctoritati
2587 3433 2919 3488 contrarium
2974 3448 3096 3488 esse
3140 3431 3330 3499 vides;
3383 3448 3551 3487 omne
3604 3434 3827 3504 quippe,

2227 3530 2369 3600 quod
2415 3529 2466 3582 in
2508 3537 2698 3584 natura
2743 3510 2924 3582 rerum
2962 3543 2992 3580 a
3032 3542 3245 3582 summo
3286 3526 3431 3582 bono
3466 3526 3829 3581 substitutum

2220 3624 2330 3684 est,
2363 3620 2475 3675 sive
2508 3614 2805 3674 secundum
2834 3617 3217 3681 substantiam,
3254 3616 3371 3671 sive
3398 3617 3707 3671 secundum
3732 3630 3827 3669 ac-

2227 3713 2434 3777 cideus,
2458 3711 2641 3771 divina
2657 3708 2865 3781 justitia
2894 3717 3053 3778 atque
3080 3709 3280 3778 pietate
3307 3708 3532 3777 provida
3563 3707 3826 3779 prohibe-

2231 3813 2319 3857 tur
2359 3802 2561 3873 puniri,
2603 3818 2671 3855 ne
2718 3798 2849 3869 quid
2902 3799 3056 3854 triste
3102 3799 3432 3853 miserumve
3474 3800 3530 3853 in
3571 3801 3833 3855 universa

2228 3904 2478 3949 creatura
2527 3892 2832 3962 reperiatur
2867 3921 2938 3931 —-
2969 3899 3061 3945 aut
3110 3890 3313 3956 puniri,
3362 3888 3509 3960 quod
3558 3904 3673 3943 non
3720 3901 3829 3951 est.

2231 3995 2407 4039 tamen
2442 3982 2486 4015 ιδ
2514 3984 2565 4037 in
2594 3980 2836 4051 subjecto
2857 3982 3056 4051 aliquo,
3075 3981 3218 4050 quod
3237 3989 3339 4045 est,
3360 3980 3626 4049 omnique
3653 3995 3835 4050 poena

2230 4080 2455 4133 liberum
2490 4079 2727 4148 punitur.
2773 4076 2975 4131 Horum
3021 4075 3183 4132 triqu
3227 4074 3386 4150 elige,
3425 4074 3557 4142 quid
3591 4089 3832 4144 sequens

2230 4171 2376 4225 dum.
2410 4169 2554 4224 Disc.
2598 4167 2864 4232 Tertium,
2902 4175 2957 4220 et
3001 4181 3065 4220 ex
3120 4165 3328 4220 duobus
3368 4165 3829 4234 praecedentibus

2231 4260 2620 4329 cmnpositum,
2653 4258 2698 4313 si
2730 4266 2907 4312 tamen
2950 4256 3304 4327 probabiliter
3339 4264 3519 4326 potest
3561 4255 3827 4310 inveniri.

2232 4348 2496 4419 Torqueri
2526 4349 2690 4414 enim,
2724 4347 2868 4421 quod
2918 4363 3022 4418 non
3069 4354 3175 4411 est,
3207 4354 3263 4402 et
3313 4346 3364 4400 in
3406 4353 3609 4399 natura
3643 4360 3826 4399 rerum

2232 4456 2337 4494 non
2376 4439 2665 4505 invenitur,
2714 4447 2807 4493 aut
2849 4436 3093 4492 naturale
3135 4437 3433 4515 subjectum
3466 4449 3675 4504 poenas
3725 4434 3831 4489 Sole

2232 4547 2358 4587 vere
2393 4531 2459 4597 ",
2500 4530 2736 4586 rationes
2779 4530 3089 4601 praedictae
3130 4516 3507 4583 incunctanter
3544 4526 3825 4580 refellunt.

2235 4621 2420 4677 Puniri
2443 4632 2619 4677 autem
2652 4622 2864 4687 vitium,
2890 4621 3034 4692 quod
3055 4636 3159 4674 non
3190 4627 3293 4681 est,
3318 4620 3371 4673 in
3404 4617 3593 4687 aliquo
3623 4628 3825 4680 tamen,

2236 4716 2378 4785 quod
2423 4724 2523 4780 est,
2556 4724 2610 4770 et
2659 4714 2986 4785 impossibile
3027 4722 3129 4777 est,
3170 4715 3425 4782 quoniam
3466 4713 3580 4782 pati
3626 4726 3828 4782 poenas

2237 4824 2343 4863 non
2374 4807 2590 4872 sinitur,
2629 4807 2885 4862 credibile
2912 4806 3044 4861 mihi
3079 4806 3309 4869 videtur,
3352 4805 3580 4873 verique
3616 4803 3833 4859 similli-.

2237 4916 2404 4955 mum.
2432 4898 2691 4975 Quamvis
2722 4899 2918 4954 mentis
2943 4914 3093 4955 meae
3112 4897 3412 4954 contuitum
3436 4896 3622 4951 adhuc
3644 4894 3829 4965 fugere

2237 4990 2502 5056 videatur,
2532 5001 2709 5045 utrum
2757 4991 2863 5044 tale
2907 4990 3163 5059 quiddam
3202 4989 3276 5046 ita
3315 4990 3403 5043 sit.
3434 4987 3579 5045 MAG.
3610 4984 3833 5040 Veritas

2239 5084 2623 5153 quaerentibus
2652 5098 2709 5137 se
2737 5082 2822 5152 pie
2852 5097 2915 5137 ac
2936 5082 3126 5139 devote
3147 5088 3294 5133 amat
3315 5092 3633 5141 occurrere,
3660 5089 3833 5146 seque

2242 5176 2409 5246 ipsam
2440 5175 2685 5244 aperire,
2721 5182 2774 5228 et
2805 5188 2944 5244 quae
2974 5182 3184 5239 tuentes
3220 5186 3406 5245 eorum
3430 5167 3669 5239 fugiunt,
3698 5182 3827 5236 pro-

2240 5267 2384 5322 dere.
2416 5266 2658 5335 Denique
2692 5281 2812 5320 eam
2844 5264 2984 5323 inter
3012 5278 3112 5320 nos
3139 5276 3482 5335 quaeramus,
3512 5258 3827 5315 rationabili

2240 5360 2454 5415 incessu
2502 5359 2843 5431 gradientes,
2888 5367 2944 5412 et
2994 5356 3237 5413 vicissim
3272 5351 3827 5423 me.praecedentcui

1803 5474 2058 5531 unum
2098 5454 2519 5530 LECTIONESI

630 5565 649 5596 ¹
674 5564 719 5618 Α
744 5563 986 5633 imagini.
1043 5566 1082 5596 ·²
1110 5565 1292 5620 Asint.

555 5634 733 5689 insunt
806 5633 826 5663 ⁸
858 5634 948 5690 Sic
966 5634 1085 5699 CF;
1122 5634 1167 5688 Α
1194 5634 1601 5705 corruptibilem.
1679 5637 1697 5667 ⁷
1729 5635 1817 5689 Sic

550 5717 753 5761 Vlenta.
851 5716 873 5745 θ
904 5707 1246 5760 omniumom.
1279 5708 1342 5759 Α.
1440 5705 1481 5736 ¹⁰
1516 5706 1786 5760 rationalis
1813 5720 1921 5760 om.
1955 5706 2018 5760 Α.

561 5780 760 5836 tamen.
834 5778 877 5810 “
905 5778 993 5831 Sic
1019 5776 1101 5831 (1F
1120 5794 1133 5843 ;
1168 5777 1206 5828 A
1235 5791 1436 5844 poenas
1464 5780 1592 5847 rati.

1372 5564 1392 5595 ³
1415 5562 1512 5647 _Sie
1542 5563 1657 5629 CF;
1689 5564 2031 5689 A‘sintglicia.
2071 5612 2082 5623 .
2109 5566 2127 5596 ‘

1372 5634 1601 5689 νιιὺιιεηι.
1679 5637 1697 5667 ⁷
1729 5637 1817 5689 δια
1883 5633 1956 5689 F:
1985 5638 2025 5689 A
2053 5654 2120 5689 ou

2227 5565 2238 5581 ‘
2266 5564 2426 5627 uultis
2456 5567 2607 5636 (-que
2630 5554 2764 5635 oin.)
2824 5568 2861 5621 ,⁸
2886 5563 2928 5617 Δ
2954 5562 3269 5618 naturaliter
3294 5568 3350 5615 ut
3379 5558 3615 5630 corporei
3638 5571 3829 5610 una:

2227 5636 2299 5689 vis
2327 5636 2612 5689 videantur
2655 5645 2893 5689 appetere
2941 5651 3057 5688 eam
3104 5648 3424 5689 annuanare.
3498 5629 3520 5659 ⁸
3548 5627 3633 5683 CF
3659 5629 3827 5681 detri-

1862 5633 2120 5708 3F;Aqu

1862 5706 2018 5760 aLA.
2112 5711 2125 5739 ³

2227 5636 2299 5689 vis
2327 5627 2612 5698 videantur
2655 5627 2893 5705 appetere
2926 5651 3057 5716 .cam
3104 5648 3424 5718 oppugnare.
3471 5627 3520 5659 ’⁸
3548 5627 3633 5683 CF
3659 5629 3827 5681 detri-

2227 5723 2418 5763 seom.
2452 5706 2557 5762 CF.
2656 5708 2697 5737 ¹¹
2722 5707 2768 5762 Λ
2792 5716 2837 5760 ct
2868 5705 2992 5761 aha.
3083 5703 3124 5735 ³³
3152 5702 3236 5763 LF
3262 5701 3531 5773 quiddam.
3611 5696 3652 5728 "
3692 5697 3739 5750 Α
3778 5704 3827 5749 et
