4008 6286
218 338 329 398 941

228 542 522 621 Praecede.

303 635 392 690 '51.
425 634 563 691 Mne.
592 637 669 695 De
686 637 864 693 reditu
887 639 1262 708 humanitatis,
1283 643 1652 712 omniumque,
1676 658 1814 714 quae

226 727 288 783 in
319 727 434 796 ipsa
465 736 521 782 et
544 737 767 799 prepzer
798 728 971 799 ipsam
1012 730 1157 786 facta
1199 741 1356 799 sunt,
1388 735 1440 789 iu
1470 735 1583 805 ipsa
1611 744 1665 790 et
1689 751 1814 795 eum

226 817 350 886 ἣκει
374 818 432 872 in
461 819 782 888 principium
806 835 967 877 suum
999 811 1313 881 tractamus.
1355 825 1469 881 Non
1495 828 1641 882 enim
1666 844 1816 887 nune

233 910 305 963 de
352 910 655 965 substantia
698 912 1048 979 daemonum,
1076 932 1238 985 quam
1283 918 1532 975 conditor
1575 920 1816 981 omnium

237 998 437 1057 bonam
469 1008 523 1055 et
565 1000 1029 1073 incerrnptibilem
1061 1006 1114 1060 in
1147 1009 1226 1063 eis
1264 1008 1420 1076 fecit,
1451 1025 1632 1065 sermo
1663 1012 1818 1068 nobis

231 1100 343 1158 est,
369 1103 549 1149 utrum
576 1103 631 1150 et
649 1095 768 1165 ipsa
796 1109 1017 1170 purgata
1045 1110 1390 1161 convertatur
1404 1105 1479 1159 ad
1496 1105 1817 1177 principium

237 1200 417 1252 suum,
457 1182 610 1255 'quod
656 1191 1082 1258 praevaricando
1129 1192 1386 1257 deseruit,
1432 1210 1500 1251 an
1549 1211 1762 1267 semper
1789 1212 1821 1253 a

238 1276 697 1345 contemplatione
746 1279 993 1343 veritatis
1019 1295 1113 1337 sua
1139 1286 1493 1353 perversitate
1521 1288 1822 1342 exorbitata

236 1366 430 1439 fugiet.
465 1367 575 1425 Hoc
598 1370 820 1429 interim
845 1370 1178 1430 solummodo
1202 1374 1267 1429 ad
1300 1390 1491 1445 purum
1534 1378 1599 1433 de
1633 1393 1697 1432 ea
1719 1392 1823 1433 eoo

241 1459 571 1528 guoscimus,
609 1460 754 1531 quod
795 1477 901 1518 non
938 1463 1179 1532 punitur,
1227 1478 1330 1520 nec
1370 1481 1605 1535 unquam
1643 1466 1829 1535 puniev

240 1561 353 1615 tur,
382 1561 440 1606 et
460 1552 605 1621 quod
630 1552 863 1623 dignitas
890 1568 1020 1608 suae
1051 1554 1254 1624 primae
1278 1555 1626 1622 conditionis,
1651 1555 1827 1626 prius-

244 1659 406 1712 quam
448 1645 779 1715 ,superbiret,
835 1645 1218 1715 hominemque
1268 1647 1559 1717 deciperet,
1613 1663 1830 1717 semper

246 1732 656 1790 immutabiliter
692 1735 896 1810 absque
934 1735 1042 1790 ulla
1084 1735 1392 1807 demptione
1422 1737 1476 1792 in
1512 1753 1576 1793 ea
1623 1746 1827 1806 manet,

322 342 329 421 ε
528 347 536 353 ’
1076 338 1171 398 DE
1213 340 1547 399 DlVlSl’ONE
1585 340 1929 414 NATURAE.
2072 340 2274 403 LIBER
2312 341 2634 413 QUINTUS.

223 467 481 524 sequere,
503 459 563 507 et
576 466 676 524 ego
699 461 749 510 te
772 454 1231 525 nraegredientem
1255 459 1620 529 subsequar}.
1667 461 1807 541 Dtsc.
1842 469 1889 525 Α
1918 479 2021 515 una
2043 465 2276 518 essentia
2302 464 2354 518 iu
2377 464 2550 519 tribus
2574 461 2909 528 substantiis,
2932 460 2999 518 ad
3022 459 3177 531 cujus
3201 455 3493 531 imaginem

3378 338 3490 396 ΜΞ

1919 554 2131 611 trinitas
2174 568 2393 624 quoque
2428 553 2803 609 humanitatis
2851 551 3184 623 intelligitur,
3234 562 3373 621 quae
3410 555 3495 605 est

1912 661 2045 709 esse,
2094 643 2241 709 velle,
2295 644 2451 708 scire,
2503 652 2560 698 ut
2599 652 2815 698 sanctus
2868 642 3197 712 Augustinus
3238 639 3294 695 in
3341 637 3495 694 libris

1916 737 2325 796 Cool'essionum
2347 755 2563 794 suarum
2590 740 2847 810 disputat.
2872 738 3070 795 Beatus
3098 746 3277 794 autem
3300 735 3495 807 Diony-

1916 828 2029 884 sius
2067 828 2393 899 Areo‘pagita
2429 828 2654 883 eandem
2689 827 2982 883 trinitatem
3027 825 3345 885 essentiam,
3385 824 3497 877 vir-

1920 930 2089 979 tutem
2116 930 2172 977 et
2210 921 2577 991 operationem
2606 919 2882 990 perdocet.
2926 916 3039 974 Nec
3076 917 3218 972 inter
3240 930 3301 971 se
3327 914 3500 970 disso-

1920 1021 2081 1078 naut,
2122 1013 2227 1067 nisi
2265 1011 2321 1066 in
2363 1008 2846 1082 signiﬁcationibus
2877 1007 3281 1064 vocabulorum.
3314 1003 3501 1073 Neque

1914 1104 2025 1160 hoc
2060 1102 2116 1157 in
2146 1101 2428 1167 omnibus;
2471 1101 2631 1156 ambo
2668 1099 2932 1170 siquidem
2961 1112 3080 1155 esse
3115 1096 3330 1160 dicunt,
3363 1109 3503 1149 unus

1923 1202 2106 1249 autem
2133 1191 2289 1258 velle,
2322 1191 2459 1246 alter
2483 1191 2758 1247 virtutem.
2785 1188 2894 1245 Nec
2925 1190 2979 1245 in
3017 1191 3120 1245 hoc
3139 1184 3293 1256 juxta
3320 1197 3503 1238 rerum

1924 1285 2346 1357 speculationem
2374 1282 2518 1338 inter
2536 1297 2602 1338 se
2632 1282 2972 1353 discrepant;
3009 1278 3152 1335 nulla
3178 1278 3322 1333 enim
3351 1282 3506 1330 natu-

1927 1374 2092 1431 ralior
2120 1382 2176 1429 et
2200 1372 2604 1429 substantialior
2640 1372 2813 1427 virtus
2840 1381 2923 1426 cst
2946 1368 3314 1433 humanitatis,
3343 1377 3505 1436 quam

1927 1467 2067 1522 bene
2097 1463 2251 1521 velle.
2281 1463 2431 1520 Unus
2470 1464 2598 1519 item
2642 1463 2719 1517 ait
2754 1462 2915 1527 scire,
2942 1460 3079 1516 alter
3114 1458 3508 1530 operationem.

1930 1555 1997 1613 Et
2024 1570 2165 1625 quae
2196 1563 2283 1610 est
2312 1553 2652 1610 rationabilis
2692 1562 2918 1608 naturae
2965 1550 3207 1622 operatio
3229 1591 3243 1614 ,
3294 1557 3510 1618 praeter

1926 1646 2163 1715 seipsam
2194 1652 2249 1700 et
2272 1644 2439 1701 Deum
2468 1658 2645 1707 suum,
2669 1650 2928 1713 quantum
2966 1642 3127 1697 datur
3163 1638 3287 1695 sciri
3317 1641 3359 1703 ⁸,
3387 1636 3511 1706 quis

1935 1746 2153 1807 superat
2179 1750 2394 1793 omnem
2428 1736 2746 1799 scientiam,
2781 1732 2957 1789 scire?
2982 1732 3129 1787 Haec
3170 1744 3401 1800 namque
3426 1738 3516 1784 est

241 1826 595 1896 manebitque
623 1827 675 1882 iu
698 1836 1001 1894 aeternum,
1023 1835 1077 1883 et
1096 1830 1239 1899 quod
1262 1830 1532 1900 impietas,
1559 1847 1721 1902 quam
1749 1846 1834 1887 su-
1867 1820 1908 1880 Β
1937 1829 2200 1885 naturalis
2233 1836 2421 1884 nostra
2450 1826 2729 1898 operatio,
2760 1839 2896 1895 quae
2935 1839 3042 1879 non
3073 1831 3226 1885 extra
3252 1834 3350 1876 nos
3369 1859 3383 1884 ,
3417 1818 3518 1874 sed

247 1917 563 1986 perbientl0~
587 1927 926 1984 attraxerat,
966 1920 1184 1990 penitus
1212 1921 1448 1991 peribit,
1504 1937 1572 1977 ne
1618 1922 1833 1979 divinae

247 2008 479 2064 bonitati
505 2018 791 2066 coaeterna
822 2010 936 2066 ﬁeri
968 2012 1157 2083 possit.
1184 2012 1266 2067 De
1293 2011 1465 2067 salute
1487 2020 1667 2069 autem
1696 2011 1832 2081 ejus,

252 2108 348 2155 aut
384 2103 762 2168 conversione,
807 2118 903 2157 seu
948 2103 1001 2158 in
1041 2119 1261 2161 causam
1304 2120 1459 2160 suam
1500 2105 1674 2160 reditu
1713 2120 1837 2176 pro-

241 2199 438 2262 pterea
473 2192 605 2249 nihil
648 2192 874 2269 deﬁnire
912 2195 1339 2267 praesumimus,
1378 2194 1634 2265 quoniam
1658 2210 1838 2268 neque

251 2284 466 2340 divinae
491 2284 768 2347 historiae,
788 2299 969 2356 neque
989 2295 1298 2351 sanctorum
1321 2286 1564 2354 Patrum,
1592 2288 1693 2357 qui
1711 2302 1837 2344 eam

241 2389 573 2445 exposuere,
625 2384 830 2433 certam
875 2376 941 2431 de
986 2375 1090 2432 hoc
1133 2374 1504 2433 auctoritatem
1538 2377 1834 2443 habemus;

249 2476 419 2534 atque
458 2467 581 2523 ideo
624 2466 772 2523 illam
812 2466 1201 2524 obscuritatem
1249 2467 1463 2523 silentio
1510 2468 1839 2525 honoriﬁca-

250 2570 397 2621 mus,
431 2571 498 2610 ne
528 2555 690 2621 forte,
722 2571 863 2627 quae
899 2564 1051 2611 extra
1086 2573 1184 2613 nos
1214 2566 1337 2613 sunt
1368 2566 1409 2624 ³,
1441 2573 1704 2627 quaerere
1751 2574 1843 2615 eo-

252 2662 478 2717 nantes,
506 2650 627 2721 plus
648 2650 844 2708 cadere
882 2651 932 2704 in
968 2665 1212 2706 errorem
1234 2691 1248 2716 ,
1273 2665 1434 2719 quam
1465 2651 1756 2705 ascendere
1786 2650 1842 2706 iu

254 2743 545 2799 veritatem
584 2742 741 2799 nobis
770 2743 1070 2815 contingat.
1111 2742 1343 2805 Proinde
1379 2744 1521 2813 quod
1555 2753 1708 2798 extra
1744 2758 1844 2800 nos

252 2852 367 2892 non
396 2844 497 2900 est.
520 2844 762 2893 nostrain
797 2844 1045 2891 naturam
1070 2835 1089 2866 ³
1130 2836 1270 2899 dico,
1293 2835 1428 2891 duce
1453 2836 1562 2891 Deo
1584 2849 1846 2904 quaerere

253 2927 538 2983 debemus.
593 2929 740 2983 Dtsc.
787 2926 863 2982 ιω
899 2935 1130 2998 oportet.
1182 2926 1315 2981 Nam
1364 2943 1475 2983 non
1524 2927 1695 2982 solum
1747 2942 1845 2984 nos

258 3018 412 3087 ipsos
450 3033 553 3074 non
585 3019 953 3089 prohibemur,
991 3033 1177 3074 verum
1216 3019 1377 3073 etiam
1405 3017 1658 3086 iubemur
1682 3034 1848 3088 quae-

256 3124 407 3172 rere,
445 3109 657 3164 dicente
695 3101 981 3165 Salomone
1022 3124 1038 3162 :
1090 3107 1215 3163 Nisi
1261 3111 1562 3179 coguorm‘s
1599 3110 1845 3178 leipsum,

1928 1923 2073 1978 intra
2104 1937 2202 1978 nos
2226 1921 2523 1978 constituta
2548 1928 2654 1976 est.
2681 1917 2819 1986 Quid
2844 1917 2990 1975 enim
3011 1929 3170 1977 nosse
3192 1911 3514 1984 appetimus,

1938 2013 2040 2069 nisi
2066 2027 2286 2068 causam
2317 2021 2557 2069 nostram
2582 2011 2728 2066 intra
2752 2023 2848 2064 nos
2875 2005 3130 2063 ineﬁ'ahili
3162 2001 3515 2075 providentia,

1937 2113 1991 2161 et
2020 2105 2159 2160 ultra
2192 2118 2290 2161 nos
2320 2101 2850 2173 incomprehensibili
2878 2098 3109 2156 virtute?
3148 2098 3226 2154 Ac
3254 2097 3320 2152 de
3348 2096 3435 2152 his
3464 2094 3518 2148 in

1938 2196 2307 2268 superioribus
2347 2196 2498 2251 libris
2538 2196 2672 2251 satis
2713 2195 2853 2250 inter
2880 2208 2977 2249 nos
3001 2201 3085 2249 est
3112 2200 3314 2256 actum,
3342 2196 3403 2244 ut
3433 2203 3525 2243 ar-

1939 2288 2130 2344 bitror.
2158 2286 2298 2343 Mm.
2328 2285 2472 2343 Satis
2498 2283 2740 2357 profecto
2773 2302 2787 2339 :
2818 2283 2912 2341 sed
2946 2283 3134 2347 eadem
3167 2288 3434 2351 repetere,
3464 2285 3525 2334 ut

1938 2376 2140 2433 clarius
2173 2375 2513 2440 eluoescant,
2552 2391 2658 2430 non
2686 2383 2737 2429 te
2772 2373 2951 2445 pigeat
2993 2386 3091 2428 nec
3122 2370 3337 2440 pudeat.
3376 2369 3522 2424 Dtsc.

1942 2465 2308 2537 Nequaquam.
2336 2464 2471 2522 Hac.
2495 2464 2772 2535 Estigitur
2790 2461 3097 2519 humanitas
3110 2460 3338 2530 simplex
3361 2471 3528 2529 quae-

1944 2559 2101 2623 dam,
2134 2566 2190 2613 et
2232 2557 2287 2611 in
2333 2555 2636 2612 rationibus
2678 2555 2790 2610 suis
2836 2555 2891 2609 in
2936 2553 3204 2615 inﬁnitum
3252 2547 3530 2620 multiplex

1942 2657 2212 2710 creatura,
2242 2646 2693 2718 quemadmodum
2718 2652 2774 2701 et
2799 2659 2895 2701 sua
2920 2659 3086 2700 causa
3114 2644 3168 2698 in
3192 2643 3368 2712 seipsa
3400 2640 3531 2695 sim-

1943 2738 2069 2810 plex
2094 2745 2180 2793 est
2204 2746 2259 2793 et
2286 2736 2568 2807 plusquam
2602 2733 2850 2805 simplex,
2880 2742 2936 2789 et
2964 2734 3015 2787 in
3035 2730 3417 2788 occasionibus
3448 2743 3531 2783 re-

1947 2844 2065 2883 rum
2093 2826 2163 2882 ab
2206 2841 2271 2882 ea
2319 2823 2583 2881 factarum
2626 2823 2837 2880 inﬁnita
2883 2832 2937 2879 et
2978 2823 3260 2893 plusquam
3299 2817 3529 2874 inﬁnita.

1945 2919 2045 2975 Est
2069 2927 2248 2973 autem
2276 2931 2439 2974 causa
2467 2915 2583 2989 ejus
2609 2929 2819 2972 summa
2850 2930 2916 2971 ac
2951 2914 2974 2945 ⁸
3023 2913 3138 2968 sola
3167 2926 3266 2981 per
3292 2924 3350 2965 se
3378 2908 3534 2963 boui.

1952 3021 2056 3076 tas,
2081 3011 2175 3067 cui
2205 3010 2476 3067 simillima
2512 3016 2597 3065 est
2635 3008 2966 3064 humanitas.
3017 3005 3085 3060 Ut
3121 3004 3264 3059 enim
3302 3002 3389 3057 illa
3421 3009 3532 3055 tota

1951 3105 2152 3173 ubique
2188 3103 2243 3157 in
2274 3096 2560 3170 seipsa'est
2582 3139 2597 3165 ,
2628 3099 2700 3154 ita
2749 3108 2803 3155 et
2841 3097 2968 3163 ista,
3009 3095 3262 3167 quoniam
3291 3101 3311 3132 ν
3365 3091 3534 3147 simit-

256 3170 402 3251 vudeﬂ
422 3198 478 3251 in
508 3199 617 3253 vias
653 3215 887 3269 gregum.
929 3197 1043 3253 Non
1085 3198 1227 3253 enim
1264 3170 1422 3268 longe
1461 3216 1490 3252 a
1520 3170 1696 3255 brutis
1724 3170 1844 3254 aui;
1876 3170 1921 3233 ο
1951 3170 2079 3249 lima
2109 3193 2288 3262 imago
2305 3191 2453 3256 est“,
2478 3191 2674 3261 ubique
2702 3190 2755 3245 in
2783 3189 2959 3260 seipse
2991 3196 3101 3244 tota
3124 3195 3229 3243 est.
3257 3184 3327 3240 Et
3346 3198 3535 3254 quem~

260 3286 498 3342 malibus
524 3287 720 3354 distat,
755 3289 846 3357 qui
878 3288 1109 3358 seipsqu
1145 3303 1598 3359 communemque
1625 3289 1846 3344 humani

256 3381 483 3451 generis
511 3390 759 3436 naturam
800 3381 1028 3449 ignorat.
1063 3381 1272 3452 Moyses
1303 3380 1430 3437 item
1458 3395 1473 3435 :
1508 3381 1730 3436 Attende
1755 3378 1850 3435 tibi

262 3472 392 3541 ipsi,
423 3462 519 3537 ait,
546 3480 602 3527 et
630 3472 746 3542 lege
766 3466 1016 3528 veluti‘iu
1041 3472 1204 3537 libro,
1234 3473 1609 3550 operatiouum
1638 3472 1852 3528 animae

270 3564 575 3619 historiam.
607 3564 665 3619 Si
693 3566 836 3621 enim
869 3580 966 3621 nos
1003 3566 1147 3636 ipsos
1189 3580 1349 3621 nosse
1389 3575 1445 3620 et
1469 3581 1733 3637 quaerere
1757 3580 1854 3621 no—

264 3654 470 3723 lumus,
502 3657 745 3726 profecto
777 3658 844 3712 ad
874 3659 959 3723 id,
990 3659 1133 3727 quod
1170 3673 1330 3728 supra
1367 3673 1465 3714 nos
1488 3666 1594 3725 est,
1633 3672 1853 3714 causam

269 3748 483 3805 scilicet
509 3757 770 3813 nostram,
803 3749 981 3805 redire
1010 3764 1113 3803 non
1132 3747 1523 3814 desideramus,
1548 3763 1612 3803 ac
1637 3761 1733 3817 per
1756 3748 1858 3803 hoc

274 3838 330 3893 in
359 3839 621 3909 grabbato
648 3839 881 3895 carnalis
909 3838 1172 3896 materiae
1205 3847 1485 3907 morteque
1523 3837 1858 3908 ignorantiae

268 3926 593 3998 jacebimus.
632 3929 787 3985 Nulla
825 3930 1022 4000 quippe
1058 3929 1161 3983 alia
1197 3929 1282 3983 via
1318 3938 1405 3984 est
1438 3929 1506 3983 ad
1545 3924 1861 3997 principalis

272 4018 509 4089 exempli
546 4020 892 4090 purissimam
931 4018 1441 4089 contemplationem
1484 4025 1701 4088 praeter
1736 4031 1866 4088 pro-

279 4110 461 4164 ximae
486 4109 587 4166 sibi
613 4124 740 4166 suae
762 4109 1013 4181 imaginis
1033 4108 1392 4165 certissimam
1424 4107 1691 4163 notitiam.
1721 4107 1863 4163 Inter

274 4202 577 4275 principale
612 4218 843 4273 namque
866 4202 1174 4270 exemplum
1205 4202 1603 4272 imaginemque
1628 4210 1682 4257 et
1707 4201 1859 4257 simi-

280 4292 564 4349 litudinem
592 4294 695 4358 sui,
737 4295 839 4349 hoc
866 4303 949 4349 est
985 4294 1127 4349 inter
1152 4292 1319 4349 Deum
1359 4300 1417 4348 et
1449 4292 1864 4359 humanitatem,

283 4382 491 4439 nullum
530 4381 878 4439 iuterstitium
906 4384 1259 4441 constitutum
1288 4390 1388 4438 est.
1425 4381 1574 4437 lianc
1599 4381 1867 4437 rationem

1951 3282 2241 3339 admodum
2268 3281 2449 3336 divina
2480 3279 2696 3336 bonitas
2725 3280 2778 3336 in
2807 3279 3060 3336 omnibus
3087 3272 3535 3347 participautibus

1952 3390 2011 3431 se
2035 3382 2145 3430 tota
2176 3380 2279 3438 est,
2304 3381 2362 3429 et
2385 3370 2585 3428 nullius
2607 3370 2830 3438 malitia,
2862 3384 2955 3425 seu
2988 3367 3238 3430 stultitia,
3265 3380 3356 3422 seu
3386 3364 3539 3434 igno-

1953 3464 2128 3519 rantia
2149 3463 2467 3535 prohibetur
2487 3469 2771 3533 penetrare
2798 3457 3201 3515 universitatem
3227 3456 3294 3510 ab
3320 3469 3383 3511 ea
3408 3467 3539 3508 cou-
3612 3468 3613 3471 ‘

1954 3555 2121 3611 ditam
2153 3571 2166 3608 :
2195 3553 2273 3608 ita
2303 3540 2611 3608 humanitas
2642 3550 2696 3606 in
2720 3563 2908 3605 omnes
2933 3546 3178 3604 homines
3202 3542 3539 3606 diﬂ’uuditur,

1954 3655 2010 3701 et
2026 3653 2143 3701 tota
2176 3644 2231 3699 in
2254 3642 2504 3700 omnibus
2524 3651 2627 3709 est,
2653 3650 2709 3698 et
2729 3639 2754 3674 '
2782 3647 2897 3696 tota
2929 3640 2981 3694 in
3003 3635 3246 3709 singulis,
3270 3635 3384 3691 sive
3412 3633 3539 3689 bent

1956 3736 2065 3791 sint
2087 3735 2202 3790 sive
2226 3732 2372 3789 mali.
2402 3731 2607 3799 Nullius
2639 3731 2783 3787 enim
2823 3728 3050 3785 stultitia
3088 3724 3383 3796 repellitur,
3424 3721 3540 3777 nul-

1956 3824 2061 3880 lius
2091 3823 2293 3878 malitia
2319 3823 2610 3887 detinetur,
2634 3821 2833 3876 nullius
2856 3820 2988 3875 vitio
3007 3816 3542 3886 corrumpitur,-sor-

1960 3916 2182 3973 dibusve
2207 3914 2484 3987 polluitur,
2514 3929 2649 3985 pura
2677 3913 2731 3968 in
2763 3911 3045 3976 omnibus,
3072 3909 3123 3964 in
3160 3906 3405 3978 superbis
3432 3918 3544 3959 non

1960 4010 2199 4077 inﬂatur,
2231 4009 2283 4064 in
2310 4007 2671 4079 pusillanimis
2712 4021 2821 4062 non
2864 4003 3121 4067 tabescit,
3159 4001 3210 4056 in
3250 3997 3544 4067 majoribus

1961 4100 2278 4173 corporibus
2308 4113 2414 4154 non
2450 4105 2536 4155 est
2577 4096 2767 4168 major,
2806 4110 2980 4165 neque
3015 4095 3068 4148 in
3112 4090 3412 4147 minoribus
3446 4088 3544 4143 mi-

1962 4207 2085 4258 nor,
2113 4189 2353 4263 aequalis
2380 4189 2434 4244 in
2462 4188 2732 4252 omnibus,
2763 4183 3058 4256 aequaliter
3082 4181 3137 4238 in
3164 4194 3292 4236 suos
3321 4177 3550 4249 partici-

1966 4298 2060 4354 pes
2100 4281 2442 4352 proveniens,
2487 4277 2678 4334 melior
2723 4277 2779 4332 in
2822 4273 2978 4330 bonis
3016 4288 3123 4329 non
3157 4279 3241 4327 est
3277 4282 3440 4341 quam
3489 4266 3546 4321 in

1968 4372 2148 4437 malis,
2197 4383 2371 4439 neque
2417 4366 2655 4424 deterior
2696 4366 2749 4421 in
2794 4364 2951 4421 malis
2978 4376 3137 4434 quam
3176 4360 3229 4417 in
3273 4356 3451 4423 bonis,
3490 4354 3546 4410 in

286 4476 560 4530 intuentes
573 4474 764 4530 Graeci
789 4475 1174 4529 humanitatem
1195 4476 1481 4552 ἀνθρωπίσιν
1502 4473 1865 4544 appellavere,
1895 4510 1945 4571 υ
1970 4462 2195 4535 integris
2216 4460 2533 4532 corporibus
2563 4473 2675 4571 gon
2709 4466 2794 4561 est
2830 4454 3108 4558 inlegl‘ior.
3136 4465 3298 4523 quam
3343 4447 3398 4571 il:
3438 4446 3554 4511 ιλῖει

280 4568 390 4623 hoc
413 4576 496 4622 est
523 4569 860 4635 ἀνωτροπὶαν,
884 4581 1097 4621 sursum
1125 4580 1312 4621 versus
1332 4566 1763 4631 conversionem,
1786 4563 1869 4619 vel

282 4656 393 4713 ἅνω
427 4665 656 4733 τηροῦσα
686 4660 835 4715 ὀπίαν
856 4697 871 4724 ,
902 4657 1005 4712 hoc
1035 4664 1136 4723 est,
1166 4670 1382 4710 sursum
1412 4670 1638 4710 servans
1671 4654 1864 4711 visum.

284 4751 373 4805 Ad
409 4750 682 4805 Creatoris
711 4749 795 4805 sui
837 4747 1104 4818 siquidem
1146 4745 1686 4819 contemplationem,
1729 4742 1871 4799 nulla

286 4843 395 4897 alia
427 4842 738 4912 interposita
767 4848 1039 4906 creatura,
1064 4839 1370 4894 humanitas
1394 4845 1574 4893 creata
1594 4847 1695 4892 cst.
1726 4836 1867 4898 Macr.

287 4932 404 5004 Age
433 4933 632 5004 itaque.
656 4934 752 4989 Dic
782 4947 1005 5002 quaeso,
1028 4940 1259 5009 putasne
1288 4930 1433 4985 illam
1456 4929 1870 4995 humanitatem,

289 5030 435 5082 inter
459 5042 621 5096 quam
649 5035 702 5081 et
726 5042 881 5081 suum
909 5025 1224 5080 Creatorem
1262 5022 1408 5077 nulla
1438 5029 1684 5075 creatura
1716 5021 1880 5075 inter-

286 5118 551 5184 cluditur,
581 5132 743 5173 unam
776 5115 1045 5185 quandam
1076 5112 1370 5183 simplicem
1391 5151 1407 5176 ,
1441 5108 1878 5181 inseparabilem-

289 5223 424 5279 que,
453 5208 743 5280 partitione
791 5207 843 5261 iu
875 5221 935 5262 se
970 5207 1083 5276 ipsa
1112 5212 1388 5260 carentem
1420 5201 1442 5232 ⁸
1471 5211 1715 5256 naturam
1746 5199 1877 5255 sub—

290 5301 531 5358 sistere?
566 5299 709 5356 Dtsc.
746 5297 863 5353 Non
890 5298 1059 5353 aliter
1100 5296 1375 5360 existimo.
1424 5294 1673 5363 Mioquiu
1703 5292 1882 5363 imago

295 5394 401 5451 Dei
440 5409 547 5451 nou
572 5402 679 5459 est,
714 5393 806 5462 qui
838 5406 976 5447 uitus
1013 5398 1068 5446 et
1096 5390 1273 5446 unitas
1299 5385 1672 5458 inseparabilis
1695 5393 1799 5449 est,
1827 5391 1883 5438 et.

374 5624 393 5655 ¹
420 5619 513 5676 Sic
557 5619 675 5680 CF;
723 5616 768 5671 Δ
808 5632 1015 5688 sequar.

300 5758 393 5824 Π
412 5777 427 5830 ;
453 5760 499 5820 Δ
538 5758 769 5817 mundis.

1972 4570 2109 4626 quae
2150 4553 2194 4589 ιθ
2220 4552 2503 4609 occasione
2532 4550 2711 4620 aliqua
2740 4547 3103 4618 integritatem
3133 4555 3285 4599 suam
3308 4547 3398 4595 aut
3426 4552 3551 4608 per-

1974 4649 2108 4703 dunt
2134 4653 2228 4699 aut
2258 4658 2367 4698 non
2406 4642 2694 4710 attingunt.
2735 4637 3098 4708 Paradigma:
3136 4630 3329 4688 solaris
3366 4628 3553 4683 radius

1974 4740 2173 4798 munda
2218 4745 2469 4809 penetrat
2513 4743 2570 4789 et
2609 4730 2907 4795 immunda,
2945 4728 3069 4783 dum
3107 4725 3180 4780 sit
3210 4724 3264 4778 in
3302 4720 3561 4778 erunibus

1975 4807 2231 4892 mundus,
2256 4839 2429 4895 neque
2458 4823 2643 4893 purior
2669 4821 2720 4874 in
2750 4818 2935 4874 nitidis
2961 4816 3199 4885 “,quam
3224 4811 3278 4866 in
3303 4807 3562 4865 sordibus

1974 4917 2449 4976 incontaminatus.
2485 4913 2578 4967 Est
2604 4911 2748 4966 enim
2778 4909 2830 4963 in
2870 4905 3153 4983 orantibus,
3182 4914 3322 4971 quae
3360 4896 3557 4985 illumiq

1981 5020 2110 5075 nat,
2137 5009 2279 5065 lucet
2305 5008 2358 5063 in
2388 5003 2652 5068 tenebris,
2696 5009 2768 5065 et,
2809 4986 3559 5075 mirabileldictu,tenebras

1982 5103 2036 5161 in
2188 5113 2294 5154 non
2337 5095 2486 5160 sinit,
2517 5093 2644 5148 dum
2689 5087 3034 5146 tenebrarum
3081 5074 3287 5139 causas
3311 5078 3454 5132 intra
3496 5088 3561 5130 se

1981 5186 2420 5260 comprehendit,
2462 5199 2568 5239 non
2596 5181 2767 5238 soluat
2800 5177 3131 5247 umbrarum,
3173 5166 3557 5260 ver-umetiam

1982 5254 2348 5336 absehtiarum
2376 5273 2603 5329 ratione.
2636 5269 2825 5325 Nullae
2854 5267 3049 5341 quippe
3076 5260 3328 5317 tenebrae
3350 5263 3469 5312 sunt
3502 5254 3565 5312 in.

1976 5355 2180 5431 natura
2207 5383 2429 5433 rerum,
2458 5378 2595 5436 quae
2632 5361 2831 5419 lumine
2868 5373 2973 5415 non
3016 5348 3557 5411 circumscribuutur.

1546 5514 1801 5573 VARIAE
1842 5500 2244 5569 LEC'I‘IONES.

1106 5614 1126 5644 ¹
1156 5621 1276 5668 sunt
1307 5627 1413 5665 om.
1461 5607 1569 5664 (1F.
1647 5608 1668 5638 ³
1697 5606 1741 5659 Α
1773 5616 2015 5658 naturam
2044 5605 2294 5651 nostrum.

296 5662 1015 5763 φηχιξῖξδηῖιεῖιςὲῖιιέἶῖιῖωί
1046 5685 1137 5743 Sic
1157 5662 1289 5751 *ῥίς
1314 5662 1550 5735 hinc.
1634 5678 1654 5709 ⁶
1682 5677 1722 5730 A
1772 5685 1840 5730 et.
1917 5673 1936 5704 ⁷
1969 5669 2011 5725 Δ
2038 5683 2214 5739 quam.
2292 5665 2314 5697 ⁸
2343 5662 2388 5718 Α
2418 5670 2484 5716 ct.

2374 5590 2397 5623 ⁸
2434 5588 2526 5645 Sic
2572 5585 2686 5651 CF;
2726 5583 2768 5637 Α
2814 5578 3210 5651 inseparabilem
3257 5574 3311 5651 in
3356 5569 3458 5651 sei

2578 5639 2599 5689 ά
2628 5639 2685 5710 εί
2716 5671 2825 5711 om.
2875 5639 2980 5711 CF.
3058 5648 3100 5681 ⁸ο
3130 5648 3172 5704 Α
3209 5645 3320 5722 qui.
3396 5640 3436 5674 υ
