4008 6286
537 321 646 380 943

1912 339 2193 402 ιοΑΝΝιε
2225 345 2426 406 8001⁷1

3686 353 3798 410 θα

537 440 596 495 8i
622 441 765 497 enim
794 441 847 498 in
876 446 1192 518 corporibus
1218 458 1364 517 sunt,
1388 453 1634 522 quamvis
1660 455 1971 525 longissime
1993 474 2118 528 pro-
2142 460 2193 519 Α
2219 463 2360 534 quod
2389 478 2500 518 non
2520 462 2664 519 fecit.
2692 461 2808 519 Non
2833 463 2975 519 enim
2996 436 3212 534 peccata
3236 464 3493 519 naturalia
3516 473 3666 526 sunt,
3695 463 3797 518 sed

534 534 856 602 tendantur,
889 548 1163 606 postremo
1210 551 1387 598 tamen
1428 547 1591 601 solari
1634 548 1752 605 luce
1781 552 2108 609 ambiuntur.

533 623 590 677 Si
624 624 675 677 in
702 626 1009 696 spiritibus,
1039 645 1267 700 quorum
1299 634 1551 691 tenebrae
1588 637 1883 708 ignorantia
1914 643 2110 697 verita.

530 716 602 770 tis
626 726 772 783 sunt,
804 721 1103 790 sapientiae
1131 725 1373 781 claritate
1405 727 1565 781 tinem
1588 730 1875 800 accipiunt.
1909 733 2106 788 Simili-

2212 552 2533 608 voluntaria.
2575 554 2785 610 Etenim
2813 569 2973 611 causa
3012 555 3176 610 totius
3212 555 3416 625 peccati
3445 563 3551 618 est,
3591 555 3711 609 sive
3739 555 3794 608 iu

2210 644 2421 715 angelo,
2450 646 2563 700 sive
2591 646 2644 700 in
2684 646 2933 710 homine,
2972 645 3185 715 propria
3211 657 3577 716 perversaque
3601 643 3794 697 volon-

2209 740 2293 788 tas
2326 752 2340 788 :
2369 735 2543 802 ipsius
2565 744 2744 790 autem
2780 744 3067 805 perversae
3092 734 3385 789 voluntatis
3410 749 3579 789 causa
3608 733 3662 786 in
3694 747 3793 786 na-

524 815 613 861 tcr
636 808 781 864 nulla
810 812 1052 868 absentia
1082 824 1184 880 est,
1216 832 1357 887 quae
1385 835 1491 874 non
1522 823 1590 877 ab
1614 837 1698 887 eo,
1735 824 1887 891 cujus
1914 828 2109 883 absen-
2207 827 2470 882 turalibus
2509 828 2742 883 motibus
2774 827 3109 882 rationabilis
3142 837 3198 882 et
3226 825 3605 880 intellectualis
3630 838 3789 879 crea-

526 897 601 950 tia
624 906 725 960 est.
756 915 975 957 causam
1005 907 1258 962 nascendi
1286 909 1544 979 accipiat;
1575 928 1698 966 nam
1721 915 1765 968 si
1790 914 1968 971 lumen
1996 934 2101 973 non

523 990 903 1054 praecesserit,
937 992 1177 1049 absentia
1208 996 1346 1066 ejus,
1375 1014 1514 1068 quae
1543 1003 1796 1059 tenebrae
1817 1016 1963 1072 sunt,
1996 1024 2099 1063 non

522 1088 798 1146 sequetur.
831 1080 1063 1153 Ideoque
1088 1101 1156 1141 ex
1198 1104 1304 1144 uno
1331 1106 1526 1161 genere
1562 1104 1687 1148 sunt
1722 1098 2103 1165 absentiae,'et

520 1181 631 1248 res,
659 1181 887 1236 quarum
913 1174 1189 1232 absentiae
1225 1189 1379 1245 sunt,
1408 1190 1468 1236 ut
1508 1182 1597 1238 lux
1624 1195 1677 1241 et
1708 1189 1984 1257 tenebrae,
2014 1208 2101 1247 so.

520 1270 623 1313 nus
648 1266 703 1311 et
727 1259 997 1318 silentium
1023 1306 1038 1329 ,
1078 1265 1247 1322 forma
1277 1279 1331 1324 et
1371 1270 1692 1339 informitas,
1714 1287 2016 1352 ceteraque
2046 1282 2098 1337 id

517 1361 707 1415 genus.
742 1349 847 1407 Sed
886 1355 1007 1423 quis
1037 1355 1211 1426 dignis
1250 1358 1495 1417 laudibus
1539 1365 1825 1437 imaginem
1869 1349 1962 1425 Dei
2005 1373 2097 1427 de-

514 1448 861 1507 monstrare,
916 1447 1236 1515 eongruisve
1284 1451 1725 1512 similitudinibus
1780 1474 2097 1530 comparare

516 1531 722 1595 potest'
753 1532 819 1586 Et
848 1542 905 1589 ut
928 1550 1224 1607 cognoscas
1257 1543 1634 1613 aequalitatem
1660 1547 2010 1608 humanitatis
2039 1554 2092 1608 in

515 1620 765 1676 υηηιὶῢυδ
786 1623 1111 1694 hominibus,
1137 1630 1348 1688 intuere
1368 1649 1712 1693 communem
1736 1641 1969 1710 speciem
1996 1644 2094 1698 bu-

515 1726 797 1768 mauorum
824 1730 1129 1786 corporum.
1162 1719 1351 1780 Nullus
1373 1728 1516 1782 enim
1547 1730 1706 1786 homo
1733 1732 1840 1788 alio
1875 1735 2093 1792 homine

2206 924 2361 972 turae
2392 933 2497 972 non
2530 918 2822 973 invenitur.
2851 917 3059 973 Etenim
3088 918 3288 972 bonum
3317 931 3479 971 causa
3515 915 3645 969 mali
3680 930 3789 968 non

2202 1014 2381 1074 potest
2412 1020 2533 1061 esse
2554 1012 2608 1072 ’ς
2643 1007 2933 1067 incausalis
2960 1008 3143 1077 itaque
3179 1013 3260 1062 est
3280 1046 3293 1069 ,
3321 1005 3585 1074 omnique
3635 1012 3789 1057 natu—

2202 1096 2300 1150 rali
2333 1097 2542 1167 origine
2583 1112 2797 1153 carens.
2839 1097 2975 1152 Hinc
3010 1098 3136 1151 illud
3175 1096 3505 1151 mirabile'et
3546 1094 3789 1163 inexpia-

2200 1187 2379 1242 nabile
2401 1188 2607 1253 oritur,
2651 1189 2917 1259 quomodo
2945 1187 3085 1243 mala
3124 1187 3371 1243 voluntas
3398 1186 3788 1256 praevarican—

2201 1279 2335 1332 tium
2382 1279 2691 1349 angelorum
2740 1287 2798 1333 et
2847 1278 3147 1344 hominum,
3185 1278 3311 1332 dunt
3355 1277 3433 1332 sit
3467 1275 3788 1337 incausais,

2199 1370 2364 1424 totius
2389 1369 2596 1440 peccati
2628 1370 2898 1448 totiusque
2937 1384 3140 1440 poenae
3165 1366 3369 1437 peccati
3403 1381 3565 1421 causa
3591 1364 3786 1420 εωω

2194 1467 2297 1513 est.
2329 1457 2397 1513 Et
2422 1460 2468 1513 si
2510 1459 2634 1529 quis
2658 1460 2873 1526 dixerit,
2913 1459 3124 1514 initium
3148 1457 3325 1512 omnis
3346 1455 3555 1528 peccati
3592 1456 3648 1486 “
3668 1471 3788 1510 csa

2195 1552 2500 1621 superbiam
2520 1592 2536 1617 ,
2566 1552 2748 1609 videat
2774 1567 2894 1606 eam
2923 1553 2976 1606 in
3019 1561 3209 1606 natura
3243 1564 3426 1605 rerum
3462 1562 3570 1602 non
3597 1548 3785 1601 subsi»

2194 1651 2359 1697 stere.
2397 1641 2579 1712 Neque
2606 1643 2749 1698 enim
2779 1644 3015 1698 essentia
3040 1652 3144 1706 est,
3170 1655 3346 1710 neque
3371 1639 3576 1701 virtus,
3604 1651 3788 1704 neque

2191 1732 2455 1800 operatio,
2487 1747 2663 1803 neque
2696 1733 2947 1789 accidens
2975 1733 3139 1788 ullum
3177 1729 3452 1796 naturale;
3481 1737 3564 1783 est
3590 1736 3783 1780 autem

511 1802 802 1860 humanior
828 1818 944 1874 est;
990 1826 1112 1866 nam
1149 1813 1196 1868 si
1225 1814 1402 1885 aliqua
1433 1818 1749 1876 deformitas
1782 1826 2091 1897 contigerit,
2126 1812 2171 1870 Β
2202 1824 2423 1879 intimae
2452 1802 2667 1880 virtutis
2687 1824 2945 1888 defectus,
2976 1836 3366 1893 perversusque
3393 1817 3786 1875 dominationis

512 1895 593 1950 vel
627 1895 923 1954 formarum
951 1901 1274 1973 diﬂ'erentia,
1306 1924 1412 1965 non
1447 1927 1515 1966 ex
1551 1923 1741 1969 natura
1769 1918 1964 1981 evenit,
1996 1920 2090 1975 sed

507 1986 593 2041 vel
640 2002 704 2042 ex
749 1994 1094 2061 corruptione
1124 2013 1418 2069 corporeae
1463 2003 1806 2074 integritatis,
1847 2009 1930 2064 vel
1966 2011 2086 2082 qui-

506 2079 734 2135 husdam
775 2086 1174 2154 accidentibus,
1214 2107 1353 2161 quae
1392 2096 1730 2152 extrinsecus
1775 2079 2084 2165 adveniunt,

506 2172 877 2243 quasdamque
913 2176 1139 2247 singulis
1165 2180 1471 2239 hominibus
1497 2183 1828 2242 diﬂ'erentias
1862 2189 2084 2254 addunt,

506 2262 632 2315 dum
657 2263 727 2319 sit
759 2280 861 2320 una
892 2269 1100 2336 species
1128 2278 1184 2327 et
1209 2274 1475 2341 generalis
1513 2279 1761 2334 omnibus
1798 2294 1862 2335 ex
1891 2289 2085 2336 natura

508 2351 847 2409 uniformiter
889 2357 1171 2428 impressa.
1209 2363 1359 2419 Unus
1393 2381 1582 2423 sensus
1610 2384 1901 2440 corporeus
1932 2374 2086 2443 quin—

505 2445 844 2510 quopertitus
885 2453 1242 2508 communiter
1264 2457 1514 2514 omnibus
1558 2460 1728 2526 inest,
1758 2466 2004 2533 quamvis
2032 2466 2082 2520 in

506 2532 693 2587 multis
742 2534 911 2603 ipsius
949 2554 1150 2609 organa
1190 2547 1205 2575 ¹
1253 2546 1526 2614 deﬁciant,
1573 2532 1944 2619 oculosidieo,
1988 2569 2085 2609 au-

506 2640 716 2695 resque,
749 2639 1034 2702 ceteraque
1063 2636 1450 2705 instrumenta,
1482 2643 1532 2696 in
1577 2645 1775 2712 quibus
1799 2649 2036 2701 exterior
2062 2651 2082 2681 ⁸

502 2728 696 2770 sensus
717 2730 987 2788 operatur.
1015 2724 1152 2791 Quid
1175 2727 1348 2783 dicam
1372 2729 1439 2784 de
1463 2734 1671 2787 ratione
1695 2745 1749 2789 et
1774 2736 2082 2793 intellectu?

500 2807 689 2864 Nonne
712 2815 963 2869 omnibus
989 2820 1311 2887 generaliter
1337 2824 1537 2890 insunt,
1563 2829 1808 2896 quamvis
1834 2846 1937 2884 non
1965 2846 2081 2885 om-

502 2912 600 2952 nes
621 2900 700 2955 eis
730 2902 865 2960 bene
894 2916 1144 2978 recteque
1171 2916 1428 2966 utantur?
1459 2915 1605 2970 Multi
1636 2919 1896 2987 siquidem
1926 2931 2079 2975 natu-

500 2987 705 3045 ralibus
732 2991 888 3049 bonis
937 2997 1219 3054 abutentes
1257 3011 1513 3059 aeternae
1550 3022 1680 3061 suae
1718 3011 2078 3066 damnationis

499 3098 693 3139 causas
716 3085 1053 3144 invenerunt.
1072 3091 1390 3164 Similiaque
1409 3098 1693 3161 manifesta
1715 3101 1907 3157 indicia
1930 3119 2076 3159 com-

2193 1912 2482 1982 appetitus,
2508 1913 2647 1968 sicut
2673 1914 2932 1985 scriptum
2964 1920 3048 1969 est
3081 1932 3094 1966 :
3128 1911 3267 1978 Quid
3294 1910 3526 1981 superbit
3555 1920 3711 1961 tem
3736 1915 3784 1959 et

2191 2003 2342 2067 cinis,
2370 2004 2619 2073 quoniam
2644 2004 2860 2074 projecit
2885 2004 3072 2059 intima
3098 2020 3195 2058 sua
3221 2003 3277 2057 in
3295 2002 3398 2056 vita
3418 2000 3558 2055 sua?
3578 1999 3651 2053 Et
3680 1999 3782 2051 ini.

2193 2095 2328 2149 tium
2353 2096 2571 2161 dicitur,
2597 2111 2704 2152 non
2729 2111 2912 2162 causa,
2938 2097 3065 2167 quia
3086 2095 3259 2166 prima
3286 2092 3595 2164 progressio
3618 2100 3707 2145 est
3730 2100 3781 2143 et

2189 2188 2424 2241 manatio
2449 2187 2814 2258 primordialis
2839 2189 3041 2258 peccati
3060 2229 3076 2255 ,
3106 2189 3159 2242 in
3183 2202 3291 2257 quo
3311 2201 3503 2241 omnes
3517 2199 3782 2255 peccave-

2192 2287 2338 2332 runt.
2369 2279 2441 2333 At
2482 2280 2526 2334 si
2575 2279 2798 2334 omnino
2845 2279 2979 2333 nihil
3017 2288 3131 2343 est,
3168 2278 3289 2348 quis
3327 2276 3548 2345 sapiens
3576 2274 3783 2330 curasti-

2190 2370 2354 2425 tuerit
2381 2370 2548 2440 ipsam
2580 2372 2620 2402 “
2654 2371 2794 2425 inter
2818 2384 3029 2432 causas,
3060 2385 3183 2424 cum
3210 2370 3262 2423 in
3287 2368 3431 2423 nullo
3453 2366 3781 2421 naturaliter

2187 2466 2481 2520 subsistat?
2527 2464 2756 2520 Punitur
2800 2465 2982 2534 itaque
3020 2463 3402 2518 irrationabilis
3441 2472 3631 2516 motus
3658 2477 3778 2529 per-

2188 2572 2371 2612 versae
2399 2556 2692 2612 voluntatis
2733 2557 2786 2611 iu
2833 2566 3023 2611 natura
3062 2555 3403 2618 rationabili,
3434 2555 3554 2623 ipsa
3583 2553 3774 2607 videli-

2185 2657 2270 2704 cet
2301 2659 2495 2717 natura
2519 2648 2718 2718 ubique
2746 2649 2797 2702 in
2823 2649 3022 2717 seipsa,
3051 2656 3106 2701 et
3136 2647 3190 2700 in
3220 2646 3469 2701 omnibus
3497 2659 3625 2699 eam
3653 2659 3775 2713 par-

2185 2739 2534 2808 ticipantibus
2575 2739 2736 2803 bona,
2787 2738 2956 2803 salva,
3003 2738 3231 2810 integra,
3279 2735 3487 2799 illaesa,
3532 2734 3774 2787 inconta-

2182 2830 2408 2895 minata,
2450 2830 2885 2899 incorruptibilis,
2928 2828 3293 2898 impassibilis,
3335 2824 3695 2881 immutabilis
3733 2823 3775 2854 ¹“

2182 2921 2595 2991 participatione
2609 2920 2802 2976 summi
2827 2921 2951 2976 boni
2973 2927 3344 2990 permanente,
3360 2916 3571 2985 ubique
3590 2914 3770 2974 beata.

2181 3013 2672 3083 gloriosissimaque
2696 3013 2739 3043 ¹³
2770 3014 2821 3068 in
2844 3014 3029 3069 electis
3048 3055 3061 3075 ,
3092 3014 3144 3066 in
3164 3012 3358 3082 quibus
3381 3008 3675 3063 deiﬁcatur
3708 3006 3772 3067 ηδ,

2179 3106 2380 3174 optima
2416 3105 2469 3159 in
2501 3105 2746 3175 reprobis
2769 3145 2785 3171 ,
2824 3120 2960 3175 quos
2996 3105 3268 3167 continet,
3297 3116 3365 3155 ne
3398 3099 3615 3154 illorum
3648 3099 3773 3151 sub»

498 3174 772 3231 muniouis
816 3179 869 3232 in
915 3181 1167 3238 omnibus
1206 3186 1472 3241 humanae
1502 3200 1742 3244 naturae.
1776 3191 1925 3257 Quae
1954 3210 2074 3247 cum
2105 3191 2147 3250 (Ζ
2181 3196 2446 3251 stantialis
2475 3197 2777 3266 proprietas
2800 3196 2865 3250 ad
2887 3195 3111 3250 nihilum
3134 3193 3421 3264 redigatur,
3448 3191 3556 3245 hoc
3573 3200 3684 3253 est,
3708 3204 3774 3242 ne

496 3263 569 3321 ita
599 3267 741 3335 sint,
775 3274 896 3342 quis
949 3285 1095 3329 recte
1135 3276 1155 3307 ³
1184 3274 1674 3348 philosophantium
1707 3297 1946 3352 pureque
1980 3300 2076 3338 na-

496 3370 651 3416 turas
678 3377 859 3418 rerum
892 3366 1292 3436 inspicientium
1324 3388 1428 3427 non
1469 3375 1723 3429 continuo
1754 3377 2076 3444 pronuncia-

495 3459 580 3504 ret
603 3452 647 3514 ι,
674 3453 1071 3511 irrationabiles
1093 3470 1269 3517 motus
1289 3465 1547 3518 malarum
1566 3464 1897 3520 voluntatum
1918 3482 2075 3536 posse

496 3545 675 3610 puniri
700 3546 753 3598 in
779 3546 882 3611 his,
909 3550 1000 3618 qui
1035 3561 1279 3608 naturam
1312 3555 1503 3610 bonam
1531 3566 1585 3612 et
1610 3557 1983 3614 rationabilem
2021 3570 2074 3615 et

494 3635 884 3704 impassibilem
906 3643 1229 3713 participant
1243 3646 1267 3698 ?
1281 3646 1345 3700 Et
1361 3650 1807 3715 quemadmodum
1827 3652 1963 3706 mala
1987 3669 2074 3708 vo-

495 3726 675 3782 lnntas
702 3731 943 3786 naturale
966 3733 1163 3789 bonum
1188 3750 1290 3790 non
1313 3740 1660 3805 contaminat,
1686 3741 1757 3796 ita
1780 3743 1940 3797 etiam
1966 3752 2073 3798 tor-

491 3826 735 3873 mentum
756 3821 873 3890 ejus
899 3828 940 3885 5,
971 3824 1142 3879 malae
1164 3826 1451 3884 voluntatis
1471 3829 1591 3886 dico
1615 3833 1656 3895 ⁸,
1679 3834 1925 3890 naturale
1947 3837 2071 3891 sub-

482 3906 713 3974 jecttim,
729 3911 814 3965 cui
838 3913 1054 3981 accidit,
1076 3917 1202 3971 etin
1226 3933 1334 3987 quo
1358 3921 1682 3988 continetur,
1703 3939 1808 3978 non
1833 3932 2065 3994 torquet.

487 4000 606 4069 ipsa
634 4002 897 4072 siquidem
923 4015 1137 4074 natura,
1156 4010 1298 4065 sicut
1323 4011 1488 4068 libera
1510 4023 1613 4071 est.
1628 4016 1946 4088 penitusque
1975 4019 2068 4072 ab-

489 4090 666 4145 soluta
694 4094 762 4149 ab
791 4096 935 4151 omni
982 4109 1223 4167 peccato,
1272 4102 1344 4157 ita
1382 4105 1758 4161 universaliter
1808 4108 1973 4163 libera
2013 4118 2067 4164 et

488 4182 733 4238 absoluta
762 4195 846 4240 est
889 4188 957 4243 ab
981 4192 1126 4246 omni
1162 4207 1331 4262 poena
1364 4197 1588 4263 peccati.
1617 4198 1751 4251 Nam
1787 4208 1843 4254 et
1868 4201 2066 4255 secula-

489 4272 628 4326 riunt
654 4288 939 4332 causarum
964 4279 1207 4348 judices,
1249 4285 1293 4337 si
1336 4294 1511 4341 tamen
1554 4303 1661 4342 non
1692 4289 1913 4345 libidine
1949 4292 2065 4347 vin-

485 4364 694 4432 dictae,
721 4383 908 4423 verum
949 4373 1299 4429 correz-tionis
1336 4379 1503 4445 gratia
1538 4394 1657 4434 reos
1683 4381 1952 4451 suppliciis
1978 4385 2060 4439 di-

482 4471 621 4525 gnos
647 4461 984 4526 examinant,
1022 4478 1126 4516 non
1165 4463 1409 4520 naturam
1441 4469 1492 4522 in
1532 4471 1641 4535 eis,
1684 4474 1775 4527 sed
1811 4475 2059 4530 delictum

2182 3287 2507 3342 naturalium
2542 3289 2826 3351 bonorum,
2857 3301 2995 3355 quae
3023 3301 3086 3341 ex
3117 3284 3427 3341 conditione
3451 3297 3552 3337 sua
3599 3291 3771 3336 attra-

2178 3389 2387 3443 xerant,
2431 3381 2707 3450 patiantur
2740 3380 3052 3445 interitum;
3088 3379 3284 3450 gaudet
3306 3376 3772 3445 contemplatione

2178 3471 2426 3525 veritatis
2461 3472 2517 3525 in
2558 3471 2675 3536 bis,
2706 3470 2800 3540 qui
2834 3470 3126 3540 perfectam
3165 3468 3560 3524 beatitudinem
3594 3467 3771 3536 possi-

2174 3565 2333 3629 dent;
2363 3563 2558 3633 gaudet
2577 3563 3042 3618 administratione
3071 3561 3551 3617 substantialitatis
3579 3561 3637 3613 in
3662 3561 3766 3619 his.

2177 3655 2273 3724 qui
2303 3669 2525 3710 suorum
2555 3654 2870 3710 delictorum
2914 3668 3117 3724 poenas
3148 3653 3394 3715 solvunt;
3426 3650 3483 3703 in
3512 3651 3770 3704 omnibus

2168 3753 2310 3811 tota,
2336 3744 2594 3816 perfecta,
2623 3760 2719 3800 suo
2745 3743 2935 3800 similis
2962 3742 3237 3807 Creatori,
3269 3741 3479 3796 cunctis
3503 3740 3769 3796 vitiorum

2174 3839 2447 3903 sordibus,
2480 3838 2675 3907 quibus
2717 3839 2770 3892 in
2807 3839 2909 3893 hac
2939 3836 3153 3892 mortali
3191 3851 3357 3891 carne
3398 3834 3566 3888 veluti
3617 3833 3767 3901 lepra

2172 3930 2405 3999 quadam
2451 3928 2742 3984 del'ormari
2797 3938 2853 3984 et
2898 3928 3088 3983 violari
3136 3928 3477 3983 extrinsecus
3533 3926 3767 3994 patitur,

2160 4027 2418 4089 purgata,
2452 4018 2504 4072 in
2530 4018 2818 4089 pristinum
2853 4018 3178 4074 conditionis
3206 4032 3335 4072 suae
3363 4024 3565 4071 statum
3606 4015 3767 4069 resti-

2171 4116 2283 4162 tuta
2313 4117 2647 4174 revertetur,
2683 4110 3041 4180 redemptoris
3068 4117 3125 4163 et
3150 4107 3485 4179 susceptoris
3514 4107 3602 4162 sui
3640 4123 3740 4178 gra
3764 4142 3768 4144 τ

2169 4197 2245 4250 tia
2285 4204 2556 4253 revocata.
2607 4197 2745 4252 Hinc
2781 4198 2940 4253 datur
2974 4198 3228 4268 intelligi,
3270 4197 3412 4267 quod
3460 4196 3515 4251 in
3563 4207 3763 4251 natura

2169 4301 2374 4352 rerum,
2419 4295 2544 4356 post
2586 4285 2770 4341 mundi
2817 4286 2978 4356 hujus
3013 4287 3284 4343 sensibilis
3325 4288 3762 4341 consmumatio—

2167 4391 2290 4431 nem
2316 4417 2331 4442 ,
2365 4375 2510 4431 nulla
2546 4375 2784 4441 malitia,
2815 4376 2957 4431 nulla
2998 4392 3145 4433 mors
3179 4377 3586 4447 corruptionem
3624 4378 3763 4431 inl'e-

2171 4480 2315 4529 rens,
2347 4465 2491 4519 nulla
2520 4465 2738 4520 miseria
2768 4464 3013 4536 fragilem
3036 4467 3089 4520 in
3119 4467 3221 4521 hac
3246 4466 3425 4520 adhuc
3452 4466 3563 4519 vita
3590 4478 3762 4519 mate-

482 4550 724 4617 torqueri
750 4560 1026 4619 appetunt.
1061 4554 1324 4621 Quoniam
1354 4574 1482 4614 vero
1511 4561 1701 4616 delicta
1742 4579 1837 4633 per
1859 4580 1938 4633 se,
1971 4582 2065 4622 na-

2182 4555 2304 4609 riem
2353 4554 2601 4610 inliciens
2650 4555 3005 4625 relinquetur.
3052 4556 3242 4611 Omnia
3283 4557 3484 4627 quippe
3520 4558 3758 4613 visibilia

483 4636 646 4690 turali
689 4639 932 4709 subjecto
976 4655 1254 4714 segregata
1282 4687 1297 4711 ,
1336 4647 1528 4717 punire
1584 4666 1688 4704 non
1736 4662 1983 4721 possunt,
2017 4656 2061 4720 ',

483 4738 767 4799 propterea
801 4747 998 4801 corpus
1038 4735 1197 4790 simul
1237 4753 1358 4792 eum
1387 4740 1581 4796 delicto
1615 4744 1860 4812 puniunt.
1895 4744 2064 4801 Natu—

482 4831 668 4871 rarum
698 4827 878 4874 autem
905 4822 1141 4891 optimus
1174 4829 1450 4893 conditor,
1484 4832 1758 4900 piissimus
1787 4838 2058 4905 provisor,

476 4909 813 4977 justissimus
839 4911 1154 4970 delictorum
1184 4918 1234 4972 in
1274 4920 1380 4989 his,
1412 4925 1502 4992 qui
1546 4940 1604 4979 se
1626 4939 1886 4996 spernunt
1917 4941 2009 4986 aut
2035 4932 2057 4963 ⁸

486 5004 765 5070 nesciunt,
797 5006 973 5067 ultor,
998 5011 1151 5077 punit
1187 5012 1238 5065 iu
1268 5023 1491 5080 natura,
1523 5032 1683 5085 quam
1729 5021 1884 5085 fecit,
1925 5024 2059 5078 deli-

483 5102 656 5159 ctum,
680 5094 823 5163 quod
851 5112 956 5151 non
988 5097 1135 5163 fecit,
1169 5100 1404 5157 liberans
1432 5119 1495 5158 ex
1529 5106 1742 5175 delicto,
1770 5125 2056 5180 separatis-

480 5198 608 5252 que,
646 5186 788 5254 quod
824 5187 975 5253 fecit,
1017 5188 1376 5262 ineﬁ‘abilique
1415 5195 1574 5251 modo
1607 5200 1658 5252 in
1687 5215 1774 5266 eo,
1815 5205 1957 5271 quod
1983 5205 2061 5259 fe-

481 5273 581 5338 cit,
604 5274 868 5345 imponito
896 5280 1069 5348 punit,
1099 5289 1237 5338 etut
1265 5284 1445 5340 verius
1473 5287 1670 5356 dicam,
1698 5293 1874 5361 puniri
1904 5297 2054 5365 sinit,

2167 4652 2223 4697 et
2249 4644 2536 4699 invisibilia
2571 4645 2624 4698 in
2655 4645 2767 4700 suis
2795 4646 2974 4701 causis
3001 4647 3311 4717 quiescent;
3338 4647 3452 4702 sola
3481 4664 3619 4703 vero
3649 4649 3759 4703 illi-

2166 4736 2269 4789 cita
2309 4735 2558 4792 voluntas
2587 4737 2850 4791 malorum
2876 4739 3152 4793 hominum
3182 4748 3236 4795 et
3255 4740 3600 4811 angelorum,
3633 4758 3761 4796 sau-

2164 4826 2305 4879 ciata
2335 4841 2620 4895 pravorum
2651 4827 2731 4881 sui
2762 4828 2806 4859 ¹⁸
2834 4842 3041 4883 morum
3080 4830 3341 4884 memoria
3389 4832 3763 4886 conscientia-

2164 4932 2271 4986 que
2298 4916 2348 4969 iu
2372 4916 2550 4986 seipsa
2581 4916 2947 4986 torquebitur,
2980 4933 3102 4973 cum
3132 4918 3201 4973 de
3237 4920 3323 4974 his
3343 4960 3358 4983 ,
3391 4935 3535 4989 quae
3566 4921 3623 4974 in
3655 4922 3758 4976 hac

2164 5009 2271 5061 vita
2303 5007 2404 5062 sibi
2432 5018 2734 5075 optaverat,
2760 5020 2817 5063 et
2852 5008 3034 5063 futura
3067 5009 3171 5066 sibi
3210 5011 3576 5080 cogitaverat,
3620 5013 3755 5067 nihil

2166 5098 2425 5153 inveniat.
2467 5097 2533 5152 In
2568 5098 2662 5152 illa
2699 5099 2837 5153 enim
2864 5100 2907 5132 “
2932 5100 3018 5155 die
3050 5101 3289 5169 peribunt
3334 5117 3512 5156 omnes
3552 5103 3757 5172 cogita-

2165 5189 2331 5243 tiones
2351 5205 2552 5243 eorum.
2576 5187 2942 5258 Cogitationes
2967 5191 3105 5245 dixit
3125 5192 3412 5261 perituras,
3430 5207 3540 5247 non
3566 5203 3753 5248 autem

2163 5279 2511 5335 substantias.
2553 5280 2661 5335 Sed
2683 5294 2821 5351 quas
2850 5281 3205 5352 cogitationes
3240 5283 3362 5337 ait?
3400 5281 3583 5338 Varias
3623 5298 3753 5352 pro-

1755 5402 2009 5464 VARIAE
2043 5411 2453 5469 LECTIONES.

561 5500 578 5531 ¹
611 5496 862 5575 Sic-CF;
902 5500 952 5575 A_
987 5519 1182 5575 organa
1226 5506 1360 5575 ejus.
1439 5510 1458 5540 ²
1500 5512 1724 5565 exterior
1765 5530 1873 5568 om.
1899 5518 2005 5573 CF.

477 5567 857 5636 pronuntiarit.
931 5567 1090 5625 'eitIs
1136 5567 1338 5629 omfA.
1415 5578 1572 5633 “diro
1612 5596 1719 5633 om.
1748 5567 1814 5636 A.

479 5634 583 5686 cati
620 5635 844 5692 initium.
927 5641 967 5671 “
1004 5642 1045 5693 A
1073 5660 1207 5697 eam.

483 5704 527 5756 Α
563 5703 789 5767 dei/icui.
871 5712 911 5743 ⁸⁸
946 5713 1027 5765 sui
1067 5728 1172 5767 om.
1207 5716 1269 5769 Α.
1351 5718 1389 5748 ¹⁶
1418 5722 1552 5772 enim
1585 5703 1765 5774 υιίιξΑ

1899 5522 2005 5573 CF.
2086 5522 2107 5553 ³
2133 5523 2216 5577 CF
2243 5525 2339 5577 rite
2412 5524 2888 5593 hi‘losopltantium.
2964 5527 2987 5558 ‘
3023 5526 3114 5583 Sic
3150 5526 3223 5594 C;
3262 5527 3303 5581 A
3339 5528 3675 5595 pronuntiat,
3706 5527 3748 5580 Ρ

1888 5589 1908 5619 ⁷
1938 5591 1979 5642 Α
2014 5593 2230 5648 possint.
2308 5595 2330 5625 ⁸
2359 5542 2410 5648 Χ
2432 5611 2511 5648 ac.
2589 5597 2610 5626 ’
2639 5594 2679 5647 Α
2710 5612 2820 5648 esse
2857 5614 2959 5648 non
2994 5608 3179 5648 potest.
3255 5598 3299 5630 ¹⁹
3328 5599 3371 5648 Α
3406 5598 3579 5648 omnis
3626 5614 3748 5648 net-

1286 5604 1338 5629 η.
1419 5604 1432 5608 τ
1456 5604 1572 5633 (πω
1612 5604 1719 5633 "Ill.
1748 5604 1814 5636 Α.
1895 5604 1905 5619 ι
1938 5604 1979 5642 Α
2013 5604 2230 5659 poumt.
2308 5604 2330 5625 '
2359 5604 2399 5648 A
2432 5611 2511 5649 ac.
2589 5604 2610 5626 '
2639 5604 2679 5647 Α
2710 5612 2820 5649 esse
2857 5614 2959 5650 non
2994 5608 3179 5666 potest.
3255 5604 3299 5630 "
3328 5604 3372 5651 Α
3406 5604 3575 5671 omnis

1286 5647 1449 5738 "'§ic
1492 5649 1659 5728 Mil";
1699 5652 1882 5738 F‘rud.
1920 5676 2060 5716 corr.
2103 5663 2436 5718 immutabili.
2514 5664 2558 5695 ¹³
2590 5663 2788 5737 Sie_CF
2811 5682 2824 5731 ;
2856 5666 2898 5720 A
2938 5666 3330 5738 gloriosissima.
3408 5666 3451 5698 "
3480 5667 3575 5722 Sic

2432 5611 2511 5649 ac.
2589 5597 2610 5626 ’
2710 5612 2820 5649 esse
2857 5614 2959 5650 non
2994 5608 3179 5679 potest.
3211 5670 3222 5677 ν
3255 5598 3299 5630 ¹⁹
3328 5594 3372 5651 Α
3406 5598 3579 5678 omnis
3612 5614 3749 5723 ἕὲτέ

2432 5704 2436 5717 .
2514 5664 2558 5695 ¹³
2590 5663 2680 5720 διο
2703 5664 2788 5721 CF
2811 5682 2824 5723 :
2856 5666 2898 5720 A
2938 5666 3330 5723 alortosmtma.
3408 5666 3451 5698 "
3480 5667 3575 5722 Sic
3725 5683 3747 5723 ;

3725 5708 3747 5731 ἲ

2681 5835 2687 5841 .
2715 5833 2845 5848 ...η-η,-
