4008 6286
180 406 292 464 945

1035 403 1122 461 DE
1156 403 1492 462 DlV'lSlONE
1526 396 1876 463 NATUllAE.
1916 436 1955 447 -
2025 404 2224 464 LIBER
2260 408 2562 477 QUINTUS

3343 392 3448 468 tuo

160 522 329 578 ‘fecto
367 524 549 576 rerum
601 518 956 585 sensibilium,
990 520 1186 589 quibus
1215 521 1267 575 in
1305 522 1406 576 hac
1435 522 1542 575 vita
1573 521 1763 578 insano
1789 523 1839 583 Α
1866 522 2008 576 sicut
2049 523 2308 592 scriptum
2350 534 2436 580 est
2477 544 2490 578 :
2533 524 2693 580 Ibunt
2747 527 2916 579 sancti
2970 525 2993 557 ⁹
3039 518 3105 579 ae
3161 535 3348 581 virtute
3392 528 3452 579 in

158 611 393 667 inhiant
423 626 639 675 amore,
670 610 1007 681 phantasias,
1034 626 1170 681 quas
1191 611 1646 667 lrrationabilibus
1669 613 1766 668 ob-

176 710 435 758 caecatae
476 715 576 771 per
610 700 869 755 malitiam
910 702 1123 756 animae
1150 701 1431 756 aﬂectibus
1462 705 1761 759 attrahunt.

176 784 387 859 Quibus
423 792 723 861 pbantasiis
777 792 914 862 ipsi,
954 793 1044 862 qui
1087 808 1180 849 eas
1220 793 1464 865 ﬁngunt,
1507 795 1762 850 simillimi

152 889 362 935 Lerunt.
415 879 627 935 Nullam
667 880 865 950 quippe
908 896 1035 936 vere
1074 881 1186 936 veri
1234 881 1558 937 soliditatem
1617 884 1764 938 inve-

174 969 355 1033 nient,
393 969 488 1023 sed
524 968 689 1023 veluti
729 969 982 1024 inanibus
1017 970 1243 1025 somniis
1291 970 1687 1040 torquebuntur
1721 972 1761 1025 ί.

177 1059 318 1113 Hinc
355 1058 621 1113 Maximus
651 1059 861 1114 decimo
885 1069 1041 1114 sexto
1068 1060 1135 1115 de
1171 1060 1452 1132 Ambiguis
1479 1062 1717 1133 capitulo
1747 1082 1761 1117 :

177 1149 287 1215 Qui
313 1150 512 1214 divina,
540 1149 736 1218 inquit,
762 1149 1025 1220 sapienter
1049 1150 1366 1204 meditantur
1389 1153 1561 1216 verba,
1590 1153 1768 1223 perdi-

172 1240 370 1294 tionem
395 1250 442 1295 et
472 1240 739 1310 infernum
760 1251 809 1295 et
855 1241 995 1309 ﬁlios
1032 1241 1339 1311 perditionis
1373 1252 1419 1296 et
1447 1242 1642 1297 similia
1667 1260 1763 1311 ap-

170 1332 374 1403 pellant
410 1350 519 1397 eos,
550 1334 674 1405 qui,
711 1334 853 1404 quod
904 1351 1008 1388 non
1046 1335 1388 1398 est,'sibimet
1430 1336 1715 1390 secundum
1743 1338 1767 1369 ³

173 1427 364 1480 mentis
399 1426 646 1495 aﬂ'ectum
681 1425 1070 1481 subsistentiam
1109 1424 1352 1493 faciunt,
1400 1436 1449 1480 et
1484 1428 1562 1480 sic
1597 1428 1768 1497 phan—

170 1517 327 1571 tasiis
358 1532 451 1587 per
473 1516 651 1571 omnia
683 1516 877 1571 similes
903 1516 1059 1584 ﬁunt.
1091 1514 1231 1582 Quid
1268 1514 1444 1570 dicam
1475 1515 1541 1569 de
1576 1526 1766 1570 sancto

170 1608 476 1679 Augustino
497 1608 549 1662 in
571 1607 890 1663 duodecimo
909 1607 1048 1663 libro
1071 1608 1319 1664 Exemeri
1336 1608 1441 1673 sui,
1458 1610 1765 1679 disputante

173 1697 249 1751 tle
297 1712 384 1761 co,
418 1697 563 1767 quod
605 1697 819 1753 animae
853 1698 1046 1753 adhuc
1071 1698 1125 1752 in
1170 1698 1273 1753 hac
1300 1697 1322 1730 ⁸
1350 1714 1516 1754 carne
1553 1696 1761 1754 mortali

171 1787 525 1849 constitutae.
545 1803 653 1842 nou
673 1787 798 1843 alibi
828 1788 930 1841 nisi
958 1788 1009 1841 in
1033 1788 1357 1858 phantasiis,
1383 1798 1478 1845 aut
1501 1791 1761 1859 quasdam

170 1877 368 1938 inanes
398 1877 649 1940 laetitias,
682 1885 773 1933 aut
808 1878 1072 1948 quasdam
1112 1879 1302 1935 inanes
1329 1895 1529 1950 poenas
1550 1880 1761 1951 patian-
1791 1865 1834 1924 Β

174 1982 285 2033 tur,
319 1971 371 2026 in
402 1969 581 2027 futura
614 1987 743 2026 vero
779 1972 887 2026 vita
907 2012 923 2036 ,
964 1973 1200 2043 receptis
1221 1972 1559 2042 corporibus,
1587 1972 1755 2027 solida

170 2063 424 2118 veritatis
455 2063 906 2133 contemplatione
934 2061 1065 2131 justi
1098 2063 1425 2133 gaudebunt,
1453 2063 1602 2132 impii
1629 2079 1760 2117 vero

172 2153 368 2207 inanes
395 2167 572 2207 rerum
602 2153 935 2209 sensibilium
963 2153 1225 2223 imagines
1247 2154 1514 2223 patientes
1534 2152 1758 2220 ﬂebunt,

171 2245 325 2298 salva
348 2254 403 2299 et
433 2245 730 2315 impunibili
757 2246 809 2300 iu
839 2245 1087 2316 utrisque
1115 2247 1435 2302 substantia.
1461 2246 1576 2301 Duo
1602 2263 1757 2301 nam—

170 2351 281 2405 que
309 2349 503 2405 genera
531 2337 840 2407 passionum
868 2346 995 2392 sunt
1022 2356 1035 2390 :
1067 2354 1230 2392 unum
1255 2378 1270 2404 ,
1307 2354 1416 2407 quo
1446 2337 1678 2393 deillcati
1707 2338 1759 2391 in

172 2425 470 2481 cotnlitoris
510 2427 591 2480 sui
644 2426 991 2496 purissimam
1036 2429 1396 2499 cognitionem
1454 2428 1759 2497 rapiuntur,

172 2516 405 2571 alterum
451 2531 582 2571 vero
607 2517 628 2547 ⁸
654 2557 670 2581 ,
701 2533 809 2587 quo
836 2518 981 2587 impii
1024 2519 1078 2572 in
1113 2519 1586 2588 profundissimam
1620 2519 1763 2573 veri-

171 2606 305 2659 tatis
330 2606 686 2677 ignorantiam
724 2617 1061 2678 merguntur.
1093 2607 1159 2661 Et
1180 2608 1309 2679 quid
1340 2609 1558 2670 mirum,
1586 2609 1629 2662 si
1663 2610 1762 2662 im-

171 2697 274 2767 pii,
308 2699 447 2766 quod
496 2699 549 2753 in
592 2699 697 2753 hac
735 2699 844 2753 vita
886 2700 1061 2754 adhuc
1103 2701 1156 2753 in
1212 2716 1377 2755 carne
1423 2704 1758 2771 corruptibili
1811 2750 1815 2754 .

172 2788 378 2842 detenti
410 2803 509 2856 per
533 2790 762 2851 somnia.
796 2798 851 2844 et
873 2800 993 2858 post
1019 2806 1137 2845 eam
1175 2792 1512 2861 phantastice
1545 2795 1759 2863 patiun-

174 2887 267 2930 tur
288 2880 340 2932 in
361 2878 593 2943 inferno,
610 2881 977 2950 spiritualibus
995 2884 1314 2952 corporibus
1327 2885 1439 2938 suis
1463 2887 1483 2918 ⁸
1509 2886 1758 2952 receptis,

170 2982 241 3021 ac
274 2968 436 3023 veluti
482 2971 801 3039 gravissimo
845 2972 1079 3040 quodam
1129 2988 1321 3027 somno
1367 2975 1681 3044 evigilantes
1718 2975 1758 3039 ⁸,

172 3059 483 3128 expressius
513 3062 787 3129 patiantur
804 3077 902 3131 per
926 3062 1206 3131 supplicia,
1223 3065 1293 3119 ita
1309 3073 1366 3116 ut
1391 3079 1626 3133 semper,
1658 3065 1762 3119 sic-

172 3163 236 3207 ut
261 3154 338 3208 ait
363 3154 714 3224 Augustinus,
740 3171 900 3211 verae
946 3171 1152 3224 poenae
1189 3159 1268 3211 eis
1294 3158 1421 3222 sint,
1448 3158 1615 3212 falsae
1635 3175 1762 3212 vero

171 3242 444 3313 imagines
473 3243 524 3297 in
556 3259 661 3298 non
683 3245 847 3307 veris,
868 3259 995 3299 vera
1018 3246 1255 3308 tristitia,
1282 3261 1442 3299 verus
1468 3246 1642 3300 luctus
1671 3263 1761 3315 pa-
1790 3220 1834 3279 C

171 3348 403 3401 torque,
427 3348 548 3388 sera
569 3334 916 3403 poenitentia,
940 3351 1102 3390 urens
1122 3336 1505 3406 cogitationum
1529 3336 1761 3390 flatuma.

178 3423 222 3478 Ε
261 3424 534 3478 contrario
564 3434 742 3478 autem
775 3423 907 3491 justi
947 3426 1239 3494 patientur,
1282 3427 1499 3494 quibus,
1536 3426 1765 3493 receptis

171 3513 512 3580 corporibus,
527 3514 899 3586 deiﬂcatisque
911 3517 1201 3581 mentibus,
1229 3533 1387 3572 verae
1408 3519 1763 3573 beatitudines

176 3613 343 3657 erunt
372 3604 423 3657 in
458 3606 601 3660 veris
645 3607 1206 3677 eontemptationibus,
1252 3624 1436 3663 verum
1487 3610 1762 3680 gaudium,

173 3707 307 3747 vera
351 3693 573 3757 laetitia,
612 3695 866 3763 quoniam
910 3713 1094 3763 omne,
1126 3699 1269 3767 quod
1309 3699 1361 3752 in
1400 3700 1502 3754 hac
1530 3702 1638 3754 vita
1667 3716 1764 3770 per

173 3784 338 3837 fidem
370 3782 660 3853 accipiunt,
705 3784 758 3839 in
802 3785 987 3842 futuro
1038 3803 1133 3856 per
1178 3787 1411 3856 speciem
1455 3790 1763 3844 considera-

168 3871 333 3927 bunt.
373 3869 481 3927 Sed
523 3872 699 3942 qualis
738 3875 852 3945 ipsa
897 3876 1105 3945 species
1149 3876 1242 3942 sit,
1295 3878 1662 3948 unusquisque
1706 3880 1758 3934 iu

171 3964 357 4033 seipso
383 3964 584 4020 videbit
610 3968 976 4036 experimento
1007 3985 1021 4021 :
1055 3967 1121 4022 In
1149 3968 1304 4023 domo
1342 3969 1362 4000 ἰ
1396 3970 1560 4035 enim,
1590 3970 1763 4040 inquit

128 4043 138 4049 ’
163 4056 417 4120 Veritas,
442 4053 621 4110 Patris
644 4058 746 4110 mei
785 4057 1084 4112 mansiones
1106 4057 1305 4113 multae
1324 4068 1466 4113 sunt.
1507 4058 1763 4129 Utrisque

173 4155 359 4202 tamen
386 4154 545 4201 erunt
585 4147 903 4216 phantasiae
945 4149 1113 4204 veluti
1157 4149 1325 4206 facies
1368 4153 1632 4221 quaedam
1661 4167 1754 4208 ex-

168 4252 419 4309 pressae,
443 4237 605 4308 justis
633 4239 857 4309 quidem
879 4240 1184 4297 divinarum
1213 4241 1755 4312 contemplationum;

170 4345 302 4386 nam
329 4342 436 4384 non
471 4344 568 4399 per
607 4331 866 4400 seipsum,
896 4333 991 4387 sed
1034 4348 1132 4402 per
1155 4334 1417 4404 quasdam
1448 4349 1572 4390 suas
1599 4350 1760 4405 appa-

170 4420 407 4476 ritiones
444 4419 738 4474 secundum
772 4421 1112 4478 altitudinem
1163 4422 1587 4495 uniuscujusque
1631 4441 1757 4482 san-

170 4522 388 4568 ctorum
450 4512 920 4581 contemplationis
989 4515 1261 4571 videbitur
1323 4517 1485 4573 Deus.
1557 4519 1671 4575 liae
1734 4520 1757 4552 ⁸

170 4603 377 4674 quippe
431 4610 556 4659 sunt
616 4604 827 4668 nubes,
896 4607 963 4662 de
1014 4586 1213 4676 quibus
1271 4609 1349 4663 ait
1400 4610 1687 4679 Apostolus
1740 4626 1754 4665 :

171 4696 465 4767 Rapiemur
483 4701 539 4754 in
562 4699 784 4754 nubibus
810 4700 1013 4754 obviam
1040 4697 1270 4765 Christo,
1313 4700 1486 4756 nubes
1510 4700 1761 4756 videlicet

170 4788 453 4858 appellans
496 4790 800 4845 divinarum
844 4790 1256 4860 pbantasiarum
1301 4788 1548 4846 diversas
1591 4806 1759 4861 appa-

170 4881 405 4936 ritiones
439 4882 734 4937 secundum
763 4879 1185 4950 uniuscujusque
1224 4881 1461 4937 deilicati
1510 4881 1757 4936 altitudi-

171 4986 303 5027 nem
332 4973 593 5028 theoriae.
626 4972 809 5043 [inpiis
837 4987 966 5028 vero
997 4970 1303 5026 mortalium
1333 4985 1514 5025 rerum
1543 4985 1759 5039 semper

168 5070 340 5118 erunt
377 5063 698 5132 pbantasiae
763 5078 829 5119 ac
879 5062 1127 5119 diversae
1181 5060 1458 5130 falsaeque
1523 5060 1758 5130 species,

168 5155 472 5211 secundum
514 5154 757 5211 diversos
802 5154 1065 5211 malarum
1119 5167 1340 5208 suarum
1379 5151 1756 5224 togitationum

169 5253 380 5301 motus.
416 5244 485 5300 Et
525 5244 983 5316 quemadmodum
1018 5242 1251 5300 deillcati
1300 5257 1399 5313 per
1444 5242 1759 5297 innumera-

168 5338 319 5398 biles
367 5336 584 5393 divinae
648 5335 1120 5408 contemplationis
1180 5335 1382 5404 gradus
1439 5334 1757 5400 ascendent,

1787 4562 1836 4622 D

1866 612 2135 678 virtutem,
2211 613 2265 668 in
2324 614 2558 670 nubibus
2619 615 2843 671 visionis
2864 606 3030 685 rapti,
3104 615 3453 687 videbamque

1865 700 2035 755 Deum
2081 702 2299 757 deorum
2343 706 2400 758 in
2448 703 2603 769 Sion,
2636 705 2739 760 hoc
2765 713 2869 770 est,
2900 721 3006 760 non
3037 721 3134 776 per
3185 706 3451 777 seipsum,

1866 794 1961 849 sed
2009 794 2062 848 in
2112 795 2331 865 speculo
2375 797 2421 829 ¹⁰
2469 797 2682 852 divinae
2725 798 3084 867 phantasiae:
3139 798 3213 852 ita
3259 812 3289 851 a
3339 797 3451 852 Deo

1866 883 2100 955 elongati
2136 899 2352 955 semper
2391 886 2719 941 descendent
2741 888 2781 919 “
2810 901 2909 957 per
2928 885 3170 942 diversos
3189 886 3449 941 vitiorum

1866 990 2085 1029 suorum
2117 977 2409 1032 descensus
2435 977 2487 1032 in
2519 978 2841 1048 profundum
2893 979 3251 1050 ignorantiae,
3280 979 3450 1049 inque

1868 1065 2119 1119 tenebras
2164 1068 2479 1131 exteriores,
2523 1068 2574 1121 in
2605 1068 2801 1137 quibus
2824 1069 2921 1123 erit
2963 1070 3117 1139 ﬂetus
3163 1078 3212 1123 et
3253 1067 3454 1122 stridor

1865 1153 2121 1207 dentium.
2161 1153 2219 1207 In
2254 1156 2516 1225 utrisque
2554 1164 2757 1222 tamen,
2800 1155 2964 1227 justis
2992 1157 3114 1213 dico
3150 1166 3205 1214 et
3247 1156 3449 1227 impiis,

1867 1243 2039 1308 salva,
2067 1255 2124 1298 et
2150 1244 2383 1315 integra,
2413 1254 2468 1299 et
2518 1247 2963 1311 incontaminata,
3012 1247 3270 1317 omnique
3311 1262 3444 1302 cun-

1869 1334 2034 1388 traria
2080 1328 2330 1404 passion'e
2370 1334 2538 1390 libera
2582 1338 2689 1391 erit
2714 1346 2772 1391 et
2814 1350 3028 1407 semper
3053 1338 3159 1391 erit
3207 1337 3447 1391 humana

1866 1432 2058 1476 natura
2089 1441 2104 1475 :
2137 1424 2381 1493 utrisque
2422 1425 2527 1478 erit
2556 1409 2751 1481 similis
2776 1441 3062 1496 corporum
3093 1426 3450 1496 spiritualitas

1866 1513 2045 1568 ablata
2088 1513 2237 1569 omni
2282 1514 2637 1579 animalitate,
2702 1516 2896 1571 similis
2964 1514 3452 1584 incorruptibilitas

1866 1606 2142 1660 subtracta
2170 1606 2319 1661 omni
2366 1608 2736 1678 corruptione,
2778 1606 2973 1662 similis
3003 1615 3226 1662 naturae
3249 1605 3446 1678 gloria,

1866 1698 2083 1767 quando
2107 1696 2385 1753 auferetur
2418 1699 2598 1753 omnis
2639 1698 2990 1763 contumelia,
3024 1698 3222 1754 similis
3261 1712 3453 1753 essen-

1871 1789 1963 1851 tia,
2011 1787 2206 1843 similis
2241 1789 2557 1844 aeternitas.
2601 1789 2746 1845 llaec
2782 1798 2908 1845 sunt
2953 1790 3005 1846 in
3037 1789 3450 1860 regeneratione

1862 1880 2136 1951 generalia
2193 1881 2572 1950 naturaliaque
2633 1882 2773 1936 bona
2849 1882 3016 1937 totius
3068 1878 3448 1947 humanitatis,

1861 1971 2218 2040 omnibusque
2265 1970 2715 2040 participantibus
2753 1987 2873 2026 eam
2914 1971 3253 2035 communia.
3302 1970 3449 2024 llaec

1863 2068 1990 2114 sunt
2019 2060 2146 2113 data
2177 2059 2243 2113 de
2265 2075 2474 2113 sursum
2507 2077 2539 2113 a
2578 2058 2743 2115 Patre
2779 2060 3037 2115 luminum
3062 2059 3445 2124 descendentia,

1864 2151 1918 2204 in
1944 2164 2133 2205 omnes
2157 2149 2483 2219 generaliter
2507 2149 2721 2214 diﬂ'usa,
2764 2165 2994 2220 quorum
3033 2148 3451 2219 participatione

1864 2256 2023 2295 nemo
2083 2240 2407 2305 excluditur,
2467 2256 2628 2296 nemo
2675 2241 2939 2310 privatur,
2988 2239 3241 2308 quoniam
3288 2253 3451 2292 nemo

1863 2332 1980 2386 sine
2006 2331 2091 2385 his
2112 2330 2356 2385 subsistit
2379 2346 2395 2392 ;
2423 2329 2620 2384 nullius
2654 2329 2808 2384 malis
2833 2330 2876 2360 "
2907 2328 3116 2383 meritis
3144 2326 3449 2397 impediun-

1866 2434 1974 2488 tur,
2015 2438 2081 2477 ne
2124 2423 2352 2486 dentur;
2402 2420 2604 2476 nullius
2652 2420 2790 2474 bona
2842 2419 3035 2474 merita
3078 2417 3447 2488 praecedunt,

1862 2514 2059 2583 quibus
2083 2520 2453 2581 praestentur;
2495 2526 2656 2565 nume
2698 2510 2946 2564 meritum
2992 2514 3433 2578 praeoccupant;

1865 2605 1974 2659 sola
2023 2605 2201 2658 divina
2237 2604 2498 2657 bonitatis
2536 2601 2781 2671 largiﬂua
2821 2600 3149 2671 plenitudine
3197 2598 3450 2653 omnibus

1865 2712 1960 2764 per
2003 2695 2187 2749 omnia
2234 2694 2619 2748 universaliter
2663 2692 2982 2746 inexhausta
3038 2687 3300 2744 effusione
3320 2703 3451 2751 una-

1864 2793 2023 2850 nam;
2055 2785 2106 2838 in
2134 2784 2281 2838 nullo
2323 2791 2620 2850 augentur;
2669 2782 2722 2835 in
2772 2781 2918 2836 nullo
2965 2781 3321 2843 minuuntur;
3354 2792 3449 2831 ac.

1865 2876 2094 2944 qualiter
2117 2875 2368 2928 onmibus
2398 2874 2602 2936 insunt,
2628 2881 2682 2927 et
2723 2871 2880 2926 bouis
2921 2879 2976 2926 et
3004 2869 3196 2933 malis;
3226 2884 3256 2921 a
3301 2867 3448 2923 nullo

1866 2966 2246 3031 retrahuntur;
2279 2964 2626 3018 aeternaliter
2674 2962 2726 3016 in
2754 2962 3005 3017 omnibus
3028 2968 3083 3015 et
3123 2958 3451 3014 substantia-

1866 3057 1993 3110 liter
2022 3055 2432 3126 permanebunt,
2478 3054 2624 3109 omni
2675 3054 3019 3122 corruptione
3065 3050 3449 3119 contrariaque

1867 3147 2117 3215 passione
2206 3145 2473 3199 absoluta.
2550 3145 2803 3197 Attamen
2867 3153 2993 3198 sunt
3052 3140 3448 3197 contrariarum

1865 3237 2206 3306 qualitatum,
2238 3237 2504 3290 bonarum
2537 3234 2659 3288 dico
2686 3233 3057 3302 malarumque
3085 3231 3445 3294 voluntatum,

1866 3327 2081 3381 virtutis
2130 3326 2565 3396 ignominiaeque
2608 3323 2847 3393 capacia.
2897 3322 2963 3376 Et
3016 3322 3188 3376 bonae
3230 3320 3448 3388 quidem

1864 3418 2169 3471 voluntates
2197 3426 2359 3485 atque
2410 3415 2638 3469 virtutes
2685 3430 2750 3469 ex
2801 3421 2991 3466 natura
3038 3420 3096 3466 et
3141 3410 3315 3481 gratia
3370 3409 3449 3463 eis

1863 3510 2080 3572 adsunt,
2140 3522 2339 3577 pravae
2381 3521 2512 3560 vero
2559 3503 2855 3558 voluntatis
2898 3501 3117 3556 obnoxii
3165 3499 3211 3531 ¹³
3250 3509 3448 3564 motus,

1863 3600 1952 3668 qui
1983 3614 2110 3653 vere
2150 3596 2473 3666 proprieque
2502 3594 2770 3664 superﬂua
2801 3600 3032 3645 naturae
3059 3590 3338 3653 dicuntur,
3380 3604 3448 3642 ex

1864 3688 2008 3743 nulla
2036 3703 2197 3742 causa
2236 3686 2465 3740 naturali
2494 3700 2587 3740 seu
2629 3681 3026 3754 supernaturali
3056 3682 3136 3735 eis
3175 3679 3448 3744 accidunt,

1863 3778 2090 3849 ideoque
2123 3788 2275 3833 extra
2303 3793 2362 3833 se
2388 3776 2547 3832 simul
2572 3786 2628 3830 et
2660 3777 2804 3830 intra
2836 3790 2893 3829 se
2923 3773 3329 3843 impassibiliter
3355 3788 3451 3827 eos

1862 3872 2151 3928 sustinent.
2186 3871 2301 3925 Non
2332 3870 2476 3924 enim
2506 3885 2573 3923 ex
2601 3877 2814 3933 natura,
2850 3866 2933 3920 vel
2968 3866 3144 3937 gratia
3174 3862 3448 3935 provenit,

1862 3963 2004 4033 quod
2053 3977 2150 4032 per
2208 3961 2564 4033 privationem
2613 3958 2745 4013 nihil
2794 3967 2908 4023 est,
2959 3955 3213 4026 quoniam
3271 3966 3449 4022 neque
3538 3963 3544 3968 ‘

1863 4053 2165 4108 substantia
2198 4060 2301 4116 est,
2344 4066 2519 4120 neque
2547 4047 2790 4102 naturale
2823 4047 3098 4111 accidens,
3136 4059 3314 4113 neque
3343 4044 3449 4096 vir-

1864 4153 1950 4200 tus
1977 4142 2022 4175 “
2049 4142 2313 4198 naturalis
2337 4138 2744 4211 quadriformis,
2777 4152 2884 4207 qua
2934 4134 3217 4191 rationalis
3266 4135 3448 4189 anima

1860 4245 2108 4301 ornatur,
2145 4232 2486 4305 prudentiam
2517 4230 2661 4294 dico,
2709 4227 3144 4298 temperantiam,
3176 4223 3448 4279 fortitudi-

1862 4343 2007 4393 nem,
2031 4324 2330 4394 justitiam;
2354 4336 2525 4391 neque
2554 4321 2746 4375 harum
2764 4316 3002 4374 bicornis
3031 4315 3173 4381 fons,
3196 4314 3385 4385 sophia
3401 4313 3448 4345 ¹⁸

1861 4418 2108 4475 videlicet
2162 4425 2217 4473 et
2269 4415 2313 4447 ¹⁶
2356 4410 2734 4476 mansuetudo,
2766 4424 2907 4479 quae
2955 4422 3026 4462 ex
3073 4406 3302 4461 caritate
3334 4418 3448 4458 ma-

1860 4522 1994 4568 nant
2022 4512 2094 4577 ";
2124 4523 2299 4579 neque
2344 4506 2449 4562 ulla
2475 4505 2693 4567 virium,
2726 4516 2866 4573 quae
2912 4503 2980 4556 ab
3026 4499 3108 4555 eis
3133 4502 3445 4567 erumpunt,

1863 4606 1929 4662 de
1955 4604 2150 4676 quibus
2187 4616 2331 4656 nunc
2371 4607 2611 4654 tractare
2633 4597 2849 4665 longum
2882 4593 3114 4658 videtur,
3144 4589 3447 4661 proposito-

1863 4711 1969 4766 que
2009 4693 2285 4758 alienum;
2331 4704 2510 4760 neque
2556 4684 2982 4757 supernaturalis
3010 4681 3330 4738 excellentia
3367 4681 3447 4734 in-

1865 4784 2094 4842 ell'abilis
2123 4781 2484 4837 deillcatiouis
2512 4778 2651 4834 ultra
2674 4789 2890 4830 omnem
2927 4781 3259 4836 creaturam,
3280 4786 3446 4841 quam

1865 4891 1957 4929 nec
1984 4871 2166 4928 oculus
2187 4871 2336 4934 vidit,
2363 4886 2455 4922 nec
2499 4867 2645 4922 auris
2680 4865 2905 4930 audivit,
2937 4879 3029 4918 nec
3068 4864 3126 4916 in
3155 4878 3246 4916 cor
3272 4861 3445 4914 Itami-

1866 4967 1947 5021 nis
1969 4963 2246 5020 ascendere
2276 4968 2471 5032 potest.
2497 4957 2612 5013 Non
2653 4958 2799 5013 enim
2828 4955 2972 5011 inter
2994 4953 3198 5019 omnia,
3223 4951 3317 5007 sed
3354 4966 3444 5004 su-

1864 5071 1962 5127 per
1986 5053 2166 5111 omnia
2193 5058 2569 5122 comparatur;
2598 5063 2697 5104 nec
2721 5048 2862 5102 intra
2892 5051 3191 5116 potestates
3211 5042 3445 5095 ‘naturae

1860 5148 2111 5206 conditae
2135 5144 2445 5200 includitur.
2493 5143 2561 5200 Et
2595 5157 2664 5197 ne
2707 5140 2943 5201 mireris,
2974 5135 3118 5208 quod
3160 5133 3293 5196 dixi,
3336 5132 3439 5186 hu-

1860 5254 2075 5298 manam
2122 5246 2371 5291 naturam
2424 5232 2822 5290 contrariorum
2872 5240 3123 5298 capacem
3189 5239 3332 5288 esse,
3373 5236 3443 5276 ex

1860 5332 2058 5403 quibus
2085 5327 2220 5384 nihil
2257 5326 2479 5398 patitur,
2526 5337 2702 5393 neque
2740 5335 2870 5378 suae
2897 5313 3256 5387 simplicitatis
3293 5325 3443 5368 scre-

1470 5462 1726 5518 VARlAE
1759 5459 2161 5519 LECTIONES.

251 5577 385 5656 LCF
410 5586 745 5656 torquentur.
805 5577 959 5656 _'_Sic
978 5576 1096 5656 Cl";
1123 5580 1160 5631 A
1187 5576 1476 5656 sibimetet
1500 5574 1913 5656 secutull‘umzma
1938 5575 2042 5656 liae
2073 5589 2181 5656 om.
2206 5573 2279 5656 A_._
2311 5573 2392 5656 ﬁt"
2415 5586 2429 5652 ε

174 5650 199 5681 ⁸
228 5649 315 5704 CF
345 5636 729 5750 evigildntibus.
804 5650 825 5681 "
848 5649 889 5704 C
918 5636 1177 5731 inflantu.
1252 5647 1279 5728 '-
1312 5648 1354 5701 A
1386 5645 1550 5700 Haec.
1623 5644 1645 5676 ’
1678 5644 1769 5698 Sic
1795 5643 1912 5725 tIF;
1943 5641 1983 5697 A
2019 5644 2161 5729 iusti.
2240 5639 2392 5730 RCF
2417 5642 2470 5694 in
2494 5636 2735 5721 specula.

174 5720 335 5773 dunt.
408 5722 426 5751 ¹
491 5718 585 5773 Stc-
624 5718 810 5780 LF;A
863 5719 1011 5773 mals.
1132 5717 1175 5749 "
1224 5717 1317 5771 Stc
1353 5715 1475 5780 CF;
1527 5715 1571 5769 Α
1619 5716 1892 5768 obnoxios.
1995 5712 2039 5747 '5
2076 5715 2165 5768 διο
2212 5713 2328 5778 (,ι⁴;
2367 5710 2409 5765 Α
2458 5718 2687 5763 vtrtutts.

172 5720 335 5773 dunt.
408 5718 452 5751 ι’
491 5718 585 5773 Sic
624 5718 810 5785 CF;A
863 5719 1011 5773 mali.

177 5788 228 5824 "
257 5789 350 5844 Sic
372 5788 461 5845 AC
485 5805 499 5851 ;
528 5788 567 5844 Ρ
595 5804 676 5844 ac.
756 5791 796 5822 "
824 5804 958 5859 quae
991 5803 1054 5842 ex
1083 5788 1300 5843 caritate
1328 5797 1541 5840 manant
1567 5801 1675 5840 om.
1702 5785 1769 5840 Λ.

2346 5572 2368 5602 ⁸
2415 5586 2534 5625 vero
2553 5564 2786 5644 om._CF.
2816 5562 2960 5644 ..δέ
2982 5562 3096 5644 suis
3114 5560 3437 5644 corporibus.

2816 5636 2853 5665 ¹¹
2897 5633 2988 5687 Sic
3012 5630 3131 5697 CF;
3161 5631 3201 5685 Α
3230 5632 3443 5684 descen-

1995 5712 2039 5747 ίδ
2076 5714 2165 5768 Sic
2212 5712 2328 5778 Cl“;
2367 5710 2409 5765 Α
2458 5701 2687 5763 virtutis.
2764 5704 2809 5739 ⁸⁸
2852 5704 2941 5759 Sic
2972 5702 3089 5759 tZl'"
3139 5701 3183 5756 A
3224 5701 3433 5755 caritas.
