4008 6286
592 379 697 436 947

1982 374 2264 441 JOANNIS
2302 374 2496 432 SCOTI

3774 384 3873 442 ets

594 495 738 548 nitas
775 492 1143 563 perturbatur,
1180 492 1365 563 accipe
1394 492 1786 563 paradigmata.
1820 495 1929 565 Acr
1976 493 2076 546 iste
2124 490 2160 553 ',
2197 492 2244 549 Α
2274 488 2688 554 incendendum,
2748 503 2842 547 seu
2888 488 2955 545 ad
2998 488 3101 543 alia
3146 503 3373 560 corpora
3416 506 3584 547 sensu
3627 496 3872 547 carentia

593 592 705 651 quo
727 582 1239 648 circumfundimur,
1270 592 1326 637 et
1366 600 1475 653 quo
1505 583 1767 653 spirantia
1802 592 1862 645 et
1893 585 2179 652 _respiran-

597 673 673 726 tia
703 687 800 741 per
838 672 1121 742 pulmones
1158 672 1336 739 ,veluti
1375 689 1471 742 per
1509 672 1751 733 fabrinos
1800 675 1953 731 folles
1994 677 2175 746 ignem

590 762 773 818 cordis
804 776 1018 834 semper
1060 762 1298 830 suillam,
1332 765 1586 836 nulloque
1617 766 1876 836 temporis
1906 776 2178 823 momento

591 852 762 922 δοιιίιί
800 868 923 907 eum
953 861 1146 909 natura
1195 855 1326 911 sinit
1376 856 1719 921 animalium,
1771 857 1976 913 lucidas
2016 859 2177 914 simul

591 952 871 1013 tetrasque
902 943 1006 999 fert
1046 946 1217 1001 nubes
1238 987 1252 1011 ,
1288 947 1406 1002 illas
1454 947 1670 1018 quidem
1702 948 1897 1005 solaris
1929 950 2060 1004 radii
2095 966 2179 1005 re-

588 1034 850 1102 ceptivas,
887 1033 957 1087 ill
981 1051 1007 1087 s
1029 1050 1159 1090 vero
1182 1037 1510 1106 repulsivas;
1558 1038 1683 1093 illae
1712 1055 1779 1093 ex
1803 1041 2176 1108 superioribus

590 1123 907 1177 tenuitatem
933 1123 1211 1194 fulgidam,
1236 1127 1522 1191 aethereae
1551 1129 1770 1198 puritati
1798 1130 2173 1200 propinquam,

588 1227 694 1280 qua
725 1212 926 1277 lucent,
958 1215 1266 1285 accipiunt;
1316 1217 1440 1271 illae
1469 1234 1597 1273 vero
1644 1222 1668 1277 Ρ
1712 1236 1782 1275 ex
1828 1220 2177 1278 inferioribus

586 1299 913 1379 densitatem
949 1305 1313 1371 tenebrosam,
1342 1309 1578 1363 terrenis
1626 1309 1878 1365 sor'dibus
1921 1312 2174 1376 similem,

586 1407 693 1462 qua
743 1393 916 1451 lucem
950 1407 1232 1467 respuunt,
1261 1403 1584 1456 attrahunt:
1636 1404 1749 1473 ipse
1780 1414 1959 1460 autem
1999 1423 2094 1461 aer
2124 1408 2176 1461 in

583 1486 837 1540 omnibus
877 1501 1010 1542 suae
1043 1503 1261 1559 semper
1293 1491 1609 1547 subtilitatis
1637 1504 1693 1549 et
1720 1497 2031 1553 serenitatis
2079 1500 2178 1553 im-

588 1575 839 1630 mobilem
883 1578 1120 1634 custodit
1153 1582 1484 1649 qualitatem,
1534 1601 1636 1641 nec
1672 1586 1724 1639 in
1780 1587 2011 1643 nubibus
2058 1608 2177 1645 cor-

585 1668 845 1736 pot'ascit,
887 1686 987 1726 nec
1042 1689 1165 1728 cum
1216 1676 1736 1744 perturbatiouilms,
1788 1696 1927 1749 quas
1967 1684 2170 1746 suffert,

580 1758 965 1826 perturbatur;
996 1762 1133 1818 lucis
1168 1779 1336 1833 capax
1386 1775 1441 1820 et
1488 1768 1857 1834 tenebrarum,
1901 1774 2025 1827 dum
2075 1791 2171 1829 sua

2279 578 2564 635 nutrienda
2584 618 2591 623 .
2612 593 2719 633 non
2752 576 2997 635 sulIicere
3038 579 3247 650 absque
3272 580 3395 649 ulla.
3417 582 3773 652 corpulentia
3804 584 3873 638 ia-

2281 673 2554 735 termixta,
2605 670 2862 740 quoniam
2918 670 3130 740 igneum
3162 673 3493 743 aet-eumque
3540 674 3872 731 elementum

2278 774 2378 830 per
2402 774 2461 813 se
2485 759 2587 814 sibi
2612 759 2841 815 invicem
2858 760 3181 831 junguntur,
3232 763 3307 818 ita
3338 772 3400 817 ut
3429 764 3641 827 nullum
3672 778 3873 822 motum

2278 851 2590 906 sensibilem
2614 849 2869 918 etiiciaut,
2907 868 3038 924 prae
3067 854 3231 909 nimia
3258 870 3389 912 suae
3437 867 3678 914 naturae
3710 860 3875 915 subti-

2277 942 2447 1009 litate,
2463 959 2602 1013 quae
2624 959 2840 1014 semper
2864 946 3043 1014 quieta
3067 955 3169 1012 est,
3188 950 3444 1018 omnique
3460 952 3870 1020 perturbatione

2278 1043 2504 1090 remota.
2535 1035 2670 1088 Dum
2699 1050 2833 1091 vero
2856 1034 3204 1092 inferioribus
3236 1053 3296 1093 se
3347 1040 3668 1105 elementis,
3707 1051 3870 1096 terrae

2277 1123 2399 1178 dico
2452 1132 2505 1178 et
2538 1138 2728 1193 aquae,
2780 1124 3096 1190 miscentur,
3144 1126 3201 1180 in
3235 1127 3447 1183 illorum
3480 1131 3869 1200 θοι-ριιῇωὼιὶ

2277 1212 2536 1283 qualitate
2560 1214 2667 1268 vim
2703 1229 2857 1269 suam
2883 1224 3159 1283 exercent,
3185 1226 3470 1288 motusque
3496 1234 3655 1285 suos,
3686 1222 3870 1290 quib

2277 1317 2502 1373 corpora
2538 1304 2812 1360 scnsibilia
2850 1305 3250 1374 administrant,
3296 1310 3626 1371 manifestos
3680 1313 3868 1383 depro-

2278 1408 2451 1453 munt.
2473 1398 2585 1454 l‘loc
2606 1407 2789 1465 autem
2813 1400 3123 1470 paradigma
3145 1411 3428 1471 propterea
3444 1403 3866 1469 introduximus,

2277 1498 2335 1543 ut
2362 1490 2738 1546 incunctanter
2764 1506 3179 1559 cognoscamus,
3200 1495 3495 1549 humanam
3534 1507 3795 1552 naturam
3822 1500 3867 1553 in

2277 1582 2684 1652 regeneratione
2717 1582 2833 1650 ejus
2863 1585 3266 1643 serenissimam
3291 1601 3415 1643 esse
3444 1586 3723 1653 futuram,
3753 1590 3867 1644 dum

2276 1671 2329 1727 in
2358 1689 2424 1728 ea
2456 1673 2530 1727 nil
2576 1682 2849 1733 terrenum
2889 1691 2983 1731 seu
3031 1677 3308 1733 humidum
3356 1693 3450 1734 seu
3504 1682 3866 1748 ponderosum

2277 1764 2630 1834 relinquetur,
2670 1766 2891 1823 ootnino
2937 1766 2990 1821 in
3037 1768 3286 1837 spiritum
3325 1784 3592 1824 conversa
3626 1787 3645 1835 ;
3706 1771 3866 1826 direr-

584 1857 776 1903 natura
809 1866 982 1922 neque
1007 1853 1127 1909 luce
1155 1864 1398 1925 augetur,
1431 1873 1604 1929 neque
1627 1862 1864 1917 tenebris
1889 1864 2164 1931 minuitur,

2276 1870 2459 1909 sarum
2495 1864 2673 1909 tamen
2704 1856 3023 1926 qualitatum
3051 1872 3304 1926 capacem
3354 1858 3474 1914 fore
3532 1859 3751 1930 absque
3776 1862 3865 1915 alia

583 1939 822 1995 calorem
854 1944 1045 2013 recipit
1066 1956 1120 2001 et
1149 1946 1340 2018 frigus,
1365 1949 1493 2004 dum
1520 1951 1822 2018 substantia
1847 1953 2016 2023 ipsius
2038 1957 2171 2011 nihil

583 2030 766 2086 calore
796 2050 969 2102 neque
994 2036 1193 2107 frigore
1225 2040 1454 2109 patitur.
1488 2042 1839 2113 Corpuleutia
1876 2046 2166 2115 siquidem,

583 2138 747 2191 quam
772 2141 837 2180 ex
873 2132 1103 2185 terrenis
1152 2134 1523 2203 aquaticisqne
1565 2135 1585 2166 ³
1624 2138 1910 2204 vaporibus
1949 2141 2166 2210 accipit,

580 2218 726 2272 calet
751 2220 804 2273 in
842 2236 907 2275 eo
943 2231 1036 2275 aut
1073 2223 1255 2293 friget,
1291 2226 1342 2280 in
1392 2228 1565 2282 nubes
1605 2229 1976 2298 conglobatur,
2006 2236 2171 2287 verti-

586 2316 681 2361 tur
707 2318 869 2379 atque
912 2324 1162 2368 movetur
1194 2318 1244 2369 in
1298 2328 1512 2382 ventos,
1567 2320 1826 2375 densatur
1871 2340 1924 2376 In
1963 2326 2170 2394 pluvias

584 2402 910 2473 imbresque,
939 2409 1255 2479 coagulatur
1284 2412 1336 2464 iu
1379 2412 1530 2467 nives
1561 2416 1974 2485 grandinesque,
2020 2430 2169 2475 cete—

582 2506 780 2561 rasque
818 2498 1049 2564 species,
1089 2515 1223 2569 quas
1249 2517 1314 2555 ex
1354 2504 1645 2573 praedictis
1687 2509 1997 2575 vaporibus,
2033 2525 2169 2579 quos

577 2581 771 2639 Graeci
818 2587 1036 2659 ἀτμίδας
1067 2600 1281 2656 vocant,
1334 2605 1618 2650 nascentes
1660 2597 1906 2666 simplex,
1938 2611 1993 2653 at
2020 2600 2041 2632 ‘t
2067 2603 2171 2670 spi-

583 2674 793 2730 ritualis
823 2688 1012 2733 natura
1044 2684 1190 2738 aéris
1213 2725 1225 2749 ,
1256 2686 1427 2739 donec
1457 2688 1507 2740 in
1550 2696 1760 2742 terrena
1788 2690 1809 2720 ⁸
1843 2691 2169 2762 humidaque

580 2766 816 2833 pondera
834 2769 854 2800 ⁸
876 2781 1190 2839 graventur,
1220 2775 1447 2830 sustinet
1471 2794 1485 2841 ;
1517 2777 1630 2847 ipse
1648 2794 1797 2844 vero,
1825 2790 1879 2834 ut
1898 2782 2166 2849 praedixi-

579 2869 723 2922 mus,
742 2862 1031 2928 puritatem
1055 2880 1205 2919 suam
1235 2878 1288 2921 et
1315 2869 1753 2938 spiritualitatem
1786 2874 2165 2943 incorruptibi.

498 3008 505 3015 .
576 2943 682 2999 lem
701 2951 960 3017 possidet,
979 2968 1151 3024 neque
1168 2958 1357 3024 purior
1386 2974 1561 3029 neque
1577 2962 1913 3030 Spiritnalior
1940 2965 1992 3018 in
2024 2965 2164 3029 luce,

574 3053 741 3107 quam
765 3042 1093 3111 intenebris,
1115 3063 1289 3116 neque
1302 3051 1569 3116 subtilior,
1589 3068 1762 3123 neque
1778 3055 1895 3123 plus
1911 3056 2164 3111 inferiora

576 3146 637 3186 se
665 3147 887 3204 corpora
920 3147 1165 3206 penetrat
1195 3141 1247 3195 in
1282 3145 1688 3209 serenitatibus,
1733 3164 1893 3215 quam
1939 3150 1990 3202 in
2043 3165 2164 3219 pcr-

2278 1947 2634 2003 restitutiouis
2674 1963 2805 2004 suae
2852 1949 3247 2018 permutatione
3282 1958 3403 2006 aut-
3437 1952 3733 2006 contraria
3776 1954 3864 2007 sibi

2273 2044 2541 2112 passione.
2598 2041 2669 2098 Ut
2704 2042 2848 2097 enim
2899 2059 2995 2097 aer
3032 2043 3155 2107 iste,
3193 2056 3259 2098 ex
3300 2057 3411 2112 quo
3454 2043 3864 2100 similitudinem

2274 2135 2542 2201 quandam
2582 2132 2938 2191 humanitatis
2983 2133 3005 2166 ⁸
3058 2134 3382 2203 accepimus,
3433 2132 3735 2189 aethereos
3778 2134 3863 2189 de-

2272 2241 2433 2294 super
2462 2225 2796 2294 Splendores,
2837 2225 3086 2280 deorsum
3132 2239 3260 2279 vero
3292 2233 3592 2281 concretas
3624 2239 3697 2279 ex
3737 2233 3864 2278 tem

2272 2324 2326 2369 et
2362 2330 2501 2385 aqua
2566 2316 2759 2385 recipit,
2802 2315 3225 2386 fumigationes:
3281 2315 3354 2369 ita
3405 2315 3756 2379 humanitas,
3806 2314 3865 2367 ad

2276 2408 2561 2475 imaginem
2598 2406 2690 2461 Dei
2720 2407 2885 2471 facta,
2920 2404 3381 2462 irrationabilibus
3407 2415 3599 2460 autem
3626 2405 3747 2460 suis
3766 2420 3865 2458 mo-

2276 2499 2416 2552 tibus
2439 2499 2489 2552 in
2516 2513 2757 2553 amorem
2806 2512 2987 2552 rerum
3015 2496 3370 2567 sensibilium,
3421 2497 3597 2565 inque
3648 2509 3862 2564 corpora

2271 2590 2680 2659 corruptibilia,
2738 2603 2878 2658 quae
2933 2604 3052 2643 eam
3109 2595 3425 2659 aggravant,
3481 2585 3862 2642 miserabiliter

2273 2682 2441 2750 lapsa,
2470 2668 2595 2735 dum
2644 2691 2885 2751 tempore
2915 2679 3342 2751 regenerationis
3373 2679 3425 2735 in
3462 2679 3768 2747 antiquum
3787 2691 3860 2731 re-

2274 2774 2553 2829 vocabitur
2579 2781 2800 2837 statum,
2844 2773 3039 2847 divinis
3089 2771 3277 2837 radiis,
3315 2772 3368 2826 in
3419 2785 3483 2826 se
3512 2780 3570 2826 et
3622 2785 3788 2839 supra
3813 2783 3863 2823 se

2270 2864 2694 2935 Splendentibus,
2756 2866 2810 2917 in
2870 2864 2954 2919 his
3019 2863 3111 2932 qui
3160 2862 3564 2917 deiﬁcabuntur
3628 2860 3862 2931 fulgelit,

2273 2954 2647 3024 temporalium
2676 2969 2805 3008 vero
2835 2956 2855 2988 ⁸
2885 2952 3303 3023 mortaliumque
3351 2965 3562 3016 rerum,
3597 2950 3863 3021 quibusin

2273 3048 2371 3100 hac
2410 3046 2513 3099 vita
2545 3045 2802 3109 inficitur,
2829 3043 3224 3114 phantasticam
3281 3043 3609 3097 memoriam
3647 3041 3786 3098 infra
3812 3056 3864 3096 se

2270 3148 2324 3194 et
2349 3148 2500 3193 extra
2556 3138 2608 3192 in
2640 3137 2743 3201 his,
2775 3137 2867 3206 qui
2913 3138 3060 3192 omni
3101 3136 3436 3192 beatitudine
3483 3136 3861 3207 privabuntur,

576 3224 976 3283 turbationibus
1027 3231 1333 3287 suis.‘llinc
1363 3250 1394 3287 a
1441 3235 1774 3305 philosophis
1826 3236 2159 3294 Graecorum

2270 3230 2576 3294 sustine!.it,
2606 3247 2709 3284 non
2735 3240 2793 3283 ut
2824 3230 2937 3299 ipsa
2966 3232 3017 3285 in
3050 3230 3228 3302 seipsa
3269 3246 3476 3300 poenas
3513 3230 3659 3297 luat,
3690 3231 3785 3285 sed
3812 3238 3863 3282 ω

573 3317 895 3371 vocabulum
953 3320 1054 3375 sibi
1105 3323 1424 3386 attributum
1496 3335 1583 3381 est
1651 3330 2000 3399 condignum.
2054 3332 2163 3387 Aer

571 3404 718 3459 cutim
748 3407 964 3475 dicitur,
998 3411 1049 3465 id
1069 3421 1151 3465 est
1179 3414 1418 3481 spiritus,
1449 3416 1676 3487 ideoque
1707 3419 1933 3488 simplex
1965 3436 2029 3476 ac
2056 3424 2166 3492 spi-

576 3499 769 3555 rituale
800 3518 997 3572 corpus
1023 3520 1052 3558 a
1079 3504 1323 3577 Physicis
1347 3509 1634 3574 vocitatur,
1662 3513 1802 3580 quod
1834 3513 1900 3566 ab
1936 3515 2042 3580 his,
2073 3516 2163 3584 qui

573 3586 785 3660 Olympi
850 3594 1047 3649 montis
1089 3597 1346 3652 verticem
1408 3600 1750 3666 ascendunt,
1802 3602 2165 3659 indubitanter

572 3681 923 3749 approbatur,
960 3685 1213 3754 quoniam
1237 3688 1406 3743 illuc"
1427 3689 1569 3744 nulla
1600 3693 1773 3762 ἀτμίς,
1818 3693 1919 3747 hoc
1957 3703 2039 3749 est
2068 3712 2161 3750 va-

571 3774 803 3837 poratio,
826 3790 919 3829 seu
951 3775 1016 3831 de
1066 3787 1207 3833 terra
1258 3796 1351 3836 seu
1380 3780 1446 3836 de
1476 3798 1638 3852 aqua,
1687 3793 1864 3854 potest
1911 3789 2158 3843 exaltari.

569 3862 723 3930 Quod
763 3876 940 3921 autem
967 3868 1192 3924 inferior
1214 3886 1338 3941 pars
1386 3870 1520 3941 ejus,
1564 3874 1707 3930 acris
1749 3862 1890 3941 dico,
1936 3893 2163 3948 vapores

569 3957 762 4026 recipit
805 3960 873 4014 ad
923 3962 1227 4018 mortalium
1276 3964 1589 4021 animalium
1637 3968 1923 4025 utilitatem
1953 4010 1968 4036 ,
2022 3988 2161 4043 quae

567 4048 774 4116 absque
804 4048 932 4104 flatu
980 4053 1139 4108 aéreo
1167 4055 1347 4110 vivere
1373 4073 1480 4113 non
1523 4058 1720 4125 valent,
1766 4059 1945 4115 divina
1982 4065 2164 4131 provi-

570 4138 751 4195 dentia
782 4142 1193 4202 administrante
1222 4149 1539 4220 dispositum
1565 4160 1668 4207 est.
1704 4150 1761 4207 Si
1788 4152 1929 4207 enim
1957 4156 2162 4227 simpli-

566 4233 706 4290 citas
734 4235 876 4292 illius
925 4240 1129 4309 absque
1166 4241 1271 4297 ulla
1306 4243 1626 4300 humiditate
1670 4247 2009 4318 quadamque
2036 4265 2160 4304 cor-

568 4324 806 4390 pulentia
837 4328 1154 4399 interposita
1192 4333 1498 4387 mortalium
1541 4349 1828 4405 corporum
1878 4337 2160 4407 pulmones

567 4412 800 4481 inﬂaret,
848 4432 1183 4489 nequaquam
1234 4422 1388 4490 ignea
1446 4431 1662 4490 natura,
1727 4441 1865 4495 quae
1907 4430 2158 4485 cordibus

567 4501 727 4567 inest,
768 4505 1001 4570 arderet,
1025 4523 1086 4563 ac
1112 4524 1209 4578 per
1252 4510 1356 4564 hoc
1380 4519 1551 4566 totum
1599 4528 1795 4583 corpus
1820 4516 2152 4588 frigesceret,

565 4591 762 4647 caloris
801 4595 997 4651 virtute
1041 4598 1336 4667 desertum,
1387 4617 1482 4672 per
1527 4618 1687 4673 quam
1745 4606 1922 4660 vitalis
1975 4619 2155 4664 motus

568 4682 811 4737 mortalia
843 4688 1081 4743 membra
1114 4690 1401 4746 ministrat.
1437 4692 1508 4748 Ut
1558 4710 1686 4766 ergo
1720 4695 1988 4753 subtilitas
2014 4701 2156 4757 aéris

564 4773 832 4849 adiunctis
876 4778 978 4833 sibi
1016 4782 1303 4850 vaporibus
1345 4783 1396 4838 in
1443 4785 1722 4855 pulmones
1767 4787 2011 4853 intraret,
2047 4789 2154 4845 for-

564 4869 864 4938 tioremque
895 4869 1152 4959 impetum
1177 4873 1380 4930 faciens
1412 4876 1585 4947 ignem
1612 4879 1793 4933 cordis
1816 4878 2147 4947 incenderet,

564 4966 846 5027 propterea
894 4959 1119 5017 inferior
1159 4979 1285 5034 pars
1313 4967 1456 5022 aéris
1483 4969 1629 5023 circa
1671 4978 1841 5025 terras
1872 4986 2146 5042 aquasque

564 5045 777 5113 diffusa,
806 5050 1141 5109 humiditatis
1179 5056 1650 5129 corpulentiaeque
1680 5076 1847 5131 capax
1882 5061 2014 5116 facta
2043 5072 2151 5131 est,

564 5138 768 5209 absque
793 5156 923 5197 suae
946 5144 1376 5215 simplicissimae
1422 5149 1907 5221 serenissimacque
1927 5161 2152 5208 naturae

563 5227 645 5279 vel
676 5233 1042 5302 corruptione,
1112 5236 1192 5291 vel
1237 5239 1583 5306 detrimento,
1631 5240 1713 5295 vel
1760 5242 2148 5308 additamenta,

563 5319 646 5374 vel
689 5322 795 5377 ulla
837 5328 1155 5394 mutatione,
1211 5330 1294 5384 vel
1337 5334 1806 5390 transmutatione.
1859 5335 2150 5406 Propterea

564 5422 746 5472 autem
771 5419 907 5489 dixi,
941 5421 1159 5480 aéreum
1185 5425 1354 5481 solum
1383 5427 1630 5499 spiritum
1664 5431 1731 5484 ad
1762 5428 1936 5500 ignem
1972 5432 2152 5486 cordis

2271 3320 2380 3382 illa,
2409 3336 2549 3388 quae
2572 3329 2759 3375 contra
2781 3320 3113 3375 voluntatem
3130 3320 3408 3376 Creatoris
3428 3322 3515 3376 sui
3536 3330 3859 3382 attraxerat,

2267 3421 2421 3467 extra
2459 3413 2629 3481 ipsam
2676 3413 3020 3478 damnentur,
3052 3413 3370 3483 penitusque
3421 3423 3687 3483 pereant,
3720 3412 3862 3467 mali-

2270 3506 2400 3558 tiam
2429 3505 2568 3568 dico,
2595 3513 2649 3559 et
2676 3504 3029 3574 impietatem,
3061 3514 3352 3574 ceteraque
3394 3505 3682 3575 nequitiae
3704 3520 3862 3559 ιιιαιι·

2264 3596 2384 3659 bra,
2426 3610 2565 3664 quae
2593 3610 2658 3649 ex
2707 3595 2960 3664 operibus
2995 3596 3202 3658 carnis,
3255 3597 3358 3651 hoc
3407 3603 3515 3660 est,
3566 3596 3861 3651 carnaliter

2264 3686 2479 3740 animae
2499 3686 2747 3749 viventis,
2772 3686 2963 3740 merito
2977 3684 3257 3756 originalis
3277 3685 3485 3757 peccati
3510 3688 3859 3741 occasionem

2266 3783 2613 3844 sumpserunt
2637 3801 2651 3840 ;
2679 3790 2818 3844 quae
2837 3777 2961 3831 dum
2986 3786 3155 3846 perse
3177 3784 3539 3846 quaeruntur,
3556 3776 3855 3838 nihilsnnt,

2263 3868 2515 3936 quoniam
2542 3867 2593 3921 in
2614 3882 2840 3922 numero
2860 3882 3069 3932 eorum,
3091 3883 3230 3937 quae
3250 3882 3284 3921 a
3309 3867 3598 3923 conditore
3620 3869 3855 3924 omnium

2264 3959 2551 4014 substituta
2579 3966 2724 4022 sunt,
2754 3974 2859 4013 non
2891 3967 3034 4012 sunt.
3071 3959 3147 4012 Ex
3178 3958 3641 4014 irrationabilium
3666 3961 3859 4031 quippe

2264 4048 2574 4103 animalium
2601 4048 2952 4103 similitudine
2983 4048 3287 4103 rationabili
3311 4057 3540 4105 naturae
3569 4051 3855 4123 subi-epse.

2264 4155 2345 4205 re,
2371 4140 2596 4209 ideoque
2616 4125 2682 4193 in
2707 4154 2770 4193 ea
2798 4140 3019 4194 omnino
3039 4139 3459 4205 damnabantur,
3491 4155 3564 4196 ne
3591 4143 3645 4197 ei
3671 4158 3854 4213 perpe-

2263 4239 2356 4285 tuo
2385 4239 2632 4297 noceant,
2665 4231 2911 4300 quamvis
2936 4230 2987 4284 in
3018 4231 3253 4300 propriis
3278 4231 3572 4302 impiorum
3605 4235 3852 4289 volunt»

2264 4323 2407 4376 tibus
2458 4321 2860 4377 recordationes
2904 4335 3115 4387 eorum,
3174 4322 3373 4393 quibus
3425 4327 3849 4394 torquebantur.

2260 4429 2640 4486 permansuras
2662 4426 2781 4469 esse
2803 4428 2908 4467 non
2935 4414 3006 4468 sit
3026 4414 3347 4484 negandum.
3387 4413 3551 4471 Aliud
3578 4425 3668 4472 est
3687 4419 3849 4479 enim,

2258 4521 2473 4562 omnem
2509 4504 2772 4559 malitiam
2796 4503 3125 4577 generaliter
3146 4504 3197 4559 in
3219 4506 3365 4561 omni
3390 4506 3637 4561 humana
3660 4519 3850 4563 natura

2260 4601 2477 4670 penitus
2507 4599 2730 4667 aboleri,
2757 4599 2900 4655 aliud
2928 4600 3243 4671 phantasias
3271 4598 3412 4670 ejus,
3434 4601 3686 4659 malitiae
3708 4605 3845 4665 dico.

2259 4690 2313 4744 in
2346 4688 2561 4761 propria
2586 4690 2914 4745 conscientia
2939 4706 3147 4755 eorum,
3172 4706 3308 4762 quos
3336 4692 3391 4747 in
3420 4692 3525 4748 hac
3552 4695 3667 4748 vita
3698 4695 3848 4749 ritia~

2258 4792 2426 4846 verat,
2457 4796 2670 4851 semper
2691 4782 2917 4845 servari,
2969 4798 3141 4854 eoque
3170 4785 3328 4839 modo
3353 4799 3573 4856 semper
3624 4788 3843 4856 puniri:

2254 4875 2707 4945 quemadmodum
2726 4875 2870 4929 aliud
2884 4883 2985 4940 est,
3013 4875 3241 4931 eandem
3266 4866 3561 4933 humanam
3594 4887 3843 4933 naturam

2252 4968 2305 5021 in
2329 4983 2480 5022 suam
2507 4967 2756 5038 gratiam,
2780 4984 2939 5038 quam
2963 4970 3235 5038 peccando
3265 4969 3601 5038 perdiderat,
3630 4971 3845 5025 divinae

2256 5058 2511 5114 videlicet
2538 5058 2787 5129 imaginis
2813 5058 3129 5129 dignitatem
3156 5059 3389 5124 restitui,
3414 5059 3562 5113 aliud
3586 5061 3845 5115 uniuscu-

2250 5149 2447 5222 jusque
2481 5150 2776 5206 electorum
2825 5151 3101 5222 propriam
3148 5151 3202 5205 in
3253 5150 3409 5206 bonis
3446 5152 3663 5208 meritis
3710 5167 3840 5207 con-

2255 5242 2559 5308 scientiam,
2585 5257 2688 5311 qua
2711 5242 2764 5295 iu
2794 5242 2898 5297 hac
2925 5242 3033 5295 vita
3085 5241 3195 5296 Deo
3220 5256 3319 5296 suo
3359 5242 3411 5295 in
3438 5242 3700 5297 omnibus
3726 5258 3841 5297 ser-

2253 5335 2490 5398 vierunt,
2508 5348 2669 5403 super
2689 5348 2903 5388 omnem
2920 5333 3271 5390 humanitatis
3288 5333 3545 5387 virtutem
3570 5333 3840 5395 deiﬁcari.

2253 5442 2423 5498 eoque
2446 5424 2604 5481 modo
2631 5439 2842 5494 semper
2862 5440 2925 5481 ac
2951 5424 3108 5481 beate
3135 5425 3334 5491 vivere,
3364 5433 3420 5479 et
3447 5415 3614 5496 super
3630 5424 3839 5488 omnia,

1852 5577 2108 5635 VARIAE
2147 5577 2546 5637 LECTIONES.

636 5676 655 5709 ί
686 5678 725 5731 Λ
760 5679 896 5734 aeris
923 5681 1006 5734 de.
1084 5684 1104 5716 ²
1134 5700 1253 5739 vero
1281 5701 1391 5741 om.
1431 5687 1535 5742 CF.

562 5743 586 5780 ⁷
614 5744 809 5807 SicCF
828 5766 844 5819 ;
872 5749 917 5809 Δ
945 5751 1071 5808 illic.

1615 5689 1635 5720 ⁸
1665 5687 1709 5743 Α
1740 5698 1790 5744 et
1825 5692 2102 5759 aquaticis.

1169 5755 1193 5789 ⁸
1216 5754 1298 5814 CF
1328 5758 1670 5815 Ιιιιηιαηὶιαιί.
1709 5785 1711 5789 π
1766 5760 1786 5791 ⁰
1816 5754 2079 5821 Λάιιιεηι.

2201 5691 2222 5723 ⁸
2251 5693 2295 5747 Λ
2323 5702 2393 5749 et.
2474 5694 2495 5727 ⁵
2528 5692 2619 5750 Sic
2638 5692 2762 5761 CF;
2792 5693 2836 5751 Α
2880 5696 3108 5754 interna.
3203 5696 3224 5729 '
3253 5694 3346 5755 Sic
3368 5693 3485 5764 CF;
3509 5694 3558 5752 Α
3585 5696 3839 5770 pandae.
