4008 6286
253 340 364 398 aut
422 324 435 335 '

1108 342 1196 396 on
1235 341 1572 400 mvrsrons
1612 332 1958 405 NATURAE.
1999 380 2071 395 -
2105 334 2303 411 LIBER
2344 358 2664 427 QUINTUS.

3420 332 3528 429 95c

248 448 553 552 tntae'sunt,
577 447 826 552 eialtari.
848 446 925 552 tbi
948 444 1093 509 enim
1119 446 1413 521 erunt,'ubi
1548 458 1655 552 ille,
1678 476 1838 530 quem
1866 464 1916 524 Α
1945 464 2120 520 dicaui
2149 461 2214 523 de
2247 469 2350 537 his,
2381 446 2469 541 qui
2499 457 2657 530 [idem
2681 466 2999 535 catholicam
3027 453 3365 552 profitentur,
3396 501 3522 541 car-

244 540 313 605 ia
342 545 442 599 hac
465 544 579 598 vita
627 543 951 599 dilexerunt.
980 552 1036 599 et
1074 560 1290 616 semper
1320 562 1444 601 eum
1473 548 1653 604 videre
1682 565 1843 621 appe-

250 639 508 693 tiverunt.
1824 632 1827 635 '

322 728 414 783 52.
441 728 578 784 Hinc
614 744 629 762 ·
662 728 902 784 occurrit
926 738 1246 801 qumtupiex
1266 726 1843 793 rationaliscreaturae

248 821 486 875 theOria.
516 819 701 903 Prima
724 821 868 874 enim
894 822 1193 891 speculatio
1214 824 1381 894 ipsius
1410 833 1496 879 est
1525 826 1575 879 in
1603 829 1841 897 generali

244 910 343 965 illa
363 919 418 965 et
446 910 720 965 communi
770 911 1228 983 substantialique
1262 915 1485 979 virtute,
1516 930 1621 985 qua
1650 934 1841 975 omnes

243 1001 497 1057 homines
551 988 711 1056 sinnd
749 1010 804 1056 et
844 1002 1011 1057 semel
1053 1004 1104 1058 iu
1156 1003 1328 1075 prima
1376 1003 1494 1075 ejus
1531 1008 1841 1065 conditione

240 1106 368 1147 eam
400 1091 748 1161 participant,
776 1092 891 1148 sive
936 1094 1063 1149 boni
1104 1095 1211 1150 sint
1243 1096 1357 1151 sive
1410 1096 1556 1152 mali.
1590 1097 1837 1155 Secunda

241 1184 303 1238 in
332 1171 769 1252 processionibus
798 1185 967 1254 ipsius
992 1185 1044 1240 in
1070 1186 1211 1241 hanc
1238 1186 1404 1240 vitam
1437 1188 1715 1243 mortalem
1743 1206 1838 1260 per

238 1272 579 1343 singulorum
596 1275 881 1329 hominum
923 1290 989 1331 ex
1040 1278 1359 1347 corporibus
1406 1280 1831 1349 generationem.

238 1361 425 1417 Tertia
476 1363 529 1417 iu
571 1364 747 1420 reditu
804 1365 972 1435 ipsius
1004 1367 1329 1433 generaliter
1372 1384 1468 1439 per
1514 1370 1747 1440 seipsam
1780 1373 1833 1427 in

237 1453 544 1527 angelicum
591 1462 815 1523 statum,
847 1472 1007 1527 quem
1033 1459 1270 1515 deseruit
1313 1460 1364 1515 in
1407 1462 1550 1517 hunc
1573 1465 1833 1519 mundum

240 1546 557 1601 sensibilem
586 1548 808 1602 cadens.
862 1549 1065 1615 Quarta
1104 1550 1157 1605 in
1190 1550 1296 1615 his,
1342 1552 1433 1621 qui
1460 1568 1578 1607 eam
1608 1554 1833 1623 partici-

236 1646 393 1706 pant,
415 1647 470 1693 et
490 1639 545 1693 in
574 1639 676 1694 hac
700 1641 915 1695 mortali
968 1656 1131 1697 carne
1167 1643 1433 1709 viventes,
1457 1646 1665 1715 seipsos
1693 1662 1837 1701 com-

239 1743 572 1799 munemque
615 1745 768 1784 suam
800 1741 1071 1798 naturam,
1105 1748 1171 1789 ac
1215 1749 1380 1805 super
1405 1737 1587 1792 omnia
1610 1736 1832 1793 Creato-

1942 557 2095 631 naliaj
2125 568 2304 617 tamen
2337 564 2439 619 sibi
2461 574 2516 619 et
2540 565 2727 621 localia
2752 578 2804 623 et
2829 572 3145 640 temporalia
3171 582 3227 628 et
3249 575 3524 631 sensibilia

1942 649 2082 703 bona
2119 650 2296 706 futura
2325 669 2445 709 esse
2475 656 2810 723 existimant,
2838 660 3087 715 similiter
3112 662 3273 718 etiam
3304 665 3370 719 de
3395 681 3523 736 sup—

1940 738 2116 806 pliciis
2160 740 2511 815 infernalibus
2546 747 2894 802 arbitrantur.
2936 750 3036 805 Ubi
3078 753 3239 806 datur
3274 753 3519 824 intelligi,

1941 831 2084 898 quat
2113 832 2242 886 nihil
2280 834 2331 886 in
2364 845 2553 890 natura
2581 852 2757 892 rerum
2791 854 2991 909 poenas
3029 843 3279 910 patietur,
3307 853 3524 913 praeter

1941 936 2110 977 vanas
2136 924 2419 993 impiarum
2466 928 2769 982 animarum
2818 930 3170 998 cogitationes
3219 933 3271 987 in
3324 943 3522 989 semet-

1939 1011 2072 1082 ipsis
2117 1024 2267 1069 extra
2314 1031 2526 1071 onmem
2576 1004 2845 1084 naturam,
2894 1021 3147 1088 quoniam
3193 1020 3244 1074 iu
3295 1037 3521 1077 numero

1938 1116 2256 1162 naturarum
2290 1124 2392 1163 nou
2421 1120 2580 1175 sunt;
2616 1126 2681 1165 ex
2712 1111 2852 1165 mala
2879 1112 3022 1167 enim
3049 1112 3326 1167 voluntate
3352 1121 3522 1170 terre-

1936 1195 2127 1264 nisque
2164 1196 2452 1253 desideriis
2500 1200 2839 1264 occasionem
2883 1212 3227 1272 acceperunt.
3261 1203 3329 1258 Ut
3352 1204 3518 1267 enim,

1935 1287 2076 1355 quod
2106 1302 2266 1356 saepe
2288 1288 2540 1353 diximus,
2577 1288 2714 1342 ultra
2760 1305 2948 1345 omnes
2984 1292 3261 1347 naturales
3291 1293 3521 1347 virtutes

1932 1374 2197 1443 iustorum
2228 1378 2501 1431 beatitudo
2537 1393 2634 1448 per
2676 1379 2972 1433 conditoris
3002 1381 3227 1450 gratiam
3256 1380 3519 1435 cxaltabi~

1934 1476 2042 1533 tur,
2073 1468 2145 1521 ita
2174 1468 2312 1523 infra
2334 1484 2544 1523 onmem
2571 1478 2819 1525 naturam
2845 1472 3129 1541 impiorum
3156 1474 3475 1543 supplicium
3496 1482 3522 1515 ο

1932 1575 2030 1629 per
2072 1558 2312 1628 ejusdem
2355 1562 2652 1617 conditoris
2681 1561 2945 1629 justitiam
2995 1565 3343 1634 deprimetur.
3381 1566 3521 1632 Quid

1932 1655 2076 1707 enim
2117 1653 2346 1708 inlerius
2372 1666 2474 1718 est,
2504 1664 2764 1725 extraque
2792 1672 3005 1711 onmem
3037 1666 3284 1711 naturam
3310 1658 3521 1711 demer-

1935 1745 2047 1799 sius
2089 1744 2326 1798 vanitate
2389 1746 2687 1799 vanitatum
2741 1745 2998 1817 falsisque
3047 1747 3521 1817 imaginationibus

242 1833 359 1874 rem
406 1820 650 1874 omnium
696 1831 1043 1890 quaerentes,
1101 1825 1295 1879 merito
1323 1840 1454 1880 suae
1489 1828 1741 1896 propriae
1765 1844 1829 1883 ac

1935 1852 2138 1901 rerum,
2168 1853 2307 1906 quae
2335 1852 2547 1907 semper
2574 1837 2858 1905 peribunt?
2884 1812 3016 1892 iiinc
3043 1812 3181 1892 illud
3198 1837 3440 1893 mirabile
3463 1846 3519 1893 et

235 1910 451 1989 bonae
489 1914 798 1979 voluntatis,
855 1917 1031 1985 gratia
1100 1918 1236 1972 duce
1281 1919 1324 1982 ',
1362 1919 1427 1972 ad
1486 1935 1825 1974 communem

236 2020 371 2065 Suae
385 2017 608 2063 naturae
623 2008 986 2076 integritatem
1002 2011 1179 2064 redire
1191 2010 1370 2080 adepti
1398 2021 1542 2076 sunt,
1559 2027 1623 2067 ac
1635 2013 1826 2067 deinde

237 2099 381 2153 dono
404 2098 616 2153 divinae
646 2100 855 2167 gratiae
879 2116 1043 2171 super
1062 2101 1265 2166 omnia,
1282 2110 1403 2170 post
1427 2117 1484 2156 se
1515 2101 1824 2172 relinquen-

240 2204 323 2249 tes
335 2195 539 2259 omnia,
560 2195 611 2250 in
630 2195 803 2264 ipsum
821 2195 990 2251 Deum
1011 2194 1409 2250 transferentur
1427 2197 1467 2249 ³.
1498 2196 1696 2264 Quinta
1712 2212 1827 2266 spe—

234 2284 439 2338 culatio
466 2293 778 2350 esteorum,
807 2285 898 2355 qui
931 2285 1310 2341 universaliter
1331 2285 1495 2340 insita
1543 2294 1768 2340 naturae
1806 2284 1827 2316 θ

236 2376 404 2441 bona,
431 2391 572 2446 quae
612 2377 889 2438 omnibus.
934 2377 1151 2432 nemine
1192 2387 1442 2447 excepto,
1488 2377 1673 2431 divina
1723 2378 1827 2431 lar-

235 2466 408 2535 gitate
427 2475 773 2537 praestantur
797 2468 1315 2536 etpraestabuutur,
1346 2465 1726 2536 possidebunt:
1759 2467 1825 2521 ad

234 2567 449 2613 summa
484 2567 662 2614 tamen
686 2560 827 2614 dona
866 2562 888 2593 ⁸
921 2561 1135 2615 divinae
1158 2561 1384 2632 gratiae,
1423 2576 1561 2629 quae
1588 2561 1719 2615 solis
1741 2560 1827 2629 ju-

233 2650 337 2704 stis
362 2651 597 2718 reposita
640 2666 705 2704 ac
737 2660 1063 2721 praeparata
1091 2660 1239 2711 sunt,
1274 2652 1556 2721 pervenire
1588 2667 1691 2705 non
1735 2666 1828 2721 po-

232 2752 437 2806 terunt,
483 2743 740 2811 quoniam
787 2744 839 2797 in
869 2744 973 2798 hac
997 2745 1109 2798 vita
1148 2745 1259 2799 Deo
1283 2746 1487 2799 servire
1515 2744 1825 2809 noluerunt,

235 2837 612 2906 temporalium
660 2848 842 2891 rerum
890 2852 1073 2899 amore
1130 2837 1365 2901 detenti;
1413 2853 1520 2907 quo
1581 2837 1827 2892 videlicet

233 2945 422 2983 amore
453 2929 505 2983 in
531 2930 637 2984 alia
670 2930 800 2994 vita,
843 2929 957 2984 sive
984 2930 1038 2982 in
1071 2930 1198 2983 solis
1224 2929 1508 2984 animabus
1535 2929 1649 2984 sive
1682 2945 1828 2984 rece-

233 3020 346 3089 ptis
367 3020 703 3090 corporibus,
731 3020 878 3074 velut
895 3019 1285 3092 inextinguibili
1310 3020 1522 3075 ﬂamma
1539 3021 1826 3081 ardebuut,

229 3107 363 3163 dum
391 3108 497 3164 illic
526 3125 631 3163 non
662 3109 933 3165 invenient
959 3126 1046 3173 ea,
1075 3110 1269 3178 quibus
1293 3111 1385 3166 hic
1407 3111 1829 3182 intemperanter

1930 1928 2320 1997 inexplanabile
2370 1929 2624 1982 nascitur.
2664 1930 2915 1982 Attamen
2979 1944 3105 1983 vera
3159 1930 3396 1992 ratione,
3435 1928 3520 1982 di-

1929 2018 2190 2091 vinaeque
2214 2022 2522 2092 Scripturae
2548 2024 2872 2079 auctoritate
2902 2025 2972 2078 ita
3000 2025 3111 2078 fieri
3141 2033 3195 2078 et
3222 2040 3326 2078 non
3351 2024 3510 2079 aliter
3572 2044 3575 2047 λ

1928 2111 2206 2181 probatur,
2230 2114 2497 2183 quomodo
2519 2112 2564 2144 “
2586 2113 2720 2167 ultra
2746 2114 2922 2167 omnia
2947 2115 3209 2169 naturalia
3238 2117 3372 2170 bona
3393 2117 3522 2181 bea-

1932 2204 2204 2260 titicautur
2248 2203 2399 2272 justi,
2438 2221 2501 2260 ac
2527 2204 2688 2258 veluti
2727 2220 2791 2259 cx
2848 2206 3118 2259 contraria
3167 2215 3316 2277 parte
3369 2205 3509 2260 infra

1927 2294 2114 2347 eadem
2149 2293 2410 2347 naturalia
2444 2292 2579 2347 bona
2607 2294 2902 2362 puniuntur
2948 2295 3128 2364 impii,
3157 2305 3210 2349 et
3242 2295 3513 2365 quomodo

1929 2392 2120 2437 natura
2149 2383 2255 2442 illa,
2286 2400 2444 2453 quatit
2488 2394 2543 2437 et
2592 2384 2715 2437 boui
2770 2385 3099 2454 participant
3147 2392 3201 2438 et
3244 2384 3387 2448 mali,
3418 2400 3513 2439 ve-

1929 2476 2021 2530 luti
2050 2477 2087 2507 “
2122 2476 2381 2531 medietas
2422 2478 2693 2545 quaedam
2732 2479 3108 2543 constituitur,
3148 2478 3218 2531 ita
3256 2487 3314 2532 ut
3346 2493 3520 2547 neque

1928 2566 2258 2621 beatitudine
2314 2567 2576 2621 bonorum
2623 2580 2924 2639 augeatur,
2975 2584 3150 2638 neque
3200 2568 3519 2623 infelicitate

1930 2657 2192 2710 malorum
2226 2658 2520 2723 minuatur,
2548 2657 2661 2711 suis
2693 2657 3027 2711 solummodo
3054 2657 3389 2712 naturalibus
3416 2658 3515 2711 bo-

1930 2748 2012 2801 nis
2048 2748 2275 2802 subnixa
2305 2756 2685 2816 contentaque,
2712 2747 2950 2801 omnium
2981 2747 3310 2801 substantias
3338 2748 3514 2801 conti-

1930 2855 2083 2901 nens,
2125 2839 2302 2892 omnia
2333 2854 2427 2891 sua
2457 2838 2705 2891 onmibus
2758 2838 3212 2908 participantibus
3257 2853 3314 2892 se
3359 2837 3518 2891 mini-

1929 2938 2110 2983 strans
2171 2930 2236 2982 ¹².
2297 2928 2576 2998 Siquidem
2636 2927 2761 2982 inde
2807 2936 2891 2982 est
2942 2929 3211 2997 generalis
3273 2928 3515 2982 omnium

1927 3017 2122 3081 forma,
2151 3017 2242 3088 qui
2277 3034 2397 3072 eam
2442 3018 2797 3087 participant;
2852 3018 2976 3072 inde
3024 3018 3351 3088 singulorum
3396 3032 3516 3087 spe-

1927 3110 2215 3165 cialissima
2237 3110 2467 3180 species,
2485 3110 2575 3180 plu
2586 3110 2921 3179 ralitatisque
2948 3110 3192 3165 infinitus
3216 3124 3509 3174 numerus;

232 3198 540 3264 inhiabant,
575 3199 668 3255 sed
700 3213 886 3255 eorum
915 3215 1085 3275 vanas
1112 3198 1382 3269 falsasque
1404 3200 1720 3270 pbantasias
1746 3201 1826 3255 vi-
1853 3172 1896 3234 Ο
1930 3202 2052 3254 inde
2102 3201 2309 3255 muneri
2350 3201 2807 3256 incrementorum
2842 3200 3217 3272 corporalium
3254 3216 3349 3270 per
3398 3200 3514 3256 loca

230 3292 438 3354 debunt
462 3333 478 3357 ,
525 3309 660 3362 quas
707 3307 828 3347 cum
859 3292 1024 3348 veluti
1059 3307 1217 3348 veras
1251 3309 1337 3347 res
1371 3293 1827 3362 comprehendere

226 3382 524 3448 voluerint,
567 3384 881 3438 umbrarum
919 3384 1090 3438 instar
1125 3392 1450 3439 evanescent
1472 3388 1527 3459 ⁸,ν
1570 3384 1826 3454 quoniam

227 3476 465 3532 naturali
494 3477 837 3532 subsistentia
869 3493 974 3531 non
1001 3476 1312 3531 fulciuutur.
1341 3477 1513 3549 Erunt
1535 3478 1823 3543 enim,sic-

226 3577 295 3622 ut
343 3567 603 3636 scriptum
648 3576 730 3624 est
765 3586 778 3621 :
820 3567 1037 3621 Vanitas
1070 3568 1358 3623 vanitatum
1395 3577 1442 3621 et
1482 3568 1657 3621 omnia
1682 3568 1827 3621 vani-

232 3669 343 3719 tas.
382 3659 535 3729 Ipsae
575 3669 733 3714 erunt
778 3658 1152 3731 cogitationes,
1194 3658 1261 3712 de
1298 3658 1493 3728 quibus
1536 3657 1824 3712 Psalmista

227 3752 331 3815 ait,
355 3751 496 3821 quod
521 3750 681 3806 etiam
710 3748 874 3821 paulo
895 3749 1143 3819 superius
1169 3748 1567 3803 introduximus
1598 3766 1611 3802 :
1640 3747 1706 3800 In
1728 3748 1824 3802 illa

227 3841 320 3895 die
348 3841 586 3911 peribunt
617 3857 793 3894 omnes
823 3839 1162 3910 cogitationes
1189 3854 1389 3892 eorum.
1418 3836 1498 3892 Ac
1525 3837 1570 3891 si
1598 3837 1821 3904 diceret,

224 3945 422 3985 omnes
455 3929 807 4001 cogitationes
831 3968 846 3994 ,
879 3944 1016 3999 quas
1055 3928 1107 3983 in
1139 3928 1241 3982 hac
1292 3928 1400 3981 vita
1428 3927 1495 3982 de
1526 3927 1686 3981 rebus
1713 3935 1820 3980 ter-

226 4021 381 4075 renis
429 4019 916 4090 temporalibusque
969 4018 1274 4079 animabus,
1298 4018 1411 4073 suis
1450 4016 1758 4073 carnalibus
1796 4018 1821 4051 ’

225 4110 514 4167 desideriis
562 4110 728 4166 dediti
782 4110 1093 4174 inﬁxerant,
1137 4110 1189 4163 in
1237 4108 1325 4162 illa
1354 4109 1459 4173 die,
1509 4108 1612 4163 hoc
1637 4118 1737 4171 est,
1767 4108 1823 4167 in

226 4203 567 4273 apparitione
590 4202 836 4257 veritatis
866 4201 1137 4272 peribunt,
1165 4201 1380 4271 quando
1423 4200 1489 4255 de
1529 4201 1615 4255 bis
1634 4240 1648 4264 ,
1679 4214 1820 4270 quae

226 4296 471 4351 viventes
514 4294 569 4348 in
610 4309 776 4349 carne
798 4293 1189 4362 cogitaverant,
1216 4292 1573 4347 resurrecturi
1617 4292 1671 4346 in
1709 4292 1823 4360 spi-

224 4384 339 4441 ritu
365 4386 493 4439 nihil
523 4385 814 4440 invenient.
848 4382 986 4450 Quid
1017 4382 1161 4437 enim
1193 4381 1431 4452 perfidus
1450 4379 1708 4447 Iudaeus,
1731 4397 1821 4435 ar-

223 4473 769 4545 roganslsmaelita,
801 4473 1094 4531 exorbatus
1142 4473 1416 4543 impietate
1464 4488 1705 4544 paganus
1750 4474 1817 4528 de

222 4562 366 4622 falsa
395 4563 671 4628 felicitate,
704 4578 865 4632 quam
908 4562 1010 4618 sibi
1041 4577 1175 4617 vana
1215 4562 1396 4631 opinio
1425 4561 1478 4615 in
1502 4562 1680 4616 futura
1706 4562 1817 4616 vita

226 4655 519 4726 promittit,
550 4654 818 4708 inventuri
846 4653 1012 4708 sunt?
1032 4652 1138 4706 Aut
1158 4662 1359 4722 quanta
1383 4653 1621 4718 tristitia,
1647 4670 1817 4723 quatt-

226 4755 317 4799 tus
369 4745 541 4809 dolor,
590 4745 766 4815 qtalis
807 4742 1028 4799 ﬂamma
1071 4754 1364 4815 perpetuae
1414 4746 1670 4814 egestatis
1721 4760 1815 4800 eos

225 4835 547 4904 torquebit,
607 4835 820 4905 quando
879 4834 1011 4889 nihil
1058 4845 1400 4890 terrenarum
1461 4836 1815 4905 cupiditatum

224 4925 647 4995 mortaliumque
692 4925 1027 4992 deliciarum,
1083 4943 1218 4998 quas
1268 4942 1363 4997 spe
1405 4944 1542 4983 vana
1593 4929 1818 4985 imbibe-

224 5024 375 5080 rant,
419 5016 710 5084 reperturi,
743 5016 985 5086 nihilque
1019 5017 1099 5072 eis
1139 5017 1439 5073 remanebit
1465 5026 1681 5088 praeter
1725 5034 1815 5072 va-

222 5122 389 5161 cuam
414 5107 1120 5179 ineomprehensibilemque
1145 5126 1348 5175 rerum,
1377 5125 1511 5180 quas
1542 5109 1640 5165 sibi
1666 5108 1812 5165 futu-

224 5212 320 5250 ras
363 5209 485 5251 esse
528 5197 900 5262 crediderant,
968 5199 1215 5253 umbram
1269 5198 1579 5268 fugitivam?
1638 5199 1811 5266 Quam

221 5302 443 5355 semper
488 5290 945 5359 comprehendere
980 5291 1219 5346 volentes
1246 5301 1301 5347 et
1328 5309 1436 5347 non
1482 5293 1723 5350 valentes
1764 5294 1810 5356 ⁸.

222 5379 485 5450 quoniam
532 5379 669 5435 nihil
706 5389 811 5447 est,
858 5396 1063 5452 poenas
1106 5381 1257 5439 luent
1300 5392 1570 5449 aeternas,
1614 5392 1817 5439 utnon

1929 3304 1985 3347 et
2016 3302 2278 3362 tempora.
2324 3292 2590 3363 Tempora
2634 3307 2776 3346 nunc
2801 3292 2922 3346 dico
2948 3291 3145 3362 spatia,
3167 3290 3366 3361 quibus
3395 3305 3517 3345 eor.

1928 3399 2027 3453 pus
2050 3382 2341 3437 bumanmn
2369 3382 2434 3435 ad
2463 3381 2760 3451 perfectum
2784 3383 2865 3435 sui
2896 3381 3283 3436 incrementum
3313 3396 3507 3452 perve-

1930 3474 2027 3537 nit,
2055 3473 2167 3527 loca
2190 3488 2317 3527 vero
2340 3473 2496 3527 sedes
2518 3471 2847 3540 singulorum
2862 3472 3103 3542 corporis
3129 3470 3515 3527 membrorum.

1925 3563 2050 3621 inde
2076 3563 2119 3596 ³³
2160 3562 2429 3617 naturalia
2453 3561 2752 3617 accidentia
2780 3577 3064 3631 corporum
3093 3561 3506 3630 animarumque

1926 3655 2244 3724 procedunt.
2262 3654 2327 3710 Et
2352 3654 2477 3723 quid
2500 3653 2710 3708 dicam?
2732 3652 2803 3707 Ita
2830 3652 2914 3707 illa
2937 3653 3246 3707 humanitas
3265 3652 3511 3707 omnium

1924 3746 2191 3818 generalis
2219 3762 2250 3800 a
2284 3747 2561 3800 conditore
2599 3760 2699 3799 suo
2750 3746 2890 3799 intra
2940 3745 3074 3799 duas
3116 3745 3218 3799 sibi
3270 3744 3505 3799 invicem

1923 3837 2201 3907 oppositas
2222 3835 2626 3901 extremitates,
2657 3836 2799 3889 inter
2827 3834 3137 3893 felicitatem
3165 3835 3285 3890 dico
3314 3835 3519 3890 electo-

1925 3942 2043 3981 rum
2073 3934 2128 3981 et
2175 3923 2543 3980 infelicitatem
2587 3926 2937 3995 reproborum
2972 3926 3164 3979 librata
3203 3932 3304 3989 est,
3351 3932 3412 3978 ut
3458 3924 3511 3978 in

1923 4018 2030 4081 his,
2061 4019 2152 4090 qui
2180 4018 2303 4073 boni
2328 4026 2471 4082 sunt,
2501 4019 2770 4088 quandam
2802 4015 3124 4071 ineﬂ‘abilem
3155 4016 3518 4086 pulchritudi-

1925 4123 2047 4162 nem
2076 4108 2212 4162 ultra
2253 4123 2378 4163 suas
2405 4107 2633 4161 virtutes
2668 4107 2842 4177 gratia
2871 4106 3134 4176 largiente
3179 4105 3247 4160 de
3294 4120 3510 4161 sursum

1923 4198 2170 4268 aecipiat,
2205 4198 2258 4252 in
2290 4198 2375 4252 his
2398 4207 2613 4261 autem,
2646 4196 2735 4265 qui
2766 4195 2886 4248 mali
2917 4205 3078 4257 sunt,
3104 4194 3307 4249 nullam
3340 4197 3509 4265 turpi-

1924 4293 2160 4346 tudinem
2193 4292 2443 4347 deorsum
2470 4290 2679 4361 justitia
2721 4288 3039 4359 prohibente
3083 4286 3128 4319 ιδ
3173 4288 3226 4342 in
3277 4287 3509 4358 seipsam

1924 4382 2187 4437 attrahat.
2216 4381 2272 4436 in
2293 4380 2405 4451 ipsa
2422 4380 2686 4449 siquidem
2705 4378 2903 4433 nullius
2920 4377 3194 4447 turpitudo
3217 4375 3386 4446 turpis
3406 4384 3507 4437 est,

1921 4488 2022 4528 nec
2048 4472 2253 4526 malitia
2300 4479 2479 4535 nocet,
2524 4485 2623 4524 nec
2666 4484 2820 4524 error
2857 4475 3025 4523 errat.
3070 4466 3214 4522 Suus
3261 4465 3511 4522 conditor

1920 4579 2101 4629 omne,
2126 4563 2267 4633 quod
2302 4562 2353 4617 in
2382 4576 2443 4616 ca
2478 4561 2624 4626 fecit,
2651 4569 2900 4627 exornat,
2949 4569 3006 4615 et
3052 4560 3198 4614 nullo
3224 4559 3384 4614 modo
3412 4575 3512 4629 pus

1922 4656 2032 4720 nit;
2056 4671 2216 4709 oume
2241 4666 2443 4719 autem,
2469 4655 2612 4725 quod
2636 4655 2687 4707 in
2713 4670 2775 4708 ea
2804 4670 2910 4709 non
2940 4653 3092 4719 fecit,
3116 4654 3168 4708 in
3197 4670 3259 4708 ea
3282 4642 3512 4708 sustinet

1921 4754 1976 4800 et
2010 4747 2165 4811 sinit,
2202 4755 2258 4800 et
2298 4747 2621 4816 impunitum
2650 4744 2772 4799 licri
2806 4761 2911 4799 non
2958 4745 3241 4815 permittit.
3278 4742 3383 4798 Sed
3419 4740 3516 4796 ilia

1923 4853 2091 4907 poena
2137 4836 2423 4907 dupliciter
2470 4835 2788 4904 intelligitur
2836 4850 2851 4889 :
2903 4845 2996 4891 aut
3034 4835 3177 4889 enim
3222 4825 3414 4887 delicta
3455 4832 3515 4889 in

1920 4929 2022 4990 his,
2057 4928 2147 4996 qui
2180 4928 2247 4981 ad
2279 4927 2606 4997 principium
2627 4943 2783 4981 suum
2816 4935 3182 4985 revertuntur,
3218 4940 3313 4995 per
3334 4921 3508 4976 indul-

1920 5014 2153 5085 gentiam
2183 5014 2513 5085 puuiuntur;
2547 5023 2639 5068 aut
2668 5015 2728 5072 in
2762 5015 2863 5079 his,
2896 5015 2987 5083 qui
3034 5029 3064 5067 a
3106 5011 3372 5082 principio
3403 5024 3509 5065 suo

1915 5121 2125 5175 semper
2148 5104 2376 5177 fugiunt,
2408 5114 2665 5174 perpetuo
2694 5091 3031 5174 uit-queatur.

1986 5196 2079 5251 55.
2116 5195 2173 5251 Si
2204 5204 2381 5250 autem
2422 5212 2451 5248 a
2491 5210 2574 5249 me
2607 5197 2855 5266 quaeris,
2882 5212 2987 5265 qua
3013 5193 3221 5249 ratione
3243 5209 3328 5258 ea,
3362 5207 3501 5262 quae

1902 5300 1944 5343 ‘a
1976 5290 2087 5345 Deo
2116 5288 2256 5344 facta
2305 5303 2410 5344 nou
2462 5297 2608 5353 sunt,
2658 5288 2802 5342 intra
2842 5304 2924 5351 ca,
2971 5302 3110 5355 quae
3140 5286 3208 5341 ab
3252 5300 3318 5339 eo
3362 5283 3506 5337 facta

1915 5390 2076 5445 sunt,
2117 5381 2460 5441 continentur
2492 5381 2560 5447 ιδ,
2592 5389 2685 5434 aut
2732 5379 3011 5449 quomodo,
3043 5392 3125 5441 ea,
3170 5392 3311 5447 quae
3349 5384 3507 5432 extra

1523 5473 1773 5530 VARI'AE
1812 5472 2214 5531 LECTlONES.

305 5568 319 5598 ‘
352 5566 444 5622 Sic
465 5568 507 5622 (Ξ
537 5568 611 5633 F;
639 5558 829 5623 ΑἨισ.
933 5569 954 5601 ³
984 5580 1155 5635 gratia
1185 5585 1316 5623 auce
1342 5584 1452 5623 om.
1487 5569 1552 5623 A.

224 5636 247 5671 ⁸
274 5636 319 5689 Δ
347 5648 678 5692 evanescunt.
775 5639 796 5670 ⁷
838 5639 930 5694 Sic
950 5638 1066 5702 CF;
1091 5638 1135 5691 A
1158 5640 1272 5692 suis
1300 5650 1347 5692 et
1371 5639 1700 5693 carnalibus.

224 5706 267 5762 Α
286 5708 552 5774 quoniam.
634 5711 672 5740 “
698 5710 851 5763 veluti
881 5725 990 5763 om.
1017 5710 1080 5762 A.

225 5776 345 5844 CF;
378 5778 422 5832 Α
453 5779 606 5833 unde.
683 5779 725 5811 “
763 5779 845 5834 (2F
875 5779 1163 5833 ea'hibcntc.
1247 5781 1286 5811 ⁸⁵
1317 5778 1400 5835 CF
1427 5781 1773 5839 sustinentur.

1654 5569 1677 5601 ³
1710 5570 1801 5624 Sic
1829 5569 1914 5625 CF
1942 5586 1956 5634 ;
1995 5569 2035 5621 A
2069 5566 2458 5636 transferentes.

1777 5640 1801 5672 ⁸
1838 5650 1886 5693 et
1907 5656 2010 5693 non
2040 5635 2265 5692 valentes
2288 5652 2393 5690 om.
2434 5635 2497 5687 A.

1161 5709 1203 5739 ¹²
1230 5709 1320 5761 Sic
1341 5709 1457 5773 CF;
1481 5710 1524 5763 A
1548 5709 1927 5764 ministrandae
1956 5709 2101 5763 bonis
2125 5706 2457 5761 naturalibus
2479 5704 2645 5774 (benis
2673 5694 2998 5757 naturalibus
3013 5716 3123 5755 om.
3144 5698 3276 5767 CF.)
3351 5696 3394 5728 ¹⁹
3414 5694 3513 5755 Sin

3198 5560 3221 5591 ⁵
3245 5557 3329 5613 CF
3348 5572 3502 5610 nona.

3197 5629 3243 5660 ¹⁰
3273 5629 3363 5683 Sic
3384 5625 3507 5687 CF:

2566 5565 2589 5596 ⁸
2618 5563 2658 5617 Α
2697 5572 2916 5617 naturae
2944 5562 3121 5615 insita.

2592 5635 2615 5667 ’
2653 5633 2695 5688 A
2713 5631 3109 5701 suppliciorum.
