4008 6286
516 365 615 422 Ξι51

1877 357 2156 419 ιοΑδκιε
2195 356 2393 415 SCOTI

3594 348 3779 409 ’Ἧι-ι

514 480 803 536 humanam
838 482 1086 533 naturam
1124 484 1524 548 computantur,
1559 474 1699 529 intra
1746 487 1865 529 eam
1902 470 2080 541 puniri
2111 472 2158 529 Α
2184 469 2425 522 οιιιιιίιιιιι
2457 467 2675 522 laudare
2693 467 2914 538 jubetnr
2938 486 2952 521 :
2977 465 3217 521 Laudare
3253 450 3538 521 Dominum
3565 466 3632 521 de
3656 481 3781 520 cae-

516 578 760 641 possunt,
783 568 959 639 primo
993 568 1089 622 tibi
1137 567 1471 637 respondebo
1494 563 1652 636 juxta
1690 562 2089 632 simplicitatem
2188 558 2253 612 lis
2279 566 2334 613 et
2368 558 2587 613 celem?
2612 557 2669 612 ln
2698 554 2852 624 cujus
2882 557 2988 612 line
3024 557 3257 633 mirabili
3285 556 3621 628 Theologiae
3645 572 3779 611 enn-

515 659 814 713 catholicae
841 658 961 714 ﬁdei
994 675 1006 712 :
1035 656 1165 723 Quis
1194 657 1429 727 cognovit
1469 670 1679 710 sensum
1719 653 1970 719 Domini,
1998 661 2090 706 aut

514 751 633 819 quis
655 749 988 803 consiliarius
1019 749 1134 814 ejus
1167 747 1312 818 fuit!
1338 754 1393 801 et
1425 746 1678 815 quoniam
1712 741 2092 813 inmatigabilcs

516 848 638 891 sunt
670 840 685 869 ί
717 839 829 892 riae
855 837 997 891 illius
1038 820 1092 890 in
1129 836 1271 890 omni
1297 845 1544 905 tempore.
1574 835 1683 887 Aut
1706 835 1727 865 ¹
1747 831 2015 902 (ιιιοιιιοῴ
2039 831 2093 885 in

516 929 769 999 operibus
793 927 912 999 ejus
932 938 989 983 et
1015 927 1347 997 providentia
1374 936 1429 980 et
1454 926 1692 981 bonitate
1714 934 1767 978 et
1784 923 1990 994 iustitia
2014 936 2097 976 ra-

519 1019 597 1075 tio
626 1019 928 1088 quaeritur,
965 1019 1053 1087 qui
1085 1032 1298 1071 omnem
1330 1016 1594 1071 rationem
1620 1023 1837 1086 superat
1862 1023 1915 1067 et
1939 1011 2098 1065 intel—

521 1110 745 1176 lectum,
776 1118 831 1163 et
858 1125 1020 1178 super
1050 1124 1230 1172 omne,
1251 1106 1393 1177 quod
1436 1107 1630 1162 dicitur
1665 1115 1721 1159 et
1762 1103 2097 1173 intelligitur,

520 1204 824 1259 cxaltatur?
853 1206 917 1258 Et
945 1204 967 1235 ⁸
994 1204 1037 1258 si
1089 1203 1154 1257 de
1193 1202 1389 1256 talibus
1416 1201 1676 1254 rationem
1705 1198 1879 1267 exigis
1904 1237 1920 1263 ,
1946 1196 2101 1267 exige

524 1294 793 1358 similiter,
827 1309 930 1364 qua
962 1292 1168 1347 ratione
1212 1290 1392 1346 omnia
1445 1292 1513 1345 de
1558 1287 1727 1344 nihilo
1770 1286 1911 1341 facta
1952 1292 2098 1348 sunt,

524 1397 629 1451 qua
662 1384 871 1437 ratione
908 1382 1135 1435 mundus
1167 1382 1266 1435 iste
1290 1380 1561 1442 solvetur,
1589 1386 1646 1432 et
1672 1377 1723 1430 in
1756 1389 1949 1429 causas
1975 1387 2103 1426 suas

527 1483 852 1539 revertetur,
892 1490 996 1545 qua
1023 1474 1045 1505 ⁸
1090 1475 1300 1529 ratione
1350 1470 1597 1526 mortalia
1640 1480 1820 1523 nostra
1874 1479 2101 1535 corpora

525 1577 634 1616 non
662 1564 831 1617 solum
862 1565 914 1617 in
943 1564 1265 1635 spiritualia,
1291 1577 1480 1617 verum
1506 1561 1667 1616 etiam
1691 1560 1743 1613 in
1767 1558 1976 1612 animas
2004 1570 2104 1610 no-

525 1662 691 1718 stras,
718 1664 776 1706 ut
814 1654 1074 1722 Gregorio
1104 1654 1277 1722 placet
1305 1657 1348 1718 ⁵,
1376 1651 1704 1714 transibunt,
1750 1664 1855 1718 qua
1897 1646 2107 1701 ratione

525 1758 648 1806 nos,
683 1744 772 1813 qui
810 1743 860 1796 in
891 1744 991 1798 hac
1024 1743 1132 1797 vita
1165 1742 1326 1797 veluti
1358 1740 1379 1773 '
1407 1756 1474 1796 ex
1516 1740 1686 1795 tribus
1713 1738 1845 1793 satis
1874 1734 2102 1800 similae,

2191 644 2333 699 tuitu
2370 645 2713 715 apertissime
2739 645 2901 700 datur
2924 646 3170 717 intelligi,
3200 646 3343 715 quod
3367 647 3555 701 omnia
3577 646 3634 700 in
3664 647 3777 715 spi-

2192 732 2444 787 ritualem
2470 742 2718 788 naturam
2743 746 3023 788 reversura
3053 742 3196 788 sunt.
3221 733 3300 788 Ita
3323 734 3471 789 enim
3496 732 3781 789 wncludi-

2193 830 2283 875 tur
2310 838 2324 874 :
2355 820 2540 876 Omnis
2584 823 2798 890 spiritus
2830 823 3004 877 laudet
3041 822 3337 879 Dominum.
3388 822 3448 879 Si
3484 825 3637 879 enim
3667 825 3779 879 sola

2194 912 2337 967 intra
2367 914 2713 984 scmetipsam
2741 913 2920 971 divina
2965 913 3177 968 bonitas
3211 915 3394 983 quieta
3437 915 3649 983 absque
3678 915 3778 968 ulla

2194 1004 2513 1072 operatione
2559 1012 2954 1075 perseveraret,
2986 1020 3091 1060 non
3135 1003 3380 1061 fortassis
3432 1005 3618 1061 laudis
3659 1021 3783 1060 sine

2196 1093 2536 1159 occasionem
2568 1093 2807 1160 faceret;
2848 1092 2962 1162 jam
2993 1108 3123 1150 vero
3155 1094 3208 1150 in
3241 1096 3425 1149 omnia
3462 1096 3707 1150 visibilia
3731 1105 3784 1148 et

2200 1184 2490 1240 invisibilia
2534 1188 2765 1258 seipsam
2804 1186 3127 1254 dill‘undens,
3152 1198 3203 1244 et
3244 1189 3297 1243 in
3325 1189 3587 1245 onmihus
3609 1190 3789 1244 omnia

2200 1277 2461 1344 existens,
2504 1280 2875 1336 rationabilem
2913 1281 3440 1351 intellectualemque
3475 1288 3784 1337 creaturam

2204 1368 2271 1422 ad
2310 1370 2542 1439 seipsam
2589 1372 3018 1441 cognoscendam
3065 1382 3391 1429 convertens
3419 1413 3437 1439 ,
3477 1382 3784 1429 ceterarum

2203 1471 2333 1511 vero
2363 1472 2542 1514 rerum
2574 1461 2828 1531 pulchras
2851 1472 2907 1517 et
2934 1463 3354 1520 innumerabiles
3380 1464 3604 1534 species
3632 1464 3789 1522 ratio-

2205 1551 2367 1607 nubili
2407 1563 2464 1610 et
2510 1555 2857 1613 iutellectuali
2904 1570 3185 1615 creaturae
3232 1560 3286 1615 in
3334 1561 3632 1617 materiem
3667 1576 3795 1617 suae

2207 1643 2381 1699 l;u:lis
2406 1658 2691 1716 praestans
2715 1690 2731 1714 ,
2777 1649 2851 1705 ita
2878 1651 3059 1706 omnia
3085 1652 3242 1716 fecit,
3285 1661 3344 1707 ut
3370 1652 3517 1708 nulla
3542 1663 3794 1709 creatura

2209 1736 2304 1798 sit,
2334 1753 2472 1807 quae
2498 1754 2604 1794 non
2647 1750 2740 1795 aut
2775 1756 2873 1812 per
2899 1742 3131 1811 seipsam
3170 1752 3227 1796 et
3254 1742 3309 1797 in
3345 1742 3555 1813 seipsa,
3582 1752 3680 1797 aut
3704 1758 3795 1813 per

526 1802 753 1902 corpore
797 1833 1001 1889 scilicet
1031 1835 1051 1866 "
1076 1844 1128 1887 et
1168 1833 1346 1887 anima
1384 1840 1439 1888 et
1463 1830 1681 1902 spiritu,
1706 1826 1985 1898 COIIIpOsill
2014 1841 2106 1881 su-
2140 1802 2183 1862 Β
2212 1831 2354 1885 aliud
2400 1846 2667 1886 summum
2714 1802 2917 1886 bonum
2962 1802 3068 1887 non
3119 1831 3321 1888 laudet.
3364 1802 3487 1889 Alia
3518 1834 3670 1888 ratio
3693 1802 3796 1898 est,

528 1938 681 1987 mus,
724 1923 778 1977 in
827 1922 1017 1991 futuro,
1052 1922 1214 1977 veluti
1253 1923 1307 1976 in
1354 1936 1515 1975 unam
1560 1918 1828 1989 quandam
1876 1930 2109 1970 massam

528 2012 828 2083 simplicem
862 2012 1305 2068 fermentabimur
1334 2012 1387 2066 in
1418 2009 1827 2080 inseparabilem
1860 2007 2114 2078 spiritua-

529 2100 762 2167 litatem,
790 2110 847 2155 ut
873 2102 1161 2156 Ambrosio
1193 2101 1368 2171 placet
1392 2100 1449 2166 ες
1490 2115 1596 2169 qua
1627 2098 1833 2152 ratione
1871 2096 2115 2150 homines

531 2193 789 2247 mortales
824 2208 921 2261 per
951 2202 1197 2246 naturam
1220 2232 1235 2257 ,
1264 2206 1425 2247 omne
1467 2189 1609 2244 enim
1634 2230 1649 2254 ,
1693 2187 1835 2258 quod
1877 2203 1906 2241 a
1938 2187 2116 2256 seipse

532 2298 638 2336 non
687 2282 896 2351 accepit
942 2296 1082 2345 esse,
1123 2280 1350 2335 mortale
1399 2279 1618 2341 dicitur,
1657 2277 1711 2331 in
1760 2272 2115 2329 immortalem

532 2370 700 2425 Deum
732 2371 1081 2425 mutabuntur
1110 2386 1206 2441 per
1234 2370 1462 2440 gratiam
1485 2369 1508 2423 ?
1530 2370 1607 2423 Ac
1633 2384 1699 2423 ue
1722 2367 1933 2437 longius
1964 2381 2119 2436 prae-

535 2463 674 2517 senti
703 2461 916 2530 ncgotio
941 2461 1224 2516 transitum
1250 2461 1430 2515 facere
1454 2460 1753 2523 videamur,
1778 2458 1820 2511 si
1849 2457 2067 2526 quaeris
2088 2472 2117 2511 a

540 2566 650 2614 me,
687 2565 792 2620 qua
825 2550 1054 2613 ratione,
1091 2548 1231 2619 quod
1266 2564 1371 2603 non
1408 2557 1491 2603 est
1527 2547 1818 2602 secundum
1849 2556 2118 2606 naturam,

537 2641 630 2695 sed
681 2651 833 2696 extra
888 2650 1168 2705 naturam,
1208 2639 1494 2709 expellitur
1539 2640 1678 2692 intra
1728 2646 1972 2691 naturam
2002 2637 2023 2667 '
2069 2644 2123 2688 et

536 2735 834 2790 sustinetur
863 2744 916 2788 et
954 2735 1193 2804 punitur,
1229 2733 1343 2802 ipsa
1379 2739 1569 2785 natura
1609 2729 1868 2797 impunita
1907 2741 2120 2797 perma-

536 2836 733 2890 nente,
788 2827 1143 2896 omnibusque
1204 2824 1492 2879 contrariis
1538 2821 1874 2892 passiouibus
1914 2818 2120 2881 illaesa,

534 2933 789 2989 quaeram
822 2934 849 2970 a
888 2926 956 2979 te,
988 2932 1093 2987 qua
1127 2918 1335 2971 ratione
1360 2931 1445 2979 ea,
1473 2929 1614 2985 quae
1644 2914 1871 2966 virtutes
1896 2909 1939 2942 ¹⁰
1970 2917 2125 2962 natu-

538 3022 634 3061 rae
660 3007 951 3071 excellunt,
982 3007 1071 3076 qui
1113 3006 1253 3060 intra
1295 3004 1556 3058 terminos
1594 3010 1817 3056 naturae
1844 2997 2124 3053 continen-

537 3104 643 3159 tur,
669 3096 1039 3166 possidebunt,
1069 3096 1173 3149 hoc
1195 3103 1301 3158 est,
1326 3107 1431 3164 qua
1461 3091 1668 3145 ratione
1692 3088 1861 3143 sancti
1892 3095 1946 3140 et
1971 3094 2125 3138 uatu-

2212 1935 2317 1989 qua
2358 1919 2539 1974 omnia
2578 1918 2645 1974 de
2692 1919 2859 1975 nihilo
2901 1918 3041 1977 facta
3070 1929 3214 1976 sunt.
3244 1920 3531 1978 Summum
3574 1923 3795 1987 bonum

2214 2011 2354 2080 quod
2380 2027 2410 2066 a
2438 2011 2615 2081 seipso
2643 2020 2698 2066 et
2726 2012 2781 2067 in
2812 2011 2991 2082 seipse
3010 2012 3310 2069 subsistens
3334 2014 3538 2069 bonum
3566 2024 3675 2080 est,
3696 2030 3799 2071 non

2215 2103 2401 2157 debuit
2430 2102 2702 2158 abstinere
2742 2118 2774 2156 a
2816 2103 3127 2159 conditione
3150 2102 3437 2170 bonorum,
3466 2120 3615 2175 quae
3642 2121 3741 2160 nec
3768 2121 3799 2158 a

2216 2191 2542 2260 semetipsis,
2577 2206 2677 2247 nec
2706 2191 2758 2245 in
2786 2191 3113 2263 semetipsis,
3140 2191 3237 2247 sed
3265 2192 3335 2246 ab
3370 2191 3490 2263 ipso
3518 2203 3581 2247 et
3605 2193 3661 2247 in
3693 2194 3802 2263 ipso

2215 2282 2354 2335 bona
2392 2288 2539 2334 sunt.
2571 2279 2651 2335 Ac
2678 2294 2776 2349 per
2807 2281 2910 2336 hoc
2937 2295 3002 2336 ex
3034 2295 3146 2335 non
3177 2281 3540 2337 existentibus
3566 2283 3799 2339 existem

2219 2373 2291 2425 tia
2313 2371 2539 2436 creavit,
2566 2386 2632 2426 ne
2652 2370 2817 2426 veluti
2846 2371 3076 2427 invidiae
3098 2373 3612 2442 reprehenderetur,
3636 2384 3807 2429 retra-

2216 2462 2355 2517 hens
2378 2477 2434 2517 se
2462 2478 2493 2517 a
2522 2463 2904 2519 substitutions
2943 2478 3129 2519 eorum
3154 2504 3171 2531 ,
3219 2478 3359 2534 quae
3396 2466 3581 2536 potuit
3611 2466 3805 2521 substi-

2221 2562 2391 2607 tuere.
2419 2552 2666 2622 Alioquin
2694 2568 2870 2623 neque
2894 2553 3153 2610 Dominus
3173 2562 3337 2620 esset,
3361 2570 3543 2625 neque
3562 2558 3809 2611 conditor

2222 2652 2555 2706 naturarum,
2583 2657 2757 2712 neque
2784 2657 3003 2697 suorum
3031 2644 3292 2699 bonorum
3319 2645 3736 2714 copiosissimus
3758 2655 3809 2701 et

2224 2732 2276 2784 in
2305 2730 2452 2785 nullo
2478 2732 2732 2786 deﬁciens
2758 2731 3001 2803 largitor,
3028 2747 3201 2803 neque
3220 2734 3562 2805 iustissimus
3588 2738 3808 2794 merito~

2227 2838 2344 2875 rum
2367 2821 2554 2891 judcx,
2581 2837 2754 2892 neque
2778 2821 3019 2877 omnium
3041 2823 3310 2892 provisor,
3339 2824 3386 2878 si
3419 2823 3556 2877 nihil
3578 2835 3795 2880 crearet

2296 2910 2383 2965 ‘54.
2426 2911 2535 2965 Cur
2566 2920 2744 2966 autem
2791 2910 3023 2968 mundus
3059 2912 3161 2966 iste
3206 2911 3466 2976 solvetur,
3496 2913 3664 2982 inque
3692 2929 3814 2967 suas

2226 3017 2421 3055 causas
2453 3008 2771 3065 revertetur,
2805 3001 2926 3057 talis
2964 3002 3102 3057 ratio
3131 3002 3392 3057 redditur.
3426 3001 3649 3065 Omnia,
3678 3019 3815 3072 quae

2226 3110 2290 3151 ex
2322 3110 2481 3149 causa
2510 3094 2745 3146 omnium
2777 3093 3094 3163 procedunt,
3121 3102 3176 3149 et
3206 3095 3250 3126 ¹³
3278 3110 3345 3152 εχ
3376 3095 3817 3171 ψ’ἱωυιιάλᾶῒξίίυ,

436 3198 445 3207 “
537 3205 630 3244 rae
658 3204 787 3244 suae
820 3190 955 3245 lines
981 3205 1085 3243 non
1113 3189 1397 3253 excedent,
1428 3197 1483 3242 et
1513 3201 1595 3249 ea,
1630 3199 1767 3255 quae
1797 3182 1935 3237 ultra
1967 3187 2116 3235 natu-
2147 3164 2194 3225 (ἶ
2227 3186 2404 3241 causis
2434 3186 2487 3239 in
2518 3200 2579 3239 ea
2616 3185 2921 3239 constitutis
2960 3186 3187 3243 naturati
3224 3204 3368 3248 ῃιοιι,
3415 3212 3575 3250 wum
3612 3196 3817 3265 primi.

541 3298 654 3336 ram
685 3291 831 3349 sunt,
861 3282 999 3337 dona
1027 3282 1276 3337 videlicet
1298 3282 1504 3352 gratiae
1538 3278 1868 3351 suscipient?
1894 3277 1963 3333 At
1998 3275 2041 3332 si
2071 3274 2124 3332 in

538 3372 625 3427 luis
648 3374 897 3426 omnibus
931 3389 1035 3427 non
1078 3372 1251 3427 solum
1279 3372 1526 3433 humana,
1559 3386 1744 3426 verum
1775 3371 1938 3425 etiam
1968 3385 2128 3440 ange-

540 3465 643 3518 lica
672 3463 853 3517 deﬁcit
880 3465 1019 3516 ratio
1045 3464 1083 3494 ¹¹
1117 3473 1171 3516 et
1202 3462 1577 3534 intelligentia,
1605 3463 1814 3534 patiens
1833 3470 1971 3527 esto,
2002 3461 2131 3516 divi-

542 3556 807 3630 naeque“
828 3555 1008 3615 virmti
1040 3555 1566 3628 incompreltcusibili
1594 3556 1767 3611 locum
1796 3555 1882 3620 da,
1904 3570 2130 3623 eamque

544 3651 761 3706 silentio
804 3650 1121 3715 honoriﬁca,
1160 3649 1436 3718 quoniam,
1468 3647 1593 3702 dum
1639 3646 1705 3700 ad
1733 3662 1850 3700 eam
1877 3645 2127 3716 perveni-

545 3753 655 3808 tur,
682 3744 857 3797 omnis
895 3743 1034 3799 ratio
1074 3741 1257 3796 delicit
1294 3752 1349 3795 et
1387 3740 1713 3803 intellectus,
1752 3748 1808 3793 et
1856 3740 1998 3793 inter
2041 3754 2133 3794 ce-

544 3843 682 3899 tera,
721 3850 861 3904 quae
902 3850 1115 3889 onmem
1156 3834 1421 3888 rationem
1451 3838 1507 3887 et
1548 3831 1879 3886 intellectum
1907 3845 2133 3900 exsupe-

550 3936 675 3983 rant
706 3927 775 3991 ",
813 3926 1090 3982 humiliter
1134 3923 1371 3980 concede
1399 3939 1557 3993 posse
1593 3922 1707 3977 ﬁeri
1749 3922 1928 3977 divina
1949 3922 2133 3992 provi-

548 4017 732 4071 dentia
757 4018 1174 4072 administrante
1199 4032 1287 4081 ea,
1317 4031 1455 4086 quae
1479 4025 1534 4071 et
1558 4024 1712 4070 extra
1740 4024 1793 4069 et
1822 4025 2009 4070 contra
2038 4032 2135 4070 na-

547 4116 726 4161 turam
762 4114 923 4172 sunt,
971 4108 1170 4162 virtute
1216 4115 1443 4162 naturae
1474 4105 1724 4160 sustineri
1762 4113 1817 4160 et
1845 4104 1980 4158 intra
2014 4120 2133 4164 eam

542 4197 745 4268 puniri,
769 4199 881 4268 ipsa
911 4214 1123 4268 semper
1153 4197 1206 4253 in
1232 4196 1409 4267 seipsa
1439 4194 1690 4250 incolumi
1714 4194 1994 4250 omnino“
2015 4210 2136 4265 per-

548 4297 852 4343 severantc.
886 4288 954 4342 At
980 4290 1023 4343 si
1052 4289 1277 4352 dixeris,
1309 4289 1445 4344 haec
1472 4286 1654 4341 omnia
1684 4285 1895 4340 divinae
1919 4284 2137 4341 virtutis

546 4376 916 4432 inscrutabilia
962 4377 1258 4442 miracula,
1288 4377 1534 4446 quamvis
1569 4375 1713 4431 omni
1742 4385 2024 4430 creaturae
2052 4390 2136 4433 ra-

548 4467 789 4522 tionabili
824 4475 879 4522 et
909 4466 1226 4536 intelligibili
1254 4481 1580 4537 cognoscere
1607 4464 1937 4536 impossibile
1963 4472 2046 4519 est
2068 4465 2132 4528 η,

548 4572 647 4610 cur
673 4557 875 4621 omnia,
905 4571 1044 4626 quae
1070 4555 1211 4611 facta
1241 4555 1512 4621 sunt,et“
1534 4554 1800 4623 quomodo
1820 4553 1961 4608 facta
1984 4563 2131 4621 sunt,

549 4664 655 4703 non
689 4657 865 4702 tamen
896 4649 947 4701 in
987 4649 1239 4703 omnibus
1260 4646 1617 4717 cognitionem
1645 4644 1853 4717 fugiunt
1875 4643 1936 4707 π,
1971 4651 2030 4698 ιιι
2066 4644 2133 4699 de

552 4740 633 4795 eis
661 4739 803 4793 nulla
831 4740 1089 4795 reddatur
1109 4739 1265 4805 ratio,
1291 4755 1400 4795 cur.
1412 4737 1549 4796 facta
1579 4746 1722 4792 sunt.
1747 4736 2033 4808 Propterea
2061 4738 2133 4792 si-

551 4828 792 4900 quidem,
828 4828 1027 4898 inquis,
1057 4828 1235 4883 omnia
1266 4829 1333 4883 de
1359 4827 1525 4882 nihilo
1550 4825 1691 4881 facta
1738 4833 1882 4891 sunt,
1912 4834 1972 4881 ut
1997 4826 2134 4881 divi-

554 4935 656 4976 nae
680 4921 937 4975 bonitatis
962 4919 1257 5002 amplitudo
1278 4930 1333 4974 et
1356 4918 1577 4989 largitas
1595 4932 1692 4987 per
1712 4931 1800 4981 ea,
1820 4932 1957 4987 quae
1983 4915 2132 4984 fecit,

552 5021 609 5070 ct
655 5012 1036 5068 ostenderetur
1084 5019 1140 5066 et
1203 5009 1535 5064 laudaretur.
1597 5007 1786 5063 Nonne
1829 5007 1933 5062 hoc
1983 5007 2141 5063 docet

554 5104 793 5174 psalmus
842 5104 943 5159 iste
987 5101 1328 5173 prophetico-
1351 5099 1544 5171 spiritu
1588 5107 1837 5156 cantatus
1864 5138 1879 5165 ,
1927 5098 1979 5154 in
2034 5114 2143 5170 quo

552 5196 731 5252 omnis
783 5204 1033 5252 creatura
1086 5192 1375 5253 invisibilis
1430 5202 1486 5250 et
1542 5191 1770 5251 visibilis
1821 5190 2137 5249 Creatorem

2226 3277 2372 3355 pium
2417 3292 2630 3352 semper
2679 3287 2976 3354 ?.t:~','t".'.:t.l,
3031 3294 3182 3339 extra
3226 3285 3367 3353 quod
3412 3286 3704 3354 quiescere
3734 3302 3821 3341 ne-

2226 3383 2447 3444 queunt.
2495 3373 2609 3426 Alia
2642 3375 2779 3427 ratio
2812 3393 2826 3427 :
2857 3374 3083 3437 Omnia,
3129 3391 3266 3443 quae
3299 3391 3368 3429 ex
3397 3374 3547 3431 fonte
3571 3377 3819 3431 omnium

2228 3471 2469 3523 manant,
2504 3463 2849 3527 vilescercut,
2884 3463 2993 3519 imo
3031 3464 3196 3518 etiam
3239 3466 3456 3534 penitus
3480 3466 3753 3535 perirent,
3777 3465 3818 3519 si

2229 3554 2293 3606 ad
2328 3553 2529 3607 fontem
2581 3568 2734 3608 Sllllm
2782 3554 2959 3610 redire
3006 3570 3181 3624 neque
3217 3565 3434 3625 possent
3468 3570 3645 3625 neque
3678 3556 3821 3613 redi-

2232 3655 2371 3699 rent.
2402 3647 2471 3699 At
2494 3644 2540 3699 si
2571 3644 2860 3699 visibilium
2896 3643 3097 3699 reditus
3129 3646 3180 3698 in
3208 3661 3334 3701 suas
3366 3645 3667 3699 invisibiles
3694 3660 3825 3700 caa-

2230 3752 2319 3793 Sas
2349 3738 2749 3807 prohiberetur,
2784 3735 2938 3792 valde
2988 3737 3214 3790 naturali
3254 3737 3491 3791 omnium
3540 3736 3829 3792 desiderio

2232 3844 2337 3883 non
2369 3828 2537 3883 solum
2564 3826 2920 3893 contrarium,
2943 3841 3129 3882 verum
3161 3826 3323 3881 etiam
3358 3826 3507 3881 ﬂeret
3536 3826 3822 3881 nocivnrn.

2233 3916 2476 3972 Mortalia
2517 3931 2646 3971 vero
2692 3929 2917 3983 corpora
2952 3925 3136 3969 nostra
3164 3916 3204 3948 “
3228 3931 3333 3969 non
3365 3914 3539 3969 solum
3570 3914 3622 3968 in
3658 3917 3825 3985 spiri-

2235 4008 2398 4065 tualia
2424 4048 2439 4070 ,
2488 4022 2676 4061 verum
2723 4006 2887 4060 etiam
2935 4005 2989 4059 in
3030 4007 3241 4061 animas
3281 4015 3489 4064 nostras
3530 4017 3824 4077 propterea

2236 4098 2561 4162 transibunt,
2598 4098 2851 4168 quoniam
2900 4097 3160 4153 naturalis
3204 4097 3493 4152 necessitas
3536 4097 3712 4166 cogit,
3745 4107 3823 4157 nt,

2235 4189 2685 4265 quemadmpdum
2727 4188 2907 4247 anima
2958 4188 3236 4247 rationalis
3285 4190 3353 4243 ad
3400 4189 3693 4260 imaginem
3729 4190 3825 4249 Ιὶεί

2237 4281 2378 4337 facta
2407 4281 2460 4335 in
2490 4296 2635 4348 cum,
2667 4278 2820 4349 cujus
2849 4280 3025 4350 imago
3053 4289 3135 4336 cst
3162 4290 3216 4335 et
3242 4280 3553 4348 similitudo,
3582 4294 3827 4339 reverte-

2239 4382 2347 4437 tur,
2380 4374 2451 4426 ita
2484 4379 2540 4426 et
2569 4386 2787 4441 corpus,
2818 4370 2961 4440 quod
3007 4371 3073 4424 ad
3124 4370 3414 4442 imaginem
3451 4372 3671 4427 animae
3699 4412 3719 4438 ,
3764 4388 3825 4431 ac

2239 4462 2399 4517 veluti
2439 4462 2613 4532 imago
2640 4460 2897 4533 imaginis
2920 4470 3009 4516 est
3046 4459 3271 4526 factum,
3298 4462 3352 4516 in
3384 4477 3537 4517 suam
3573 4477 3824 4529 causam,

2239 4570 2378 4627 quae
2398 4563 2483 4609 est
2508 4554 2707 4619 anima.
2736 4568 2800 4608 ac
2829 4568 2924 4624 per
2951 4570 3069 4611 eam
3095 4554 3259 4609 veluti
3287 4556 3626 4612 medietatem
3656 4572 3827 4627 quan-

2239 4649 2362 4703 dam
2393 4647 2445 4700 iu
2483 4645 2655 4716 ipsum
2688 4645 2877 4711 Deum,
2908 4646 2999 4715 qui
3030 4654 3115 4701 est
3155 4647 3313 4703 unica
3350 4648 3587 4704 omnium
3631 4665 3824 4713 causa,

2238 4745 2505 4801 vertatur,
2544 4735 2689 4790 omni
2720 4743 2936 4791 terreno
2962 4735 3198 4805 pondere
3238 4745 3292 4791 et
3319 4735 3713 4815 moralitate
3739 4740 3827 4792 ab.

2241 4829 2492 4886 solutum.
2526 4827 2695 4898 Cujus,
2742 4827 2821 4885 rei
2869 4827 3243 4901 paradigmata
3298 4828 3748 4887 manifestissima
3778 4831 3823 4863 "

2241 4928 2583 4992 promuntur.
2632 4917 2884 4975 Videmus
2924 4918 3070 4974 enim
3103 4919 3383 4975 humorem
3415 4920 3468 4974 in
3507 4919 3741 4986 fumum,
3769 4930 3823 4977 et

2245 5011 2450 5066 fumum
2503 5010 2556 5064 in
2602 5006 2874 5064 ﬂammam
2893 5050 2910 5076 ,
2941 5024 3003 5065 ac
3030 5025 3127 5080 per
3151 5011 3253 5066 hoc
3278 5011 3561 5066 humorem
3587 5011 3642 5065 in
3673 5010 3824 5072 ﬂani-

2245 5116 2411 5164 mam,
2433 5098 2703 5154 llammam
2734 5112 2861 5158 vero
2887 5098 2945 5159 in,
2969 5099 3184 5168 igneum
3213 5101 3447 5157 transire
3469 5099 3821 5159 elementum.

2243 5188 2459 5262 Pbysici
2488 5188 2651 5244 etiam
2694 5189 3009 5260 perhibent,
3048 5188 3281 5249 salacem
3327 5189 3539 5248 radium
3569 5191 3637 5247 de
3664 5190 3821 5257 mari,

1839 5325 2097 5383 VARIAE
2132 5322 2535 5384 LECTIONES.

629 5436 646 5468 ¹
683 5434 725 5507 Α
756 5437 882 5490 sint.
957 5437 987 5507 7’,
1018 5435 1110 5492 Sic
1130 5435 1203 5502 F;
1232 5435 1274 5492 C
1294 5446 1382 5507 et;
1407 5436 1505 5507 Aut
1525 5449 1632 5507 om.
1662 5433 1727 5507 Α.
1799 5433 1827 5507 Α³
1855 5432 1950 5507 Sic
1971 5433 2090 5499 CF;
2122 5433 2167 5488 A
2188 5426 2295 5507 At:
2351 5431 2375 5507 ξ
2401 5433 2506 5507 ac!
2526 5446 2654 5507 qua.
2723 5431 2752 5507 ξ
2788 5442 2843 5507 ut
2864 5415 3115 5506 Gregorio
3143 5446 3312 5507 procer
3335 5421 3641 5507 οηιξὲῗθ
3670 5438 3821 5493 naui

554 5519 669 5560 om.
698 5503 766 5558 A.
839 5507 859 5538 ⁷
892 5506 1089 5561 scilicet
1118 5522 1229 5562 om.
1277 5506 1342 5561 A.

558 5574 601 5609 “
639 5574 684 5628 Δ
728 5575 869 5645 ratio
913 5575 1109 5645 deﬁcit.
1214 5577 1258 5609 ¹⁹
1290 5576 1334 5630 Α
1368 5585 1417 5629 et
1454 5575 1684 5629 divinae.

559 5712 606 5771 Α
629 5713 929 5785 maniicata.

1794 5573 1838 5607 "
1875 5573 1920 5628 Ᾱ
1958 5583 2229 5643 superant.

554 5653 607 5716 et
634 5659 745 5699 om.
766 5643 811 5716 (ξ
834 5644 898 5701 F.
973 5643 1015 5684 "
1052 5645 1142 5703 Sic
1169 5645 1211 5701 (Ξ
1234 5645 1273 5701 F
1293 5662 1307 5712 ;
1354 5647 1398 5701 Λ
1427 5661 1585 5716 supra
1620 5644 1980 5716 cognitionem
2012 5644 2170 5716 (inut.

1416 5506 1440 5538 ⁸
1470 5516 1525 5589 εισι
1550 5504 1841 5589 ,Λιηὸνοεξρ
1882 5504 2049 5589 placet
2078 5504 2282 5589 om._A.
2408 5502 2500 5557 Sic
2585 5500 2625 5555 F
2647 5518 2679 5589 ;_
2797 5505 2853 5589 in
2901 5500 3113 5589 malum.
3143 5500 3156 5507 ’
3189 5505 3235 5538 ⁸⁸
3261 5506 3503 5589 Sic_CF;
3532 5507 3579 5562 Α
3613 5508 3817 5589 virtute.

2332 5571 2377 5605 “
2414 5573 2625 5627 omnino
2653 5587 2763 5628 om.
2794 5574 2859 5630 A.
2957 5577 3000 5610 ⁸⁸
3037 5576 3078 5630 A
3127 5592 3258 5631 esse.
3352 5578 3397 5615 ¹⁶
3433 5571 3526 5631 m
3552 5581 3729 5632 omnia
3752 5606 3819 5617 —

2248 5644 2289 5719 is
2322 5642 2412 5703 δίε
2439 5642 2564 5711 AF;
2596 5643 2735 5732 (ζει.
2814 5646 2854 5679 ³⁸
2891 5645 2936 5705 Δ
2965 5655 3144 5702 nostra
3172 5663 3413 5715 corpora.
3490 5646 3538 5683 ⁸⁸
3574 5648 3667 5707 Sic
3692 5645 3819 5714 Cl";
