  <div class='ocr_page' id='page_1' title='image "/cluster/home/n/w/nwhite01/storage/ocr_20150623/122/hvd.32044015471659/514.png"; bbox 0 0 4008 6286; ppageno 0'>
   <div class='ocr_carea' id='block_1_1' title="bbox 179 336 299 400">
    <p class='ocr_par' dir='ltr' id='par_1_1' title="bbox 179 336 299 400">
     <span class='ocr_line' id='line_1_1' title="bbox 179 336 299 400; baseline 0 -1"><span class='ocrx_word' id='word_1_1' title='bbox 179 336 299 400; x_wconf 75' lang='lat'><strong>953</strong></span> 
     </span>
    </p>
   </div>
   <div class='ocr_carea' id='block_1_2' title="bbox 1013 333 2574 405">
    <p class='ocr_par' dir='ltr' id='par_1_2' title="bbox 1013 333 2574 405">
     <span class='ocr_line' id='line_1_2' title="bbox 1013 333 2574 405; baseline -0.003 -7"><span class='ocrx_word' id='word_1_2' title='bbox 1013 342 1102 400; x_wconf 83' lang='lat' dir='ltr'><strong>DE</strong></span> <span class='ocrx_word' id='word_1_3' title='bbox 1142 340 1482 399; x_wconf 70' lang='lat' dir='ltr'><strong>DIVISIO&#39;NE</strong></span> <span class='ocrx_word' id='word_1_4' title='bbox 1518 336 1866 396; x_wconf 70' lang='lat' dir='ltr'><strong>NATl&#39;RAE.</strong></span> <span class='ocrx_word' id='word_1_5' title='bbox 1908 368 1976 377; x_wconf 95' lang='lat'><strong>-—-</strong></span> <span class='ocrx_word' id='word_1_6' title='bbox 2014 333 2211 391; x_wconf 68' lang='grc' dir='ltr'><strong>ωηιξη</strong></span> <span class='ocrx_word' id='word_1_7' title='bbox 2248 335 2574 405; x_wconf 77' lang='lat' dir='ltr'><strong>QUINTUS.</strong></span> 
     </span>
    </p>
   </div>
   <div class='ocr_carea' id='block_1_3' title="bbox 3359 334 3464 393">
    <p class='ocr_par' dir='ltr' id='par_1_3' title="bbox 3359 334 3464 393">
     <span class='ocr_line' id='line_1_3' title="bbox 3359 334 3464 393; baseline 0.01 -1"><span class='ocrx_word' id='word_1_8' title='bbox 3359 334 3464 393; x_wconf 68' lang='lat'><strong>934</strong></span> 
     </span>
    </p>
   </div>
   <div class='ocr_carea' id='block_1_4' title="bbox 176 449 3468 526">
    <p class='ocr_par' dir='ltr' id='par_1_4' title="bbox 176 449 3468 526">
     <span class='ocr_line' id='line_1_4' title="bbox 176 449 3468 526; baseline -0.001 -16"><span class='ocrx_word' id='word_1_9' title='bbox 176 454 354 526; x_wconf 80' lang='lat' dir='ltr'><strong>deque</strong></span> <span class='ocrx_word' id='word_1_10' title='bbox 380 451 708 521; x_wconf 77' lang='lat' dir='ltr'><strong>ﬂuminibus,</strong></span> <span class='ocrx_word' id='word_1_11' title='bbox 739 455 1093 524; x_wconf 86' lang='lat' dir='ltr'><strong>omnibusque</strong></span> <span class='ocrx_word' id='word_1_12' title='bbox 1128 470 1390 525; x_wconf 90' lang='lat' dir='ltr'><strong>aquarum</strong></span> <span class='ocrx_word' id='word_1_13' title='bbox 1439 453 1766 508; x_wconf 89' lang='lat' dir='ltr'><strong>collectioni-</strong></span> <span class='ocrx_word' id='word_1_14' title='bbox 1794 454 1839 512; x_wconf 81' lang='grc' dir='ltr'><strong>Α</strong></span> <span class='ocrx_word' id='word_1_15' title='bbox 1870 449 2028 504; x_wconf 91' lang='lat' dir='ltr'><strong>dibus</strong></span> <span class='ocrx_word' id='word_1_16' title='bbox 2069 449 2230 521; x_wconf 86' lang='lat' dir='ltr'><strong>digna</strong></span> <span class='ocrx_word' id='word_1_17' title='bbox 2262 450 2315 516; x_wconf 82' lang='lat'><strong>‘;</strong></span> <span class='ocrx_word' id='word_1_18' title='bbox 2356 458 2430 514; x_wconf 90' lang='lat' dir='ltr'><strong>et,</strong></span> <span class='ocrx_word' id='word_1_19' title='bbox 2460 459 2521 504; x_wconf 92' lang='lat' dir='ltr'><strong>ut</strong></span> <span class='ocrx_word' id='word_1_20' title='bbox 2544 450 2782 507; x_wconf 90' lang='lat' dir='ltr'><strong>breviter</strong></span> <span class='ocrx_word' id='word_1_21' title='bbox 2804 450 3003 517; x_wconf 82' lang='lat' dir='ltr'><strong>dicam,</strong></span> <span class='ocrx_word' id='word_1_22' title='bbox 3029 465 3218 507; x_wconf 88' lang='lat' dir='ltr'><strong>omnes</strong></span> <span class='ocrx_word' id='word_1_23' title='bbox 3238 450 3468 509; x_wconf 75' lang='lat' dir='ltr'><strong>virtutes</strong></span> 
     </span>
    </p>
   </div>
   <div class='ocr_carea' id='block_1_5' title="bbox 176 544 1759 616">
    <p class='ocr_par' dir='ltr' id='par_1_5' title="bbox 176 544 1759 616">
     <span class='ocr_line' id='line_1_5' title="bbox 176 544 1759 616; baseline -0.002 -14"><span class='ocrx_word' id='word_1_24' title='bbox 176 547 298 604; x_wconf 82' lang='lat' dir='ltr'><strong>bus&#39;</strong></span> <span class='ocrx_word' id='word_1_25' title='bbox 331 544 746 616; x_wconf 83' lang='lat' dir='ltr'><strong>maderibusque</strong></span> <span class='ocrx_word' id='word_1_26' title='bbox 794 549 1024 603; x_wconf 88' lang='lat' dir='ltr'><strong>terrenis</strong></span> <span class='ocrx_word' id='word_1_27' title='bbox 1077 548 1130 602; x_wconf 93' lang='lat' dir='ltr'><strong>in</strong></span> <span class='ocrx_word' id='word_1_28' title='bbox 1184 549 1418 616; x_wconf 88' lang='lat' dir='ltr'><strong>seipsum</strong></span> <span class='ocrx_word' id='word_1_29' title='bbox 1470 547 1759 611; x_wconf 77' lang='lat' dir='ltr'><strong>attrahere,</strong></span> 
     </span>
    </p>
   </div>
   <div class='ocr_carea' id='block_1_6' title="bbox 177 632 1763 708">
    <p class='ocr_par' dir='ltr' id='par_1_6' title="bbox 177 632 1763 708">
     <span class='ocr_line' id='line_1_6' title="bbox 177 632 1763 708; baseline 0 -17"><span class='ocrx_word' id='word_1_30' title='bbox 177 637 344 708; x_wconf 89' lang='lat' dir='ltr'><strong>inque</strong></span> <span class='ocrx_word' id='word_1_31' title='bbox 390 650 541 693; x_wconf 88' lang='lat' dir='ltr'><strong>suam</strong></span> <span class='ocrx_word' id='word_1_32' title='bbox 576 646 824 692; x_wconf 89' lang='lat' dir='ltr'><strong>naturam</strong></span> <span class='ocrx_word' id='word_1_33' title='bbox 856 632 1019 694; x_wconf 87' lang='lat' dir='ltr'><strong>veluti</strong></span> <span class='ocrx_word' id='word_1_34' title='bbox 1060 638 1324 707; x_wconf 81' lang='lat' dir='ltr'><strong>quaedam</strong></span> <span class='ocrx_word' id='word_1_35' title='bbox 1349 636 1603 692; x_wconf 84' lang='lat' dir='ltr'><strong>alimenta</strong></span> <span class='ocrx_word' id='word_1_36' title='bbox 1631 649 1763 693; x_wconf 18' lang='lat' dir='ltr'><strong>con-1</strong></span> 
     </span>
    </p>
   </div>
   <div class='ocr_carea' id='block_1_7' title="bbox 177 742 415 783">
    <p class='ocr_par' dir='ltr' id='par_1_7' title="bbox 177 742 415 783">
     <span class='ocr_line' id='line_1_7' title="bbox 177 742 415 783; baseline -0.008 0"><span class='ocrx_word' id='word_1_37' title='bbox 177 742 415 783; x_wconf 87' lang='lat' dir='ltr'><strong>sumere.</strong></span> 
     </span>
    </p>
   </div>
   <div class='ocr_carea' id='block_1_8' title="bbox 251 813 1767 890">
    <p class='ocr_par' dir='ltr' id='par_1_8' title="bbox 251 813 1767 890">
     <span class='ocr_line' id='line_1_8' title="bbox 251 813 1767 890; baseline 0 -18"><span class='ocrx_word' id='word_1_38' title='bbox 251 817 341 874; x_wconf 81' lang='lat'><strong>55.</strong></span> <span class='ocrx_word' id='word_1_39' title='bbox 394 814 470 874; x_wconf 86' lang='lat' dir='ltr'><strong>Dc</strong></span> <span class='ocrx_word' id='word_1_40' title='bbox 519 834 585 874; x_wconf 84' lang='lat' dir='ltr'><strong>eo</strong></span> <span class='ocrx_word' id='word_1_41' title='bbox 634 828 850 884; x_wconf 90' lang='lat' dir='ltr'><strong>autem,</strong></span> <span class='ocrx_word' id='word_1_42' title='bbox 902 819 1045 889; x_wconf 90' lang='lat' dir='ltr'><strong>quod</strong></span> <span class='ocrx_word' id='word_1_43' title='bbox 1099 833 1228 885; x_wconf 90' lang='lat' dir='ltr'><strong>nos,</strong></span> <span class='ocrx_word' id='word_1_44' title='bbox 1269 813 1360 890; x_wconf 89' lang='lat' dir='ltr'><strong>qui</strong></span> <span class='ocrx_word' id='word_1_45' title='bbox 1406 819 1459 873; x_wconf 92' lang='lat' dir='ltr'><strong>in</strong></span> <span class='ocrx_word' id='word_1_46' title='bbox 1509 816 1610 873; x_wconf 88' lang='lat' dir='ltr'><strong>hac</strong></span> <span class='ocrx_word' id='word_1_47' title='bbox 1656 816 1767 872; x_wconf 91' lang='lat' dir='ltr'><strong>vita</strong></span> 
     </span>
    </p>
   </div>
   <div class='ocr_carea' id='block_1_9' title="bbox 177 908 1766 979">
    <p class='ocr_par' dir='ltr' id='par_1_9' title="bbox 177 908 1766 979">
     <span class='ocr_line' id='line_1_9' title="bbox 177 908 1766 979; baseline -0.001 -16"><span class='ocrx_word' id='word_1_48' title='bbox 177 909 465 979; x_wconf 81' lang='lat' dir='ltr'><strong>compositi</strong></span> <span class='ocrx_word' id='word_1_49' title='bbox 499 923 684 963; x_wconf 87' lang='lat' dir='ltr'><strong>smnus</strong></span> <span class='ocrx_word' id='word_1_50' title='bbox 707 951 725 975; x_wconf 94' lang='lat'><strong>,</strong></span> <span class='ocrx_word' id='word_1_51' title='bbox 770 910 821 962; x_wconf 93' lang='lat' dir='ltr'><strong>in</strong></span> <span class='ocrx_word' id='word_1_52' title='bbox 861 908 1158 979; x_wconf 87' lang='lat' dir='ltr'><strong>simplicem</strong></span> <span class='ocrx_word' id='word_1_53' title='bbox 1203 910 1472 979; x_wconf 89' lang='lat' dir='ltr'><strong>quandam</strong></span> <span class='ocrx_word' id='word_1_54' title='bbox 1505 909 1766 963; x_wconf 90' lang='lat' dir='ltr'><strong>unitatem</strong></span> 
     </span>
    </p>
   </div>
   <div class='ocr_carea' id='block_1_10' title="bbox 176 995 1767 1071">
    <p class='ocr_par' dir='ltr' id='par_1_10' title="bbox 176 995 1767 1071">
     <span class='ocr_line' id='line_1_10' title="bbox 176 995 1767 1071; baseline 0.002 -20"><span class='ocrx_word' id='word_1_55' title='bbox 176 995 577 1065; x_wconf 86' lang='lat' dir='ltr'><strong>adunabinmr,</strong></span> <span class='ocrx_word' id='word_1_56' title='bbox 634 999 757 1054; x_wconf 87' lang='lat' dir='ltr'><strong>talis</strong></span> <span class='ocrx_word' id='word_1_57' title='bbox 812 1000 952 1055; x_wconf 82' lang='lat' dir='ltr'><strong>ratio</strong></span> <span class='ocrx_word' id='word_1_58' title='bbox 1004 1010 1105 1056; x_wconf 89' lang='lat' dir='ltr'><strong>est.</strong></span> <span class='ocrx_word' id='word_1_59' title='bbox 1160 996 1457 1071; x_wconf 84' lang='lat' dir='ltr'><strong>Oportebat</strong></span> <span class='ocrx_word' id='word_1_60' title='bbox 1500 1000 1767 1070; x_wconf 84' lang='lat' dir='ltr'><strong>siquidem</strong></span> 
     </span>
    </p>
   </div>
   <div class='ocr_carea' id='block_1_11' title="bbox 179 1088 1768 1160">
    <p class='ocr_par' dir='ltr' id='par_1_11' title="bbox 179 1088 1768 1160">
     <span class='ocr_line' id='line_1_11' title="bbox 179 1088 1768 1160; baseline 0.001 -19"><span class='ocrx_word' id='word_1_61' title='bbox 179 1088 469 1156; x_wconf 80' lang='lat' dir='ltr'><strong>imaginem</strong></span> <span class='ocrx_word' id='word_1_62' title='bbox 519 1089 678 1144; x_wconf 93' lang='lat' dir='ltr'><strong>unius</strong></span> <span class='ocrx_word' id='word_1_63' title='bbox 726 1105 791 1145; x_wconf 89' lang='lat' dir='ltr'><strong>ac</strong></span> <span class='ocrx_word' id='word_1_64' title='bbox 844 1106 1087 1146; x_wconf 91' lang='lat' dir='ltr'><strong>summae</strong></span> <span class='ocrx_word' id='word_1_65' title='bbox 1140 1089 1464 1156; x_wconf 81' lang='lat' dir='ltr'><strong>Trinitatis,</strong></span> <span class='ocrx_word' id='word_1_66' title='bbox 1516 1105 1657 1160; x_wconf 91' lang='lat' dir='ltr'><strong>quae</strong></span> <span class='ocrx_word' id='word_1_67' title='bbox 1714 1089 1768 1144; x_wconf 90' lang='lat' dir='ltr'><strong>in</strong></span> 
     </span>
    </p>
   </div>
   <div class='ocr_carea' id='block_1_12' title="bbox 176 1177 1769 1251">
    <p class='ocr_par' dir='ltr' id='par_1_12' title="bbox 176 1177 1769 1251">
     <span class='ocr_line' id='line_1_12' title="bbox 176 1177 1769 1251; baseline 0.001 -19"><span class='ocrx_word' id='word_1_68' title='bbox 176 1178 356 1247; x_wconf 87' lang='lat' dir='ltr'><strong>seipsa</strong></span> <span class='ocrx_word' id='word_1_69' title='bbox 385 1177 759 1248; x_wconf 78' lang='lat' dir='ltr'><strong>inseparabilis</strong></span> <span class='ocrx_word' id='word_1_70' title='bbox 786 1188 839 1235; x_wconf 89' lang='lat' dir='ltr'><strong>et</strong></span> <span class='ocrx_word' id='word_1_71' title='bbox 868 1179 1095 1251; x_wconf 81' lang='lat' dir='ltr'><strong>simplex</strong></span> <span class='ocrx_word' id='word_1_72' title='bbox 1124 1190 1180 1234; x_wconf 91' lang='lat' dir='ltr'><strong>et</strong></span> <span class='ocrx_word' id='word_1_73' title='bbox 1209 1181 1564 1250; x_wconf 90' lang='lat' dir='ltr'><strong>incomposita</strong></span> <span class='ocrx_word' id='word_1_74' title='bbox 1587 1190 1689 1246; x_wconf 89' lang='lat' dir='ltr'><strong>est,</strong></span> <span class='ocrx_word' id='word_1_75' title='bbox 1714 1181 1769 1234; x_wconf 92' lang='lat' dir='ltr'><strong>iu</strong></span> 
     </span>
    </p>
   </div>
   <div class='ocr_carea' id='block_1_13' title="bbox 180 1266 1771 1343">
    <p class='ocr_par' dir='ltr' id='par_1_13' title="bbox 180 1266 1771 1343">
     <span class='ocr_line' id='line_1_13' title="bbox 180 1266 1771 1343; baseline 0.003 -21"><span class='ocrx_word' id='word_1_76' title='bbox 180 1266 445 1323; x_wconf 81' lang='lat' dir='ltr'><strong>unitatem</strong></span> <span class='ocrx_word' id='word_1_77' title='bbox 470 1278 523 1323; x_wconf 90' lang='lat' dir='ltr'><strong>et</strong></span> <span class='ocrx_word' id='word_1_78' title='bbox 546 1270 960 1339; x_wconf 89' lang='lat' dir='ltr'><strong>inseparabilem</strong></span> <span class='ocrx_word' id='word_1_79' title='bbox 986 1271 1386 1341; x_wconf 84' lang='lat' dir='ltr'><strong>simplicitatem</strong></span> <span class='ocrx_word' id='word_1_80' title='bbox 1415 1271 1611 1343; x_wconf 78' lang='lat' dir='ltr'><strong>redigi;</strong></span> <span class='ocrx_word' id='word_1_81' title='bbox 1644 1271 1771 1327; x_wconf 88' lang='lat' dir='ltr'><strong>alio-</strong></span> 
     </span>
    </p>
   </div>
   <div class='ocr_carea' id='block_1_14' title="bbox 178 1359 1770 1431">
    <p class='ocr_par' dir='ltr' id='par_1_14' title="bbox 178 1359 1770 1431">
     <span class='ocr_line' id='line_1_14' title="bbox 178 1359 1770 1431; baseline 0.004 -22"><span class='ocrx_word' id='word_1_82' title='bbox 178 1359 313 1427; x_wconf 89' lang='lat' dir='ltr'><strong>quin</strong></span> <span class='ocrx_word' id='word_1_83' title='bbox 340 1359 619 1429; x_wconf 83' lang='lat' dir='ltr'><strong>dignitatis</strong></span> <span class='ocrx_word' id='word_1_84' title='bbox 645 1360 1050 1430; x_wconf 90' lang='lat' dir='ltr'><strong>amplitudinem</strong></span> <span class='ocrx_word' id='word_1_85' title='bbox 1077 1363 1348 1431; x_wconf 77' lang='lat' dir='ltr'><strong>perderet,</strong></span> <span class='ocrx_word' id='word_1_86' title='bbox 1376 1370 1430 1416; x_wconf 90' lang='lat' dir='ltr'><strong>et</strong></span> <span class='ocrx_word' id='word_1_87' title='bbox 1466 1361 1770 1431; x_wconf 89' lang='lat' dir='ltr'><strong>pulchritu-</strong></span> 
     </span>
    </p>
   </div>
   <div class='ocr_carea' id='block_1_15' title="bbox 177 1449 1778 1521">
    <p class='ocr_par' dir='ltr' id='par_1_15' title="bbox 177 1449 1778 1521">
     <span class='ocr_line' id='line_1_15' title="bbox 177 1449 1778 1521; baseline 0.004 -20"><span class='ocrx_word' id='word_1_88' title='bbox 177 1449 363 1502; x_wconf 84' lang='lat' dir='ltr'><strong>dinem</strong></span> <span class='ocrx_word' id='word_1_89' title='bbox 397 1449 746 1516; x_wconf 76' lang='lat' dir='ltr'><strong>deformaret,</strong></span> <span class='ocrx_word' id='word_1_90' title='bbox 779 1452 922 1520; x_wconf 90' lang='lat' dir='ltr'><strong>quod</strong></span> <span class='ocrx_word' id='word_1_91' title='bbox 952 1451 1086 1519; x_wconf 29' lang='lat' dir='ltr'><strong>‘lieri</strong></span> <span class='ocrx_word' id='word_1_92' title='bbox 1132 1452 1311 1506; x_wconf 90' lang='lat' dir='ltr'><strong>divina</strong></span> <span class='ocrx_word' id='word_1_93' title='bbox 1354 1451 1636 1507; x_wconf 87' lang='lat' dir='ltr'><strong>clementia</strong></span> <span class='ocrx_word' id='word_1_94' title='bbox 1664 1468 1778 1521; x_wconf 91' lang='lat' dir='ltr'><strong>non,</strong></span> 
     </span>
    </p>
   </div>
   <div class='ocr_carea' id='block_1_16' title="bbox 177 1541 1770 1615">
    <p class='ocr_par' dir='ltr' id='par_1_16' title="bbox 177 1541 1770 1615">
     <span class='ocr_line' id='line_1_16' title="bbox 177 1541 1770 1615; baseline 0.002 -21"><span class='ocrx_word' id='word_1_95' title='bbox 177 1541 332 1595; x_wconf 80' lang='lat' dir='ltr'><strong>sinit.</strong></span> <span class='ocrx_word' id='word_1_96' title='bbox 407 1541 521 1596; x_wconf 82' lang='lat' dir='ltr'><strong>Non</strong></span> <span class='ocrx_word' id='word_1_97' title='bbox 571 1543 714 1597; x_wconf 92' lang='lat' dir='ltr'><strong>cnim</strong></span> <span class='ocrx_word' id='word_1_98' title='bbox 764 1543 1057 1613; x_wconf 87' lang='lat' dir='ltr'><strong>principale</strong></span> <span class='ocrx_word' id='word_1_99' title='bbox 1114 1544 1421 1615; x_wconf 81' lang='lat' dir='ltr'><strong>exemplum</strong></span> <span class='ocrx_word' id='word_1_100' title='bbox 1483 1545 1770 1615; x_wconf 85' lang='lat' dir='ltr'><strong>imaginem</strong></span> 
     </span>
    </p>
   </div>
   <div class='ocr_carea' id='block_1_17' title="bbox 178 1630 1768 1703">
    <p class='ocr_par' dir='ltr' id='par_1_17' title="bbox 178 1630 1768 1703">
     <span class='ocr_line' id='line_1_17' title="bbox 178 1630 1768 1703; baseline 0.003 -20"><span class='ocrx_word' id='word_1_101' title='bbox 178 1630 286 1684; x_wconf 84' lang='lat' dir='ltr'><strong>sibi</strong></span> <span class='ocrx_word' id='word_1_102' title='bbox 314 1630 542 1685; x_wconf 84' lang='lat' dir='ltr'><strong>similem</strong></span> <span class='ocrx_word' id='word_1_103' title='bbox 571 1649 600 1685; x_wconf 94' lang='lat' dir='ltr'><strong>a</strong></span> <span class='ocrx_word' id='word_1_104' title='bbox 631 1632 807 1703; x_wconf 83' lang='lat' dir='ltr'><strong>seipse</strong></span> <span class='ocrx_word' id='word_1_105' title='bbox 844 1642 899 1687; x_wconf 89' lang='lat' dir='ltr'><strong>et</strong></span> <span class='ocrx_word' id='word_1_106' title='bbox 943 1634 1235 1689; x_wconf 88' lang='lat' dir='ltr'><strong>secundum</strong></span> <span class='ocrx_word' id='word_1_107' title='bbox 1284 1634 1519 1703; x_wconf 90' lang='lat' dir='ltr'><strong>seipsum</strong></span> <span class='ocrx_word' id='word_1_108' title='bbox 1547 1632 1768 1697; x_wconf 86' lang='lat' dir='ltr'><strong>factam,</strong></span> 
     </span>
    </p>
   </div>
   <div class='ocr_carea' id='block_1_18' title="bbox 176 1719 1774 1791">
    <p class='ocr_par' dir='ltr' id='par_1_18' title="bbox 176 1719 1774 1791">
     <span class='ocr_line' id='line_1_18' title="bbox 176 1719 1774 1791; baseline 0.004 -19"><span class='ocrx_word' id='word_1_109' title='bbox 176 1719 417 1789; x_wconf 78' lang='lat' dir='ltr'><strong>clongari</strong></span> <span class='ocrx_word' id='word_1_110' title='bbox 444 1736 658 1790; x_wconf 84' lang='lat' dir='ltr'><strong>semper</strong></span> <span class='ocrx_word' id='word_1_111' title='bbox 702 1737 733 1775; x_wconf 90' lang='lat' dir='ltr'><strong>a</strong></span> <span class='ocrx_word' id='word_1_112' title='bbox 783 1737 841 1776; x_wconf 91' lang='lat' dir='ltr'><strong>se</strong></span> <span class='ocrx_word' id='word_1_113' title='bbox 888 1723 1120 1791; x_wconf 88' lang='lat' dir='ltr'><strong>quadam</strong></span> <span class='ocrx_word' id='word_1_114' title='bbox 1160 1721 1502 1778; x_wconf 80' lang='lat' dir='ltr'><strong>deformitate</strong></span> <span class='ocrx_word' id='word_1_115' title='bbox 1530 1731 1585 1777; x_wconf 90' lang='lat' dir='ltr'><strong>et</strong></span> <span class='ocrx_word' id='word_1_116' title='bbox 1619 1723 1774 1778; x_wconf 88' lang='lat' dir='ltr'><strong>dissi-</strong></span> 
     </span>
    </p>
   </div>
   <div class='ocr_carea' id='block_1_19' title="bbox 1866 541 3466 615">
    <p class='ocr_par' dir='ltr' id='par_1_19' title="bbox 1866 541 3466 615">
     <span class='ocr_line' id='line_1_19' title="bbox 1866 541 3466 615; baseline -0.001 -16"><span class='ocrx_word' id='word_1_117' title='bbox 1866 556 1933 599; x_wconf 87' lang='lat' dir='ltr'><strong>ex</strong></span> <span class='ocrx_word' id='word_1_118' title='bbox 1958 541 2221 615; x_wconf 88' lang='lat' dir='ltr'><strong>oppositis</strong></span> <span class='ocrx_word' id='word_1_119' title='bbox 2249 544 2349 599; x_wconf 91' lang='lat' dir='ltr'><strong>sibi</strong></span> <span class='ocrx_word' id='word_1_120' title='bbox 2372 543 2518 598; x_wconf 81' lang='lat' dir='ltr'><strong>vitiis</strong></span> <span class='ocrx_word' id='word_1_121' title='bbox 2544 559 2651 601; x_wconf 90' lang='lat' dir='ltr'><strong>non</strong></span> <span class='ocrx_word' id='word_1_122' title='bbox 2683 544 2855 603; x_wconf 90' lang='lat' dir='ltr'><strong>solum</strong></span> <span class='ocrx_word' id='word_1_123' title='bbox 2881 544 3093 600; x_wconf 87' lang='lat' dir='ltr'><strong>laudem</strong></span> <span class='ocrx_word' id='word_1_124' title='bbox 3125 553 3466 615; x_wconf 86' lang='lat' dir='ltr'><strong>comparant,</strong></span> 
     </span>
    </p>
   </div>
   <div class='ocr_carea' id='block_1_20' title="bbox 1867 622 3469 702">
    <p class='ocr_par' dir='ltr' id='par_1_20' title="bbox 1867 622 3469 702">
     <span class='ocr_line' id='line_1_20' title="bbox 1867 622 3469 702; baseline 0.002 -17"><span class='ocrx_word' id='word_1_125' title='bbox 1867 646 2054 687; x_wconf 87' lang='lat' dir='ltr'><strong>verum</strong></span> <span class='ocrx_word' id='word_1_126' title='bbox 2078 634 2242 688; x_wconf 90' lang='lat' dir='ltr'><strong>etiam</strong></span> <span class='ocrx_word' id='word_1_127' title='bbox 2272 632 2392 687; x_wconf 89' lang='lat' dir='ltr'><strong>sine</strong></span> <span class='ocrx_word' id='word_1_128' title='bbox 2420 632 2633 687; x_wconf 92' lang='lat' dir='ltr'><strong>illorum</strong></span> <span class='ocrx_word' id='word_1_129' title='bbox 2663 634 3066 702; x_wconf 89' lang='lat' dir='ltr'><strong>comparatione</strong></span> <span class='ocrx_word' id='word_1_130' title='bbox 3104 634 3318 689; x_wconf 89' lang='lat' dir='ltr'><strong>laudem</strong></span> <span class='ocrx_word' id='word_1_131' title='bbox 3361 622 3469 688; x_wconf 86' lang='lat' dir='ltr'><strong>nou</strong></span> 
     </span>
    </p>
   </div>
   <div class='ocr_carea' id='block_1_21' title="bbox 1810 723 3467 795">
    <p class='ocr_par' dir='ltr' id='par_1_21' title="bbox 1810 723 3467 795">
     <span class='ocr_line' id='line_1_21' title="bbox 1810 723 3467 795; baseline -0.001 -16"><span class='ocrx_word' id='word_1_132' title='bbox 1810 750 1824 763; x_wconf 91' lang='lat'><strong>-</strong></span> <span class='ocrx_word' id='word_1_133' title='bbox 1868 724 2234 793; x_wconf 88' lang='lat' dir='ltr'><strong>adquirerent.</strong></span> <span class='ocrx_word' id='word_1_134' title='bbox 2289 723 2489 777; x_wconf 87' lang='lat' dir='ltr'><strong>Eadem</strong></span> <span class='ocrx_word' id='word_1_135' title='bbox 2515 724 2723 779; x_wconf 89' lang='lat' dir='ltr'><strong>ratione</strong></span> <span class='ocrx_word' id='word_1_136' title='bbox 2745 723 3021 779; x_wconf 88' lang='lat' dir='ltr'><strong>beatitudo</strong></span> <span class='ocrx_word' id='word_1_137' title='bbox 3043 725 3312 795; x_wconf 86' lang='lat' dir='ltr'><strong>justorum</strong></span> <span class='ocrx_word' id='word_1_138' title='bbox 3351 725 3467 795; x_wconf 85' lang='lat' dir='ltr'><strong>glo-</strong></span> 
     </span>
    </p>
   </div>
   <div class='ocr_carea' id='block_1_22' title="bbox 1869 812 3474 887">
    <p class='ocr_par' dir='ltr' id='par_1_22' title="bbox 1869 812 3474 887">
     <span class='ocr_line' id='line_1_22' title="bbox 1869 812 3474 887; baseline 0.001 -19"><span class='ocrx_word' id='word_1_139' title='bbox 1869 813 2006 887; x_wconf 72' lang='lat' dir='ltr'><strong>riam</strong></span> <span class='ocrx_word' id='word_1_140' title='bbox 2025 813 2125 868; x_wconf 90' lang='lat' dir='ltr'><strong>sibi</strong></span> <span class='ocrx_word' id='word_1_141' title='bbox 2141 821 2162 853; x_wconf 85' lang='grc'><strong>⁷</strong></span> <span class='ocrx_word' id='word_1_142' title='bbox 2188 813 2390 867; x_wconf 83' lang='lat' dir='ltr'><strong>invenit</strong></span> <span class='ocrx_word' id='word_1_143' title='bbox 2410 829 2475 867; x_wconf 79' lang='lat' dir='ltr'><strong>ex</strong></span> <span class='ocrx_word' id='word_1_144' title='bbox 2498 812 2774 883; x_wconf 89' lang='lat' dir='ltr'><strong>suppliciis</strong></span> <span class='ocrx_word' id='word_1_145' title='bbox 2791 813 3097 883; x_wconf 90' lang='lat' dir='ltr'><strong>impiorum,</strong></span> <span class='ocrx_word' id='word_1_146' title='bbox 3112 816 3474 887; x_wconf 78' lang='lat' dir='ltr'><strong>gaudiumque</strong></span> 
     </span>
    </p>
   </div>
   <div class='ocr_carea' id='block_1_23' title="bbox 1869 880 3469 974">
    <p class='ocr_par' dir='ltr' id='par_1_23' title="bbox 1869 880 3469 974">
     <span class='ocr_line' id='line_1_23' title="bbox 1869 880 3469 974; baseline 0.002 -16"><span class='ocrx_word' id='word_1_147' title='bbox 1869 880 2041 959; x_wconf 61' lang='lat' dir='ltr'><strong>bonae</strong></span> <span class='ocrx_word' id='word_1_148' title='bbox 2074 902 2364 958; x_wconf 80' lang='lat' dir='ltr'><strong>voluntatis</strong></span> <span class='ocrx_word' id='word_1_149' title='bbox 2398 916 2464 957; x_wconf 82' lang='lat' dir='ltr'><strong>ex</strong></span> <span class='ocrx_word' id='word_1_150' title='bbox 2505 880 2725 959; x_wconf 79' lang='lat' dir='ltr'><strong>tristitia</strong></span> <span class='ocrx_word' id='word_1_151' title='bbox 2773 880 3090 974; x_wconf 74' lang='lat' dir='ltr'><strong>perversae;</strong></span> <span class='ocrx_word' id='word_1_152' title='bbox 3115 880 3198 961; x_wconf 40' lang='lat' dir='ltr'><strong>vet</strong></span> <span class='ocrx_word' id='word_1_153' title='bbox 3239 914 3299 959; x_wconf 93' lang='lat' dir='ltr'><strong>ut</strong></span> <span class='ocrx_word' id='word_1_154' title='bbox 3340 880 3469 961; x_wconf 79' lang='lat' dir='ltr'><strong>vera</strong></span> 
     </span>
    </p>
   </div>
   <div class='ocr_carea' id='block_1_24' title="bbox 1870 996 3475 1068">
    <p class='ocr_par' dir='ltr' id='par_1_24' title="bbox 1870 996 3475 1068">
     <span class='ocr_line' id='line_1_24' title="bbox 1870 996 3475 1068; baseline 0 -16"><span class='ocrx_word' id='word_1_155' title='bbox 1870 996 2009 1052; x_wconf 86' lang='lat' dir='ltr'><strong>ratio</strong></span> <span class='ocrx_word' id='word_1_156' title='bbox 2035 996 2397 1066; x_wconf 87' lang='lat' dir='ltr'><strong>pronunciare</strong></span> <span class='ocrx_word' id='word_1_157' title='bbox 2426 1011 2535 1050; x_wconf 92' lang='lat' dir='ltr'><strong>non</strong></span> <span class='ocrx_word' id='word_1_158' title='bbox 2570 996 2816 1066; x_wconf 87' lang='lat' dir='ltr'><strong>trepidat,</strong></span> <span class='ocrx_word' id='word_1_159' title='bbox 2855 997 3056 1062; x_wconf 91' lang='lat' dir='ltr'><strong>omnia,</strong></span> <span class='ocrx_word' id='word_1_160' title='bbox 3084 1012 3223 1068; x_wconf 87' lang='lat' dir='ltr'><strong>quae</strong></span> <span class='ocrx_word' id='word_1_161' title='bbox 3252 998 3305 1051; x_wconf 93' lang='lat' dir='ltr'><strong>in</strong></span> <span class='ocrx_word' id='word_1_162' title='bbox 3354 1013 3475 1066; x_wconf 82' lang='lat' dir='ltr'><strong>par-</strong></span> 
     </span>
    </p>
   </div>
   <div class='ocr_carea' id='block_1_25' title="bbox 1873 1087 3468 1157">
    <p class='ocr_par' dir='ltr' id='par_1_25' title="bbox 1873 1087 3468 1157">
     <span class='ocr_line' id='line_1_25' title="bbox 1873 1087 3468 1157; baseline -0.003 -11"><span class='ocrx_word' id='word_1_163' title='bbox 1873 1090 2014 1146; x_wconf 87' lang='lat' dir='ltr'><strong>tibus</strong></span> <span class='ocrx_word' id='word_1_164' title='bbox 2056 1087 2425 1143; x_wconf 89' lang='lat' dir='ltr'><strong>universitatis</strong></span> <span class='ocrx_word' id='word_1_165' title='bbox 2457 1087 2618 1153; x_wconf 90' lang='lat' dir='ltr'><strong>mala,</strong></span> <span class='ocrx_word' id='word_1_166' title='bbox 2667 1087 2974 1153; x_wconf 86' lang='lat' dir='ltr'><strong>inhonesta,</strong></span> <span class='ocrx_word' id='word_1_167' title='bbox 3010 1087 3202 1157; x_wconf 90' lang='lat' dir='ltr'><strong>turpia,</strong></span> <span class='ocrx_word' id='word_1_168' title='bbox 3245 1088 3468 1152; x_wconf 88' lang='lat' dir='ltr'><strong>misera,</strong></span> 
     </span>
    </p>
   </div>
   <div class='ocr_carea' id='block_1_26' title="bbox 1872 1175 3470 1248">
    <p class='ocr_par' dir='ltr' id='par_1_26' title="bbox 1872 1175 3470 1248">
     <span class='ocr_line' id='line_1_26' title="bbox 1872 1175 3470 1248; baseline -0.002 -15"><span class='ocrx_word' id='word_1_169' title='bbox 1872 1177 2242 1248; x_wconf 86' lang='lat' dir='ltr'><strong>suppliciaque</strong></span> <span class='ocrx_word' id='word_1_170' title='bbox 2290 1176 2358 1231; x_wconf 91' lang='lat' dir='ltr'><strong>ab</strong></span> <span class='ocrx_word' id='word_1_171' title='bbox 2397 1176 2504 1242; x_wconf 87' lang='lat' dir='ltr'><strong>his,</strong></span> <span class='ocrx_word' id='word_1_172' title='bbox 2555 1175 2646 1245; x_wconf 88' lang='lat' dir='ltr'><strong>qui</strong></span> <span class='ocrx_word' id='word_1_173' title='bbox 2693 1176 2853 1231; x_wconf 91' lang='lat' dir='ltr'><strong>simul</strong></span> <span class='ocrx_word' id='word_1_174' title='bbox 2897 1176 3078 1231; x_wconf 89' lang='lat' dir='ltr'><strong>omnia</strong></span> <span class='ocrx_word' id='word_1_175' title='bbox 3124 1176 3470 1231; x_wconf 86' lang='lat' dir='ltr'><strong>considerare</strong></span> 
     </span>
    </p>
   </div>
   <div class='ocr_carea' id='block_1_27' title="bbox 1873 1267 3473 1341">
    <p class='ocr_par' dir='ltr' id='par_1_27' title="bbox 1873 1267 3473 1341">
     <span class='ocr_line' id='line_1_27' title="bbox 1873 1267 3473 1341; baseline -0.003 -15"><span class='ocrx_word' id='word_1_176' title='bbox 1873 1287 1978 1327; x_wconf 91' lang='lat' dir='ltr'><strong>non</strong></span> <span class='ocrx_word' id='word_1_177' title='bbox 2016 1277 2260 1341; x_wconf 88' lang='lat' dir='ltr'><strong>possunt,</strong></span> <span class='ocrx_word' id='word_1_178' title='bbox 2285 1269 2627 1340; x_wconf 86' lang='lat' dir='ltr'><strong>judicantur,</strong></span> <span class='ocrx_word' id='word_1_179' title='bbox 2661 1268 2716 1322; x_wconf 93' lang='lat' dir='ltr'><strong>in</strong></span> <span class='ocrx_word' id='word_1_180' title='bbox 2751 1267 3203 1337; x_wconf 87' lang='lat' dir='ltr'><strong>contemplatione</strong></span> <span class='ocrx_word' id='word_1_181' title='bbox 3252 1267 3473 1322; x_wconf 88' lang='lat' dir='ltr'><strong>univer-</strong></span> 
     </span>
    </p>
   </div>
   <div class='ocr_carea' id='block_1_28' title="bbox 1873 1359 3469 1431">
    <p class='ocr_par' dir='ltr' id='par_1_28' title="bbox 1873 1359 3469 1431">
     <span class='ocr_line' id='line_1_28' title="bbox 1873 1359 3469 1431; baseline -0.001 -14"><span class='ocrx_word' id='word_1_182' title='bbox 1873 1362 2068 1428; x_wconf 79' lang='lat' dir='ltr'><strong>sitatis,</strong></span> <span class='ocrx_word' id='word_1_183' title='bbox 2090 1362 2253 1416; x_wconf 88' lang='lat' dir='ltr'><strong>velnti</strong></span> <span class='ocrx_word' id='word_1_184' title='bbox 2277 1361 2441 1415; x_wconf 91' lang='lat' dir='ltr'><strong>totius</strong></span> <span class='ocrx_word' id='word_1_185' title='bbox 2461 1360 2736 1431; x_wconf 81' lang='lat' dir='ltr'><strong>cujusdam</strong></span> <span class='ocrx_word' id='word_1_186' title='bbox 2760 1359 3003 1430; x_wconf 89' lang='lat' dir='ltr'><strong>picturae</strong></span> <span class='ocrx_word' id='word_1_187' title='bbox 3030 1360 3469 1431; x_wconf 82' lang='lat' dir='ltr'><strong>pulchritudinis,</strong></span> 
     </span>
    </p>
   </div>
   <div class='ocr_carea' id='block_1_29' title="bbox 1875 1450 3466 1521">
    <p class='ocr_par' dir='ltr' id='par_1_29' title="bbox 1875 1450 3466 1521">
     <span class='ocr_line' id='line_1_29' title="bbox 1875 1450 3466 1521; baseline 0 -16"><span class='ocrx_word' id='word_1_188' title='bbox 1875 1465 2049 1521; x_wconf 90' lang='lat' dir='ltr'><strong>neque</strong></span> <span class='ocrx_word' id='word_1_189' title='bbox 2077 1451 2336 1521; x_wconf 91' lang='lat' dir='ltr'><strong>supplicia</strong></span> <span class='ocrx_word' id='word_1_190' title='bbox 2359 1458 2507 1516; x_wconf 92' lang='lat' dir='ltr'><strong>sunt,</strong></span> <span class='ocrx_word' id='word_1_191' title='bbox 2549 1465 2722 1521; x_wconf 89' lang='lat' dir='ltr'><strong>neque</strong></span> <span class='ocrx_word' id='word_1_192' title='bbox 2768 1450 2988 1515; x_wconf 89' lang='lat' dir='ltr'><strong>misera,</strong></span> <span class='ocrx_word' id='word_1_193' title='bbox 3038 1465 3212 1520; x_wconf 89' lang='lat' dir='ltr'><strong>neque</strong></span> <span class='ocrx_word' id='word_1_194' title='bbox 3264 1452 3466 1521; x_wconf 91' lang='lat' dir='ltr'><strong>turpia,</strong></span> 
     </span>
    </p>
   </div>
   <div class='ocr_carea' id='block_1_30' title="bbox 1874 1542 3471 1614">
    <p class='ocr_par' dir='ltr' id='par_1_30' title="bbox 1874 1542 3471 1614">
     <span class='ocr_line' id='line_1_30' title="bbox 1874 1542 3471 1614; baseline 0.001 -17"><span class='ocrx_word' id='word_1_195' title='bbox 1874 1557 2050 1612; x_wconf 89' lang='lat' dir='ltr'><strong>neque</strong></span> <span class='ocrx_word' id='word_1_196' title='bbox 2079 1542 2385 1607; x_wconf 85' lang='lat' dir='ltr'><strong>inhonesta,</strong></span> <span class='ocrx_word' id='word_1_197' title='bbox 2430 1559 2606 1614; x_wconf 88' lang='lat' dir='ltr'><strong>neque</strong></span> <span class='ocrx_word' id='word_1_198' title='bbox 2650 1544 2788 1599; x_wconf 88' lang='lat' dir='ltr'><strong>mala</strong></span> <span class='ocrx_word' id='word_1_199' title='bbox 2832 1552 2976 1599; x_wconf 91' lang='lat' dir='ltr'><strong>sunt.</strong></span> <span class='ocrx_word' id='word_1_200' title='bbox 3017 1543 3282 1614; x_wconf 88' lang='lat' dir='ltr'><strong>Quicquid</strong></span> <span class='ocrx_word' id='word_1_201' title='bbox 3326 1545 3471 1599; x_wconf 90' lang='lat' dir='ltr'><strong>enim</strong></span> 
     </span>
    </p>
   </div>
   <div class='ocr_carea' id='block_1_31' title="bbox 1876 1632 3472 1703">
    <p class='ocr_par' dir='ltr' id='par_1_31' title="bbox 1876 1632 3472 1703">
     <span class='ocr_line' id='line_1_31' title="bbox 1876 1632 3472 1703; baseline -0.001 -15"><span class='ocrx_word' id='word_1_202' title='bbox 1876 1632 2089 1688; x_wconf 86' lang='lat' dir='ltr'><strong>divinae</strong></span> <span class='ocrx_word' id='word_1_203' title='bbox 2134 1632 2505 1703; x_wconf 84' lang='lat' dir='ltr'><strong>providentiae</strong></span> <span class='ocrx_word' id='word_1_204' title='bbox 2552 1633 3111 1689; x_wconf 82' lang='lat' dir='ltr'><strong>administrationibus</strong></span> <span class='ocrx_word' id='word_1_205' title='bbox 3158 1634 3472 1698; x_wconf 85' lang='lat' dir='ltr'><strong>ordinatur,</strong></span> 
     </span>
    </p>
   </div>
   <div class='ocr_carea' id='block_1_32' title="bbox 1877 1720 3474 1791">
    <p class='ocr_par' dir='ltr' id='par_1_32' title="bbox 1877 1720 3474 1791">
     <span class='ocr_line' id='line_1_32' title="bbox 1877 1720 3474 1791; baseline 0 -15"><span class='ocrx_word' id='word_1_206' title='bbox 1877 1721 2077 1776; x_wconf 87' lang='lat' dir='ltr'><strong>bonum</strong></span> <span class='ocrx_word' id='word_1_207' title='bbox 2104 1731 2153 1775; x_wconf 91' lang='lat' dir='ltr'><strong>et</strong></span> <span class='ocrx_word' id='word_1_208' title='bbox 2180 1721 2464 1791; x_wconf 90' lang='lat' dir='ltr'><strong>pulchrum</strong></span> <span class='ocrx_word' id='word_1_209' title='bbox 2490 1733 2544 1776; x_wconf 89' lang='lat' dir='ltr'><strong>et</strong></span> <span class='ocrx_word' id='word_1_210' title='bbox 2562 1721 2768 1791; x_wconf 91' lang='lat' dir='ltr'><strong>justum</strong></span> <span class='ocrx_word' id='word_1_211' title='bbox 2800 1729 2904 1778; x_wconf 89' lang='lat' dir='ltr'><strong>est.</strong></span> <span class='ocrx_word' id='word_1_212' title='bbox 2946 1720 3081 1788; x_wconf 82' lang='lat' dir='ltr'><strong>Quid</strong></span> <span class='ocrx_word' id='word_1_213' title='bbox 3106 1722 3250 1776; x_wconf 88' lang='lat' dir='ltr'><strong>enim</strong></span> <span class='ocrx_word' id='word_1_214' title='bbox 3280 1721 3474 1776; x_wconf 85' lang='lat' dir='ltr'><strong>melius</strong></span> 
     </span>
    </p>
   </div>
   <div class='ocr_carea' id='block_1_33' title="bbox 180 1796 3471 1883">
    <p class='ocr_par' dir='ltr' id='par_1_33' title="bbox 180 1796 3471 1883">
     <span class='ocr_line' id='line_1_33' title="bbox 180 1796 3471 1883; baseline 0 -19"><span class='ocrx_word' id='word_1_215' title='bbox 180 1811 485 1866; x_wconf 83' lang='lat' dir='ltr'><strong>militudine</strong></span> <span class='ocrx_word' id='word_1_216' title='bbox 515 1821 608 1866; x_wconf 89' lang='lat' dir='ltr'><strong>aut</strong></span> <span class='ocrx_word' id='word_1_217' title='bbox 636 1812 809 1882; x_wconf 76' lang='lat' dir='ltr'><strong>aliqua</strong></span> <span class='ocrx_word' id='word_1_218' title='bbox 843 1813 1253 1883; x_wconf 89' lang='lat' dir='ltr'><strong>compositione,</strong></span> <span class='ocrx_word' id='word_1_219' title='bbox 1293 1829 1388 1868; x_wconf 91' lang='lat' dir='ltr'><strong>sua</strong></span> <span class='ocrx_word' id='word_1_220' title='bbox 1434 1813 1776 1883; x_wconf 88' lang='lat' dir='ltr'><strong>simplicitate</strong></span> <span class='ocrx_word' id='word_1_221' title='bbox 1811 1796 1851 1855; x_wconf 77' lang='grc' dir='ltr'><strong>Β</strong></span> <span class='ocrx_word' id='word_1_222' title='bbox 1880 1820 1985 1877; x_wconf 88' lang='grc' dir='ltr'>εει,</span> <span class='ocrx_word' id='word_1_223' title='bbox 2016 1826 2176 1881; x_wconf 91' lang='lat' dir='ltr'><strong>quam</strong></span> <span class='ocrx_word' id='word_1_224' title='bbox 2201 1820 2258 1865; x_wconf 89' lang='lat' dir='ltr'><strong>ut</strong></span> <span class='ocrx_word' id='word_1_225' title='bbox 2280 1826 2347 1866; x_wconf 79' lang='lat' dir='ltr'><strong>cx</strong></span> <span class='ocrx_word' id='word_1_226' title='bbox 2381 1812 2747 1881; x_wconf 82' lang='lat' dir='ltr'><strong>oppositurum</strong></span> <span class='ocrx_word' id='word_1_227' title='bbox 2797 1812 3196 1882; x_wconf 57' lang='lat' dir='ltr'><strong>comparatione</strong></span> <span class='ocrx_word' id='word_1_228' title='bbox 3247 1820 3302 1866; x_wconf 91' lang='lat' dir='ltr'><strong>et</strong></span> <span class='ocrx_word' id='word_1_229' title='bbox 3346 1812 3471 1866; x_wconf 80' lang='lat' dir='ltr'><strong>nni-</strong></span> 
     </span>
    </p>
   </div>
   <div class='ocr_carea' id='block_1_34' title="bbox 181 1902 1780 1972">
    <p class='ocr_par' dir='ltr' id='par_1_34' title="bbox 181 1902 1780 1972">
     <span class='ocr_line' id='line_1_34' title="bbox 181 1902 1780 1972; baseline 0.003 -17"><span class='ocrx_word' id='word_1_230' title='bbox 181 1914 414 1965; x_wconf 82' lang='lat' dir='ltr'><strong>remota,</strong></span> <span class='ocrx_word' id='word_1_231' title='bbox 441 1902 727 1972; x_wconf 90' lang='lat' dir='ltr'><strong>permittit.</strong></span> <span class='ocrx_word' id='word_1_232' title='bbox 762 1903 962 1958; x_wconf 88' lang='lat' dir='ltr'><strong>Eadem</strong></span> <span class='ocrx_word' id='word_1_233' title='bbox 996 1904 1133 1958; x_wconf 91' lang='lat' dir='ltr'><strong>ratio</strong></span> <span class='ocrx_word' id='word_1_234' title='bbox 1159 1912 1242 1959; x_wconf 91' lang='lat' dir='ltr'><strong>est</strong></span> <span class='ocrx_word' id='word_1_235' title='bbox 1270 1905 1337 1959; x_wconf 91' lang='lat' dir='ltr'><strong>de</strong></span> <span class='ocrx_word' id='word_1_236' title='bbox 1372 1905 1544 1959; x_wconf 89' lang='lat' dir='ltr'><strong>reditu</strong></span> <span class='ocrx_word' id='word_1_237' title='bbox 1580 1914 1780 1959; x_wconf 89' lang='lat' dir='ltr'><strong>morta-</strong></span> 
     </span>
    </p>
   </div>
   <div class='ocr_carea' id='block_1_35' title="bbox 181 1990 1773 2065">
    <p class='ocr_par' dir='ltr' id='par_1_35' title="bbox 181 1990 1773 2065">
     <span class='ocr_line' id='line_1_35' title="bbox 181 1990 1773 2065; baseline 0.001 -19"><span class='ocrx_word' id='word_1_238' title='bbox 181 1990 315 2047; x_wconf 89' lang='lat' dir='ltr'><strong>lium</strong></span> <span class='ocrx_word' id='word_1_239' title='bbox 337 1993 630 2059; x_wconf 84' lang='lat' dir='ltr'><strong>hominum,</strong></span> <span class='ocrx_word' id='word_1_240' title='bbox 663 1993 1022 2065; x_wconf 88' lang='lat' dir='ltr'><strong>qualicunque</strong></span> <span class='ocrx_word' id='word_1_241' title='bbox 1050 1994 1210 2049; x_wconf 89' lang='lat' dir='ltr'><strong>modo</strong></span> <span class='ocrx_word' id='word_1_242' title='bbox 1231 1993 1485 2050; x_wconf 88' lang='lat' dir='ltr'><strong>mortales</strong></span> <span class='ocrx_word' id='word_1_243' title='bbox 1507 1995 1773 2061; x_wconf 89' lang='lat' dir='ltr'><strong>dicantur,</strong></span> 
     </span>
    </p>
   </div>
   <div class='ocr_carea' id='block_1_36' title="bbox 179 2077 1775 2155">
    <p class='ocr_par' dir='ltr' id='par_1_36' title="bbox 179 2077 1775 2155">
     <span class='ocr_line' id='line_1_36' title="bbox 179 2077 1775 2155; baseline 0 -18"><span class='ocrx_word' id='word_1_244' title='bbox 179 2099 279 2138; x_wconf 86' lang='lat' dir='ltr'><strong>seu</strong></span> <span class='ocrx_word' id='word_1_245' title='bbox 311 2084 435 2153; x_wconf 87' lang='lat' dir='ltr'><strong>quia</strong></span> <span class='ocrx_word' id='word_1_246' title='bbox 465 2099 564 2139; x_wconf 87' lang='lat' dir='ltr'><strong>nec</strong></span> <span class='ocrx_word' id='word_1_247' title='bbox 590 2101 621 2139; x_wconf 91' lang='lat' dir='ltr'><strong>a</strong></span> <span class='ocrx_word' id='word_1_248' title='bbox 648 2077 838 2154; x_wconf 78' lang='lat' dir='ltr'><strong>seipsis</strong></span> <span class='ocrx_word' id='word_1_249' title='bbox 867 2100 968 2140; x_wconf 91' lang='lat' dir='ltr'><strong>uec</strong></span> <span class='ocrx_word' id='word_1_250' title='bbox 1006 2085 1061 2138; x_wconf 92' lang='lat' dir='ltr'><strong>in</strong></span> <span class='ocrx_word' id='word_1_251' title='bbox 1108 2085 1413 2155; x_wconf 84' lang='lat' dir='ltr'><strong>semetipsis</strong></span> <span class='ocrx_word' id='word_1_252' title='bbox 1457 2084 1775 2151; x_wconf 83' lang='lat' dir='ltr'><strong>subsistunt,</strong></span> 
     </span>
    </p>
   </div>
   <div class='ocr_carea' id='block_1_37' title="bbox 181 2164 1778 2251">
    <p class='ocr_par' dir='ltr' id='par_1_37' title="bbox 181 2164 1778 2251">
     <span class='ocr_line' id='line_1_37' title="bbox 181 2164 1778 2251; baseline 0.001 -19"><span class='ocrx_word' id='word_1_253' title='bbox 181 2195 280 2232; x_wconf 87' lang='lat' dir='ltr'><strong>seu</strong></span> <span class='ocrx_word' id='word_1_254' title='bbox 305 2179 427 2248; x_wconf 84' lang='lat' dir='ltr'><strong>quia</strong></span> <span class='ocrx_word' id='word_1_255' title='bbox 454 2194 625 2249; x_wconf 87' lang='lat' dir='ltr'><strong>pecua</strong></span> <span class='ocrx_word' id='word_1_256' title='bbox 647 2179 925 2251; x_wconf 83' lang='lat' dir='ltr'><strong>originalis</strong></span> <span class='ocrx_word' id='word_1_257' title='bbox 945 2164 1154 2249; x_wconf 85' lang='lat' dir='ltr'><strong>peccati</strong></span> <span class='ocrx_word' id='word_1_258' title='bbox 1185 2179 1513 2234; x_wconf 87' lang='lat' dir='ltr'><strong>mortalitate</strong></span> <span class='ocrx_word' id='word_1_259' title='bbox 1534 2179 1778 2247; x_wconf 89' lang='lat' dir='ltr'><strong>absorpti</strong></span> 
     </span>
    </p>
   </div>
   <div class='ocr_carea' id='block_1_38' title="bbox 181 2269 1776 2340">
    <p class='ocr_par' dir='ltr' id='par_1_38' title="bbox 181 2269 1776 2340">
     <span class='ocr_line' id='line_1_38' title="bbox 181 2269 1776 2340; baseline -0.001 -16"><span class='ocrx_word' id='word_1_260' title='bbox 181 2281 312 2324; x_wconf 86' lang='lat' dir='ltr'><strong>sunt</strong></span> <span class='ocrx_word' id='word_1_261' title='bbox 361 2272 414 2325; x_wconf 92' lang='lat' dir='ltr'><strong>in</strong></span> <span class='ocrx_word' id='word_1_262' title='bbox 469 2271 634 2324; x_wconf 86' lang='lat' dir='ltr'><strong>Deum</strong></span> <span class='ocrx_word' id='word_1_263' title='bbox 686 2285 877 2335; x_wconf 90' lang='lat' dir='ltr'><strong>suum,</strong></span> <span class='ocrx_word' id='word_1_264' title='bbox 942 2270 1034 2340; x_wconf 86' lang='lat' dir='ltr'><strong>qui</strong></span> <span class='ocrx_word' id='word_1_265' title='bbox 1094 2269 1243 2325; x_wconf 91' lang='lat' dir='ltr'><strong>solus</strong></span> <span class='ocrx_word' id='word_1_266' title='bbox 1308 2269 1628 2325; x_wconf 89' lang='lat' dir='ltr'><strong>immortalis</strong></span> <span class='ocrx_word' id='word_1_267' title='bbox 1674 2278 1776 2323; x_wconf 91' lang='grc' dir='ltr'>εει.</span> 
     </span>
    </p>
   </div>
   <div class='ocr_carea' id='block_1_39' title="bbox 184 2354 1776 2423">
    <p class='ocr_par' dir='ltr' id='par_1_39' title="bbox 184 2354 1776 2423">
     <span class='ocr_line' id='line_1_39' title="bbox 184 2354 1776 2423; baseline -0.001 -10"><span class='ocrx_word' id='word_1_268' title='bbox 184 2359 304 2413; x_wconf 76' lang='lat' dir='ltr'><strong>Non</strong></span> <span class='ocrx_word' id='word_1_269' title='bbox 335 2359 477 2412; x_wconf 87' lang='lat' dir='ltr'><strong>enim</strong></span> <span class='ocrx_word' id='word_1_270' title='bbox 505 2358 821 2412; x_wconf 83' lang='lat' dir='ltr'><strong>cenveuiret</strong></span> <span class='ocrx_word' id='word_1_271' title='bbox 860 2354 1183 2412; x_wconf 89' lang='lat' dir='ltr'><strong>immortalis</strong></span> <span class='ocrx_word' id='word_1_272' title='bbox 1225 2357 1502 2413; x_wconf 88' lang='lat' dir='ltr'><strong>Creatoris</strong></span> <span class='ocrx_word' id='word_1_273' title='bbox 1523 2357 1776 2423; x_wconf 85' lang='lat' dir='ltr'><strong>bonitati,</strong></span> 
     </span>
    </p>
   </div>
   <div class='ocr_carea' id='block_1_40' title="bbox 184 2445 1781 2519">
    <p class='ocr_par' dir='ltr' id='par_1_40' title="bbox 184 2445 1781 2519">
     <span class='ocr_line' id='line_1_40' title="bbox 184 2445 1781 2519; baseline 0.001 -19"><span class='ocrx_word' id='word_1_274' title='bbox 184 2447 477 2519; x_wconf 81' lang='lat' dir='ltr'><strong>imaginem</strong></span> <span class='ocrx_word' id='word_1_275' title='bbox 509 2462 663 2501; x_wconf 90' lang='lat' dir='ltr'><strong>suam</strong></span> <span class='ocrx_word' id='word_1_276' title='bbox 703 2456 925 2502; x_wconf 90' lang='lat' dir='ltr'><strong>aeterna</strong></span> <span class='ocrx_word' id='word_1_277' title='bbox 958 2454 1132 2501; x_wconf 90' lang='lat' dir='ltr'><strong>morte</strong></span> <span class='ocrx_word' id='word_1_278' title='bbox 1166 2446 1414 2501; x_wconf 87' lang='lat' dir='ltr'><strong>detineri.</strong></span> <span class='ocrx_word' id='word_1_279' title='bbox 1457 2445 1591 2500; x_wconf 85' lang='lat' dir='ltr'><strong>Nam</strong></span> <span class='ocrx_word' id='word_1_280' title='bbox 1636 2447 1781 2516; x_wconf 90' lang='lat' dir='ltr'><strong>quod</strong></span> 
     </span>
    </p>
   </div>
   <div class='ocr_carea' id='block_1_41' title="bbox 184 2534 1780 2606">
    <p class='ocr_par' dir='ltr' id='par_1_41' title="bbox 184 2534 1780 2606">
     <span class='ocr_line' id='line_1_41' title="bbox 184 2534 1780 2606; baseline 0 -15"><span class='ocrx_word' id='word_1_281' title='bbox 184 2552 310 2591; x_wconf 83' lang='lat' dir='ltr'><strong>eam</strong></span> <span class='ocrx_word' id='word_1_282' title='bbox 359 2540 552 2591; x_wconf 87' lang='lat' dir='ltr'><strong>merito</strong></span> <span class='ocrx_word' id='word_1_283' title='bbox 592 2551 879 2606; x_wconf 87' lang='lat' dir='ltr'><strong>perversae</strong></span> <span class='ocrx_word' id='word_1_284' title='bbox 926 2551 1058 2591; x_wconf 91' lang='lat' dir='ltr'><strong>suae</strong></span> <span class='ocrx_word' id='word_1_285' title='bbox 1106 2536 1122 2567; x_wconf 84' lang='grc'>¹</span> <span class='ocrx_word' id='word_1_286' title='bbox 1174 2534 1485 2602; x_wconf 87' lang='lat' dir='ltr'><strong>voluntatis,</strong></span> <span class='ocrx_word' id='word_1_287' title='bbox 1528 2552 1635 2605; x_wconf 87' lang='lat' dir='ltr'><strong>qua</strong></span> <span class='ocrx_word' id='word_1_288' title='bbox 1677 2536 1780 2591; x_wconf 91' lang='lat' dir='ltr'><strong>sibi</strong></span> 
     </span>
    </p>
   </div>
   <div class='ocr_carea' id='block_1_42' title="bbox 184 2622 1779 2693">
    <p class='ocr_par' dir='ltr' id='par_1_42' title="bbox 184 2622 1779 2693">
     <span class='ocr_line' id='line_1_42' title="bbox 184 2622 1779 2693; baseline -0.002 -15"><span class='ocrx_word' id='word_1_289' title='bbox 184 2623 409 2679; x_wconf 89' lang='lat' dir='ltr'><strong>obedire</strong></span> <span class='ocrx_word' id='word_1_290' title='bbox 430 2624 696 2690; x_wconf 86' lang='lat' dir='ltr'><strong>noluerat,</strong></span> <span class='ocrx_word' id='word_1_291' title='bbox 732 2623 1014 2680; x_wconf 90' lang='lat' dir='ltr'><strong>mortalem</strong></span> <span class='ocrx_word' id='word_1_292' title='bbox 1034 2622 1150 2677; x_wconf 81' lang='lat' dir='ltr'><strong>ﬁeri</strong></span> <span class='ocrx_word' id='word_1_293' title='bbox 1176 2623 1417 2693; x_wconf 90' lang='lat' dir='ltr'><strong>morique</strong></span> <span class='ocrx_word' id='word_1_294' title='bbox 1438 2623 1779 2692; x_wconf 85' lang='lat' dir='ltr'><strong>permiserat,</strong></span> 
     </span>
    </p>
   </div>
   <div class='ocr_carea' id='block_1_43' title="bbox 189 2713 1780 2786">
    <p class='ocr_par' dir='ltr' id='par_1_43' title="bbox 189 2713 1780 2786">
     <span class='ocr_line' id='line_1_43' title="bbox 189 2713 1780 2786; baseline -0.001 -17"><span class='ocrx_word' id='word_1_295' title='bbox 189 2716 315 2786; x_wconf 87' lang='lat' dir='ltr'><strong>plus</strong></span> <span class='ocrx_word' id='word_1_296' title='bbox 345 2714 744 2771; x_wconf 83' lang='lat' dir='ltr'><strong>misericordiae</strong></span> <span class='ocrx_word' id='word_1_297' title='bbox 768 2730 898 2770; x_wconf 89' lang='lat' dir='ltr'><strong>suae</strong></span> <span class='ocrx_word' id='word_1_298' title='bbox 916 2723 938 2754; x_wconf 68' lang='grc'><strong><em>’</em></strong></span> <span class='ocrx_word' id='word_1_299' title='bbox 958 2729 1118 2785; x_wconf 90' lang='lat' dir='ltr'><strong>quam</strong></span> <span class='ocrx_word' id='word_1_300' title='bbox 1142 2713 1411 2769; x_wconf 90' lang='lat' dir='ltr'><strong>vindictae</strong></span> <span class='ocrx_word' id='word_1_301' title='bbox 1448 2713 1780 2769; x_wconf 79' lang='lat' dir='ltr'><strong>manifestat.</strong></span> 
     </span>
    </p>
   </div>
   <div class='ocr_carea' id='block_1_44' title="bbox 190 2804 1783 2876">
    <p class='ocr_par' dir='ltr' id='par_1_44' title="bbox 190 2804 1783 2876">
     <span class='ocr_line' id='line_1_44' title="bbox 190 2804 1783 2876; baseline -0.002 -16"><span class='ocrx_word' id='word_1_302' title='bbox 190 2804 473 2875; x_wconf 89' lang='lat' dir='ltr'><strong>Siquidem</strong></span> <span class='ocrx_word' id='word_1_303' title='bbox 523 2806 796 2876; x_wconf 79' lang='lat' dir='ltr'><strong>corrigere</strong></span> <span class='ocrx_word' id='word_1_304' title='bbox 835 2819 980 2870; x_wconf 90' lang='lat' dir='ltr'><strong>eam,</strong></span> <span class='ocrx_word' id='word_1_305' title='bbox 1013 2814 1424 2874; x_wconf 87' lang='lat' dir='ltr'><strong>correctamque</strong></span> <span class='ocrx_word' id='word_1_306' title='bbox 1450 2804 1517 2859; x_wconf 91' lang='lat' dir='ltr'><strong>ad</strong></span> <span class='ocrx_word' id='word_1_307' title='bbox 1548 2804 1783 2873; x_wconf 89' lang='lat' dir='ltr'><strong>seipsam</strong></span> 
     </span>
    </p>
   </div>
   <div class='ocr_carea' id='block_1_45' title="bbox 191 2890 1785 2964">
    <p class='ocr_par' dir='ltr' id='par_1_45' title="bbox 191 2890 1785 2964">
     <span class='ocr_line' id='line_1_45' title="bbox 191 2890 1785 2964; baseline -0.002 -16"><span class='ocrx_word' id='word_1_308' title='bbox 191 2907 474 2958; x_wconf 86' lang='lat' dir='ltr'><strong>revocare,</strong></span> <span class='ocrx_word' id='word_1_309' title='bbox 503 2908 607 2947; x_wconf 91' lang='lat' dir='ltr'><strong>non</strong></span> <span class='ocrx_word' id='word_1_310' title='bbox 633 2902 814 2948; x_wconf 90' lang='lat' dir='ltr'><strong>autem</strong></span> <span class='ocrx_word' id='word_1_311' title='bbox 844 2892 1221 2959; x_wconf 75' lang='lat' dir='ltr'><strong>incorrectum,</strong></span> <span class='ocrx_word' id='word_1_312' title='bbox 1246 2906 1567 2964; x_wconf 84' lang='lat' dir='ltr'><strong>semperque</strong></span> <span class='ocrx_word' id='word_1_313' title='bbox 1596 2890 1785 2962; x_wconf 80' lang='lat' dir='ltr'><strong>expul-</strong></span> 
     </span>
    </p>
   </div>
   <div class='ocr_carea' id='block_1_46' title="bbox 191 2984 1783 3056">
    <p class='ocr_par' dir='ltr' id='par_1_46' title="bbox 191 2984 1783 3056">
     <span class='ocr_line' id='line_1_46' title="bbox 191 2984 1783 3056; baseline -0.001 -15"><span class='ocrx_word' id='word_1_314' title='bbox 191 3001 311 3041; x_wconf 86' lang='lat' dir='ltr'><strong>sam</strong></span> <span class='ocrx_word' id='word_1_315' title='bbox 333 2994 382 3040; x_wconf 90' lang='lat' dir='ltr'><strong>et</strong></span> <span class='ocrx_word' id='word_1_316' title='bbox 418 2985 470 3039; x_wconf 94' lang='lat' dir='ltr'><strong>in</strong></span> <span class='ocrx_word' id='word_1_317' title='bbox 498 2984 766 3040; x_wconf 79' lang='lat' dir='ltr'><strong>inﬁnitum</strong></span> <span class='ocrx_word' id='word_1_318' title='bbox 797 2984 1102 3056; x_wconf 88' lang='lat' dir='ltr'><strong>elongatam</strong></span> <span class='ocrx_word' id='word_1_319' title='bbox 1126 2984 1147 3016; x_wconf 83' lang='grc'>³</span> <span class='ocrx_word' id='word_1_320' title='bbox 1172 2984 1363 3040; x_wconf 91' lang='lat' dir='ltr'><strong>voluit.</strong></span> <span class='ocrx_word' id='word_1_321' title='bbox 1404 2984 1463 3039; x_wconf 89' lang='lat' dir='ltr'><strong>Si</strong></span> <span class='ocrx_word' id='word_1_322' title='bbox 1507 2985 1689 3055; x_wconf 89' lang='lat' dir='ltr'><strong>itaque</strong></span> <span class='ocrx_word' id='word_1_323' title='bbox 1716 2985 1783 3040; x_wconf 92' lang='lat' dir='ltr'><strong>de</strong></span> 
     </span>
    </p>
   </div>
   <div class='ocr_carea' id='block_1_47' title="bbox 195 3077 1779 3148">
    <p class='ocr_par' dir='ltr' id='par_1_47' title="bbox 195 3077 1779 3148">
     <span class='ocr_line' id='line_1_47' title="bbox 195 3077 1779 3148; baseline 0 -16"><span class='ocrx_word' id='word_1_324' title='bbox 195 3078 392 3133; x_wconf 90' lang='lat' dir='ltr'><strong>talibus</strong></span> <span class='ocrx_word' id='word_1_325' title='bbox 409 3094 534 3142; x_wconf 91' lang='lat' dir='ltr'><strong>non,</strong></span> <span class='ocrx_word' id='word_1_326' title='bbox 557 3079 824 3148; x_wconf 88' lang='lat' dir='ltr'><strong>quomodo</strong></span> <span class='ocrx_word' id='word_1_327' title='bbox 839 3078 983 3134; x_wconf 87' lang='lat' dir='ltr'><strong>facta</strong></span> <span class='ocrx_word' id='word_1_328' title='bbox 1004 3086 1147 3143; x_wconf 91' lang='lat' dir='ltr'><strong>sunt,</strong></span> <span class='ocrx_word' id='word_1_329' title='bbox 1162 3078 1256 3134; x_wconf 92' lang='lat' dir='ltr'><strong>sed</strong></span> <span class='ocrx_word' id='word_1_330' title='bbox 1276 3092 1383 3147; x_wconf 87' lang='lat' dir='ltr'><strong>qua</strong></span> <span class='ocrx_word' id='word_1_331' title='bbox 1404 3077 1614 3132; x_wconf 89' lang='lat' dir='ltr'><strong>ratione</strong></span> <span class='ocrx_word' id='word_1_332' title='bbox 1634 3077 1779 3132; x_wconf 32' lang='lat' dir='ltr'><strong>facta</strong></span> 
     </span>
    </p>
   </div>
   <div class='ocr_carea' id='block_1_48' title="bbox 190 3166 1785 3239">
    <p class='ocr_par' dir='ltr' id='par_1_48' title="bbox 190 3166 1785 3239">
     <span class='ocr_line' id='line_1_48' title="bbox 190 3166 1785 3239; baseline 0 -18"><span class='ocrx_word' id='word_1_333' title='bbox 190 3175 342 3233; x_wconf 87' lang='lat' dir='ltr'><strong>sunt,</strong></span> <span class='ocrx_word' id='word_1_334' title='bbox 367 3168 581 3221; x_wconf 91' lang='lat' dir='ltr'><strong>conaris</strong></span> <span class='ocrx_word' id='word_1_335' title='bbox 610 3175 883 3232; x_wconf 89' lang='lat' dir='ltr'><strong>astruere;</strong></span> <span class='ocrx_word' id='word_1_336' title='bbox 914 3182 1078 3221; x_wconf 89' lang='lat' dir='ltr'><strong>unum</strong></span> <span class='ocrx_word' id='word_1_337' title='bbox 1100 3166 1298 3237; x_wconf 86' lang='lat' dir='ltr'><strong>quippe</strong></span> <span class='ocrx_word' id='word_1_338' title='bbox 1320 3181 1536 3221; x_wconf 90' lang='lat' dir='ltr'><strong>omnem</strong></span> <span class='ocrx_word' id='word_1_339' title='bbox 1563 3174 1785 3239; x_wconf 88' lang='lat' dir='ltr'><strong>superat</strong></span> 
     </span>
    </p>
   </div>
   <div class='ocr_carea' id='block_1_49' title="bbox 193 3256 1781 3328">
    <p class='ocr_par' dir='ltr' id='par_1_49' title="bbox 193 3256 1781 3328">
     <span class='ocr_line' id='line_1_49' title="bbox 193 3256 1781 3328; baseline 0 -16"><span class='ocrx_word' id='word_1_340' title='bbox 193 3256 546 3324; x_wconf 88' lang='lat' dir='ltr'><strong>iutellectmn,</strong></span> <span class='ocrx_word' id='word_1_341' title='bbox 568 3258 798 3313; x_wconf 90' lang='lat' dir='ltr'><strong>alterum</strong></span> <span class='ocrx_word' id='word_1_342' title='bbox 831 3257 1226 3328; x_wconf 89' lang='lat' dir='ltr'><strong>quodammodo</strong></span> <span class='ocrx_word' id='word_1_343' title='bbox 1252 3256 1563 3313; x_wconf 83' lang='lat' dir='ltr'><strong>theoreticis</strong></span> <span class='ocrx_word' id='word_1_344' title='bbox 1589 3271 1781 3328; x_wconf 86' lang='lat' dir='ltr'><strong>specu-</strong></span> 
     </span>
    </p>
   </div>
   <div class='ocr_carea' id='block_1_50' title="bbox 192 3345 1785 3419">
    <p class='ocr_par' dir='ltr' id='par_1_50' title="bbox 192 3345 1785 3419">
     <span class='ocr_line' id='line_1_50' title="bbox 192 3345 1785 3419; baseline 0 -18"><span class='ocrx_word' id='word_1_345' title='bbox 192 3346 491 3403; x_wconf 87' lang='lat' dir='ltr'><strong>lationibus</strong></span> <span class='ocrx_word' id='word_1_346' title='bbox 529 3345 1014 3419; x_wconf 87' lang='lat' dir='ltr'><strong>comprehensibile</strong></span> <span class='ocrx_word' id='word_1_347' title='bbox 1034 3345 1057 3377; x_wconf 70' lang='grc'>⁸</span> <span class='ocrx_word' id='word_1_348' title='bbox 1084 3361 1191 3401; x_wconf 92' lang='lat' dir='ltr'><strong>non</strong></span> <span class='ocrx_word' id='word_1_349' title='bbox 1217 3347 1534 3419; x_wconf 81' lang='lat' dir='ltr'><strong>denegatur,</strong></span> <span class='ocrx_word' id='word_1_350' title='bbox 1557 3355 1616 3402; x_wconf 93' lang='lat' dir='ltr'><strong>ut</strong></span> <span class='ocrx_word' id='word_1_351' title='bbox 1642 3346 1785 3402; x_wconf 82' lang='lat' dir='ltr'><strong>nulla</strong></span> 
     </span>
    </p>
   </div>
   <div class='ocr_carea' id='block_1_51' title="bbox 194 3438 1785 3511">
    <p class='ocr_par' dir='ltr' id='par_1_51' title="bbox 194 3438 1785 3511">
     <span class='ocr_line' id='line_1_51' title="bbox 194 3438 1785 3511; baseline 0.001 -17"><span class='ocrx_word' id='word_1_352' title='bbox 194 3440 265 3494; x_wconf 88' lang='lat' dir='ltr'><strong>de</strong></span> <span class='ocrx_word' id='word_1_353' title='bbox 294 3454 359 3494; x_wconf 88' lang='lat' dir='ltr'><strong>eo</strong></span> <span class='ocrx_word' id='word_1_354' title='bbox 381 3438 527 3494; x_wconf 87' lang='lat' dir='ltr'><strong>reddi</strong></span> <span class='ocrx_word' id='word_1_355' title='bbox 557 3439 728 3511; x_wconf 89' lang='lat' dir='ltr'><strong>possit</strong></span> <span class='ocrx_word' id='word_1_356' title='bbox 755 3439 932 3495; x_wconf 89' lang='lat' dir='ltr'><strong>ratio:</strong></span> <span class='ocrx_word' id='word_1_357' title='bbox 963 3447 1018 3495; x_wconf 91' lang='grc' dir='ltr'><strong>ει</strong></span> <span class='ocrx_word' id='word_1_358' title='bbox 1051 3453 1151 3511; x_wconf 91' lang='lat' dir='ltr'><strong>ego</strong></span> <span class='ocrx_word' id='word_1_359' title='bbox 1181 3440 1491 3497; x_wconf 89' lang='lat' dir='ltr'><strong>nonnullam</strong></span> <span class='ocrx_word' id='word_1_360' title='bbox 1521 3441 1785 3496; x_wconf 73' lang='lat' dir='ltr'><strong>rationem</strong></span> 
     </span>
    </p>
   </div>
   <div class='ocr_carea' id='block_1_52' title="bbox 191 3527 1788 3599">
    <p class='ocr_par' dir='ltr' id='par_1_52' title="bbox 191 3527 1788 3599">
     <span class='ocr_line' id='line_1_52' title="bbox 191 3527 1788 3599; baseline -0.001 -14"><span class='ocrx_word' id='word_1_361' title='bbox 191 3529 265 3585; x_wconf 86' lang='lat' dir='ltr'><strong>de</strong></span> <span class='ocrx_word' id='word_1_362' title='bbox 306 3528 574 3599; x_wconf 90' lang='lat' dir='ltr'><strong>praesenti</strong></span> <span class='ocrx_word' id='word_1_363' title='bbox 618 3528 935 3598; x_wconf 87' lang='lat' dir='ltr'><strong>quaestione</strong></span> <span class='ocrx_word' id='word_1_364' title='bbox 978 3528 1216 3584; x_wconf 90' lang='lat' dir='ltr'><strong>conabor</strong></span> <span class='ocrx_word' id='word_1_365' title='bbox 1256 3529 1502 3584; x_wconf 85' lang='lat' dir='ltr'><strong>reddere.</strong></span> <span class='ocrx_word' id='word_1_366' title='bbox 1561 3527 1788 3585; x_wconf 83' lang='lat' dir='ltr'><strong>Videtur</strong></span> 
     </span>
    </p>
   </div>
   <div class='ocr_carea' id='block_1_53' title="bbox 189 3608 1788 3690">
    <p class='ocr_par' dir='ltr' id='par_1_53' title="bbox 189 3608 1788 3690">
     <span class='ocr_line' id='line_1_53' title="bbox 189 3608 1788 3690; baseline -0.001 -16"><span class='ocrx_word' id='word_1_367' title='bbox 189 3618 343 3674; x_wconf 87' lang='lat' dir='ltr'><strong>enim</strong></span> <span class='ocrx_word' id='word_1_368' title='bbox 392 3617 524 3673; x_wconf 90' lang='lat' dir='ltr'><strong>mihi</strong></span> <span class='ocrx_word' id='word_1_369' title='bbox 584 3627 869 3690; x_wconf 87' lang='lat' dir='ltr'><strong>propterea</strong></span> <span class='ocrx_word' id='word_1_370' title='bbox 915 3617 1078 3673; x_wconf 90' lang='lat' dir='ltr'><strong>totius</strong></span> <span class='ocrx_word' id='word_1_371' title='bbox 1126 3608 1495 3673; x_wconf 86' lang='lat' dir='ltr'><strong>universitatis</strong></span> <span class='ocrx_word' id='word_1_372' title='bbox 1539 3619 1788 3674; x_wconf 89' lang='lat' dir='ltr'><strong>conditae</strong></span> 
     </span>
    </p>
   </div>
   <div class='ocr_carea' id='block_1_54' title="bbox 189 3708 1788 3779">
    <p class='ocr_par' dir='ltr' id='par_1_54' title="bbox 189 3708 1788 3779">
     <span class='ocr_line' id='line_1_54' title="bbox 189 3708 1788 3779; baseline -0.003 -13"><span class='ocrx_word' id='word_1_373' title='bbox 189 3710 513 3766; x_wconf 87' lang='lat' dir='ltr'><strong>Creatorem</strong></span> <span class='ocrx_word' id='word_1_374' title='bbox 540 3717 595 3765; x_wconf 92' lang='lat' dir='ltr'><strong>et</strong></span> <span class='ocrx_word' id='word_1_375' title='bbox 625 3709 993 3765; x_wconf 88' lang='lat' dir='ltr'><strong>ordinatorem</strong></span> <span class='ocrx_word' id='word_1_376' title='bbox 1030 3708 1427 3764; x_wconf 89' lang='lat' dir='ltr'><strong>irrationabiles</strong></span> <span class='ocrx_word' id='word_1_377' title='bbox 1456 3719 1634 3764; x_wconf 91' lang='lat' dir='ltr'><strong>motus</strong></span> <span class='ocrx_word' id='word_1_378' title='bbox 1663 3724 1788 3779; x_wconf 90' lang='lat' dir='ltr'><strong>per-</strong></span> 
     </span>
    </p>
   </div>
   <div class='ocr_carea' id='block_1_55' title="bbox 189 3797 1788 3869">
    <p class='ocr_par' dir='ltr' id='par_1_55' title="bbox 189 3797 1788 3869">
     <span class='ocr_line' id='line_1_55' title="bbox 189 3797 1788 3869; baseline -0.001 -14"><span class='ocrx_word' id='word_1_379' title='bbox 189 3814 389 3855; x_wconf 86' lang='lat' dir='ltr'><strong>versae</strong></span> <span class='ocrx_word' id='word_1_380' title='bbox 410 3798 670 3855; x_wconf 90' lang='lat' dir='ltr'><strong>malorum</strong></span> <span class='ocrx_word' id='word_1_381' title='bbox 692 3808 747 3855; x_wconf 91' lang='lat' dir='ltr'><strong>et</strong></span> <span class='ocrx_word' id='word_1_382' title='bbox 771 3799 1048 3854; x_wconf 90' lang='lat' dir='ltr'><strong>hominum</strong></span> <span class='ocrx_word' id='word_1_383' title='bbox 1078 3807 1134 3853; x_wconf 90' lang='lat' dir='ltr'><strong>et</strong></span> <span class='ocrx_word' id='word_1_384' title='bbox 1161 3797 1474 3869; x_wconf 77' lang='lat' dir='ltr'><strong>angelorum</strong></span> <span class='ocrx_word' id='word_1_385' title='bbox 1496 3797 1788 3854; x_wconf 86' lang='lat' dir='ltr'><strong>voluntatis</strong></span> 
     </span>
    </p>
   </div>
   <div class='ocr_carea' id='block_1_56' title="bbox 191 3888 1788 3961">
    <p class='ocr_par' dir='ltr' id='par_1_56' title="bbox 191 3888 1788 3961">
     <span class='ocr_line' id='line_1_56' title="bbox 191 3888 1788 3961; baseline -0.001 -14"><span class='ocrx_word' id='word_1_386' title='bbox 191 3893 341 3948; x_wconf 90' lang='lat' dir='ltr'><strong>intra</strong></span> <span class='ocrx_word' id='word_1_387' title='bbox 363 3905 483 3945; x_wconf 89' lang='lat' dir='ltr'><strong>eam</strong></span> <span class='ocrx_word' id='word_1_388' title='bbox 505 3891 684 3961; x_wconf 91' lang='lat' dir='ltr'><strong>puniri</strong></span> <span class='ocrx_word' id='word_1_389' title='bbox 714 3890 922 3954; x_wconf 89' lang='lat' dir='ltr'><strong>sivisse,</strong></span> <span class='ocrx_word' id='word_1_390' title='bbox 973 3890 1089 3960; x_wconf 89' lang='lat' dir='ltr'><strong>ipsa</strong></span> <span class='ocrx_word' id='word_1_391' title='bbox 1135 3888 1388 3944; x_wconf 85' lang='lat' dir='ltr'><strong>videlicet</strong></span> <span class='ocrx_word' id='word_1_392' title='bbox 1436 3888 1788 3945; x_wconf 89' lang='lat' dir='ltr'><strong>universitate</strong></span> 
     </span>
    </p>
   </div>
   <div class='ocr_carea' id='block_1_57' title="bbox 190 3978 1789 4051">
    <p class='ocr_par' dir='ltr' id='par_1_57' title="bbox 190 3978 1789 4051">
     <span class='ocr_line' id='line_1_57' title="bbox 190 3978 1789 4051; baseline -0.003 -13"><span class='ocrx_word' id='word_1_393' title='bbox 190 3983 452 4039; x_wconf 86' lang='lat' dir='ltr'><strong>omnibus</strong></span> <span class='ocrx_word' id='word_1_394' title='bbox 478 3981 764 4037; x_wconf 88' lang='lat' dir='ltr'><strong>contrariis</strong></span> <span class='ocrx_word' id='word_1_395' title='bbox 803 3979 1147 4051; x_wconf 87' lang='lat' dir='ltr'><strong>passionibus</strong></span> <span class='ocrx_word' id='word_1_396' title='bbox 1176 3978 1423 4034; x_wconf 88' lang='lat' dir='ltr'><strong>absoluta</strong></span> <span class='ocrx_word' id='word_1_397' title='bbox 1456 3978 1789 4049; x_wconf 86' lang='lat' dir='ltr'><strong>omninoque</strong></span> 
     </span>
    </p>
   </div>
   <div class='ocr_carea' id='block_1_58' title="bbox 192 4065 1792 4141">
    <p class='ocr_par' dir='ltr' id='par_1_58' title="bbox 192 4065 1792 4141">
     <span class='ocr_line' id='line_1_58' title="bbox 192 4065 1792 4141; baseline -0.003 -13"><span class='ocrx_word' id='word_1_398' title='bbox 192 4072 371 4128; x_wconf 88' lang='lat' dir='ltr'><strong>libera</strong></span> <span class='ocrx_word' id='word_1_399' title='bbox 415 4086 630 4141; x_wconf 83' lang='lat' dir='ltr'><strong>semper</strong></span> <span class='ocrx_word' id='word_1_400' title='bbox 675 4068 1018 4133; x_wconf 87' lang='lat' dir='ltr'><strong>subsistente,</strong></span> <span class='ocrx_word' id='word_1_401' title='bbox 1074 4077 1129 4122; x_wconf 89' lang='lat' dir='ltr'><strong>ut</strong></span> <span class='ocrx_word' id='word_1_402' title='bbox 1175 4081 1241 4123; x_wconf 77' lang='lat' dir='ltr'><strong>ea:</strong></span> <span class='ocrx_word' id='word_1_403' title='bbox 1293 4065 1604 4132; x_wconf 78' lang='lat' dir='ltr'><strong>collatione,</strong></span> <span class='ocrx_word' id='word_1_404' title='bbox 1650 4068 1792 4123; x_wconf 88' lang='lat' dir='ltr'><strong>sicut</strong></span> 
     </span>
    </p>
   </div>
   <div class='ocr_carea' id='block_1_59' title="bbox 191 4154 1791 4232">
    <p class='ocr_par' dir='ltr' id='par_1_59' title="bbox 191 4154 1791 4232">
     <span class='ocr_line' id='line_1_59' title="bbox 191 4154 1791 4232; baseline -0.005 -14"><span class='ocrx_word' id='word_1_405' title='bbox 191 4164 278 4219; x_wconf 89' lang='lat' dir='ltr'><strong>ait</strong></span> <span class='ocrx_word' id='word_1_406' title='bbox 301 4168 519 4217; x_wconf 88' lang='lat' dir='ltr'><strong>sanctus</strong></span> <span class='ocrx_word' id='word_1_407' title='bbox 543 4159 893 4232; x_wconf 78' lang='lat' dir='ltr'><strong>Augustinus,</strong></span> <span class='ocrx_word' id='word_1_408' title='bbox 917 4174 1186 4228; x_wconf 74' lang='lat' dir='ltr'><strong>perversae</strong></span> <span class='ocrx_word' id='word_1_409' title='bbox 1210 4155 1491 4211; x_wconf 81' lang='lat' dir='ltr'><strong>voluntatis</strong></span> <span class='ocrx_word' id='word_1_410' title='bbox 1512 4154 1791 4226; x_wconf 87' lang='lat' dir='ltr'><strong>impiorum</strong></span> 
     </span>
    </p>
   </div>
   <div class='ocr_carea' id='block_1_60' title="bbox 193 4242 1790 4315">
    <p class='ocr_par' dir='ltr' id='par_1_60' title="bbox 193 4242 1790 4315">
     <span class='ocr_line' id='line_1_60' title="bbox 193 4242 1790 4315; baseline -0.004 -8"><span class='ocrx_word' id='word_1_411' title='bbox 193 4251 510 4307; x_wconf 81' lang='lat' dir='ltr'><strong>laudaretur</strong></span> <span class='ocrx_word' id='word_1_412' title='bbox 561 4259 608 4304; x_wconf 88' lang='lat' dir='ltr'><strong>et</strong></span> <span class='ocrx_word' id='word_1_413' title='bbox 663 4247 987 4303; x_wconf 72' lang='lat' dir='ltr'><strong>exaltaretur</strong></span> <span class='ocrx_word' id='word_1_414' title='bbox 1046 4256 1163 4301; x_wconf 87' lang='lat' dir='ltr'><strong>rata</strong></span> <span class='ocrx_word' id='word_1_415' title='bbox 1216 4243 1452 4300; x_wconf 77' lang='lat' dir='ltr'><strong>voluntas</strong></span> <span class='ocrx_word' id='word_1_416' title='bbox 1499 4242 1790 4315; x_wconf 83' lang='lat' dir='ltr'><strong>justorum.</strong></span> 
     </span>
    </p>
   </div>
   <div class='ocr_carea' id='block_1_61' title="bbox 194 4335 1794 4409">
    <p class='ocr_par' dir='ltr' id='par_1_61' title="bbox 194 4335 1794 4409">
     <span class='ocr_line' id='line_1_61' title="bbox 194 4335 1794 4409; baseline -0.005 -14"><span class='ocrx_word' id='word_1_417' title='bbox 194 4338 434 4404; x_wconf 82' lang='lat' dir='ltr'><strong>Etenim,</strong></span> <span class='ocrx_word' id='word_1_418' title='bbox 465 4347 524 4393; x_wconf 91' lang='lat' dir='ltr'><strong>ut</strong></span> <span class='ocrx_word' id='word_1_419' title='bbox 556 4338 672 4409; x_wconf 90' lang='lat' dir='ltr'><strong>ipse</strong></span> <span class='ocrx_word' id='word_1_420' title='bbox 696 4339 795 4403; x_wconf 84' lang='lat' dir='ltr'><strong>ait,</strong></span> <span class='ocrx_word' id='word_1_421' title='bbox 818 4337 1025 4408; x_wconf 87' lang='lat' dir='ltr'><strong>nigrum</strong></span> <span class='ocrx_word' id='word_1_422' title='bbox 1053 4335 1278 4391; x_wconf 86' lang='lat' dir='ltr'><strong>colorem</strong></span> <span class='ocrx_word' id='word_1_423' title='bbox 1307 4336 1444 4390; x_wconf 84' lang='lat' dir='ltr'><strong>inter</strong></span> <span class='ocrx_word' id='word_1_424' title='bbox 1479 4343 1677 4389; x_wconf 82' lang='lat' dir='ltr'><strong>ceteros</strong></span> <span class='ocrx_word' id='word_1_425' title='bbox 1708 4349 1794 4388; x_wconf 85' lang='lat' dir='ltr'><strong>eo-</strong></span> 
     </span>
    </p>
   </div>
   <div class='ocr_carea' id='block_1_62' title="bbox 192 4427 1791 4502">
    <p class='ocr_par' dir='ltr' id='par_1_62' title="bbox 192 4427 1791 4502">
     <span class='ocr_line' id='line_1_62' title="bbox 192 4427 1791 4502; baseline -0.004 -13"><span class='ocrx_word' id='word_1_426' title='bbox 192 4434 340 4489; x_wconf 85' lang='lat' dir='ltr'><strong>lores</strong></span> <span class='ocrx_word' id='word_1_427' title='bbox 361 4449 448 4487; x_wconf 87' lang='lat' dir='ltr'><strong>ars</strong></span> <span class='ocrx_word' id='word_1_428' title='bbox 471 4433 704 4502; x_wconf 83' lang='lat' dir='ltr'><strong>picturae</strong></span> <span class='ocrx_word' id='word_1_429' title='bbox 723 4431 1002 4495; x_wconf 70' lang='lat' dir='ltr'><strong>interserit,</strong></span> <span class='ocrx_word' id='word_1_430' title='bbox 1031 4438 1088 4483; x_wconf 86' lang='lat' dir='ltr'><strong>ut</strong></span> <span class='ocrx_word' id='word_1_431' title='bbox 1114 4445 1179 4485; x_wconf 71' lang='lat' dir='ltr'><strong>ex</strong></span> <span class='ocrx_word' id='word_1_432' title='bbox 1197 4428 1587 4499; x_wconf 73' lang='lat' dir='ltr'><strong>comparatione</strong></span> <span class='ocrx_word' id='word_1_433' title='bbox 1607 4427 1791 4501; x_wconf 83' lang='lat' dir='ltr'><strong>ipsius,</strong></span> 
     </span>
    </p>
   </div>
   <div class='ocr_carea' id='block_1_63' title="bbox 193 4521 1796 4595">
    <p class='ocr_par' dir='ltr' id='par_1_63' title="bbox 193 4521 1796 4595">
     <span class='ocr_line' id='line_1_63' title="bbox 193 4521 1796 4595; baseline -0.002 -16"><span class='ocrx_word' id='word_1_434' title='bbox 193 4524 329 4580; x_wconf 81' lang='lat' dir='ltr'><strong>dum</strong></span> <span class='ocrx_word' id='word_1_435' title='bbox 359 4524 609 4578; x_wconf 85' lang='lat' dir='ltr'><strong>obscurus</strong></span> <span class='ocrx_word' id='word_1_436' title='bbox 642 4522 889 4587; x_wconf 82' lang='lat' dir='ltr'><strong>cernitur,</strong></span> <span class='ocrx_word' id='word_1_437' title='bbox 920 4522 1144 4577; x_wconf 86' lang='lat' dir='ltr'><strong>aliorum</strong></span> <span class='ocrx_word' id='word_1_438' title='bbox 1173 4521 1404 4578; x_wconf 87' lang='lat' dir='ltr'><strong>colorum</strong></span> <span class='ocrx_word' id='word_1_439' title='bbox 1435 4521 1653 4578; x_wconf 84' lang='lat' dir='ltr'><strong>claritas</strong></span> <span class='ocrx_word' id='word_1_440' title='bbox 1672 4537 1796 4595; x_wconf 86' lang='lat' dir='ltr'><strong>pro-</strong></span> 
     </span>
    </p>
   </div>
   <div class='ocr_carea' id='block_1_64' title="bbox 198 4611 1795 4687">
    <p class='ocr_par' dir='ltr' id='par_1_64' title="bbox 198 4611 1795 4687">
     <span class='ocr_line' id='line_1_64' title="bbox 198 4611 1795 4687; baseline 0.001 -17"><span class='ocrx_word' id='word_1_441' title='bbox 198 4617 371 4670; x_wconf 83' lang='lat' dir='ltr'><strong>betur.</strong></span> <span class='ocrx_word' id='word_1_442' title='bbox 435 4612 568 4668; x_wconf 86' lang='lat' dir='ltr'><strong>Natn</strong></span> <span class='ocrx_word' id='word_1_443' title='bbox 617 4612 759 4682; x_wconf 91' lang='lat' dir='ltr'><strong>quod</strong></span> <span class='ocrx_word' id='word_1_444' title='bbox 810 4611 1052 4668; x_wconf 85' lang='lat' dir='ltr'><strong>deforme</strong></span> <span class='ocrx_word' id='word_1_445' title='bbox 1096 4627 1193 4683; x_wconf 90' lang='lat' dir='ltr'><strong>per</strong></span> <span class='ocrx_word' id='word_1_446' title='bbox 1242 4613 1479 4685; x_wconf 90' lang='lat' dir='ltr'><strong>seipsum</strong></span> <span class='ocrx_word' id='word_1_447' title='bbox 1538 4615 1593 4670; x_wconf 92' lang='lat' dir='ltr'><strong>in</strong></span> <span class='ocrx_word' id='word_1_448' title='bbox 1640 4623 1795 4687; x_wconf 90' lang='lat' dir='ltr'><strong>parte</strong></span> 
     </span>
    </p>
   </div>
   <div class='ocr_carea' id='block_1_65' title="bbox 195 4700 1793 4773">
    <p class='ocr_par' dir='ltr' id='par_1_65' title="bbox 195 4700 1793 4773">
     <span class='ocr_line' id='line_1_65' title="bbox 195 4700 1793 4773; baseline 0 -13"><span class='ocrx_word' id='word_1_449' title='bbox 195 4702 387 4773; x_wconf 79' lang='lat' dir='ltr'><strong>aliqua</strong></span> <span class='ocrx_word' id='word_1_450' title='bbox 417 4700 782 4757; x_wconf 88' lang='lat' dir='ltr'><strong>universitatis</strong></span> <span class='ocrx_word' id='word_1_451' title='bbox 807 4701 1168 4767; x_wconf 74' lang='lat' dir='ltr'><strong>existimatur,</strong></span> <span class='ocrx_word' id='word_1_452' title='bbox 1209 4701 1263 4755; x_wconf 90' lang='lat' dir='ltr'><strong>in</strong></span> <span class='ocrx_word' id='word_1_453' title='bbox 1314 4711 1426 4758; x_wconf 92' lang='lat' dir='ltr'><strong>toto</strong></span> <span class='ocrx_word' id='word_1_454' title='bbox 1468 4719 1574 4759; x_wconf 90' lang='lat' dir='ltr'><strong>non</strong></span> <span class='ocrx_word' id='word_1_455' title='bbox 1620 4703 1793 4760; x_wconf 89' lang='lat' dir='ltr'><strong>solum</strong></span> 
     </span>
    </p>
   </div>
   <div class='ocr_carea' id='block_1_66' title="bbox 197 4791 1794 4867">
    <p class='ocr_par' dir='ltr' id='par_1_66' title="bbox 197 4791 1794 4867">
     <span class='ocr_line' id='line_1_66' title="bbox 197 4791 1794 4867; baseline 0 -19"><span class='ocrx_word' id='word_1_456' title='bbox 197 4794 510 4867; x_wconf 85' lang='lat' dir='ltr'><strong>pulchrum,</strong></span> <span class='ocrx_word' id='word_1_457' title='bbox 542 4793 795 4862; x_wconf 64' lang='lat' dir='ltr'><strong>qumiam</strong></span> <span class='ocrx_word' id='word_1_458' title='bbox 838 4791 1062 4862; x_wconf 88' lang='lat' dir='ltr'><strong>pulchre</strong></span> <span class='ocrx_word' id='word_1_459' title='bbox 1098 4791 1403 4846; x_wconf 91' lang='lat' dir='ltr'><strong>ordinatum</strong></span> <span class='ocrx_word' id='word_1_460' title='bbox 1458 4801 1562 4857; x_wconf 89' lang='lat' dir='ltr'><strong>est,</strong></span> <span class='ocrx_word' id='word_1_461' title='bbox 1606 4807 1794 4848; x_wconf 90' lang='lat' dir='ltr'><strong>verum</strong></span> 
     </span>
    </p>
   </div>
   <div class='ocr_carea' id='block_1_67' title="bbox 198 4886 1796 4959">
    <p class='ocr_par' dir='ltr' id='par_1_67' title="bbox 198 4886 1796 4959">
     <span class='ocr_line' id='line_1_67' title="bbox 198 4886 1796 4959; baseline 0.001 -13"><span class='ocrx_word' id='word_1_462' title='bbox 198 4889 370 4946; x_wconf 87' lang='lat' dir='ltr'><strong>etiam</strong></span> <span class='ocrx_word' id='word_1_463' title='bbox 398 4888 664 4959; x_wconf 74' lang='lat' dir='ltr'><strong>generalis</strong></span> <span class='ocrx_word' id='word_1_464' title='bbox 691 4887 1100 4959; x_wconf 84' lang='lat' dir='ltr'><strong>pulchritudinis</strong></span> <span class='ocrx_word' id='word_1_465' title='bbox 1121 4901 1283 4942; x_wconf 90' lang='lat' dir='ltr'><strong>causa</strong></span> <span class='ocrx_word' id='word_1_466' title='bbox 1315 4886 1544 4943; x_wconf 75' lang='lat' dir='ltr'><strong>edicitur</strong></span> <span class='ocrx_word' id='word_1_467' title='bbox 1571 4905 1584 4941; x_wconf 92' lang='lat'><strong>:</strong></span> <span class='ocrx_word' id='word_1_468' title='bbox 1614 4899 1669 4945; x_wconf 90' lang='lat' dir='ltr'><strong>et</strong></span> <span class='ocrx_word' id='word_1_469' title='bbox 1711 4900 1796 4947; x_wconf 88' lang='lat' dir='ltr'><strong>est</strong></span> 
     </span>
    </p>
   </div>
   <div class='ocr_carea' id='block_1_68' title="bbox 198 4977 1791 5049">
    <p class='ocr_par' dir='ltr' id='par_1_68' title="bbox 198 4977 1791 5049">
     <span class='ocr_line' id='line_1_68' title="bbox 198 4977 1791 5049; baseline 0.001 -13"><span class='ocrx_word' id='word_1_470' title='bbox 198 4978 471 5049; x_wconf 85' lang='lat' dir='ltr'><strong>sapientia</strong></span> <span class='ocrx_word' id='word_1_471' title='bbox 497 4993 565 5034; x_wconf 78' lang='lat' dir='ltr'><strong>ex</strong></span> <span class='ocrx_word' id='word_1_472' title='bbox 588 4977 873 5034; x_wconf 88' lang='lat' dir='ltr'><strong>collatione</strong></span> <span class='ocrx_word' id='word_1_473' title='bbox 898 4977 1240 5049; x_wconf 87' lang='lat' dir='ltr'><strong>insipientiae</strong></span> <span class='ocrx_word' id='word_1_474' title='bbox 1263 5019 1279 5044; x_wconf 95' lang='lat'><strong>,</strong></span> <span class='ocrx_word' id='word_1_475' title='bbox 1315 4978 1539 5034; x_wconf 89' lang='lat' dir='ltr'><strong>scientia</strong></span> <span class='ocrx_word' id='word_1_476' title='bbox 1566 4995 1636 5035; x_wconf 81' lang='lat' dir='ltr'><strong>ex</strong></span> <span class='ocrx_word' id='word_1_477' title='bbox 1676 4982 1791 5037; x_wconf 87' lang='lat' dir='ltr'><strong>col-</strong></span> 
     </span>
    </p>
   </div>
   <div class='ocr_carea' id='block_1_69' title="bbox 200 5070 1796 5145">
    <p class='ocr_par' dir='ltr' id='par_1_69' title="bbox 200 5070 1796 5145">
     <span class='ocr_line' id='line_1_69' title="bbox 200 5070 1796 5145; baseline 0 -16"><span class='ocrx_word' id='word_1_478' title='bbox 200 5071 411 5129; x_wconf 84' lang='lat' dir='ltr'><strong>latione</strong></span> <span class='ocrx_word' id='word_1_479' title='bbox 436 5071 795 5142; x_wconf 85' lang='lat' dir='ltr'><strong>ignorantiae,</strong></span> <span class='ocrx_word' id='word_1_480' title='bbox 825 5085 965 5142; x_wconf 84' lang='lat' dir='ltr'><strong>quae</strong></span> <span class='ocrx_word' id='word_1_481' title='bbox 991 5078 1075 5126; x_wconf 91' lang='lat' dir='ltr'><strong>est</strong></span> <span class='ocrx_word' id='word_1_482' title='bbox 1096 5079 1118 5111; x_wconf 75' lang='grc' dir='ltr'><strong>δ</strong></span> <span class='ocrx_word' id='word_1_483' title='bbox 1147 5084 1243 5139; x_wconf 87' lang='lat' dir='ltr'><strong>per</strong></span> <span class='ocrx_word' id='word_1_484' title='bbox 1278 5070 1546 5127; x_wconf 85' lang='lat' dir='ltr'><strong>defectum</strong></span> <span class='ocrx_word' id='word_1_485' title='bbox 1585 5081 1639 5128; x_wconf 88' lang='lat' dir='ltr'><strong>et</strong></span> <span class='ocrx_word' id='word_1_486' title='bbox 1682 5075 1796 5145; x_wconf 89' lang='lat' dir='ltr'><strong>pri-</strong></span> 
     </span>
    </p>
   </div>
   <div class='ocr_carea' id='block_1_70' title="bbox 200 5161 1793 5235">
    <p class='ocr_par' dir='ltr' id='par_1_70' title="bbox 200 5161 1793 5235">
     <span class='ocr_line' id='line_1_70' title="bbox 200 5161 1793 5235; baseline 0 -15"><span class='ocrx_word' id='word_1_487' title='bbox 200 5164 503 5228; x_wconf 88' lang='lat' dir='ltr'><strong>vationem,</strong></span> <span class='ocrx_word' id='word_1_488' title='bbox 526 5164 634 5218; x_wconf 93' lang='lat' dir='ltr'><strong>vita</strong></span> <span class='ocrx_word' id='word_1_489' title='bbox 652 5176 721 5218; x_wconf 77' lang='lat' dir='ltr'><strong>ex</strong></span> <span class='ocrx_word' id='word_1_490' title='bbox 740 5162 1139 5233; x_wconf 88' lang='lat' dir='ltr'><strong>comparatione</strong></span> <span class='ocrx_word' id='word_1_491' title='bbox 1160 5161 1352 5218; x_wconf 91' lang='lat' dir='ltr'><strong>mortis</strong></span> <span class='ocrx_word' id='word_1_492' title='bbox 1379 5179 1477 5232; x_wconf 89' lang='lat' dir='ltr'><strong>per</strong></span> <span class='ocrx_word' id='word_1_493' title='bbox 1502 5163 1793 5235; x_wconf 88' lang='lat' dir='ltr'><strong>defectum,</strong></span> 
     </span>
    </p>
   </div>
   <div class='ocr_carea' id='block_1_71' title="bbox 204 5254 1792 5328">
    <p class='ocr_par' dir='ltr' id='par_1_71' title="bbox 204 5254 1792 5328">
     <span class='ocr_line' id='line_1_71' title="bbox 204 5254 1792 5328; baseline 0 -14"><span class='ocrx_word' id='word_1_494' title='bbox 204 5257 298 5314; x_wconf 80' lang='lat' dir='ltr'><strong>lux</strong></span> <span class='ocrx_word' id='word_1_495' title='bbox 325 5272 394 5313; x_wconf 81' lang='lat' dir='ltr'><strong>ex</strong></span> <span class='ocrx_word' id='word_1_496' title='bbox 426 5256 764 5328; x_wconf 85' lang='lat' dir='ltr'><strong>oppositione</strong></span> <span class='ocrx_word' id='word_1_497' title='bbox 786 5256 1129 5312; x_wconf 89' lang='lat' dir='ltr'><strong>tenebrarum</strong></span> <span class='ocrx_word' id='word_1_498' title='bbox 1151 5269 1250 5326; x_wconf 90' lang='lat' dir='ltr'><strong>per</strong></span> <span class='ocrx_word' id='word_1_499' title='bbox 1273 5254 1627 5326; x_wconf 84' lang='lat' dir='ltr'><strong>privationem</strong></span> <span class='ocrx_word' id='word_1_500' title='bbox 1675 5259 1792 5314; x_wconf 86' lang='lat' dir='ltr'><strong>lau-</strong></span> 
     </span>
    </p>
   </div>
   <div class='ocr_carea' id='block_1_72' title="bbox 1878 1899 3479 1957">
    <p class='ocr_par' dir='ltr' id='par_1_72' title="bbox 1878 1899 3479 1957">
     <span class='ocr_line' id='line_1_72' title="bbox 1878 1899 3479 1957; baseline -0.001 -1"><span class='ocrx_word' id='word_1_501' title='bbox 1878 1902 2157 1957; x_wconf 85' lang='lat' dir='ltr'><strong>versitatis</strong></span> <span class='ocrx_word' id='word_1_502' title='bbox 2183 1909 2236 1956; x_wconf 92' lang='lat' dir='ltr'><strong>et</strong></span> <span class='ocrx_word' id='word_1_503' title='bbox 2273 1902 2568 1956; x_wconf 87' lang='lat' dir='ltr'><strong>conditoris</strong></span> <span class='ocrx_word' id='word_1_504' title='bbox 2596 1902 2836 1955; x_wconf 92' lang='lat' dir='ltr'><strong>omnium</strong></span> <span class='ocrx_word' id='word_1_505' title='bbox 2874 1900 2989 1955; x_wconf 89' lang='lat' dir='ltr'><strong>laus</strong></span> <span class='ocrx_word' id='word_1_506' title='bbox 3016 1899 3303 1955; x_wconf 51' lang='lat' dir='ltr'><strong>inc-dubius</strong></span> <span class='ocrx_word' id='word_1_507' title='bbox 3326 1915 3479 1955; x_wconf 85' lang='lat' dir='ltr'><strong>com-</strong></span> 
     </span>
    </p>
   </div>
   <div class='ocr_carea' id='block_1_73' title="bbox 1879 1989 3478 2063">
    <p class='ocr_par' dir='ltr' id='par_1_73' title="bbox 1879 1989 3478 2063">
     <span class='ocr_line' id='line_1_73' title="bbox 1879 1989 3478 2063; baseline -0.001 -20"><span class='ocrx_word' id='word_1_508' title='bbox 1879 1992 2144 2063; x_wconf 85' lang='lat' dir='ltr'><strong>paretur?</strong></span> <span class='ocrx_word' id='word_1_509' title='bbox 2181 1990 2319 2059; x_wconf 87' lang='lat' dir='ltr'><strong>Quid</strong></span> <span class='ocrx_word' id='word_1_510' title='bbox 2349 1989 2568 2059; x_wconf 86' lang='lat' dir='ltr'><strong>justius,</strong></span> <span class='ocrx_word' id='word_1_511' title='bbox 2607 2007 2767 2060; x_wconf 88' lang='lat' dir='ltr'><strong>quam</strong></span> <span class='ocrx_word' id='word_1_512' title='bbox 2808 2002 2866 2044; x_wconf 89' lang='lat' dir='ltr'><strong>ttt</strong></span> <span class='ocrx_word' id='word_1_513' title='bbox 2905 1991 3042 2045; x_wconf 90' lang='lat' dir='ltr'><strong>bene</strong></span> <span class='ocrx_word' id='word_1_514' title='bbox 3087 1990 3265 2047; x_wconf 88' lang='lat' dir='ltr'><strong>meriti</strong></span> <span class='ocrx_word' id='word_1_515' title='bbox 3307 1989 3478 2045; x_wconf 89' lang='lat' dir='ltr'><strong>subli-</strong></span> 
     </span>
    </p>
   </div>
   <div class='ocr_carea' id='block_1_74' title="bbox 1880 2079 3470 2144">
    <p class='ocr_par' dir='ltr' id='par_1_74' title="bbox 1880 2079 3470 2144">
     <span class='ocr_line' id='line_1_74' title="bbox 1880 2079 3470 2144; baseline -0.001 -10"><span class='ocrx_word' id='word_1_516' title='bbox 1880 2080 2180 2135; x_wconf 87' lang='lat' dir='ltr'><strong>missimum</strong></span> <span class='ocrx_word' id='word_1_517' title='bbox 2207 2095 2385 2135; x_wconf 89' lang='lat' dir='ltr'><strong>rerum</strong></span> <span class='ocrx_word' id='word_1_518' title='bbox 2415 2080 2681 2144; x_wconf 89' lang='lat' dir='ltr'><strong>ordinem,</strong></span> <span class='ocrx_word' id='word_1_519' title='bbox 2709 2079 2847 2135; x_wconf 89' lang='lat' dir='ltr'><strong>male</strong></span> <span class='ocrx_word' id='word_1_520' title='bbox 2873 2095 2999 2135; x_wconf 88' lang='lat' dir='ltr'><strong>vero</strong></span> <span class='ocrx_word' id='word_1_521' title='bbox 3024 2080 3198 2135; x_wconf 91' lang='lat' dir='ltr'><strong>meriti</strong></span> <span class='ocrx_word' id='word_1_522' title='bbox 3224 2080 3470 2134; x_wconf 79' lang='lat' dir='ltr'><strong>intimum</strong></span> 
     </span>
    </p>
   </div>
   <div class='ocr_carea' id='block_1_75' title="bbox 1881 2167 3479 2238">
    <p class='ocr_par' dir='ltr' id='par_1_75' title="bbox 1881 2167 3479 2238">
     <span class='ocr_line' id='line_1_75' title="bbox 1881 2167 3479 2238; baseline 0 -14"><span class='ocrx_word' id='word_1_523' title='bbox 1881 2168 2213 2224; x_wconf 84' lang='lat' dir='ltr'><strong>obtineant?</strong></span> <span class='ocrx_word' id='word_1_524' title='bbox 2268 2167 2406 2234; x_wconf 89' lang='lat' dir='ltr'><strong>Quid</strong></span> <span class='ocrx_word' id='word_1_525' title='bbox 2459 2168 2756 2233; x_wconf 89' lang='lat' dir='ltr'><strong>honestius,</strong></span> <span class='ocrx_word' id='word_1_526' title='bbox 2818 2184 2977 2238; x_wconf 84' lang='lat' dir='ltr'><strong>qualn</strong></span> <span class='ocrx_word' id='word_1_527' title='bbox 3025 2178 3083 2223; x_wconf 93' lang='lat' dir='ltr'><strong>ut</strong></span> <span class='ocrx_word' id='word_1_528' title='bbox 3129 2184 3194 2223; x_wconf 82' lang='lat' dir='ltr'><strong>ex</strong></span> <span class='ocrx_word' id='word_1_529' title='bbox 3243 2168 3479 2238; x_wconf 83' lang='lat' dir='ltr'><strong>pr0priis</strong></span> 
     </span>
    </p>
   </div>
   <div class='ocr_carea' id='block_1_76' title="bbox 1879 2254 3473 2328">
    <p class='ocr_par' dir='ltr' id='par_1_76' title="bbox 1879 2254 3473 2328">
     <span class='ocr_line' id='line_1_76' title="bbox 1879 2254 3473 2328; baseline -0.003 -15"><span class='ocrx_word' id='word_1_530' title='bbox 1879 2255 2211 2328; x_wconf 84' lang='lat' dir='ltr'><strong>singulorum</strong></span> <span class='ocrx_word' id='word_1_531' title='bbox 2239 2254 2642 2310; x_wconf 86' lang='lat' dir='ltr'><strong>babitudini..us</strong></span> <span class='ocrx_word' id='word_1_532' title='bbox 2670 2255 2992 2311; x_wconf 87' lang='lat' dir='ltr'><strong>universitas</strong></span> <span class='ocrx_word' id='word_1_533' title='bbox 3025 2271 3203 2310; x_wconf 86' lang='lat' dir='ltr'><strong>rerum</strong></span> <span class='ocrx_word' id='word_1_534' title='bbox 3229 2257 3473 2310; x_wconf 89' lang='lat' dir='ltr'><strong>omnium</strong></span> 
     </span>
    </p>
   </div>
   <div class='ocr_carea' id='block_1_77' title="bbox 1879 2344 3469 2416">
    <p class='ocr_par' dir='ltr' id='par_1_77' title="bbox 1879 2344 3469 2416">
     <span class='ocr_line' id='line_1_77' title="bbox 1879 2344 3469 2416; baseline -0.001 -14"><span class='ocrx_word' id='word_1_535' title='bbox 1879 2346 2148 2402; x_wconf 82' lang='lat' dir='ltr'><strong>ornetur?</strong></span> <span class='ocrx_word' id='word_1_536' title='bbox 2179 2344 2350 2401; x_wconf 88' lang='lat' dir='ltr'><strong>Nemo</strong></span> <span class='ocrx_word' id='word_1_537' title='bbox 2372 2348 2552 2415; x_wconf 88' lang='lat' dir='ltr'><strong>itaque</strong></span> <span class='ocrx_word' id='word_1_538' title='bbox 2584 2354 2730 2399; x_wconf 88' lang='lat' dir='ltr'><strong>recte</strong></span> <span class='ocrx_word' id='word_1_539' title='bbox 2759 2345 3250 2416; x_wconf 84' lang='lat' dir='ltr'><strong>philosophantium</strong></span> <span class='ocrx_word' id='word_1_540' title='bbox 3278 2347 3469 2401; x_wconf 73' lang='lat' dir='ltr'><strong>existi-</strong></span> 
     </span>
    </p>
   </div>
   <div class='ocr_carea' id='block_1_78' title="bbox 1880 2435 3477 2507">
    <p class='ocr_par' dir='ltr' id='par_1_78' title="bbox 1880 2435 3477 2507">
     <span class='ocr_line' id='line_1_78' title="bbox 1880 2435 3477 2507; baseline 0 -16"><span class='ocrx_word' id='word_1_541' title='bbox 1880 2445 2014 2501; x_wconf 88' lang='lat' dir='ltr'><strong>mat,</strong></span> <span class='ocrx_word' id='word_1_542' title='bbox 2072 2435 2235 2490; x_wconf 86' lang='lat' dir='ltr'><strong>ullam</strong></span> <span class='ocrx_word' id='word_1_543' title='bbox 2286 2436 2545 2490; x_wconf 90' lang='lat' dir='ltr'><strong>malitiam</strong></span> <span class='ocrx_word' id='word_1_544' title='bbox 2589 2435 2886 2501; x_wconf 89' lang='lat' dir='ltr'><strong>malumve,</strong></span> <span class='ocrx_word' id='word_1_545' title='bbox 2944 2435 3105 2490; x_wconf 90' lang='lat' dir='ltr'><strong>ullam</strong></span> <span class='ocrx_word' id='word_1_546' title='bbox 3148 2436 3477 2507; x_wconf 88' lang='lat' dir='ltr'><strong>impietatem</strong></span> 
     </span>
    </p>
   </div>
   <div class='ocr_carea' id='block_1_79' title="bbox 1880 2526 3474 2597">
    <p class='ocr_par' dir='ltr' id='par_1_79' title="bbox 1880 2526 3474 2597">
     <span class='ocr_line' id='line_1_79' title="bbox 1880 2526 3474 2597; baseline -0.001 -15"><span class='ocrx_word' id='word_1_547' title='bbox 1880 2528 2189 2597; x_wconf 88' lang='lat' dir='ltr'><strong>impiumve,</strong></span> <span class='ocrx_word' id='word_1_548' title='bbox 2213 2526 2377 2581; x_wconf 88' lang='lat' dir='ltr'><strong>ullam</strong></span> <span class='ocrx_word' id='word_1_549' title='bbox 2399 2527 2672 2581; x_wconf 90' lang='lat' dir='ltr'><strong>miseriam</strong></span> <span class='ocrx_word' id='word_1_550' title='bbox 2695 2527 3039 2592; x_wconf 87' lang='lat' dir='ltr'><strong>miserumve,</strong></span> <span class='ocrx_word' id='word_1_551' title='bbox 3060 2526 3222 2581; x_wconf 89' lang='lat' dir='ltr'><strong>ullam</strong></span> <span class='ocrx_word' id='word_1_552' title='bbox 3244 2541 3474 2597; x_wconf 89' lang='lat' dir='ltr'><strong>poenam</strong></span> 
     </span>
    </p>
   </div>
   <div class='ocr_carea' id='block_1_80' title="bbox 1880 2617 3476 2689">
    <p class='ocr_par' dir='ltr' id='par_1_80' title="bbox 1880 2617 3476 2689">
     <span class='ocr_line' id='line_1_80' title="bbox 1880 2617 3476 2689; baseline 0.001 -17"><span class='ocrx_word' id='word_1_553' title='bbox 1880 2618 2216 2689; x_wconf 91' lang='lat' dir='ltr'><strong>punitumve,</strong></span> <span class='ocrx_word' id='word_1_554' title='bbox 2246 2617 2413 2671; x_wconf 84' lang='lat' dir='ltr'><strong>ullum</strong></span> <span class='ocrx_word' id='word_1_555' title='bbox 2440 2617 2761 2688; x_wconf 89' lang='lat' dir='ltr'><strong>supplicium</strong></span> <span class='ocrx_word' id='word_1_556' title='bbox 2799 2617 3126 2687; x_wconf 89' lang='lat' dir='ltr'><strong>suppliciove</strong></span> <span class='ocrx_word' id='word_1_557' title='bbox 3156 2619 3476 2686; x_wconf 77' lang='lat' dir='ltr'><strong>obnoxium,</strong></span> 
     </span>
    </p>
   </div>
   <div class='ocr_carea' id='block_1_81' title="bbox 1879 2708 3474 2779">
    <p class='ocr_par' dir='ltr' id='par_1_81' title="bbox 1879 2708 3474 2779">
     <span class='ocr_line' id='line_1_81' title="bbox 1879 2708 3474 2779; baseline 0.001 -15"><span class='ocrx_word' id='word_1_558' title='bbox 1879 2708 2043 2764; x_wconf 89' lang='lat' dir='ltr'><strong>ullam</strong></span> <span class='ocrx_word' id='word_1_559' title='bbox 2104 2709 2489 2779; x_wconf 91' lang='lat' dir='ltr'><strong>turpitudinem</strong></span> <span class='ocrx_word' id='word_1_560' title='bbox 2548 2719 2769 2779; x_wconf 89' lang='lat' dir='ltr'><strong>turpeve</strong></span> <span class='ocrx_word' id='word_1_561' title='bbox 2799 2749 2814 2775; x_wconf 96' lang='lat'><strong>,</strong></span> <span class='ocrx_word' id='word_1_562' title='bbox 2864 2709 3025 2764; x_wconf 88' lang='lat' dir='ltr'><strong>ullam</strong></span> <span class='ocrx_word' id='word_1_563' title='bbox 3076 2710 3474 2766; x_wconf 85' lang='lat' dir='ltr'><strong>inhonestatem</strong></span> 
     </span>
    </p>
   </div>
   <div class='ocr_carea' id='block_1_82' title="bbox 1883 2798 3477 2872">
    <p class='ocr_par' dir='ltr' id='par_1_82' title="bbox 1883 2798 3477 2872">
     <span class='ocr_line' id='line_1_82' title="bbox 1883 2798 3477 2872; baseline -0.001 -14"><span class='ocrx_word' id='word_1_564' title='bbox 1883 2800 2312 2866; x_wconf 89' lang='lat' dir='ltr'><strong>inhonestumve,</strong></span> <span class='ocrx_word' id='word_1_565' title='bbox 2340 2800 2394 2854; x_wconf 92' lang='lat' dir='ltr'><strong>in</strong></span> <span class='ocrx_word' id='word_1_566' title='bbox 2422 2798 2583 2865; x_wconf 88' lang='lat' dir='ltr'><strong>bona,</strong></span> <span class='ocrx_word' id='word_1_567' title='bbox 2608 2809 2663 2854; x_wconf 91' lang='lat' dir='ltr'><strong>et</strong></span> <span class='ocrx_word' id='word_1_568' title='bbox 2689 2800 2910 2870; x_wconf 90' lang='lat' dir='ltr'><strong>optima,</strong></span> <span class='ocrx_word' id='word_1_569' title='bbox 2946 2809 3002 2855; x_wconf 91' lang='lat' dir='ltr'><strong>et</strong></span> <span class='ocrx_word' id='word_1_570' title='bbox 3044 2799 3477 2872; x_wconf 88' lang='lat' dir='ltr'><strong>religiosissima,</strong></span> 
     </span>
    </p>
   </div>
   <div class='ocr_carea' id='block_1_83' title="bbox 1881 2888 3481 2959">
    <p class='ocr_par' dir='ltr' id='par_1_83' title="bbox 1881 2888 3481 2959">
     <span class='ocr_line' id='line_1_83' title="bbox 1881 2888 3481 2959; baseline 0 -13"><span class='ocrx_word' id='word_1_571' title='bbox 1881 2900 1936 2946; x_wconf 89' lang='lat' dir='ltr'><strong>et</strong></span> <span class='ocrx_word' id='word_1_572' title='bbox 1978 2889 2289 2946; x_wconf 87' lang='lat' dir='ltr'><strong>felicissima</strong></span> <span class='ocrx_word' id='word_1_573' title='bbox 2318 2930 2335 2954; x_wconf 95' lang='lat'><strong>,</strong></span> <span class='ocrx_word' id='word_1_574' title='bbox 2381 2898 2438 2944; x_wconf 91' lang='lat' dir='ltr'><strong>et</strong></span> <span class='ocrx_word' id='word_1_575' title='bbox 2493 2888 2791 2959; x_wconf 89' lang='lat' dir='ltr'><strong>impunibili</strong></span> <span class='ocrx_word' id='word_1_576' title='bbox 2823 2929 2840 2954; x_wconf 93' lang='lat'><strong>,</strong></span> <span class='ocrx_word' id='word_1_577' title='bbox 2902 2897 2958 2943; x_wconf 91' lang='lat' dir='ltr'><strong>et</strong></span> <span class='ocrx_word' id='word_1_578' title='bbox 3015 2889 3325 2944; x_wconf 87' lang='lat' dir='ltr'><strong>beatissima</strong></span> <span class='ocrx_word' id='word_1_579' title='bbox 3355 2930 3371 2956; x_wconf 93' lang='lat'><strong>,</strong></span> <span class='ocrx_word' id='word_1_580' title='bbox 3424 2898 3481 2946; x_wconf 87' lang='lat' dir='ltr'><strong>et</strong></span> 
     </span>
    </p>
   </div>
   <div class='ocr_carea' id='block_1_84' title="bbox 1880 2978 3477 3054">
    <p class='ocr_par' dir='ltr' id='par_1_84' title="bbox 1880 2978 3477 3054">
     <span class='ocr_line' id='line_1_84' title="bbox 1880 2978 3477 3054; baseline 0 -20"><span class='ocrx_word' id='word_1_581' title='bbox 1880 2981 2262 3054; x_wconf 80' lang='lat' dir='ltr'><strong>pulcherrima,</strong></span> <span class='ocrx_word' id='word_1_582' title='bbox 2284 2979 2733 3035; x_wconf 57' lang='lat' dir='ltr'><strong>et‘ltonestissima</strong></span> <span class='ocrx_word' id='word_1_583' title='bbox 2759 2978 3040 3033; x_wconf 88' lang='lat' dir='ltr'><strong>harmonia</strong></span> <span class='ocrx_word' id='word_1_584' title='bbox 3066 2979 3230 3034; x_wconf 90' lang='lat' dir='ltr'><strong>totius</strong></span> <span class='ocrx_word' id='word_1_585' title='bbox 3258 2979 3477 3035; x_wconf 86' lang='lat' dir='ltr'><strong>univer-</strong></span> 
     </span>
    </p>
   </div>
   <div class='ocr_carea' id='block_1_85' title="bbox 1884 3069 3482 3138">
    <p class='ocr_par' dir='ltr' id='par_1_85' title="bbox 1884 3069 3482 3138">
     <span class='ocr_line' id='line_1_85' title="bbox 1884 3069 3482 3138; baseline -0.003 -11"><span class='ocrx_word' id='word_1_586' title='bbox 1884 3072 2060 3127; x_wconf 86' lang='lat' dir='ltr'><strong>sitatis</strong></span> <span class='ocrx_word' id='word_1_587' title='bbox 2108 3070 2358 3126; x_wconf 89' lang='lat' dir='ltr'><strong>conditae</strong></span> <span class='ocrx_word' id='word_1_588' title='bbox 2395 3069 2438 3134; x_wconf 85' lang='grc'>⁸,</span> <span class='ocrx_word' id='word_1_589' title='bbox 2477 3077 2532 3124; x_wconf 88' lang='grc' dir='ltr'><strong>ει</strong></span> <span class='ocrx_word' id='word_1_590' title='bbox 2564 3069 2635 3124; x_wconf 88' lang='lat' dir='ltr'><strong>ab</strong></span> <span class='ocrx_word' id='word_1_591' title='bbox 2676 3083 2762 3135; x_wconf 90' lang='lat' dir='ltr'><strong>eo,</strong></span> <span class='ocrx_word' id='word_1_592' title='bbox 2819 3069 2912 3138; x_wconf 90' lang='lat' dir='ltr'><strong>qui</strong></span> <span class='ocrx_word' id='word_1_593' title='bbox 2960 3084 3169 3123; x_wconf 89' lang='lat' dir='ltr'><strong>sunnna</strong></span> <span class='ocrx_word' id='word_1_594' title='bbox 3223 3069 3482 3124; x_wconf 88' lang='lat' dir='ltr'><strong>honestas</strong></span> 
     </span>
    </p>
   </div>
   <div class='ocr_carea' id='block_1_86' title="bbox 1809 3139 3480 3230">
    <p class='ocr_par' dir='ltr' id='par_1_86' title="bbox 1809 3139 3480 3230">
     <span class='ocr_line' id='line_1_86' title="bbox 1809 3139 3480 3230; baseline -0.002 -12"><span class='ocrx_word' id='word_1_595' title='bbox 1809 3139 1855 3203; x_wconf 58' lang='grc' dir='ltr'><strong>(ἶ</strong></span> <span class='ocrx_word' id='word_1_596' title='bbox 1885 3171 1991 3228; x_wconf 81' lang='grc' dir='ltr'>εει,</span> <span class='ocrx_word' id='word_1_597' title='bbox 2024 3176 2236 3216; x_wconf 90' lang='lat' dir='ltr'><strong>summa</strong></span> <span class='ocrx_word' id='word_1_598' title='bbox 2280 3158 2644 3230; x_wconf 88' lang='lat' dir='ltr'><strong>pulchritudo,</strong></span> <span class='ocrx_word' id='word_1_599' title='bbox 2678 3175 2888 3214; x_wconf 90' lang='lat' dir='ltr'><strong>summa</strong></span> <span class='ocrx_word' id='word_1_600' title='bbox 2927 3159 3227 3225; x_wconf 88' lang='lat' dir='ltr'><strong>beatitudo,</strong></span> <span class='ocrx_word' id='word_1_601' title='bbox 3267 3174 3480 3214; x_wconf 88' lang='lat' dir='ltr'><strong>summa</strong></span> 
     </span>
    </p>
   </div>
   <div class='ocr_carea' id='block_1_87' title="bbox 1885 3251 3471 3326">
    <p class='ocr_par' dir='ltr' id='par_1_87' title="bbox 1885 3251 3471 3326">
     <span class='ocr_line' id='line_1_87' title="bbox 1885 3251 3471 3326; baseline -0.003 -16"><span class='ocrx_word' id='word_1_602' title='bbox 1885 3255 2058 3326; x_wconf 86' lang='lat' dir='ltr'><strong>quies,</strong></span> <span class='ocrx_word' id='word_1_603' title='bbox 2087 3268 2296 3310; x_wconf 89' lang='lat' dir='ltr'><strong>summa</strong></span> <span class='ocrx_word' id='word_1_604' title='bbox 2319 3252 2566 3319; x_wconf 79' lang='lat' dir='ltr'><strong>felicitas,</strong></span> <span class='ocrx_word' id='word_1_605' title='bbox 2592 3266 2835 3307; x_wconf 90' lang='lat' dir='ltr'><strong>summae</strong></span> <span class='ocrx_word' id='word_1_606' title='bbox 2866 3251 3159 3322; x_wconf 89' lang='lat' dir='ltr'><strong>religionis,</strong></span> <span class='ocrx_word' id='word_1_607' title='bbox 3197 3264 3471 3305; x_wconf 89' lang='lat' dir='ltr'><strong>summum</strong></span> 
     </span>
    </p>
   </div>
   <div class='ocr_carea' id='block_1_88' title="bbox 1885 3341 3475 3414">
    <p class='ocr_par' dir='ltr' id='par_1_88' title="bbox 1885 3341 3475 3414">
     <span class='ocr_line' id='line_1_88' title="bbox 1885 3341 3475 3414; baseline -0.004 -13"><span class='ocrx_word' id='word_1_608' title='bbox 1885 3348 2085 3402; x_wconf 88' lang='lat' dir='ltr'><strong>bonum</strong></span> <span class='ocrx_word' id='word_1_609' title='bbox 2107 3352 2153 3410; x_wconf 70' lang='grc' dir='ltr'>υ,</span> <span class='ocrx_word' id='word_1_610' title='bbox 2179 3343 2478 3409; x_wconf 84' lang='lat' dir='ltr'><strong>ordinatae,</strong></span> <span class='ocrx_word' id='word_1_611' title='bbox 2509 3357 2665 3414; x_wconf 91' lang='lat' dir='ltr'><strong>posse</strong></span> <span class='ocrx_word' id='word_1_612' title='bbox 2692 3358 2812 3398; x_wconf 90' lang='lat' dir='ltr'><strong>esse</strong></span> <span class='ocrx_word' id='word_1_613' title='bbox 2842 3341 2905 3396; x_wconf 73' lang='grc' dir='ltr'><strong>ιο.</strong></span> <span class='ocrx_word' id='word_1_614' title='bbox 2948 3342 3106 3397; x_wconf 82' lang='lat' dir='ltr'><strong>Aliud</strong></span> <span class='ocrx_word' id='word_1_615' title='bbox 3152 3351 3236 3398; x_wconf 87' lang='lat' dir='ltr'><strong>est</strong></span> <span class='ocrx_word' id='word_1_616' title='bbox 3259 3342 3403 3397; x_wconf 86' lang='lat' dir='ltr'><strong>enim</strong></span> <span class='ocrx_word' id='word_1_617' title='bbox 3432 3343 3475 3374; x_wconf 78' lang='lat'>“</span> 
     </span>
    </p>
   </div>
   <div class='ocr_carea' id='block_1_89' title="bbox 1885 3430 3482 3503">
    <p class='ocr_par' dir='ltr' id='par_1_89' title="bbox 1885 3430 3482 3503">
     <span class='ocr_line' id='line_1_89' title="bbox 1885 3430 3482 3503; baseline -0.003 -12"><span class='ocrx_word' id='word_1_618' title='bbox 1885 3434 2231 3492; x_wconf 86' lang='lat' dir='ltr'><strong>considerare</strong></span> <span class='ocrx_word' id='word_1_619' title='bbox 2267 3431 2509 3503; x_wconf 87' lang='lat' dir='ltr'><strong>singulas</strong></span> <span class='ocrx_word' id='word_1_620' title='bbox 2546 3430 2914 3487; x_wconf 89' lang='lat' dir='ltr'><strong>universitatis</strong></span> <span class='ocrx_word' id='word_1_621' title='bbox 2953 3439 3158 3502; x_wconf 87' lang='lat' dir='ltr'><strong>partes,</strong></span> <span class='ocrx_word' id='word_1_622' title='bbox 3209 3430 3351 3486; x_wconf 90' lang='lat' dir='ltr'><strong>aliud</strong></span> <span class='ocrx_word' id='word_1_623' title='bbox 3400 3439 3482 3487; x_wconf 90' lang='lat' dir='ltr'><strong>to—</strong></span> 
     </span>
    </p>
   </div>
   <div class='ocr_carea' id='block_1_90' title="bbox 1888 3521 3479 3593">
    <p class='ocr_par' dir='ltr' id='par_1_90' title="bbox 1888 3521 3479 3593">
     <span class='ocr_line' id='line_1_90' title="bbox 1888 3521 3479 3593; baseline -0.003 -12"><span class='ocrx_word' id='word_1_624' title='bbox 1888 3536 2024 3581; x_wconf 89' lang='lat' dir='ltr'><strong>tum.</strong></span> <span class='ocrx_word' id='word_1_625' title='bbox 2063 3524 2200 3580; x_wconf 89' lang='lat' dir='ltr'><strong>llinc</strong></span> <span class='ocrx_word' id='word_1_626' title='bbox 2226 3523 2530 3589; x_wconf 78' lang='lat' dir='ltr'><strong>coniicitur,</strong></span> <span class='ocrx_word' id='word_1_627' title='bbox 2558 3532 2636 3587; x_wconf 91' lang='lat' dir='ltr'><strong>ut,</strong></span> <span class='ocrx_word' id='word_1_628' title='bbox 2668 3523 2811 3593; x_wconf 93' lang='lat' dir='ltr'><strong>quod</strong></span> <span class='ocrx_word' id='word_1_629' title='bbox 2851 3522 2903 3577; x_wconf 91' lang='lat' dir='ltr'><strong>in</strong></span> <span class='ocrx_word' id='word_1_630' title='bbox 2945 3531 3101 3593; x_wconf 91' lang='lat' dir='ltr'><strong>parte</strong></span> <span class='ocrx_word' id='word_1_631' title='bbox 3142 3521 3479 3578; x_wconf 88' lang='lat' dir='ltr'><strong>contrarium</strong></span> 
     </span>
    </p>
   </div>
   <div class='ocr_carea' id='block_1_91' title="bbox 1886 3611 3480 3687">
    <p class='ocr_par' dir='ltr' id='par_1_91' title="bbox 1886 3611 3480 3687">
     <span class='ocr_line' id='line_1_91' title="bbox 1886 3611 3480 3687; baseline -0.006 -14"><span class='ocrx_word' id='word_1_632' title='bbox 1886 3631 2006 3673; x_wconf 88' lang='lat' dir='ltr'><strong>esse</strong></span> <span class='ocrx_word' id='word_1_633' title='bbox 2043 3624 2282 3687; x_wconf 85' lang='lat' dir='ltr'><strong>putatur,</strong></span> <span class='ocrx_word' id='word_1_634' title='bbox 2328 3615 2382 3669; x_wconf 94' lang='lat' dir='ltr'><strong>in</strong></span> <span class='ocrx_word' id='word_1_635' title='bbox 2434 3624 2547 3670; x_wconf 90' lang='lat' dir='ltr'><strong>toto</strong></span> <span class='ocrx_word' id='word_1_636' title='bbox 2597 3629 2703 3669; x_wconf 92' lang='lat' dir='ltr'><strong>non</strong></span> <span class='ocrx_word' id='word_1_637' title='bbox 2752 3613 2925 3669; x_wconf 88' lang='lat' dir='ltr'><strong>solum</strong></span> <span class='ocrx_word' id='word_1_638' title='bbox 2974 3628 3079 3668; x_wconf 92' lang='lat' dir='ltr'><strong>non</strong></span> <span class='ocrx_word' id='word_1_639' title='bbox 3126 3611 3480 3675; x_wconf 87' lang='lat' dir='ltr'><strong>contrarium,</strong></span> 
     </span>
    </p>
   </div>
   <div class='ocr_carea' id='block_1_92' title="bbox 1888 3702 3480 3778">
    <p class='ocr_par' dir='ltr' id='par_1_92' title="bbox 1888 3702 3480 3778">
     <span class='ocr_line' id='line_1_92' title="bbox 1888 3702 3480 3778; baseline -0.006 -14"><span class='ocrx_word' id='word_1_640' title='bbox 1888 3724 2076 3764; x_wconf 89' lang='lat' dir='ltr'><strong>verum</strong></span> <span class='ocrx_word' id='word_1_641' title='bbox 2103 3707 2269 3763; x_wconf 90' lang='lat' dir='ltr'><strong>etiam</strong></span> <span class='ocrx_word' id='word_1_642' title='bbox 2297 3705 2713 3778; x_wconf 84' lang='lat' dir='ltr'><strong>pulchritudinis</strong></span> <span class='ocrx_word' id='word_1_643' title='bbox 2740 3713 3085 3776; x_wconf 86' lang='lat' dir='ltr'><strong>augmentum</strong></span> <span class='ocrx_word' id='word_1_644' title='bbox 3117 3704 3160 3735; x_wconf 82' lang='lat'>&quot;</span> <span class='ocrx_word' id='word_1_645' title='bbox 3191 3702 3480 3773; x_wconf 91' lang='lat' dir='ltr'><strong>reperitur.</strong></span> 
     </span>
    </p>
   </div>
   <div class='ocr_carea' id='block_1_93' title="bbox 1888 3786 3481 3868">
    <p class='ocr_par' dir='ltr' id='par_1_93' title="bbox 1888 3786 3481 3868">
     <span class='ocr_line' id='line_1_93' title="bbox 1888 3786 3481 3868; baseline -0.004 -12"><span class='ocrx_word' id='word_1_646' title='bbox 1888 3799 2135 3856; x_wconf 85' lang='lat' dir='ltr'><strong>lnfernus</strong></span> <span class='ocrx_word' id='word_1_647' title='bbox 2162 3800 2345 3868; x_wconf 89' lang='lat' dir='ltr'><strong>itaque</strong></span> <span class='ocrx_word' id='word_1_648' title='bbox 2370 3813 2493 3853; x_wconf 89' lang='lat' dir='ltr'><strong>cum</strong></span> <span class='ocrx_word' id='word_1_649' title='bbox 2523 3787 2553 3851; x_wconf 84' lang='lat' dir='ltr'><strong>a</strong></span> <span class='ocrx_word' id='word_1_650' title='bbox 2580 3796 2801 3853; x_wconf 86' lang='lat' dir='ltr'><strong>Graecis</strong></span> <span class='ocrx_word' id='word_1_651' title='bbox 2827 3795 2953 3860; x_wconf 68' lang='grc' dir='ltr'><strong>ἄδηε</strong></span> <span class='ocrx_word' id='word_1_652' title='bbox 2971 3837 2986 3863; x_wconf 88' lang='grc'><strong>,</strong></span> <span class='ocrx_word' id='word_1_653' title='bbox 3017 3796 3119 3852; x_wconf 89' lang='lat' dir='ltr'><strong>hoc</strong></span> <span class='ocrx_word' id='word_1_654' title='bbox 3151 3804 3235 3850; x_wconf 89' lang='lat' dir='ltr'><strong>est</strong></span> <span class='ocrx_word' id='word_1_655' title='bbox 3260 3786 3481 3850; x_wconf 76' lang='lat' dir='ltr'><strong>tristitia</strong></span> 
     </span>
    </p>
   </div>
   <div class='ocr_carea' id='block_1_94' title="bbox 1892 3886 3486 3961">
    <p class='ocr_par' dir='ltr' id='par_1_94' title="bbox 1892 3886 3486 3961">
     <span class='ocr_line' id='line_1_94' title="bbox 1892 3886 3486 3961; baseline -0.006 -14"><span class='ocrx_word' id='word_1_656' title='bbox 1892 3891 1976 3947; x_wconf 91' lang='lat' dir='ltr'><strong>vel</strong></span> <span class='ocrx_word' id='word_1_657' title='bbox 2012 3890 2326 3947; x_wconf 89' lang='lat' dir='ltr'><strong>deliciarum</strong></span> <span class='ocrx_word' id='word_1_658' title='bbox 2354 3889 2606 3961; x_wconf 89' lang='lat' dir='ltr'><strong>privatio,</strong></span> <span class='ocrx_word' id='word_1_659' title='bbox 2642 3889 2770 3944; x_wconf 91' lang='lat' dir='ltr'><strong>dum</strong></span> <span class='ocrx_word' id='word_1_660' title='bbox 2798 3904 2895 3958; x_wconf 89' lang='lat' dir='ltr'><strong>per</strong></span> <span class='ocrx_word' id='word_1_661' title='bbox 2917 3889 3153 3959; x_wconf 85' lang='lat' dir='ltr'><strong>seipsum</strong></span> <span class='ocrx_word' id='word_1_662' title='bbox 3177 3886 3486 3942; x_wconf 86' lang='lat' dir='ltr'><strong>considera-</strong></span> 
     </span>
    </p>
   </div>
   <div class='ocr_carea' id='block_1_95' title="bbox 1891 3973 3483 4050">
    <p class='ocr_par' dir='ltr' id='par_1_95' title="bbox 1891 3973 3483 4050">
     <span class='ocr_line' id='line_1_95' title="bbox 1891 3973 3483 4050; baseline -0.008 -13"><span class='ocrx_word' id='word_1_663' title='bbox 1891 3991 1996 4046; x_wconf 90' lang='lat' dir='ltr'><strong>tur,</strong></span> <span class='ocrx_word' id='word_1_664' title='bbox 2028 3980 2226 4035; x_wconf 89' lang='lat' dir='ltr'><strong>malum</strong></span> <span class='ocrx_word' id='word_1_665' title='bbox 2258 3978 2416 4034; x_wconf 89' lang='lat' dir='ltr'><strong>malis</strong></span> <span class='ocrx_word' id='word_1_666' title='bbox 2444 3979 2806 4050; x_wconf 77' lang='lat' dir='ltr'><strong>cognoscitur,</strong></span> <span class='ocrx_word' id='word_1_667' title='bbox 2850 3978 2977 4031; x_wconf 90' lang='lat' dir='ltr'><strong>dum</strong></span> <span class='ocrx_word' id='word_1_668' title='bbox 3018 3990 3146 4030; x_wconf 89' lang='lat' dir='ltr'><strong>vero</strong></span> <span class='ocrx_word' id='word_1_669' title='bbox 3174 3974 3225 4028; x_wconf 92' lang='lat' dir='ltr'><strong>in</strong></span> <span class='ocrx_word' id='word_1_670' title='bbox 3260 3973 3483 4028; x_wconf 85' lang='lat' dir='ltr'><strong>univer-</strong></span> 
     </span>
    </p>
   </div>
   <div class='ocr_carea' id='block_1_96' title="bbox 1892 4064 3482 4144">
    <p class='ocr_par' dir='ltr' id='par_1_96' title="bbox 1892 4064 3482 4144">
     <span class='ocr_line' id='line_1_96' title="bbox 1892 4064 3482 4144; baseline -0.009 -13"><span class='ocrx_word' id='word_1_671' title='bbox 1892 4075 2070 4132; x_wconf 87' lang='lat' dir='ltr'><strong>sitatis</strong></span> <span class='ocrx_word' id='word_1_672' title='bbox 2104 4072 2467 4144; x_wconf 88' lang='lat' dir='ltr'><strong>pulcherrima</strong></span> <span class='ocrx_word' id='word_1_673' title='bbox 2497 4071 2834 4125; x_wconf 89' lang='lat' dir='ltr'><strong>ordinatione</strong></span> <span class='ocrx_word' id='word_1_674' title='bbox 2862 4066 3243 4130; x_wconf 78' lang='lat' dir='ltr'><strong>constituitur,</strong></span> <span class='ocrx_word' id='word_1_675' title='bbox 3281 4064 3482 4120; x_wconf 89' lang='lat' dir='ltr'><strong>bonum</strong></span> 
     </span>
    </p>
   </div>
   <div class='ocr_carea' id='block_1_97' title="bbox 1892 4156 3487 4235">
    <p class='ocr_par' dir='ltr' id='par_1_97' title="bbox 1892 4156 3487 4235">
     <span class='ocr_line' id='line_1_97' title="bbox 1892 4156 3487 4235; baseline -0.009 -12"><span class='ocrx_word' id='word_1_676' title='bbox 1892 4167 2049 4224; x_wconf 91' lang='lat' dir='ltr'><strong>bonis</strong></span> <span class='ocrx_word' id='word_1_677' title='bbox 2076 4165 2324 4230; x_wconf 73' lang='lat' dir='ltr'><strong>edicitur,</strong></span> <span class='ocrx_word' id='word_1_678' title='bbox 2361 4164 2615 4235; x_wconf 89' lang='lat' dir='ltr'><strong>quoniam</strong></span> <span class='ocrx_word' id='word_1_679' title='bbox 2645 4177 2750 4216; x_wconf 92' lang='lat' dir='ltr'><strong>uon</strong></span> <span class='ocrx_word' id='word_1_680' title='bbox 2781 4161 2952 4216; x_wconf 90' lang='lat' dir='ltr'><strong>solum</strong></span> <span class='ocrx_word' id='word_1_681' title='bbox 2979 4156 3487 4229; x_wconf 73' lang='lat' dir='ltr'><strong>justissimijudicis</strong></span> 
     </span>
    </p>
   </div>
   <div class='ocr_carea' id='block_1_98' title="bbox 1895 4247 3482 4326">
    <p class='ocr_par' dir='ltr' id='par_1_98' title="bbox 1895 4247 3482 4326">
     <span class='ocr_line' id='line_1_98' title="bbox 1895 4247 3482 4326; baseline -0.01 -9"><span class='ocrx_word' id='word_1_682' title='bbox 1895 4259 2175 4323; x_wconf 88' lang='lat' dir='ltr'><strong>severitas,</strong></span> <span class='ocrx_word' id='word_1_683' title='bbox 2207 4266 2532 4326; x_wconf 88' lang='lat' dir='ltr'><strong>aeternaque</strong></span> <span class='ocrx_word' id='word_1_684' title='bbox 2557 4255 2603 4288; x_wconf 79' lang='grc'><strong>¹³</strong></span> <span class='ocrx_word' id='word_1_685' title='bbox 2623 4253 2893 4309; x_wconf 88' lang='lat' dir='ltr'><strong>sententia</strong></span> <span class='ocrx_word' id='word_1_686' title='bbox 2916 4253 2969 4307; x_wconf 93' lang='lat' dir='ltr'><strong>in</strong></span> <span class='ocrx_word' id='word_1_687' title='bbox 2997 4266 3063 4306; x_wconf 90' lang='lat' dir='ltr'><strong>eo</strong></span> <span class='ocrx_word' id='word_1_688' title='bbox 3089 4247 3482 4313; x_wconf 86' lang='lat' dir='ltr'><strong>manifestatur,</strong></span> 
     </span>
    </p>
   </div>
   <div class='ocr_carea' id='block_1_99' title="bbox 1898 4336 3487 4412">
    <p class='ocr_par' dir='ltr' id='par_1_99' title="bbox 1898 4336 3487 4412">
     <span class='ocr_line' id='line_1_99' title="bbox 1898 4336 3487 4412; baseline -0.008 -7"><span class='ocrx_word' id='word_1_689' title='bbox 1898 4364 2081 4406; x_wconf 87' lang='lat' dir='ltr'><strong>verum</strong></span> <span class='ocrx_word' id='word_1_690' title='bbox 2111 4348 2272 4404; x_wconf 88' lang='lat' dir='ltr'><strong>etiam</strong></span> <span class='ocrx_word' id='word_1_691' title='bbox 2302 4348 2582 4401; x_wconf 87' lang='lat' dir='ltr'><strong>beatorum</strong></span> <span class='ocrx_word' id='word_1_692' title='bbox 2613 4344 2888 4399; x_wconf 91' lang='lat' dir='ltr'><strong>hominum</strong></span> <span class='ocrx_word' id='word_1_693' title='bbox 2922 4351 2977 4396; x_wconf 91' lang='lat' dir='ltr'><strong>et</strong></span> <span class='ocrx_word' id='word_1_694' title='bbox 3012 4339 3323 4412; x_wconf 85' lang='lat' dir='ltr'><strong>angelorum</strong></span> <span class='ocrx_word' id='word_1_695' title='bbox 3370 4336 3487 4392; x_wconf 83' lang='lat' dir='ltr'><strong>laus</strong></span> 
     </span>
    </p>
   </div>
   <div class='ocr_carea' id='block_1_100' title="bbox 1899 4426 3483 4508">
    <p class='ocr_par' dir='ltr' id='par_1_100' title="bbox 1899 4426 3483 4508">
     <span class='ocr_line' id='line_1_100' title="bbox 1899 4426 3483 4508; baseline -0.01 -14"><span class='ocrx_word' id='word_1_696' title='bbox 1899 4439 2170 4497; x_wconf 87' lang='lat' dir='ltr'><strong>felicitatis</strong></span> <span class='ocrx_word' id='word_1_697' title='bbox 2232 4438 2535 4508; x_wconf 84' lang='lat' dir='ltr'><strong>acquiritur</strong></span> <span class='ocrx_word' id='word_1_698' title='bbox 2566 4477 2582 4501; x_wconf 94' lang='lat'><strong>,</strong></span> <span class='ocrx_word' id='word_1_699' title='bbox 2637 4443 2693 4490; x_wconf 91' lang='lat' dir='ltr'><strong>et</strong></span> <span class='ocrx_word' id='word_1_700' title='bbox 2746 4431 3090 4506; x_wconf 89' lang='lat' dir='ltr'><strong>pulchritudo</strong></span> <span class='ocrx_word' id='word_1_701' title='bbox 3161 4426 3483 4485; x_wconf 86' lang='lat' dir='ltr'><strong>cumulatur.</strong></span> 
     </span>
    </p>
   </div>
   <div class='ocr_carea' id='block_1_101' title="bbox 1898 4518 3491 4601">
    <p class='ocr_par' dir='ltr' id='par_1_101' title="bbox 1898 4518 3491 4601">
     <span class='ocr_line' id='line_1_101' title="bbox 1898 4518 3491 4601; baseline -0.01 -13"><span class='ocrx_word' id='word_1_702' title='bbox 1898 4532 2076 4601; x_wconf 89' lang='lat' dir='ltr'><strong>Quare</strong></span> <span class='ocrx_word' id='word_1_703' title='bbox 2101 4531 2281 4600; x_wconf 88' lang='lat' dir='ltr'><strong>itaque</strong></span> <span class='ocrx_word' id='word_1_704' title='bbox 2310 4529 2449 4584; x_wconf 89' lang='lat' dir='ltr'><strong>intra</strong></span> <span class='ocrx_word' id='word_1_705' title='bbox 2483 4527 2743 4583; x_wconf 88' lang='lat' dir='ltr'><strong>terminos</strong></span> <span class='ocrx_word' id='word_1_706' title='bbox 2772 4535 3000 4581; x_wconf 90' lang='lat' dir='ltr'><strong>naturae</strong></span> <span class='ocrx_word' id='word_1_707' title='bbox 3039 4521 3155 4577; x_wconf 81' lang='lat' dir='ltr'><strong>ﬁeri</strong></span> <span class='ocrx_word' id='word_1_708' title='bbox 3203 4535 3309 4575; x_wconf 92' lang='lat' dir='ltr'><strong>non</strong></span> <span class='ocrx_word' id='word_1_709' title='bbox 3350 4518 3491 4573; x_wconf 84' lang='lat' dir='ltr'><strong>sine-</strong></span> 
     </span>
    </p>
   </div>
   <div class='ocr_carea' id='block_1_102' title="bbox 1898 4610 3491 4689">
    <p class='ocr_par' dir='ltr' id='par_1_102' title="bbox 1898 4610 3491 4689">
     <span class='ocr_line' id='line_1_102' title="bbox 1898 4610 3491 4689; baseline -0.009 -9"><span class='ocrx_word' id='word_1_710' title='bbox 1898 4633 2067 4689; x_wconf 88' lang='lat' dir='ltr'><strong>retur,</strong></span> <span class='ocrx_word' id='word_1_711' title='bbox 2101 4623 2242 4678; x_wconf 89' lang='lat' dir='ltr'><strong>unde</strong></span> <span class='ocrx_word' id='word_1_712' title='bbox 2264 4621 2379 4677; x_wconf 88' lang='lat' dir='ltr'><strong>laus</strong></span> <span class='ocrx_word' id='word_1_713' title='bbox 2411 4619 2527 4689; x_wconf 86' lang='lat' dir='ltr'><strong>ejus</strong></span> <span class='ocrx_word' id='word_1_714' title='bbox 2558 4629 2613 4675; x_wconf 92' lang='lat' dir='ltr'><strong>et</strong></span> <span class='ocrx_word' id='word_1_715' title='bbox 2637 4618 2680 4650; x_wconf 77' lang='lat'>“</span> <span class='ocrx_word' id='word_1_716' title='bbox 2711 4617 3013 4687; x_wconf 90' lang='lat' dir='ltr'><strong>adquiritur</strong></span> <span class='ocrx_word' id='word_1_717' title='bbox 3050 4624 3105 4671; x_wconf 88' lang='lat' dir='ltr'><strong>et</strong></span> <span class='ocrx_word' id='word_1_718' title='bbox 3148 4610 3491 4686; x_wconf 85' lang='lat' dir='ltr'><strong>pulchritudo</strong></span> 
     </span>
    </p>
   </div>
   <div class='ocr_carea' id='block_1_103' title="bbox 1896 4702 3490 4785">
    <p class='ocr_par' dir='ltr' id='par_1_103' title="bbox 1896 4702 3490 4785">
     <span class='ocr_line' id='line_1_103' title="bbox 1896 4702 3490 4785; baseline -0.006 -17"><span class='ocrx_word' id='word_1_719' title='bbox 1896 4723 2127 4785; x_wconf 83' lang='lat' dir='ltr'><strong>augetur</strong></span> <span class='ocrx_word' id='word_1_720' title='bbox 2155 4713 2181 4766; x_wconf 85' lang='lat'><strong>?</strong></span> <span class='ocrx_word' id='word_1_721' title='bbox 2232 4712 2342 4767; x_wconf 91' lang='lat' dir='ltr'><strong>Cur</strong></span> <span class='ocrx_word' id='word_1_722' title='bbox 2390 4721 2573 4765; x_wconf 90' lang='lat' dir='ltr'><strong>autem</strong></span> <span class='ocrx_word' id='word_1_723' title='bbox 2629 4709 2842 4764; x_wconf 77' lang='lat' dir='ltr'><strong>diversa</strong></span> <span class='ocrx_word' id='word_1_724' title='bbox 2892 4706 3177 4777; x_wconf 89' lang='lat' dir='ltr'><strong>impiorum</strong></span> <span class='ocrx_word' id='word_1_725' title='bbox 3226 4702 3490 4774; x_wconf 85' lang='lat' dir='ltr'><strong>supplicia</strong></span> 
     </span>
    </p>
   </div>
   <div class='ocr_carea' id='block_1_104' title="bbox 1897 4793 3491 4866">
    <p class='ocr_par' dir='ltr' id='par_1_104' title="bbox 1897 4793 3491 4866">
     <span class='ocr_line' id='line_1_104' title="bbox 1897 4793 3491 4866; baseline -0.008 -7"><span class='ocrx_word' id='word_1_726' title='bbox 1897 4803 2092 4859; x_wconf 86' lang='lat' dir='ltr'><strong>inferni</strong></span> <span class='ocrx_word' id='word_1_727' title='bbox 2115 4800 2374 4856; x_wconf 86' lang='lat' dir='ltr'><strong>vocabulo</strong></span> <span class='ocrx_word' id='word_1_728' title='bbox 2403 4799 2577 4853; x_wconf 84' lang='lat' dir='ltr'><strong>Latini</strong></span> <span class='ocrx_word' id='word_1_729' title='bbox 2600 4797 2775 4853; x_wconf 86' lang='lat' dir='ltr'><strong>solent</strong></span> <span class='ocrx_word' id='word_1_730' title='bbox 2797 4795 3123 4866; x_wconf 78' lang='lat' dir='ltr'><strong>signiﬁcare,</strong></span> <span class='ocrx_word' id='word_1_731' title='bbox 3150 4809 3217 4849; x_wconf 82' lang='lat' dir='ltr'><strong>ex</strong></span> <span class='ocrx_word' id='word_1_732' title='bbox 3239 4793 3491 4863; x_wconf 85' lang='lat' dir='ltr'><strong>opinione</strong></span> 
     </span>
    </p>
   </div>
   <div class='ocr_carea' id='block_1_105' title="bbox 1897 4881 3490 4963">
    <p class='ocr_par' dir='ltr' id='par_1_105' title="bbox 1897 4881 3490 4963">
     <span class='ocr_line' id='line_1_105' title="bbox 1897 4881 3490 4963; baseline -0.008 -17"><span class='ocrx_word' id='word_1_733' title='bbox 1897 4892 2065 4963; x_wconf 83' lang='lat' dir='ltr'><strong>vulgi,</strong></span> <span class='ocrx_word' id='word_1_734' title='bbox 2115 4899 2174 4944; x_wconf 90' lang='lat' dir='ltr'><strong>ut</strong></span> <span class='ocrx_word' id='word_1_735' title='bbox 2223 4899 2444 4944; x_wconf 87' lang='lat' dir='ltr'><strong>sanctus</strong></span> <span class='ocrx_word' id='word_1_736' title='bbox 2493 4886 2826 4959; x_wconf 84' lang='lat' dir='ltr'><strong>Augustinus</strong></span> <span class='ocrx_word' id='word_1_737' title='bbox 2869 4886 2923 4940; x_wconf 92' lang='lat' dir='ltr'><strong>in</strong></span> <span class='ocrx_word' id='word_1_738' title='bbox 2978 4883 3296 4941; x_wconf 66' lang='lat' dir='ltr'><strong>duodecimo</strong></span> <span class='ocrx_word' id='word_1_739' title='bbox 3349 4881 3490 4935; x_wconf 89' lang='lat' dir='ltr'><strong>libro</strong></span> 
     </span>
    </p>
   </div>
   <div class='ocr_carea' id='block_1_106' title="bbox 1899 4971 3489 5050">
    <p class='ocr_par' dir='ltr' id='par_1_106' title="bbox 1899 4971 3489 5050">
     <span class='ocr_line' id='line_1_106' title="bbox 1899 4971 3489 5050; baseline -0.013 -6"><span class='ocrx_word' id='word_1_740' title='bbox 1899 4983 2148 5044; x_wconf 79' lang='lat' dir='ltr'><strong>Excmeri</strong></span> <span class='ocrx_word' id='word_1_741' title='bbox 2174 4983 2257 5040; x_wconf 91' lang='lat' dir='ltr'><strong>sui</strong></span> <span class='ocrx_word' id='word_1_742' title='bbox 2286 4982 2561 5050; x_wconf 76' lang='lat' dir='ltr'><strong>explanat,</strong></span> <span class='ocrx_word' id='word_1_743' title='bbox 2600 4987 2891 5035; x_wconf 87' lang='lat' dir='ltr'><strong>tractatum</strong></span> <span class='ocrx_word' id='word_1_744' title='bbox 2920 4986 3025 5033; x_wconf 90' lang='lat' dir='ltr'><strong>est.</strong></span> <span class='ocrx_word' id='word_1_745' title='bbox 3071 4974 3293 5043; x_wconf 85' lang='lat' dir='ltr'><strong>Antiqui</strong></span> <span class='ocrx_word' id='word_1_746' title='bbox 3342 4971 3489 5027; x_wconf 89' lang='lat' dir='ltr'><strong>enim</strong></span> 
     </span>
    </p>
   </div>
   <div class='ocr_carea' id='block_1_107' title="bbox 1896 5066 3492 5149">
    <p class='ocr_par' dir='ltr' id='par_1_107' title="bbox 1896 5066 3492 5149">
     <span class='ocr_line' id='line_1_107' title="bbox 1896 5066 3492 5149; baseline -0.012 -14"><span class='ocrx_word' id='word_1_747' title='bbox 1896 5093 2022 5149; x_wconf 90' lang='lat' dir='ltr'><strong>spes</strong></span> <span class='ocrx_word' id='word_1_748' title='bbox 2048 5091 2176 5132; x_wconf 85' lang='lat' dir='ltr'><strong>suas</strong></span> <span class='ocrx_word' id='word_1_749' title='bbox 2204 5073 2399 5129; x_wconf 83' lang='lat' dir='ltr'><strong>fabulis</strong></span> <span class='ocrx_word' id='word_1_750' title='bbox 2426 5072 2742 5142; x_wconf 83' lang='lat' dir='ltr'><strong>animasque</strong></span> <span class='ocrx_word' id='word_1_751' title='bbox 2766 5068 3029 5141; x_wconf 87' lang='lat' dir='ltr'><strong>sepulcris</strong></span> <span class='ocrx_word' id='word_1_752' title='bbox 3064 5066 3276 5128; x_wconf 89' lang='lat' dir='ltr'><strong>dantes,</strong></span> <span class='ocrx_word' id='word_1_753' title='bbox 3306 5076 3492 5134; x_wconf 87' lang='lat' dir='ltr'><strong>quem-</strong></span> 
     </span>
    </p>
   </div>
   <div class='ocr_carea' id='block_1_108' title="bbox 1898 5154 3489 5234">
    <p class='ocr_par' dir='ltr' id='par_1_108' title="bbox 1898 5154 3489 5234">
     <span class='ocr_line' id='line_1_108' title="bbox 1898 5154 3489 5234; baseline -0.012 -6"><span class='ocrx_word' id='word_1_754' title='bbox 1898 5168 2186 5228; x_wconf 88' lang='lat' dir='ltr'><strong>admodum</strong></span> <span class='ocrx_word' id='word_1_755' title='bbox 2232 5166 2493 5223; x_wconf 83' lang='lat' dir='ltr'><strong>cadavera</strong></span> <span class='ocrx_word' id='word_1_756' title='bbox 2541 5178 2829 5234; x_wconf 90' lang='lat' dir='ltr'><strong>corpornm</strong></span> <span class='ocrx_word' id='word_1_757' title='bbox 2873 5163 3066 5217; x_wconf 90' lang='lat' dir='ltr'><strong>obruta</strong></span> <span class='ocrx_word' id='word_1_758' title='bbox 3091 5156 3377 5228; x_wconf 89' lang='lat' dir='ltr'><strong>sepulcris,</strong></span> <span class='ocrx_word' id='word_1_759' title='bbox 3414 5154 3489 5210; x_wconf 88' lang='lat' dir='ltr'><strong>ita</strong></span> 
     </span>
    </p>
   </div>
   <div class='ocr_carea' id='block_1_109' title="bbox 1899 5246 3491 5330">
    <p class='ocr_par' dir='ltr' id='par_1_109' title="bbox 1899 5246 3491 5330">
     <span class='ocr_line' id='line_1_109' title="bbox 1899 5246 3491 5330; baseline -0.009 -11"><span class='ocrx_word' id='word_1_760' title='bbox 1899 5264 2061 5320; x_wconf 90' lang='lat' dir='ltr'><strong>etiam</strong></span> <span class='ocrx_word' id='word_1_761' title='bbox 2114 5260 2324 5316; x_wconf 88' lang='lat' dir='ltr'><strong>animas</strong></span> <span class='ocrx_word' id='word_1_762' title='bbox 2370 5273 2494 5315; x_wconf 92' lang='lat' dir='ltr'><strong>cum</strong></span> <span class='ocrx_word' id='word_1_763' title='bbox 2547 5257 2681 5330; x_wconf 88' lang='lat' dir='ltr'><strong>ipsis</strong></span> <span class='ocrx_word' id='word_1_764' title='bbox 2732 5253 3089 5313; x_wconf 84' lang='lat' dir='ltr'><strong>cadaveribus</strong></span> <span class='ocrx_word' id='word_1_765' title='bbox 3138 5251 3387 5307; x_wconf 88' lang='lat' dir='ltr'><strong>dctentas</strong></span> <span class='ocrx_word' id='word_1_766' title='bbox 3431 5246 3491 5304; x_wconf 86' lang='lat' dir='ltr'><strong>in</strong></span> 
     </span>
    </p>
   </div>
   <div class='ocr_carea' id='block_1_110' title="bbox 1484 5391 2192 5454">
    <p class='ocr_par' dir='ltr' id='par_1_110' title="bbox 1484 5391 2192 5454">
     <span class='ocr_line' id='line_1_110' title="bbox 1484 5391 2192 5454; baseline 0 -7"><span class='ocrx_word' id='word_1_767' title='bbox 1484 5391 1741 5452; x_wconf 81' lang='lat' dir='ltr'><strong>VARIAE</strong></span> <span class='ocrx_word' id='word_1_768' title='bbox 1787 5391 2192 5454; x_wconf 81' lang='lat' dir='ltr'><strong>LECTIONES.</strong></span> 
     </span>
    </p>
   </div>
   <div class='ocr_carea' id='block_1_111' title="bbox 282 5500 3493 5576">
    <p class='ocr_par' dir='ltr' id='par_1_111' title="bbox 282 5500 3493 5576">
     <span class='ocr_line' id='line_1_111' title="bbox 282 5500 3493 5576; baseline -0.003 -15"><span class='ocrx_word' id='word_1_769' title='bbox 282 5509 302 5540; x_wconf 77' lang='grc' dir='ltr'>ί</span> <span class='ocrx_word' id='word_1_770' title='bbox 330 5523 457 5562; x_wconf 85' lang='lat' dir='ltr'><strong>suae</strong></span> <span class='ocrx_word' id='word_1_771' title='bbox 493 5522 604 5563; x_wconf 89' lang='lat' dir='ltr'><strong>om.</strong></span> <span class='ocrx_word' id='word_1_772' title='bbox 652 5510 720 5562; x_wconf 77' lang='grc' dir='ltr'><strong>Δ.</strong></span> <span class='ocrx_word' id='word_1_773' title='bbox 795 5515 818 5547; x_wconf 75' lang='grc'><strong><em>³</em></strong></span> <span class='ocrx_word' id='word_1_774' title='bbox 842 5522 969 5563; x_wconf 87' lang='lat' dir='ltr'><strong>suae</strong></span> <span class='ocrx_word' id='word_1_775' title='bbox 995 5520 1106 5562; x_wconf 90' lang='lat' dir='ltr'><strong>om.</strong></span> <span class='ocrx_word' id='word_1_776' title='bbox 1135 5507 1202 5560; x_wconf 78' lang='grc' dir='ltr'><strong>Α.</strong></span> <span class='ocrx_word' id='word_1_777' title='bbox 1234 5548 1241 5553; x_wconf 87' lang='grc'>.</span> <span class='ocrx_word' id='word_1_778' title='bbox 1298 5506 1319 5538; x_wconf 89' lang='grc'><em>³</em></span> <span class='ocrx_word' id='word_1_779' title='bbox 1340 5506 1634 5575; x_wconf 85' lang='lat' dir='ltr'><strong>elongatam</strong></span> <span class='ocrx_word' id='word_1_780' title='bbox 1659 5523 1769 5564; x_wconf 91' lang='lat' dir='ltr'><strong>om.</strong></span> <span class='ocrx_word' id='word_1_781' title='bbox 1796 5510 1864 5563; x_wconf 87' lang='lat' dir='ltr'><strong>A.</strong></span> <span class='ocrx_word' id='word_1_782' title='bbox 1940 5507 1963 5541; x_wconf 77' lang='grc'><strong>⁸</strong></span> <span class='ocrx_word' id='word_1_783' title='bbox 1991 5508 2035 5563; x_wconf 78' lang='grc' dir='ltr'><strong>Α</strong></span> <span class='ocrx_word' id='word_1_784' title='bbox 2074 5504 2560 5576; x_wconf 83' lang='lat' dir='ltr'><strong>compreltensibile</strong></span> <span class='ocrx_word' id='word_1_785' title='bbox 2580 5520 2726 5576; x_wconf 76' lang='lat' dir='ltr'><strong>esse.</strong></span> <span class='ocrx_word' id='word_1_786' title='bbox 2787 5512 2810 5543; x_wconf 77' lang='grc'><strong><em>⁸</em></strong></span> <span class='ocrx_word' id='word_1_787' title='bbox 2833 5513 2909 5576; x_wconf 84' lang='lat' dir='ltr'><strong>est</strong></span> <span class='ocrx_word' id='word_1_788' title='bbox 2933 5517 3041 5576; x_wconf 77' lang='lat' dir='ltr'><strong>oin.</strong></span> <span class='ocrx_word' id='word_1_789' title='bbox 3070 5502 3164 5576; x_wconf 69' lang='lat' dir='ltr'><strong>A.._</strong></span> <span class='ocrx_word' id='word_1_790' title='bbox 3215 5500 3237 5532; x_wconf 82' lang='grc'>⁸</span> <span class='ocrx_word' id='word_1_791' title='bbox 3278 5500 3391 5576; x_wconf 58' lang='lat' dir='ltr'><strong>vita</strong></span> <span class='ocrx_word' id='word_1_792' title='bbox 3426 5512 3493 5550; x_wconf 75' lang='lat' dir='ltr'><strong>ea:</strong></span> 
     </span>
    </p>
   </div>
   <div class='ocr_carea' id='block_1_112' title="bbox 204 5568 3490 5650">
    <p class='ocr_par' dir='ltr' id='par_1_112' title="bbox 204 5568 3490 5650">
     <span class='ocr_line' id='line_1_112' title="bbox 204 5568 3490 5650; baseline -0.003 -19"><span class='ocrx_word' id='word_1_793' title='bbox 204 5579 695 5650; x_wconf 48' lang='lat' dir='ltr'><strong>comparatione:</strong></span> <span class='ocrx_word' id='word_1_794' title='bbox 714 5576 873 5650; x_wconf 84' lang='lat' dir='ltr'><strong>digna</strong></span> <span class='ocrx_word' id='word_1_795' title='bbox 898 5592 1005 5632; x_wconf 89' lang='lat' dir='ltr'><strong>om.</strong></span> <span class='ocrx_word' id='word_1_796' title='bbox 1046 5577 1111 5630; x_wconf 82' lang='grc' dir='ltr'><strong>Α.</strong></span> <span class='ocrx_word' id='word_1_797' title='bbox 1137 5645 1148 5650; x_wconf 87' lang='lat'>_</span> <span class='ocrx_word' id='word_1_798' title='bbox 1187 5584 1206 5614; x_wconf 84' lang='grc'><strong>⁷</strong></span> <span class='ocrx_word' id='word_1_799' title='bbox 1234 5575 1333 5629; x_wconf 85' lang='lat' dir='ltr'><strong>sibi</strong></span> <span class='ocrx_word' id='word_1_800' title='bbox 1363 5568 1479 5630; x_wconf 56' lang='lat' dir='ltr'><strong>om:</strong></span> <span class='ocrx_word' id='word_1_801' title='bbox 1497 5576 1603 5633; x_wconf 84' lang='lat' dir='ltr'><strong>CF.</strong></span> <span class='ocrx_word' id='word_1_802' title='bbox 1678 5583 1701 5650; x_wconf 57' lang='grc' dir='ltr'><strong>ξ</strong></span> <span class='ocrx_word' id='word_1_803' title='bbox 1737 5578 1829 5635; x_wconf 89' lang='lat' dir='ltr'><strong>Sic</strong></span> <span class='ocrx_word' id='word_1_804' title='bbox 1850 5578 1935 5636; x_wconf 83' lang='lat' dir='ltr'><strong>CF</strong></span> <span class='ocrx_word' id='word_1_805' title='bbox 1954 5580 2044 5650; x_wconf 52' lang='lat' dir='ltr'><strong>;.A</strong></span> <span class='ocrx_word' id='word_1_806' title='bbox 2066 5568 2427 5633; x_wconf 64' lang='lat' dir='ltr'><strong>honestissima</strong></span> <span class='ocrx_word' id='word_1_807' title='bbox 2445 5577 2603 5650; x_wconf 78' lang='lat' dir='ltr'><strong>totius</strong></span> <span class='ocrx_word' id='word_1_808' title='bbox 2638 5575 2989 5650; x_wconf 73' lang='lat' dir='ltr'><strong>universitatis</strong></span> <span class='ocrx_word' id='word_1_809' title='bbox 3009 5568 3490 5650; x_wconf 71' lang='lat' dir='ltr'><strong>contlt&#39;tae_ordt&#39;na-</strong></span> 
     </span>
    </p>
   </div>
   <div class='ocr_carea' id='block_1_113' title="bbox 208 5641 3491 5722">
    <p class='ocr_par' dir='ltr' id='par_1_113' title="bbox 208 5641 3491 5722">
     <span class='ocr_line' id='line_1_113' title="bbox 208 5641 3491 5722; baseline -0.003 -19"><span class='ocrx_word' id='word_1_810' title='bbox 208 5641 375 5703; x_wconf 67' lang='lat' dir='ltr'><strong>tione.</strong></span> <span class='ocrx_word' id='word_1_811' title='bbox 446 5655 468 5686; x_wconf 67' lang='grc' dir='ltr'>θ</span> <span class='ocrx_word' id='word_1_812' title='bbox 498 5647 588 5722; x_wconf 76' lang='lat' dir='ltr'><strong>Sic</strong></span> <span class='ocrx_word' id='word_1_813' title='bbox 717 5665 733 5712; x_wconf 88' lang='lat'><strong>;</strong></span> <span class='ocrx_word' id='word_1_814' title='bbox 769 5641 813 5702; x_wconf 71' lang='grc' dir='ltr'>λ</span> <span class='ocrx_word' id='word_1_815' title='bbox 838 5662 1100 5701; x_wconf 85' lang='lat' dir='ltr'><strong>summum</strong></span> <span class='ocrx_word' id='word_1_816' title='bbox 1129 5645 1321 5722; x_wconf 73' lang='lat' dir='ltr'><strong>bonum</strong></span> <span class='ocrx_word' id='word_1_817' title='bbox 1351 5647 1904 5722; x_wconf 62' lang='lat' dir='ltr'><strong>summaereligionis.</strong></span> <span class='ocrx_word' id='word_1_818' title='bbox 1956 5641 2025 5681; x_wconf 65' lang='grc' dir='ltr'><strong>’ῖο</strong></span> <span class='ocrx_word' id='word_1_819' title='bbox 2049 5665 2200 5720; x_wconf 84' lang='lat' dir='ltr'><strong>posse</strong></span> <span class='ocrx_word' id='word_1_820' title='bbox 2238 5664 2348 5702; x_wconf 77' lang='lat' dir='ltr'><strong>esse</strong></span> <span class='ocrx_word' id='word_1_821' title='bbox 2383 5661 2490 5703; x_wconf 88' lang='lat' dir='ltr'><strong>om.</strong></span> <span class='ocrx_word' id='word_1_822' title='bbox 2525 5649 2592 5700; x_wconf 81' lang='grc' dir='ltr'><strong>Δ.</strong></span> <span class='ocrx_word' id='word_1_823' title='bbox 2668 5646 2704 5676; x_wconf 84' lang='grc'><strong>¹¹</strong></span> <span class='ocrx_word' id='word_1_824' title='bbox 2746 5645 2790 5698; x_wconf 76' lang='grc' dir='ltr'><strong>Α</strong></span> <span class='ocrx_word' id='word_1_825' title='bbox 2825 5646 2960 5698; x_wconf 69' lang='lat' dir='ltr'><strong>attint</strong></span> <span class='ocrx_word' id='word_1_826' title='bbox 3001 5653 3097 5698; x_wconf 85' lang='lat' dir='ltr'><strong>est.</strong></span> <span class='ocrx_word' id='word_1_827' title='bbox 3173 5643 3215 5677; x_wconf 79' lang='grc'><strong>¹⁴</strong></span> <span class='ocrx_word' id='word_1_828' title='bbox 3243 5641 3286 5696; x_wconf 86' lang='lat' dir='ltr'><strong>A</strong></span> <span class='ocrx_word' id='word_1_829' title='bbox 3329 5653 3491 5707; x_wconf 63' lang='lat' dir='ltr'><strong>argu-</strong></span> 
     </span>
    </p>
   </div>
   <div class='ocr_carea' id='block_1_114' title="bbox 212 5715 1634 5786">
    <p class='ocr_par' dir='ltr' id='par_1_114' title="bbox 212 5715 1634 5786">
     <span class='ocr_line' id='line_1_114' title="bbox 212 5715 1634 5786; baseline 0.001 -15"><span class='ocrx_word' id='word_1_830' title='bbox 212 5729 471 5772; x_wconf 83' lang='lat' dir='ltr'><strong>mentum.</strong></span> <span class='ocrx_word' id='word_1_831' title='bbox 547 5717 589 5749; x_wconf 86' lang='grc'><strong>¹³</strong></span> <span class='ocrx_word' id='word_1_832' title='bbox 613 5720 657 5770; x_wconf 71' lang='grc' dir='ltr'>Α</span> <span class='ocrx_word' id='word_1_833' title='bbox 685 5727 896 5773; x_wconf 89' lang='lat' dir='ltr'><strong>aeterna</strong></span> <span class='ocrx_word' id='word_1_834' title='bbox 924 5732 1168 5786; x_wconf 84' lang='lat' dir='ltr'><strong>namque.</strong></span> <span class='ocrx_word' id='word_1_835' title='bbox 1247 5715 1290 5747; x_wconf 75' lang='lat'>&quot;</span> <span class='ocrx_word' id='word_1_836' title='bbox 1318 5726 1365 5771; x_wconf 87' lang='lat' dir='ltr'><strong>et</strong></span> <span class='ocrx_word' id='word_1_837' title='bbox 1394 5731 1501 5771; x_wconf 90' lang='lat' dir='ltr'><strong>om.</strong></span> <span class='ocrx_word' id='word_1_838' title='bbox 1527 5717 1634 5773; x_wconf 73' lang='lat' dir='ltr'><strong>CF.</strong></span> 
     </span>
    </p>
   </div>
  </div>
