4008 6286
559 264 664 322 955

1928 274 2208 333 JOANNIS
2248 275 2442 333 SCOTI

3720 282 3827 338 955

561 376 751 435 iisdem
797 379 1163 451 sepulcrorum
1203 384 1447 438 cavernis
1479 386 1758 455 putabant.
1806 387 1941 445 llinc
1973 391 2136 446 infer-
2164 400 2211 455 Α
2242 407 2400 456 sane;
2432 392 2677 461 quamvis
2723 390 2896 446 adhuc
2926 407 3030 447 non
3076 393 3220 448 omni
3265 391 3494 464 caligine
3530 402 3825 448 remotum.

560 483 691 523 num
752 469 901 537 quasi
954 469 1089 524 infra
1140 480 1339 527 terram
1389 476 1620 544 positmn
1668 480 1977 535 vocabant;
2017 482 2143 538 Inde

560 552 695 610 falsa
721 555 893 609 crevit
922 558 1123 627 opinio,
1163 560 1371 615 animas
1401 564 1650 619 videlicet
1678 565 1876 623 locales
1898 584 2017 624 esse
2048 572 2147 625 sub

560 652 726 701 terra.
766 646 958 704 Graeci
984 658 1162 705 autem
1193 652 1352 709 solito
1380 671 1527 711 more
1556 673 1643 712 res
1665 661 1875 715 acutius
1896 654 2147 719 conside-

560 748 744 795 rantes
766 743 1180 815 expressiusque
1211 746 1591 817 signiﬁcantes,
1628 750 1773 818 ἅδην,
1803 762 1861 808 ut
1887 755 2141 822 diximus,

559 829 664 886 hoc
690 842 772 887 est
801 834 1073 890 tristitiam
1112 839 1513 908 appellaverunt
1551 842 1840 900 infernum.
1886 845 2145 903 Naturam

562 921 826 991 siquidem
850 939 1027 980 rerum
1061 927 1348 984 visibilium
1389 941 1441 986 et
1485 933 1829 990 invisibilinm
1864 936 2147 1008 diligenter

561 1010 845 1076 rimantes,
872 1013 1047 1069 locum
1077 1020 1350 1089 suppliciis
1386 1021 1627 1078 invenire
1676 1042 1785 1081 non
1830 1038 2143 1098 potuerunt,

556 1100 665 1155 nisi
695 1101 748 1156 in
787 1102 1102 1161 libidinosae
1144 1109 1435 1167 voluntatis
1470 1115 1734 1170 malorum
1780 1117 2060 1174 hominum
2092 1128 2148 1175 et

563 1192 878 1262 angelorum
912 1206 1172 1266 egestate,
1208 1215 1517 1273 rerumque,
1545 1220 1683 1274 quas
1718 1207 2147 1279 intemperanter

563 1292 896 1348 amaverant,
924 1284 1138 1342 defectu
1166 1299 1220 1345 et
1251 1292 1575 1361 privatione,
1604 1311 1670 1350 ex
1696 1298 1894 1367 quibus
1928 1301 2145 1356 tristitia

562 1374 829 1445 nascitur,
871 1380 924 1434 in
962 1382 979 1413 ⁸
1018 1398 1123 1452 qua
1164 1387 1564 1445 rationabilium
1598 1393 1900 1449 animarum
1934 1397 2148 1453 irratio-

561 1466 769 1522 nabiles
797 1471 1064 1539 appetitds
1090 1474 1204 1530 sive
1239 1476 1293 1531 in
1333 1477 1436 1534 hac
1461 1481 1572 1535 vita
1600 1483 1714 1539 sive
1746 1485 1799 1538 in
1828 1483 2006 1540 futura
2037 1495 2145 1543 tor-

562 1564 813 1646 quenter,
835 1568 1074 1628 egestate
1095 1564 1311 1633 quidem
1331 1582 1437 1622 non
1460 1569 1699 1627 valentes
1718 1572 1979 1640 invenire,
2002 1576 2145 1646 quod

563 1642 666 1697 sibi
708 1654 896 1714 optant
938 1647 1078 1715 ﬁeri,
1125 1653 1338 1709 defectu
1381 1673 1514 1713 vero
1546 1668 1601 1714 et
1645 1656 1967 1731 privatione,
2016 1642 2143 1721 dum

2247 483 2360 538 Non
2387 484 2528 538 enim
2550 481 2663 551 jam
2695 482 2841 537 clare
2875 484 3162 553 perspicio.
3192 490 3249 538 et
3273 485 3479 554 absque
3500 484 3610 537 ulla
3637 483 3827 539 nebula

2245 574 2565 639 luculenter,
2587 574 2856 644 quomodo
2884 583 3057 645 potest
3085 575 3263 644 puniri
3296 575 3438 645 quod
3469 591 3578 630 non
3608 585 3714 639 est,
3755 584 3827 637 et,

2245 664 2388 735 quod
2416 673 2522 727 est,
2553 663 2728 733 puniri
2759 679 2864 717 non
2894 672 3087 732 potest.
3126 663 3361 718 Facilius
3388 680 3630 733 namque
3658 664 3831 718 credi.

2246 754 2416 809 de'rim
2445 770 2599 824 posse
2644 754 2822 823 puniri
2869 756 3139 825 quodest,
3173 771 3336 825 quam
3380 757 3523 826 quod
3574 772 3687 811 non
3729 766 3828 810 est.

2246 845 2388 900 MAG.
2424 845 2565 900 Ecce
2610 846 2804 900 iterum
2849 846 3004 915 quasi
3048 846 3369 901 obliviscens
3409 848 3830 918 praeteritarum

2248 937 2515 990 rationum
2544 935 2759 999 videris,
2795 943 2847 989 et
2875 951 3037 1005 quem
3083 946 3396 1007 putaveram
3429 951 3496 990 ex
3525 937 3833 1004 praesentis

2248 1025 2447 1094 negotii
2479 1022 2743 1093 profundo
2768 1039 3035 1079 emersum
3080 1034 3134 1079 et
3172 1025 3500 1088 absolutum,
3536 1026 3723 1077 denuo
3748 1024 3836 1076 de-

2249 1131 2485 1171 mersum
2527 1125 2689 1185 atque
2732 1115 3007 1170 detentum
3039 1124 3091 1170 te
3129 1130 3250 1169 esse
3274 1125 3485 1169 Vereor.
3526 1114 3683 1168 Dtsc.
3718 1111 3830 1166 Non

2248 1208 2383 1261 adeo
2418 1216 2468 1261 te
2497 1214 2711 1276 oportet
2760 1206 2958 1261 vereri.
3008 1205 3285 1276 Siquidem
3331 1206 3397 1260 de
3433 1205 3660 1269 talibus,
3700 1221 3835 1274 quae

2248 1296 2389 1351 inter
2439 1309 2538 1351 nos
2591 1296 2937 1359 conveniunt,
2988 1296 3254 1366 quaedam
3312 1296 3516 1351 mentis
3561 1295 3833 1358 acumine,

2245 1385 2410 1441 veluti
2451 1386 2765 1439 aethereum
2806 1385 3003 1451 lumen,
3044 1387 3330 1455 purissime
3374 1397 3635 1457 penetro,
3672 1404 3840 1459 quae-

2245 1478 2371 1534 dam
2394 1492 2521 1533 vero
2543 1476 2832 1549 caliginoso
2854 1493 2917 1532 ac
2936 1476 3102 1532 veluti
3127 1474 3253 1533 aéra
3290 1478 3588 1534 intercisus
3610 1479 3634 1509 ⁸
3658 1490 3839 1550 ruptas

2245 1567 2540 1623 nubeculas
2586 1568 2891 1639 conspicor.
2942 1568 3171 1637 ideoque
3211 1582 3316 1621 non
3368 1583 3458 1622 me
3499 1568 3699 1637 pudet,
3748 1585 3836 1622 nec

2246 1656 2390 1728 piget
2443 1664 2711 1725 repetere,
2768 1664 2827 1712 ut
2867 1655 3099 1711 lucidius
3130 1656 3410 1726 aspiciam,
3464 1672 3615 1727 quae
3664 1658 3839 1712 adhuc

563 1733 707 1802 quod
738 1734 926 1792 illicito
961 1741 1370 1815 perniciosoque
1400 1762 1582 1805 amore
1616 1752 1890 1821 possidere
1928 1765 2149 1824 putave-

2254 1756 2449 1804 mentts
2473 1761 2626 1802 meae
2666 1746 2941 1802 obtutibus
2981 1762 3089 1802 non
3126 1748 3347 1801 omnino
3376 1747 3656 1817 patefacta
3698 1758 3839 1801 sunt.

563 1829 707 1887 rant,
732 1826 952 1882 omnino
975 1830 1042 1885 ab
1063 1831 1143 1887 eis
1163 1833 1428 1903 aufertur,
1458 1837 1763 1910 diutiusque
1784 1857 1851 1897 eo
1875 1843 2022 1898 abuti
2045 1859 2151 1900 non

564 1911 838 1970 sinuntur.
877 1916 948 1973 Et
988 1919 1093 1978 hoc
1133 1932 1217 1978 est
1244 1933 1436 1993 totum,
1479 1928 1622 1998 quod
1663 1932 1861 1986 dicitur
1887 1935 2151 1990 malarum

563 2006 952 2074 cogitationum
998 2012 1555 2089 irrationabiliumque
1587 2022 1937 2093 cupiditatum
1980 2041 2155 2096 poena

565 2106 727 2166 atque
786 2101 1137 2172 supplicium,
1200 2106 1353 2164 dolor
1387 2110 1636 2167 videlicet
1695 2124 1856 2185 atque
1914 2118 2151 2186 tristitia,

566 2190 762 2258 quibus
789 2193 999 2250 duobus
1040 2195 1327 2266 impiorum
1370 2202 1700 2259 conscientia
1730 2205 1871 2260 intra
1901 2211 2155 2281 semetip-

566 2292 682 2337 sam
717 2284 967 2352 punitur;
1022 2302 1160 2356 quae
1206 2290 1311 2344 duo
1348 2302 1633 2362 propterea
1678 2296 1816 2350 mala
1861 2314 1966 2352 non
2009 2310 2153 2367 sunt,

564 2375 821 2443 quoniam
847 2374 1150 2443 justissima
1178 2379 1392 2437 divinae
1417 2384 1788 2452 providentiae
1814 2390 2157 2446 administra-

567 2463 717 2551 tione
749 2464 853 2530 his,
877 2481 1013 2535 quos
1040 2476 1311 2537 torquent,
1341 2474 1684 2539 accidunt,ct
1711 2480 1985 2547 quoniam,
2014 2484 2157 2551 quod

568 2549 767 2618 ubique
794 2551 847 2605 in
883 2555 1133 2611 omnibus
1168 2558 1364 2613 malum
1394 2576 1498 2615 non
1533 2572 1637 2629 est,
1676 2566 1874 2620 malum
1908 2570 2012 2624 dici
2036 2549 2154 2628 non

568 2646 766 2708 potest.
798 2642 896 2697 Est
919 2654 1099 2701 autem
1125 2648 1340 2703 tristitia
1368 2652 1505 2706 bona
1537 2653 1590 2707 in
1624 2654 1728 2720 his,
1753 2658 1952 2725 quisna
1977 2659 2160 2732 lugent

567 2730 793 2824 delicta,
846 2736 984 2792 sicut
1023 2739 1101 2793 ait
1132 2739 1388 2797 Dominus
1422 2744 1475 2799 in
1520 2744 1809 2817 Evangelio
1840 2765 1854 2803 :
1892 2730 2053 2804 Beati
2069 2755 2157 2824 qui

568 2818 741 2892 lugent
772 2841 933 2893 nunc,
979 2829 1228 2898 quoniam
1271 2832 1371 2902 ipsi
1415 2835 1842 2891 consolabuntur.
1897 2818 2160 2897 Similiter

569 2911 745 2968 bonus
781 2913 935 2971 dolor
968 2917 1023 2971 in
1055 2918 1158 2986 bis,
1187 2922 1385 2991 quibus
1430 2926 1641 2980 tardum
1675 2942 2058 2999 morosumque
2079 2933 2159 2987 vi-

576 3002 757 3070 detur,
783 3005 954 3063 donec
985 3010 1050 3065 ad
1076 3016 1395 3081 promissam
1427 3017 1528 3073 sibi
1549 3019 1934 3076 beatitudinem
1963 3039 2157 3095 perve-

2252 1836 2392 1905 Msc.
2418 1836 2531 1908 Age
2570 1835 2754 1907 igitur,
2791 1835 2902 1901 dic,
2933 1850 3061 1890 num
3095 1836 3299 1901 omnia,
3328 1851 3469 1905 quae
3490 1842 3656 1899 sunt,
3683 1837 3754 1889 ab
3779 1851 3839 1888 eo

2253 1930 2390 1998 solo,
2414 1930 2505 2002 qui
2536 1945 2665 1985 vere
2688 1938 2788 1995 est,
2819 1937 2874 1985 et
2896 1930 3060 1984 totius
3081 1929 3351 1985 essentiae
3370 1928 3840 1997 superessentiaiis

2252 2034 2440 2085 causa,
2494 2034 2562 2075 ex
2605 2034 2713 2073 non
2771 2017 3124 2073 existentibus
3168 2018 3221 2071 in
3262 2018 3556 2072 existentia
3616 2015 3838 2071 deducta

2255 2115 2405 2173 sunt,
2431 2117 2486 2164 et
2527 2117 2707 2162 utrum
2735 2107 2990 2177 quiddam
3026 2109 3080 2162 in
3116 2117 3307 2162 natura
3338 2123 3522 2162 rerum
3563 2116 3674 2171 est,
3704 2108 3841 2177 quod

2255 2202 2322 2254 ab
2350 2215 2417 2254 eo
2456 2200 2806 2254 substitutum
2843 2212 2949 2252 non
2990 2208 3075 2254 est
3105 2196 3170 2251 7?
3213 2198 3357 2253 Dtsc.
3387 2196 3499 2252 Cur
3540 2211 3633 2251 me
3677 2198 3841 2251 inter-

2258 2307 2415 2363 rogas
2464 2292 2531 2347 de
2580 2306 2668 2357 co,
2703 2290 2847 2362 quod
2881 2290 3130 2345 omnibus
3163 2298 3312 2344 recte
3335 2288 3844 2358 philosophantium

2255 2383 2599 2437 notissimum
2630 2390 2731 2445 est,
2773 2391 2830 2436 et
2858 2384 3233 2437 incunctanter
3258 2380 3588 2434 deﬁnitum?
3627 2379 3717 2434 Ab
3746 2394 3843 2432 uno

2255 2474 2399 2528 enim
2426 2474 2627 2539 omnia,
2666 2481 2722 2529 et
2759 2473 2895 2528 nihil
2924 2482 3027 2538 est,
3069 2474 3214 2542 quod
3239 2473 3308 2527 ab
3342 2488 3407 2526 eo
3439 2488 3550 2526 non
3581 2471 3676 2527 sit.
3708 2471 3841 2525 Msa.

2258 2564 2493 2619 Putasne
2533 2564 2737 2634 itaque,
2776 2579 2959 2630 omne,
2981 2565 3124 2635 quod
3154 2566 3222 2618 ab
3255 2563 3371 2635 ipso
3396 2572 3502 2629 est,
3542 2579 3711 2634 posse
3738 2580 3846 2617 cor-

2258 2653 2474 2723 rumpi?
2505 2653 2651 2708 Dtsc.
2685 2652 2793 2708 Nec
2818 2653 2919 2707 hoc
2947 2654 3199 2708 dixerim.
3226 2652 3397 2709 Omne
3423 2655 3598 2719 enim,
3619 2655 3770 2725 quod
3798 2656 3844 2707 in

2257 2744 2550 2798 essentiam
2581 2744 2754 2810 duxit,
2783 2760 2922 2810 non,
2969 2754 3028 2799 ut
3053 2740 3222 2815 esset;
3263 2745 3646 2800 tantummodo
3674 2748 3843 2807 duxit,

2258 2835 2351 2889 sed
2395 2845 2453 2890 ut
2483 2852 2696 2906 semper
2723 2846 2890 2901 esset,
2922 2839 3176 2908 quoniam
3218 2853 3433 2909 semper
3465 2839 3773 2893 causaliter
3799 2840 3845 2892 in

2258 2941 2323 2981 eo
2353 2936 2490 2982 erat.
2523 2925 2694 2983 omne
2737 2937 2938 2993 autem,
2971 2931 3114 2998 quod
3154 2944 3369 2998 semper
3395 2938 3500 2993 est,
3554 2939 3839 2984 aeternum

2258 3025 2371 3081 est;
2395 3025 2449 3069 Cl
2469 3032 2626 3072 omne
2664 3014 2688 3047 ⁸
2713 3028 2991 3072 aeternum
3018 3032 3234 3074 verum:
3259 3035 3419 3074 omne
3450 3030 3631 3073 autem
3659 3036 3845 3076 verum

570 3095 740 3150 niant.
758 3095 874 3165 Quo
890 3100 1071 3158 dolore
1081 3096 1371 3174 Apostolus
1392 3107 1691 3177 laborabat,
1708 3113 1892 3169 dicens
1917 3129 1932 3168 :
1957 3090 2121 3185 bupio
2136 3117 2154 3149 '

2262 3107 2407 3162 nulla
2460 3109 2511 3161 vi
2556 3115 2737 3177 potest
2779 3109 3072 3180 corrumpi.
3131 3109 3349 3164 Nullum
3400 3111 3569 3179 igitur
3613 3112 3691 3166 ab
3739 3128 3845 3166 uno

569 3186 788 3242 dissolvi
826 3198 873 3244 et
898 3208 1007 3247 esse
1028 3211 1145 3249 cum
1179 3196 1407 3253 Christo.
1432 3198 1568 3267 Quid
1590 3202 1766 3257 dicam
1794 3205 1858 3260 de
1884 3204 2159 3263 doloribus

545 3288 781 3344 eorum,
830 3281 921 3350 q'ui
955 3282 1155 3341 Christi
1186 3286 1206 3317 ³
1231 3296 1499 3361 martyres
1539 3290 1665 3347 facti
1705 3302 1830 3347 sunt
1859 3296 1924 3348 ⁸⁸2
1961 3296 2157 3353 Tristi—

571 3370 646 3424 tia
679 3382 858 3427 autem
890 3375 1150 3447 dolorque
1194 3381 1479 3451 impiarum
1523 3388 1902 3457 cupiditatum,
1956 3390 2071 3446 sive
2102 3393 2159 3447 in

572 3459 676 3514 hac
720 3463 833 3517 vita
874 3466 989 3521 sive
1035 3468 1087 3522 in
1116 3468 1302 3535 altera,
1348 3484 1633 3544 propterea
1682 3478 1823 3531 mala
1860 3494 1967 3534 non
2012 3491 2158 3547 sunt,

572 3547 825 3616 quoniam
852 3551 991 3606 mala
1016 3554 1279 3614 desideria
1312 3562 1541 3630 puniunt
1567 3582 1581 3618 :
1618 3566 1726 3619 urit
1747 3568 1890 3622 enim
1920 3570 2156 3638 tristitia,

575 3654 714 3707 quae
737 3643 978 3699 nascitur
1009 3662 1075 3701 ex
1098 3660 1339 3719 egestate
1366 3669 1545 3709 rerum
1574 3659 1971 3728 temporalium,
1996 3662 2161 3719 veluti

572 3734 836 3801 quaedam
856 3736 1274 3810 inextingttibilis
1288 3742 1500 3799 ﬂamma
1515 3748 1856 3818 imperfectos
1871 3755 2156 3823 appetitus;

576 3823 787 3879 mordet
816 3827 978 3881 veluti
1009 3834 1205 3887 vermis
1233 3850 1336 3888 non
1363 3837 1616 3906 moriens,
1651 3840 1824 3909 dolor,
1847 3845 1938 3913 qui
1977 3857 2163 3914 putre-

576 3913 703 3969 dine
730 3914 1047 3976 libidinosae
1075 3925 1542 3994 concupiscentiae
1570 3934 1833 4001 nascitur,
1867 3913 1991 3990 dum
2019 3938 2162 4006 quod

579 4006 998 4093 concupiscitur,
1027 4011 1289 4068 aufertur.
1324 4015 1419 4071 Est
1440 4026 1495 4073 et
1518 4019 1621 4073 alia
1644 4022 1802 4087 ratio,
1825 4038 1964 4093 quae
1995 4027 2164 4080 tristi-

577 4092 707 4186 tiam
742 4104 805 4149 et-
828 4097 1066 4154 dolorem
1099 4102 1387 4174 impiorum
1421 4109 1560 4164 mala
1601 4127 1710 4167 non
1739 4092 1857 4169 esse
1895 4118 2159 4186 perbibet.

576 4180 720 4275 Sunt
758 4186 901 4241 enim
954 4190 1113 4247 veluti
1159 4197 1430 4265 quaedam
1482 4203 1709 4258 materia
1756 4180 2163 4275 copiosissimae

575 4268 773 4339 laudis,
815 4279 1018 4332 aeterni
1064 4285 1264 4352 gaudii,
1298 4296 1660 4360 aeternaeque
1696 4268 1909 4359 salutis,
1941 4298 2159 4366 quibus,

577 4363 668 4454 qui
727 4364 779 4418 in
829 4366 997 4423 Deum
1052 4380 1351 4441 transeunt,
1407 4377 1683 4435 fruuntur.
1738 4363 2026 4454 Repertum
2077 4363 2162 4443 est

578 4452 781 4524 itaque,
818 4467 875 4512 ut
926 4461 1183 4531 arbitror,
1225 4466 1350 4521 illud
1395 4472 1609 4526 tertium
1648 4476 1790 4543 quod
1816 4452 2156 4547 quaerebas,

586 4547 888 4618 ceterisque
912 4552 1116 4609 duobus
1146 4557 1507 4627 praeferebas,
1529 4563 1630 4619 hoc
1659 4575 1761 4633 est,
1780 4583 1937 4638 posse
1959 4571 2156 4639 puniri,

580 4639 722 4708 quod
763 4642 815 4697 in
859 4654 1048 4702 natura
1091 4665 1267 4708 rerum
1298 4670 1399 4711 nec
1439 4659 1735 4715 secundum
1778 4662 2156 4729 substantiam,

528 4814 533 4819 λ
580 4747 680 4787 nec
703 4738 995 4793 secundum
1024 4744 1272 4809 naturale
1296 4748 1572 4815 accidens,
1613 4766 1711 4808 nec
1745 4754 1962 4809 oumiuo
1989 4768 2018 4808 a
2050 4754 2161 4810 Dco

578 4822 776 4881 factum
811 4840 914 4895 est,
952 4831 1005 4886 in
1034 4833 1216 4905 aliquo
1256 4838 1501 4908 subjecto
1545 4843 1781 4898 naturali
1811 4852 1865 4897 et
1911 4845 2162 4901 substan-

584 4915 696 4971 tiali
725 4926 781 4972 et
813 4928 834 4962 ι
872 4936 901 4975 a
933 4922 1042 4980 Deo
1084 4924 1249 4993 facto,
1282 4929 1427 4998 quod
1463 4946 1559 5000 per
1597 4937 1833 5004 seipsum
1864 4949 2035 5005 neque
2066 4951 2161 5004 pu-

578 5008 744 5075 nitur,
775 5026 949 5086 neque
972 5015 1024 5071 in
1048 5032 1107 5073 se
1140 5020 1329 5088 punito
1352 5024 1699 5093 compatitur.
1732 5025 1798 5079 Et
1820 5026 1920 5081 hac
1951 5026 2162 5082 ratione

580 5106 727 5154 recte
749 5101 1101 5177 ‘intelligitur,
1160 5111 1302 5179 quod
1349 5114 1629 5170 verissime
1682 5108 1941 5184 creditur,
1992 5118 2159 5172 Deum

526 5272 533 5281 .
578 5189 825 5281 videlicet
855 5197 907 5250 in
939 5199 1081 5253 nulla
1113 5212 1306 5258 natura
1359 5221 1388 5259 a
1416 5221 1475 5261 se
1513 5208 1727 5264 condita
1780 5211 1970 5280 punire
2016 5211 2158 5281 quod

579 5279 737 5349 fecit;
776 5289 917 5355 quod
944 5299 1125 5347 autem
1161 5309 1269 5350 nou
1304 5294 1452 5363 fecit,
1479 5288 1652 5369 punit.
1688 5299 1833 5355 DISC.
1864 5279 2157 5371 Repertum

2259 3200 2500 3253 omnium
2528 3200 2792 3271 principio
2830 3198 3031 3255 factum
3075 3201 3268 3270 recipit
3304 3202 3385 3257 sui
3416 3200 3843 3271 corruptionem.

2260 3286 2397 3357 Quid
2412 3289 2554 3343 enim
2570 3289 2698 3342 illud
2720 3298 3066 3359 corrumpere
3086 3290 3304 3361 posset?
3327 3289 3441 3344 Non
3464 3291 3605 3344 enim
3634 3308 3844 3357 verum,

2259 3394 2434 3446 neque
2464 3378 2752 3432 Verisimile
2792 3388 2896 3445 est,
2947 3389 3004 3434 ut
3052 3395 3083 3432 a
3133 3379 3390 3435 Creatore
3440 3392 3845 3451 corrumpatur,

2263 3467 2432 3536 quod,
2470 3477 2529 3521 ut
2556 3484 2771 3537 semper
2792 3477 2957 3534 esset,
2985 3470 3052 3524 ab
3086 3485 3151 3524 eo
3180 3472 3533 3525 constitutum
3569 3483 3681 3526 est.
3711 3472 3777 3527 Et
3802 3476 3848 3527 si

2261 3556 2463 3627 aliqua
2493 3569 2687 3612 natura
2736 3568 2917 3613 creata
2958 3559 3145 3613 melior
3170 3559 3261 3614 illo
3289 3571 3388 3624 est,
3432 3562 3753 3617 inferiorem
3790 3578 3851 3617 se

2261 3658 2511 3701 naturatn
2543 3665 2893 3720 corrumpere
2924 3650 3256 3719 impossibile
3298 3661 3415 3717 est,
3460 3652 3725 3720 quoniam
3753 3652 3853 3708 b0-

2261 3753 2389 3791 num
2420 3737 2616 3792 nullius
2644 3739 2769 3793 boni
2816 3742 3179 3810 corruptionis
3215 3757 3378 3797 causa
3431 3743 3546 3797 ﬁeri
3585 3747 3847 3813 potest';

2262 3828 2345 3880 sin
2368 3837 2549 3882 autem
2589 3827 2814 3884 inferior
2852 3845 2910 3884 se
2939 3840 3184 3885 creatura
3215 3843 3301 3886 est
3335 3831 3404 3899 ιο,
3437 3830 3713 3888 difﬁcilius
3744 3844 3849 3894 est.

2261 3917 2490 3973 inlerius
2514 3933 2864 3989 corrumpere
2888 3921 3031 3989 quod
3055 3922 3304 3992 superius
3324 3930 3427 3976 est.
3452 3923 3524 3976 At
3545 3922 3588 3976 si
3619 3925 3852 3994 aequale

2262 4011 2363 4064 sibi
2411 4010 2611 4065 bonum
2645 4021 2746 4078 est,
2771 4011 2974 4066 nullttm
3015 4012 3214 4067 bonum
3258 4014 3483 4084 aequale
3507 4015 3611 4070 sibi
3651 4018 3850 4072 bonum

2262 4116 2610 4170 corrumpere
2662 4102 2887 4173 appetit,
2927 4103 3053 4157 dum
3092 4104 3337 4172 ejusdem
3379 4104 3594 4159 virtutis
3641 4108 3754 4160 sint
3800 4119 3851 4160 et

2261 4193 2591 4262 operationis
2622 4202 2676 4248 et
2724 4193 3014 4248 essentiae.
3047 4191 3393 4264 Relinquitur
3436 4211 3592 4266 ergo,
3650 4197 3849 4251 nullam

2263 4294 2511 4338 naturam
2543 4282 2767 4338 alteram
2796 4292 3045 4338 naturam
3075 4286 3115 4316 “
3152 4301 3505 4357 corrumpere
3532 4287 3619 4342 vel
3652 4291 3698 4320 "
3726 4290 3849 4344 velle

2262 4377 2349 4432 vel
2389 4392 2568 4448 posse.
2609 4376 2704 4432 Est
2732 4387 2787 4432 et
2825 4377 2931 4432 alia
2961 4378 3119 4442 ratio,
3168 4393 3308 4448 quae
3354 4379 3732 4436 indubitanter
3770 4398 3849 4436 as-

2264 4472 2417 4536 serit,
2450 4469 2724 4527 nullum’"
2746 4485 2955 4537 eorum,
2999 4486 3139 4542 quae
3165 4472 3234 4526 ab
3281 4487 3388 4525 uno
3420 4471 3533 4526 Deo
3570 4476 3848 4529 conditore

2263 4563 2505 4619 omnium
2536 4572 2678 4626 sunt,
2713 4562 3112 4632 corruptionem
3140 4577 3239 4616 nec
3276 4562 3519 4632 recipere
3546 4564 3634 4617 vel
3668 4563 3713 4595 “
3737 4581 3847 4619 cor-

2262 4654 2439 4725 rumpi
2489 4666 2667 4723 posse.
2724 4651 2783 4707 Si
2827 4651 2973 4707 enim
3030 4652 3302 4724 corrumpi
3351 4646 3681 4720 inchoaret,
3738 4670 3847 4710 cor-

2224 4746 2528 4826 ‘ruptionis
2586 4744 2702 4814 ejus
2761 4745 2884 4800 ﬁnis
2932 4754 3268 4815 sequeretur.
3331 4742 3507 4833 anc
3556 4746 3842 4816 siquidem,

2263 4838 2406 4909 quod
2446 4838 2664 4896 inchoat
2706 4839 2841 4908 pati,
2886 4837 3155 4908 passionis
3195 4852 3327 4892 suae
3369 4836 3652 4906 duplicem
3695 4837 3844 4893 tinent

2262 4939 2533 5003 expectat.
2609 4931 2716 4985 Aut
2742 4931 2886 4986 enim
2909 4931 3144 5002 penitus,
3181 4938 3241 4985 ut
3289 4944 3397 4984 non
3438 4930 3539 4995 sit,
3587 4946 3691 4985 sua
3736 4945 3844 4986 coro

2222 5092 2225 5095 Ἴ
2265 5024 2514 5094 ruptione
2563 5022 3049 5087 consummabitur,
3105 5035 3309 5090 suaque
3342 5022 3630 5090 Correptio
3667 5034 3841 5076 seram

2261 5116 2653 5184 extinguetur,
2713 5121 3033 5181 consumpto
3083 5111 3281 5182 quippe
3330 5111 3677 5180 corruptibili
3733 5124 3841 5164 coro

2262 5210 2563 5278 ruptionem
2626 5205 2741 5275 ejus
2782 5205 2974 5274 perire
3032 5216 3257 5258 necesse
3309 5211 3413 5267 est,
3464 5202 3692 5272 quando
3742 5214 3839 5253 non

2263 5301 2487 5365 invenit,
2530 5300 2672 5370 quod
2699 5303 3046 5365 corrumpat:
3088 5303 3181 5349 aut
3223 5295 3291 5349 ad
3334 5294 3496 5349 talem
3531 5293 3700 5349 ﬁnem
3723 5305 3839 5347 cor-

1863 5419 2119 5499 VARlAE
2158 5416 2559 5476 LECTIONES.

648 5499 665 5523 '
705 5494 761 5547 in
780 5488 894 5552 om.
919 5499 983 5554 A.

577 5575 685 5616 om.
721 5565 784 5619 A.

1087 5505 1117 5583 ξ
1147 5498 1275 5583 ACF
1302 5507 1515 5583 Utinam
1562 5511 1813 5577 dissolvi;
1843 5513 1937 5566 sed
1981 5498 2040 5566 F.
2070 5529 2230 5583 supra
2274 5514 2452 5569 adscr.
2497 5510 2685 5583 Cupio.

861 5568 1002 5640 {Sic
1030 5573 1149 5640 CF;
1204 5580 1247 5632 A
1279 5584 1399 5634 aere
1442 5582 1734 5636 intercisus.
1801 5568 1831 5615 "
1872 5583 1957 5638 CF
2001 5568 2287 5638 subsiitum
2319 5568 2424 5639 non
2451 5584 2538 5635 sit.

2785 5509 2805 5540 ³
2835 5505 2879 5562 Δ
2906 5523 2998 5577 pro
3025 5503 3253 5559 Christo.
3336 5500 3373 5534 ’⁸
3405 5503 3449 5557 Δ
3490 5503 3656 5577 ﬁunt;
3740 5502 3763 5533 ³
3789 5509 3835 5551 et

2617 5582 2648 5640 ⁸,
2675 5580 2719 5633 Α
2752 5572 2915 5634 omne
2947 5588 3121 5632 autem
3145 5586 3444 5631 aeternum.
3521 5573 3544 5604 ⁸
3567 5572 3657 5627 Cl"
3676 5578 3833 5641 potest

577 5631 714 5698 ﬁeri.
756 5670 761 5673 ι
792 5637 834 5669 ιο
863 5638 954 5696 Sic
978 5642 1094 5711 CF;
1129 5631 1172 5701 Ᾱ
1200 5631 1402 5704 ain
1445 5631 1821 5707 vittatis...
1853 5631 1938 5708 AT
1997 5631 2423 5709 ἷῖιῖιῖιᾞιῖἱξίᾹ’.”’
2442 5631 2603 5707 ιῖὲῑο
2632 5631 2718 5706 'Cr‘
2740 5631 2771 5711 ξ
2794 5651 2839 5703 Α
2860 5631 3055 5704 alia;
3126 5642 3171 5681 ιι
3201 5645 3427 5712 Sicut“;
3454 5644 3502 5699 Α
3527 5657 3620 5696 που
