4008 6286
180 311 290 372 957

1022 313 1111 374 DE
1146 310 1486 377 DlVlSlONE
1525 317 1874 376 NATURAE.
1915 348 1982 357 —-
2020 317 2219 374 LIBER
2256 324 2583 392 QUINTUS.

3351 319 3457 381 958

181 427 367 499 ruptio
431 428 754 498 perveniet,
821 436 882 485 ut
935 429 987 484 in
1054 437 1119 486 c'o
1142 471 1156 495 ,
1217 433 1362 502 quod
1424 432 1766 501 corrumpit,
1800 444 1842 500 Α
1871 434 2035 488 ctiam
2067 434 2132 488 ad
2164 449 2363 507 corpus
2392 437 2705 506 pertineat,
2753 452 2859 491 non
2889 450 3217 507 magnopere
3252 452 3456 509 negan-

182 517 391 586 aliquid
415 517 826 587 incorruptibile
864 531 1159 585 remaneat,
1198 524 1340 592 quod
1365 525 1636 593 corrumpi
1663 540 1770 578 non

181 615 400 677 potest,
441 623 615 677 eoque
645 621 861 679 reperto
889 610 1003 681 ipsa
1033 614 1311 682 corruptio
1340 614 1650 668 necessario
1680 614 1773 670 de-

178 698 332 765 ﬁcit;
372 700 651 770 corruptio
678 702 902 773 quippe,
941 703 1157 772 quando
1187 704 1321 758 nihil
1348 706 1675 774 corrumpit,
1719 705 1773 759 in

181 793 362 863 seipsa
391 793 744 863 extinguitur.
788 795 893 849 Sed
931 796 1062 850 haec
1088 796 1193 851 duo
1223 812 1348 851 vera
1379 798 1580 851 refutat
1611 797 1770 851 ratio.

182 885 343 941 Nulla
374 885 517 940 enim
552 893 745 941 natura
774 895 951 957 potest
977 890 1280 958 corrumpi,
1322 899 1383 944 ut
1418 891 1636 961 penitus
1666 906 1773 946 non

181 972 294 1037 sit,
331 981 385 1027 ct
415 972 482 1027 ad
509 972 739 1028 nihilum
770 975 1063 1044 redigatur.
1116 977 1197 1030 Ad
1228 977 1331 1032 hoc
1360 978 1555 1048 quippe
1586 989 1768 1034 creata

183 1072 295 1129 est,
338 1074 395 1141 ut
425 1079 642 1134 semper
665 1066 945 1121 subsistat.
999 1067 1069 1123 At
1093 1069 1137 1123 si
1171 1069 1451 1126 inchoaret
1476 1072 1771 1141 corrumpi,

182 1162 248 1210 et
295 1155 362 1210 ad
413 1155 572 1210 talem
629 1155 790 1213 ﬁnem
849 1158 1257 1227 perduceretur,
1312 1170 1372 1214 ut
1414 1161 1629 1230 penitus
1674 1177 1771 1217 sua

178 1245 539 1314 corruptione
568 1245 994 1313 interimeretur,
1031 1250 1279 1319 profecto
1317 1251 1385 1305 ad
1427 1250 1651 1306 nihilum
1689 1267 1774 1308 re—

186 1334 483 1406 dlgeretur.
542 1336 696 1403 Quod
746 1338 921 1394 virtus
971 1341 1247 1395 essentiae
1292 1356 1320 1395 a
1371 1357 1583 1397 summo
1629 1343 1772 1399 bono

178 1425 438 1480 conditae
463 1425 680 1494 penitus
708 1427 966 1482 excludit.
1018 1427 1175 1482 Nulla
1209 1411 1393 1499 itaque
1425 1441 1617 1484 natura
1646 1446 1771 1486 cor—

182 1514 365 1584 rumpi
398 1514 634 1581 inchoat,
666 1530 842 1585 neque
868 1517 1027 1572 ﬁnem
1060 1518 1492 1593 interemptionis
1520 1535 1651 1576 suae
1679 1537 1772 1577 ex-

183 1612 387 1674 pectat.
444 1603 503 1659 Si
553 1613 734 1660 autem
784 1607 1059 1677 quippiam
1107 1624 1136 1662 a
1185 1610 1297 1664 Deo
1342 1609 1544 1665 factum
1584 1611 1774 1683 incipit

180 1695 482 1764 corrumpi,
510 1703 567 1750 et
597 1704 776 1751 tamen
807 1697 861 1751 in
888 1712 956 1751 eo
981 1698 1303 1767 relinquitur
1325 1700 1469 1769 quod
1498 1703 1773 1771 corrumpi

1872 527 2036 592 dum,
2091 542 2291 597 corpus
2320 528 2549 583 mortale
2595 539 2651 582 et
2697 527 2929 583 animale
2983 536 3037 583 et
3082 529 3355 599 corrumpi
3399 537 3458 586 ct

1872 618 2051 687 puniri
2083 633 2263 689 posse.
2320 618 2463 675 MAG.
2496 618 2736 689 Corpora
2767 619 2932 688 igitur
2957 619 3227 683 mortalia,
3257 620 3300 674 si
3332 634 3455 675 sen-

1872 720 1965 760 sus
1994 708 2102 763 sint
2131 709 2375 778 capacia,
2403 708 2677 778 corrumpi
2711 716 2765 762 et
2797 708 2997 778 puniri,
3020 709 3101 763 sin
3133 723 3266 764 vero
3292 723 3456 764 sensu

1872 799 2133 864 carentia,
2166 801 2441 871 corrumpi
2478 798 2817 855 solummodo
2847 799 3098 854 videntur
3126 814 3306 871 posse,
3347 814 3456 856 non

1872 898 2053 944 autem
2108 891 2283 961 puniri
2309 889 2351 944 δ.
2405 891 2553 945 Disc.
2604 889 2683 944 lta
2729 889 3003 945 existimo.
3062 889 3203 946 ΜΑο.
3261 890 3458 947 Omnia

1873 979 2057 1050 itaque
2101 996 2330 1051 corpora
2378 981 2651 1045 mortalia,
2695 981 2810 1037 sive
2842 980 3182 1037 solummodo
3210 997 3460 1038 corrum-

1873 1080 2092 1140 pantur,
2124 1072 2238 1126 sive
2267 1072 2429 1127 simul
2459 1081 2515 1128 et
2540 1080 2964 1141 corrumpantur
2986 1081 3042 1126 et
3069 1072 3381 1142 puniantur,
3426 1085 3459 1128 a

1875 1162 1987 1217 Deo
2017 1162 2161 1216 facta
2192 1176 2298 1218 non
2325 1172 2471 1218 sunt.
2523 1160 2826 1218 Praedictis
2862 1162 3129 1232 siquidem
3158 1162 3461 1218 rationibus

1872 1252 2186 1309 confectum
2218 1262 2335 1319 est,
2381 1269 2564 1319 onme,
2594 1253 2739 1324 quod
2771 1269 2803 1309 a
2831 1269 3043 1310 summo
3082 1255 3226 1309 bono
3253 1253 3459 1309 factum

1872 1352 1988 1409 est,
2042 1344 2241 1399 nullam
2294 1332 2726 1416 corruptionem,
2773 1359 2839 1399 ac
2879 1347 2900 1379 ⁸
2950 1358 3047 1415 per
3095 1345 3198 1399 hoc
3249 1345 3455 1399 nullam

1873 1451 2101 1507 poenam
2153 1437 2415 1506 recipere.
2488 1436 2633 1492 Disc.
2684 1434 2937 1491 Mundum
2984 1436 3145 1490 istum
3190 1435 3459 1491 visibilem

1875 1524 2218 1585 seusibilibus
2251 1525 2570 1595 corporibus
2606 1525 2839 1579 maxime
2877 1525 3258 1579 subsistentem
3289 1539 3319 1578 a
3348 1526 3462 1578 Deo

1876 1614 2078 1670 factum
2115 1631 2252 1679 esse,
2279 1615 2401 1685 quis
2446 1615 2549 1669 nisi
2590 1615 2849 1685 insipiens
2877 1629 3075 1683 negare
3103 1614 3464 1686 praesumat?

1874 1703 2014 1760 MAG.
2065 1704 2345 1772 Quomodo
2394 1719 2523 1775 ergo
2571 1702 2715 1759 illius
2763 1717 2989 1775 corpora
3037 1712 3461 1773 corrumpuntur

182 1781 524 1854 impossibile
552 1793 675 1850 est,
726 1786 1035 1857 nullamque
1079 1790 1485 1860 corruptionem
1527 1793 1769 1862 recepit,
1798 1792 1846 1850 B
1875 1796 1957 1851 vel
2002 1796 2342 1864 puniuntur?
2395 1796 2537 1851 DISC.
2578 1796 2798 1851 Duobus
2836 1795 3012 1850 modis
3055 1794 3460 1865 corruptionem

174 1878 429 1949 profecto
472 1879 646 1949 ipsum
691 1887 813 1943 est,
866 1882 1009 1950 quod
1053 1882 1226 1938 solum
1270 1891 1327 1938 et
1363 1892 1534 1938 totum
1584 1899 1613 1939 a
1661 1884 1772 1941 Deo

178 1969 598 2039 incorruptibile
626 1969 828 2026 factum
868 1980 951 2027 est
975 2011 991 2038 ,
1041 1973 1183 2042 quod
1223 1975 1624 2044 corruptionem
1665 1992 1770 2031 non

182 2061 422 2131 recipit,
468 2077 534 2117 ac
578 2077 676 2131 per
722 2063 826 2118 hoc
871 2079 1137 2134 nusquam
1180 2082 1457 2137 nunquam
1498 2067 1772 2140 corrumpi

180 2151 480 2209 inchoavit.
537 2152 753 2208 Nullum
798 2155 981 2224 itaque
1024 2170 1244 2225 eorum,
1295 2172 1437 2228 quae
1481 2174 1511 2213 a
1560 2175 1771 2216 summo

169 2246 330 2303 bono
369 2248 387 2278 ¹
433 2248 649 2303 condita
677 2256 822 2313 sunt,
848 2252 1252 2321 corruptionem
1273 2251 1359 2307 vel
1384 2253 1769 2323 corrumpendi

181 2336 600 2408 possibilitatem
635 2339 845 2409 recipit.
884 2339 1023 2396 MAG.
1053 2342 1220 2397 Video
1248 2351 1299 2397 te
1323 2343 1663 2412 resipiscere,
1705 2358 1770 2399 ac

175 2430 257 2486 .de
284 2431 401 2494 bis,
444 2446 585 2501 quae
632 2432 728 2487 tibi
778 2433 1072 2503 caliginosa
1104 2435 1217 2488 visa
1249 2444 1408 2500 sunt,
1447 2435 1648 2489 claram
1684 2436 1767 2489 in-

181 2520 647 2590 dubitabilemque
696 2523 959 2578 rationem
1011 2525 1253 2580 reddere.
1318 2526 1431 2581 [lac
1476 2527 1660 2596 itaque
1703 2527 1770 2581 de

164 2608 703 2679 .incorruptibilitate
740 2626 923 2683 rerum
960 2628 990 2666 a
1031 2613 1142 2667 Deo
1179 2614 1516 2677 conditarum
1548 2616 1767 2687 deﬁnita

166 2702 457 2757 sententia
486 2702 793 2767 considera,
826 2719 956 2758 num
981 2720 1162 2769 omne,
1191 2707 1332 2774 quod
1363 2706 1634 2774 corrumpi
1663 2722 1767 2759 non

168 2797 387 2862 potest,
423 2799 602 2862 potest
626 2793 825 2862 puniri.
864 2793 1014 2848 DISC.
1040 2793 1154 2860 Qua
1189 2796 1396 2849 ratione
1428 2796 1479 2849 id
1511 2796 1623 2849 ﬁeri
1648 2811 1771 2865 pos-

164 2882 258 2936 sit
281 2891 323 2948 i,
371 2897 477 2936 non
514 2882 752 2938 intueor.
798 2882 1020 2937 Videtur
1049 2885 1192 2939 enim
1227 2886 1358 2940 mihi
1390 2900 1583 2949 omne,
1626 2886 1768 2954 quod

170 2972 455 3041 corrumpi
487 2988 594 3028 non
624 2983 799 3044 potest
824 3014 839 3039 ,
869 2975 1045 3044 puniri
1078 2992 1182 3030 non
1216 2991 1373 3045 posse
1393 3018 1406 3039 ,
1440 2977 1578 3029 sicut
1607 2992 1768 3031 onme

177 3064 535 3133 corruptibile
580 3065 821 3135 punibile
874 3065 1111 3120 arbitror
1151 3082 1294 3121 esse.
1351 3066 1763 3136 Cori-optionem

1874 1884 2123 1942 dicimus.
2170 1886 2409 1953 Quorum
2447 1900 2586 1941 unus
2624 1887 2841 1957 quidem
2870 1886 2979 1952 ille,
3005 1886 3093 1956 qui
3122 1885 3461 1959 generalium

1871 1975 2264 2033 elementorum
2305 1977 2506 2031 coitum
2546 1992 2644 2046 per
2668 1976 2909 2032 visibiles
2949 1976 3159 2047 species
3204 1977 3256 2031 in
3300 1992 3465 2047 gene-

1872 2067 2136 2122 rationem
2188 2068 2482 2139 procedere
2536 2069 2731 2132 docet,
2792 2074 2867 2133 et,
2899 2069 3094 2123 iterum
3144 2068 3461 2138 specialium

1869 2174 2163 2229 corporum
2214 2158 2623 2225 resolutionem,
2655 2160 2707 2213 in
2759 2158 3025 2215 catholica
3077 2159 3344 2215 elementa
3391 2173 3461 2213 ex

1870 2251 2068 2320 quibus
2109 2259 2387 2322 compacta
2440 2259 2565 2307 sunt
2609 2252 2884 2317 reditum;
2941 2251 3099 2317 alter,
3130 2268 3238 2323 quo
3262 2252 3462 2306 nullius

1870 2351 2155 2395 creaturae
2205 2342 2495 2396 essentiam
2552 2348 2607 2393 et
2660 2341 2916 2395 virtutem
2973 2348 3028 2396 et
3089 2341 3461 2410 operationem

1868 2445 2028 2500 posse
2070 2431 2247 2484 vitiari
2295 2431 2641 2493 afﬁrmantes,
2676 2428 3012 2484 rationabilis
3055 2429 3461 2487 intellectualis—

1869 2535 1974 2589 que
2023 2529 2304 2574 creaturae
2351 2520 2658 2574 voluntates
2710 2517 3176 2573 irrationabilibus
3224 2519 3464 2572 motibus

1869 2611 2139 2681 corrumpi
2191 2611 2573 2679 approbemus.
2629 2608 2695 2661 Et
2744 2608 2952 2677 primus
3002 2600 3219 2677 quidem
3271 2608 3462 2663 modus

1869 2698 2244 2769 temporalium
2274 2697 2634 2767 localiumque
2670 2711 2847 2749 rermn
2892 2703 2946 2749 et
2974 2695 3309 2749 sensibilium
3339 2696 3461 2764 plus

1868 2793 2082 2845 videtur
2137 2791 2333 2845 docere
2396 2792 2450 2843 in
2514 2805 2573 2844 se
2633 2788 2863 2843 invicem
2924 2785 3344 2843 transfusionem
3406 2797 3462 2843 et

1870 2881 2373 2935 lrausmutationcm
2402 2918 2418 2944 ,
2483 2893 2644 2949 quam
2708 2877 3111 2947 corruptionem
3139 2916 3154 2942 ,
3202 2877 3461 2947 quoniam

1866 2988 2064 3035 omne,
2117 2972 2257 3042 quod
2320 2971 2501 3026 divina
2562 2971 2900 3041 providentia
2965 2970 3275 3026 ordinatum
3332 2978 3459 3036 est,

1868 3064 2323 3135 pulchritudinem
2391 3062 2554 3118 infert
2614 3061 3018 3126 universitati,
3091 3076 3197 3115 non
3267 3076 3457 3115 corru-

162 3152 447 3222 -siquidem
479 3155 750 3223 quandam
782 3169 1008 3223 poenam
1044 3156 1156 3209 ﬁeri
1188 3157 1310 3225 quis
1342 3157 1590 3226 negarit?
1629 3154 1761 3209 Nam
1792 3146 1835 3207 C
1867 3154 2126 3223 ptionem.
2171 3152 2228 3206 In
2276 3152 2361 3208 his
2410 3153 2554 3207 enim
2602 3151 2855 3207 omnibus
2900 3160 2956 3206 et
2982 3151 3245 3207 naturalis
3282 3152 3306 3185 ⁶
3332 3152 3462 3206 sub-

164 3240 312 3295 -dum
349 3256 573 3312 corpora
621 3252 804 3297 nostra
849 3243 1097 3297 mortalia
1136 3244 1309 3313 ipsum
1342 3243 1621 3309 dolorem,
1671 3243 1763 3313 qui

158 3330 464 3402 .repentina
514 3332 763 3389 sanitatis
810 3334 1089 3402 corruptio
1137 3334 1416 3396 delinitur,
1459 3335 1762 3404 patiuntur,

161 3436 245 3478 ea
276 3422 454 3492 puniri
497 3424 782 3479 sentimus.
833 3424 1060 3480 Animas
1105 3442 1319 3495 quoque
1355 3426 1533 3481 adhuc
1581 3426 1636 3481 in
1685 3427 1766 3484 eis

159 3514 428 3570 'detentas
473 3516 659 3586 eisque
707 3518 1103 3587 compatientes
1136 3520 1536 3589 quodammodo
1584 3520 1764 3590 puniri

162 3605 361 3662 nullus
385 3608 629 3679 ambigit,
664 3625 787 3664 cum
817 3611 957 3665 ratio
982 3612 1193 3675 doceat,
1218 3612 1517 3681 simplicem
1550 3610 1765 3666 animae

170 3706 430 3753 naturam
459 3714 638 3769 neque
665 3703 957 3770 corrumpi,
998 3716 1175 3770 neque
1203 3702 1404 3771 puniri,
1441 3718 1613 3772 neque
1642 3717 1765 3771 pas-

156 3792 425 3848 sionibus
462 3794 737 3863 corporeis
784 3794 975 3859 inﬁci;
1030 3794 1263 3863 compati
1311 3801 1491 3847 tamen
1544 3793 1761 3859 dicitur,

154 3884 312 3939 ‘dum
349 3885 635 3952 congenito
676 3884 778 3939 sibi
821 3899 1049 3955 corpore
1098 3893 1154 3938 ct
1196 3882 1578 3953 compaginato
1608 3884 1765 3939 auxi—

158 3972 313 4027 lium
343 3982 618 4042 praestare
646 3972 879 4034 laborat,
902 3986 972 4027 ne
1001 3973 1333 4027 destruatur.
1369 3969 1596 4043 Semper
1618 3972 1764 4029 enim

173 4064 388 4134 appetit
417 4079 614 4135 corpus
652 4065 752 4120 sibi
795 4064 1203 4134 superadditum
1246 4064 1300 4118 in
1337 4079 1506 4118 unum
1548 4063 1569 4096 ³
1611 4064 1769 4121 colli-

156 4168 332 4223 gere,
358 4152 411 4206 in
444 4140 678 4222 unoque,
705 4169 773 4208 ne
799 4152 930 4207 ﬁuat
955 4163 1011 4208 et
1036 4161 1439 4223 corrumpatur,
1462 4153 1762 4210 criminere.

156 4241 323 4299 Μίδα.
341 4243 532 4298 Anima
552 4245 735 4313 itaque
757 4244 823 4300 ad
849 4244 1138 4316 imaginem
1161 4244 1257 4300 Dei
1279 4243 1450 4311 facta,
1468 4243 1608 4299 sicut
1630 4260 1767 4300 nun~

180 4350 353 4403 quam
390 4336 756 4405 corrumpitur
783 4351 881 4406 per
905 4337 1164 4408 seipsam,
1193 4337 1270 4392 ita
1296 4352 1580 4408 nunquam
1609 4336 1768 4407 puni—
1814 4356 1817 4359 ·

172 4436 290 4480 tur.
345 4423 489 4479 Disc.
522 4423 638 4481 Non
677 4426 835 4480 aliter
869 4425 1113 4497 praefata
1143 4428 1302 4485 docet
1333 4429 1494 4484 ratio.
1534 4427 1591 4484 Si
1618 4428 1763 4485 enim

150 4515 326 4571 tnulln
348 4517 644 4586 spiritualis
665 4489 966 4574 substantia
991 4534 1088 4590 per
1105 4521 1337 4591 seipsam
1355 4524 1535 4595 puniri
1561 4532 1760 4593 potest,
1791 4489 1840 4551 D

143 4617 380 4678 -quant0
408 4609 579 4680 magis
609 4609 721 4675 illa,
750 4624 894 4679 quae
921 4612 990 4665 ad
1020 4611 1309 4683 imaginem
1348 4615 1438 4670 Dei
1472 4614 1617 4673 facta
1657 4625 1761 4672 est.

148 4699 319 4755 .Mac.
344 4699 641 4771 Quid'crgo
660 4700 905 4757 dicemus
931 4700 998 4757 de
1025 4704 1297 4771 corpore?
1332 4704 1603 4774 Numquid
1626 4721 1759 4775 quo-

146 4790 326 4845 »niam
356 4792 739 4862 corrumpitur,
785 4791 1049 4862 punitur?
1099 4793 1247 4849 Disc.
1275 4793 1461 4849 Puniri
1491 4810 1596 4850 non
1623 4795 1762 4850 dici-

144 4896 323 4946 ‘inus,
348 4881 451 4936 nisi
480 4882 624 4952 quod
658 4896 813 4937 suam
836 4896 1066 4954 poenam
1089 4884 1279 4950 sentit,
1295 4884 1523 4956 ideoque
1547 4886 1592 4941 si
1616 4885 1765 4941 solus

169 4969 394 5025 animae
430 4984 624 5027 sensus
660 4980 745 5026 est
768 5010 784 5038 ,
837 4971 981 5043 quod
1021 4987 1089 5027 ex
1128 4973 1358 5028 mortuis
1403 4973 1763 5030 cadaveribus

168 5061 340 5116 datur
366 5060 613 5133 intelligi,
641 5064 1009 5134 corrumpitur
1037 5063 1376 5120 solummodo
1403 5078 1622 5134 corpus,
1653 5080 1760 5120 non

166 5161 359 5207 autem
397 5154 640 5223 punitur.
690 5153 826 5209 Nam
856 5164 912 5209 et
939 5168 1169 5226 corpora
1200 5169 1384 5209 rerum
1412 5156 1560 5210 omni
1590 5171 1756 5211 sensu

140 5245 479 5302 -carentium
505 5270 537 5311 ,λ
572 5253 633 5300 ut
662 5254 789 5301 sunt
822 5246 963 5317 ligna
990 5254 1049 5301 et
1078 5245 1319 5316 lapides,
1357 5246 1759 5316 herbarumque

138 5334 445 5407 ~germina,
476 5335 748 5404 corrumpi
779 5334 1030 5399 dicimus,
1060 5350 1168 5390 non
1200 5343 1382 5390 autem
1413 5335 1614 5404 puniri.
1649 5335 1760 5391 Sed

168 5424 222 5480 si
255 5438 448 5479 sensus
487 5423 726 5480 exterior
762 5438 870 5479 non
907 5424 1082 5479 solum
1121 5422 1189 5479 ad
1226 5425 1467 5479 animam
1501 5464 1518 5490 ,
1567 5440 1760 5480 verum

1856 3244 2194 3298 stantiarum
2238 3243 2567 3314 integritas,
2630 3253 2687 3297 et
2751 3243 3072 3311 qualitatum
3128 3242 3459 3297 naturalium

1867 3333 2201 3389 mutabilitas
2255 3334 2598 3399 custoditur;
2665 3332 2863 3402 quibus
2919 3332 3129 3388 duobus
3184 3332 3462 3388 sensibilis

1866 3435 2148 3481 creaturae
2174 3425 2452 3495 plenitudo
2477 3425 2841 3495 componitur,
2870 3439 2934 3478 ac
2971 3438 3067 3493 per
3101 3425 3203 3479 hoc
3238 3423 3461 3478 abusive

1868 3518 2243 3587 temporalium
2287 3518 2472 3572 rerum
2513 3517 2750 3571 varietas
2791 3532 2889 3585 per
2926 3517 3257 3572 incrementa
3289 3523 3344 3569 et
3373 3529 3461 3570 rc-

1865 3611 2161 3667 solutiones
2200 3609 2657 3665 incrementorum
2701 3609 3066 3679 corruptionis
3115 3608 3330 3662 nomine
3364 3622 3461 3678 ap-

1865 3701 2113 3771 pellatur.
2146 3701 2202 3755 ln
2230 3701 2334 3754 hac
2360 3698 2528 3753 forma
2560 3699 2849 3754 locutionis
2878 3698 3196 3768 intelligitur
3222 3697 3458 3768 Aposto-

1866 3790 1949 3846 lus
1971 3792 2198 3854 dixisse,
2219 3790 2287 3845 de
2309 3789 2599 3858 fragilitate
2626 3789 2847 3844 humani
2873 3788 3115 3859 corporis
3140 3789 3455 3858 disputans:

1866 3880 2215 3951 Corraptibile
2241 3881 2338 3934 hoc
2369 3879 2620 3933 indicetur
2654 3880 3112 3951 incorruptionem,
3157 3890 3203 3934 et
3236 3880 3462 3933 mortale

1865 3970 2334 4027 immortalitatem.
2385 3970 2452 4023 Et
2484 3969 2610 4024 alibi
2638 3986 2651 4022 :
2688 3967 2889 4037 Corpus
2921 3969 3061 4038 quod
3097 3969 3457 4037 corrumpitur

1865 4072 2115 4135 aggravet
2153 4062 2405 4126 animam,
2451 4070 2498 4115 et
2539 4069 2746 4114 terrena
2781 4058 3037 4112 habitatio
3065 4057 3309 4127 deprimit
3338 4073 3459 4111 seu.

1864 4172 1983 4211 sum
2030 4153 2196 4208 multa
2244 4155 2578 4224 cogitantem.
2648 4150 2855 4219 Quibus
2900 4149 3083 4204 verbis
3130 4163 3236 4202 non
3282 4148 3461 4204 solum

1866 4243 2084 4302 humani
2128 4243 2372 4313 corporis
2418 4242 2593 4296 adhuc
2638 4239 2845 4308 fragilis
2887 4247 3050 4309 atque
3088 4238 3333 4292 mortalis
3362 4252 3455 4291 so-

1865 4337 2125 4393 lutionem
2180 4334 2545 4389 in‘elementa
2589 4331 2889 4401 simplicia,
2936 4342 3165 4398 quorum
3217 4326 3454 4397 qualita-

1866 4429 2011 4485 tibus
2053 4426 2107 4481 in
2149 4439 2209 4482 se
2248 4433 2269 4465 ⁷
2313 4423 2546 4479 invicem
2593 4419 3043 4478 convenientibus
3089 4415 3460 4486 componitur,

1868 4534 2055 4576 vermn
2100 4518 2267 4573 etiam
2308 4530 2373 4570 ex
2424 4514 2556 4586 ipsis
2599 4513 2796 4568 iter-um
2843 4510 3265 4573 revocationcm,
3294 4507 3459 4576 inth

1847 4607 2180 4681 spirituales
2243 4604 2792 4674 incorruptibilesque
2856 4599 3150 4671 qualitates
3221 4596 3454 4651 reditum

1867 4701 2176 4773 signiﬁcat,
2238 4696 2443 4753 terreni
2501 4694 2749 4764 corporis
2798 4691 3216 4777 mutabilitatem
3258 4705 3454 4745 corru-

1865 4790 2067 4862 ptionis
2119 4786 2380 4844 vocabulo
2440 4783 2734 4854 appellans.
2799 4781 2915 4837 Non
2971 4782 3114 4835 enim
3169 4788 3458 4850 propterea

1868 4884 1971 4940 ista
2011 4882 2287 4939 sensibilis
2323 4889 2380 4937 et
2419 4878 2734 4950 temporalia
2768 4886 3101 4947 spernuntur
3127 4876 3198 4930 ab
3223 4876 3329 4941 bis,
3360 4875 3455 4945 qui

1867 4973 2164 5046 spiritualia
2189 4973 2498 5029 desiderant
2517 4980 2575 5026 et
2597 4978 2838 5035 aeterna,
2860 4970 3018 5039 quasi
3041 4966 3178 5022 mala
3202 4966 3335 5031 sint,
3357 4965 3455 5021 sed

1864 5068 1990 5137 quia
2020 5065 2286 5122 instabilia
2314 5073 2370 5122 et
2394 5063 2670 5121 mutabilia
2701 5072 2847 5127 sunt,
2882 5062 3151 5130 ﬁnemque
3176 5068 3453 5114 transmu-

1866 5158 2087 5214 tationis
2109 5170 2238 5213 suae
2260 5157 2315 5212 in
2343 5155 2538 5213 melius
2559 5162 2866 5225 expectant,
2896 5152 3028 5207 etin
3051 5149 3455 5219 comparatione

1844 5247 2136 5303 .stabilium
2170 5246 2695 5314 immutabiliumque
2740 5242 2948 5298 nullum
2984 5238 3455 5310 transmutationis

1844 5353 1999 5394 suae
2026 5336 2187 5394 ﬁnem
2219 5337 2273 5392 in
2298 5336 2492 5392 melius
2512 5333 2911 5405 expectantium
2932 5328 3454 5399 veluti-contempti-

1867 5427 1997 5484 bilia
2036 5427 2358 5497 penitusque
2404 5423 2701 5480 deserenda
2729 5432 2784 5475 et
2812 5416 3450 5491 postponendajudican-

1452 5537 1708 5594 VARIAE
1748 5538 2133 5596 LECTIONES

250 5654 267 5687 ³
300 5653 432 5742 bpno
600 5653 660 5706 Α.
689 5730 706 5742 η
786 5653 831 5707 Α
858 5661 1065 5742 ροιεδε.Δ
1118 5651 1140 5682 ³
1170 5650 1260 5708 Sic
1287 5650 1407 5715 CF;
1436 5650 1477 5704 Α
1510 5652 1561 5742 in
1583 5652 1679 5706 hoc
1702 5650 1973 5722 colligere.
2051 5652 2073 5684 δ
2099 5668 2200 5707 non
2229 5660 2407 5706 autem
2431 5663 2605 5719 ραηιη
2637 5645 2836 5717 om._A.
2909 5654 2934 5685 δ
2955 5646 2998 5699 Δ
3027 5654 3098 5699 et.
3174 5643 3195 5676 ⁶
3219 5642 3309 5699 Sic
3332 5641 3449 5707 CF;

170 5727 219 5781 A
250 5725 592 5779 naturalium.
689 5730 706 5759 τ
736 5723 788 5777 in
817 5739 870 5777 se
898 5737 1005 5775 om.
1034 5721 1098 5774 A.
