4008 6286
587 340 693 400 959

1981 330 2263 390 JOANNIS
2302 326 2495 388 SCOTI

3749 336 3852 391 960

584 467 692 511 tur.
724 449 1003 508 Secundus
1032 461 1160 503 vero
1186 446 1378 501 modus
1404 461 1509 500 non
1534 446 1588 501 in
1620 461 1800 501 rerum
1829 444 2167 499 mutabilium
2199 450 2245 507 Α
2276 443 2498 496 omnino
2541 456 2644 495 non
2686 456 2806 495 esse
2858 440 3238 510 intelligentiae
3283 452 3441 507 sunt;
3490 444 3643 512 quod
3684 454 3861 499 autem

580 522 1213 599 transfusionibus'intra
1244 545 1494 590 naturam
1529 544 1797 600 versatur,
1839 534 1933 589 sed
1962 534 2015 587 in
2044 548 2196 603 pro-.

579 633 822 703 priurum
871 628 1209 682 voluntatum
1262 625 1787 694 perturbationibus,
1831 638 1971 693 quae
2012 631 2167 676 extra

579 732 831 779 naturam
856 729 999 778 sunt.
1028 717 1307 788 quoniam,
1329 732 1465 787 quae
1486 730 1555 770 ex
1579 717 1689 771 Deo
1712 732 1817 770 non
1845 715 2167 778 subsistunt,

579 812 986 880 corruptioncs,
1030 822 1169 877 quae
1213 820 1340 860 vere
1402 806 1662 859 dicendae
1704 813 1830 859 sunt
1882 817 2171 875 perversae

577 900 874 957 viuntatis
923 899 1076 963 vitia,
1108 896 1437 952 considerat.
1492 896 1731 950 Proinde
1760 897 1939 965 ohnjus
1985 895 2168 949 mttndi

576 1006 809 1061 corpora
841 1005 946 1043 non
978 986 1275 1056 corrumpi,
1303 988 1398 1041 sed
1446 986 1499 1039 in
1543 986 1718 1055 seipsa
1762 986 1992 1039 naturali
2023 994 2167 1038 motu

578 1097 647 1136 ac
667 1081 931 1134 varietate
955 1076 1258 1133 transfundi
1286 1076 1642 1131 existimanda
1670 1084 1818 1138 sunt,
1852 1090 1917 1129 ac
1943 1090 2038 1143 per
2069 1075 2171 1127 hoc

580 1187 757 1241 neque
794 1170 995 1241 puniri.
1040 1169 1324 1223 Naturales
1353 1168 1618 1238 siquidem
1653 1166 1932 1237 passiones
1968 1181 2171 1236 poena-

582 1279 704 1319 rum
758 1260 1016 1315 vocabulo
1063 1258 1217 1327 juxta
1278 1273 1459 1311 rerum
1521 1257 1906 1326 proprietatem
1961 1256 1979 1286 ¹
2024 1254 2171 1308 ιιιιΙΙο

578 1354 742 1407 modo
792 1351 1141 1421 appellandae
1187 1358 1333 1403 sunt.
1385 1348 1450 1402 Et
1475 1348 1519 1401 si
1547 1348 1668 1415 quis
1696 1347 1914 1409 dixerit,
1942 1345 2170 1399 sensibi-

578 1443 712 1498 lium
744 1456 1030 1511 corporum
1076 1440 1126 1493 in
1178 1438 1486 1507 semetipsis
1518 1437 1911 1492 transfusiones
1950 1450 2048 1504 per
2080 1450 2172 1504 ge-

579 1537 914 1591 nerationem
970 1541 1027 1587 et
1075 1531 1399 1587 solutionem
1455 1540 1677 1599 propter
1726 1536 2007 1599 peccatum
2070 1527 2170 1580 hu-

580 1643 776 1684 manae
808 1638 1033 1681 naturae
1059 1625 1195 1688 ﬁeri,
1231 1639 1294 1677 ac
1325 1638 1421 1692 per
1445 1624 1546 1677 hoc
1566 1623 1833 1677 veraciter
1863 1620 2172 1688 corruptio-

579 1735 682 1774 nes
715 1732 872 1788 posse
907 1716 1110 1780 vocari,
1158 1715 1341 1768 videat
1391 1714 1558 1767 totius
1606 1711 1833 1766 visibilis
1876 1719 2163 1764 creaturae

2270 544 2373 597 est,
2402 533 2623 588 omnino
2654 532 2967 601 impunibile
3005 541 3028 571 ί
3067 548 3188 587 esse
3215 549 3437 588 necesse
3465 544 3573 601 est,
3607 536 3741 590 dum
3772 537 3865 589 vir-

2272 635 2385 679 tute
2429 639 2547 688 sua,
2588 625 2730 693 quod
2772 624 3014 693 punitur,
3060 624 3326 678 sustineant
3386 635 3441 680 et
3473 627 3662 695 puniri
3702 628 3861 681 sinat.

2269 716 2346 770 Ac
2378 731 2475 785 per
2511 716 2621 769 hoc
2638 715 2924 769 verissime
2952 715 3018 770 de
3045 716 3225 771 divina
3258 717 3863 788 praedicaturjustitia,

2271 808 2413 876 quod
2443 808 2495 861 in
2528 808 2668 860 nulla
2700 818 2973 871 creatura,
2997 825 3158 878 quant
3192 810 3338 873 fecit,
3361 812 3539 879 puniri
3573 812 3860 880 permittit,

2274 904 2416 973 quod
2446 902 2572 956 fecit
2598 919 2612 966 ;
2648 902 2801 971 punit
2829 910 3006 954 autem
3036 903 3179 971 quod
3210 918 3316 956 non
3351 902 3500 957 fecit.
3536 904 3688 958 Dtsc.
3724 903 3862 958 Satis

2271 1005 2327 1049 et.
2376 992 2591 1062 copiose
2640 991 2706 1046 de
2760 992 2860 1045 hoc
2912 993 3126 1061 negotio
3160 1003 3241 1046 est
3282 1002 3485 1046 aetum.
3523 993 3671 1046 llas.
3719 992 3860 1047 Satis

2272 1083 2448 1154 plane,
2502 1083 2547 1136 si
2583 1082 2873 1152 purissime
2903 1097 2966 1135 ac
2995 1082 3112 1136 sine
3138 1081 3241 1135 ulla
3271 1082 3629 1136 cunctatione
3664 1084 3869 1151 perspi-

2272 1175 2352 1226 cis
2392 1173 2463 1226 ita
2502 1185 2644 1236 esse,
2688 1180 2746 1225 et
2792 1186 2899 1224 non
2944 1170 3121 1224 aliter.
3171 1170 3315 1224 Disc.
3362 1170 3527 1224 Clare
3576 1172 3861 1240 perspicio.

2271 1264 2527 1332 omnique
2538 1262 2767 1333 caligine
2789 1271 2990 1315 remota
3008 1261 3263 1330 intelligo,
3281 1263 3703 1316 universitatem
3724 1278 3864 1314 crea-

2275 1362 2426 1407 turae
2451 1372 2480 1406 a
2511 1354 2618 1407 Deo
2640 1354 2890 1406 conditae
2913 1352 3281 1420 impunibilem
3303 1368 3446 1415 esse,
3469 1352 3741 1420 omnique
3761 1368 3865 1405 cor-

2274 1442 2523 1511 ruptione
2551 1441 2870 1495 absolutam.
2903 1440 3041 1495 llle.
3079 1440 3384 1495 Redeamus
3406 1457 3542 1511 ergo
3570 1443 3643 1495 ad
3671 1457 3860 1511 propo-

2272 1532 2457 1596 situm,
2508 1530 2609 1588 hoc
2640 1540 2745 1595 est,
2773 1532 2839 1585 ad
2881 1532 3111 1586 reditum
3140 1532 3508 1586 univcrsitatis
3534 1534 3795 1587 conditae
3815 1535 3861 1585 ἰιι

2274 1638 2401 1675 SllllS
2430 1637 2642 1675 αιιιετιε.

2344 1711 2434 1764 56.
2493 1713 2638 1765 Disc.
2692 1711 2849 1765 Prius
2903 1712 3397 1778 considerandum,
3448 1714 3717 1775 arbitror,
3766 1729 3860 1783 qua

578 1812 823 1866 ordinem
851 1818 905 1865 et
931 1807 1389 1880 pulchritudinem
1430 1822 1536 1862 non
1568 1807 1668 1860 nisi
1700 1806 1752 1859 in
1786 1803 2169 1859 vicissitudiui-
2202 1805 2243 1863 Β
2275 1804 2482 1856 ratione
2507 1809 2728 1857 acterna
2753 1812 2915 1855 erunt
2936 1803 3216 1873 supplicia,
3245 1804 3464 1872 quando
3484 1805 3640 1858 nulla
3663 1804 3859 1858 malitia

576 1903 682 1959 bus
699 1919 874 1957 rerum
893 1918 990 1972 per
1004 1902 1119 1956 loca
1142 1911 1196 1955 et
1213 1912 1451 1972 tempora
1477 1908 1753 1962 constare,
1772 1898 1998 1967 illasque
2017 1897 2169 1950 vicis-

578 1992 848 2047 situdines
895 2008 958 2046 ac
998 1993 1289 2046 varietates
1328 2008 1432 2045 non
1463 1990 1678 2043 aliunde
1706 1989 1806 2042 nisi
1836 1988 2017 2041 divina
2046 2002 2172 2054 pro-

578 2084 820 2138 videntia
866 2092 922 2137 et
972 2084 1439 2137 administratione
1490 2095 1682 2135 causas
1716 2080 1937 2142 ducere,
1965 2085 2020 2130 et
2052 2076 2170 2145 plus

579 2173 650 2227 ad
690 2173 960 2227 humanae
997 2181 1223 2226 naturae
1251 2172 1639 2234 eruditionem,
1673 2177 1725 2221 et
1759 2170 1824 2222 ad
1854 2167 2167 2221 Creatorem

577 2279 736 2318 suum
781 2265 1180 2318 revocationem
1233 2263 1407 2314 factas
1458 2264 1641 2323 fuisse,
1682 2274 1841 2328 quam
1869 2259 1933 2311 ad
1962 2257 2167 2327 peccati

577 2356 859 2409 ultionem.
902 2355 975 2407 Eo
1003 2355 1145 2408 enim
1185 2354 1342 2407 modo
1378 2352 1674 2423 spiritualis
1708 2350 2005 2404 medicinae
2033 2349 2169 2401 ima-

580 2442 760 2511 ginem
810 2457 964 2497 suam
1006 2442 1148 2495 Deus
1191 2442 1362 2495 voluit
1410 2452 1464 2495 et
1506 2442 1557 2494 in
1604 2440 1837 2509 scipsam
1883 2448 1937 2491 et
1979 2439 2046 2490 ad
2081 2453 2167 2490 se—

579 2530 757 2598 ipsum
798 2540 819 2569 ι
864 2546 1157 2593 revocare,
1218 2539 1277 2583 ut
1346 2545 1527 2584 rerqu
1590 2528 1927 2583 mutabilium
1992 2526 2169 2579 taedio

581 2618 806 2689 fatigata
857 2632 912 2674 et
959 2621 1279 2681 exercitata,
1337 2618 1749 2672 inuuutabilinm
1800 2629 2169 2671 aeternorum-

580 2725 690 2779 que
734 2711 1088 2765 stabilitatem
1147 2709 1503 2780 contemplari
1559 2710 1930 2771 desideraret,
1976 2708 2169 2759 ardrn-

580 2810 774 2869 terque
833 2816 1086 2854 verorum
1157 2792 1625 2855 incounnutabilcs
1682 2800 1891 2868 species
1956 2809 2169 2867 appete-

578 2899 683 2951 rct,
715 2890 767 2943 in
798 2905 1029 2959 quarunt
1072 2890 1276 2959 absque
1325 2889 1432 2942 ulla
1483 2890 1744 2941 varietate
1771 2886 2169 2955 pulchritudine

580 2982 904 3050 quiesceret.
937 2980 1074 3034 Hinc
1099 2980 1403 3043 conlicitur,
1444 2979 1589 3048 quod
1632 2978 1795 3032 etiam
1839 2978 1891 3029 in
1926 2976 2171 3045 superio-

579 3071 735 3127 ribus
792 3071 1098 3141 praesentis
1154 3068 1535 3141 disputationis
1591 3067 1838 3137 plurimis
1904 3066 2035 3120 locis
2088 3074 2171 3118 est

2272 1884 2375 1949 erit
2414 1904 2458 1960 ⁷,
2508 1910 2575 1949 ne
2600 1895 2669 1949 sit
2699 1894 2927 1949 bonitati
2953 1905 3264 1960 coaeterua,
3299 1906 3355 1950 et
3376 1898 3563 1953 omnis
3594 1899 3859 1967 impietas,

2270 2000 2337 2037 nc
2379 1986 2450 2039 sit
2476 1985 2658 2038 divino
2679 1984 2842 2038 cultui
2874 1998 3186 2051 coacterna,
3222 1989 3440 2056 peribit,
3467 1997 3524 2043 ct
3558 1990 3747 2043 omnis
3774 2006 3859 2044 ue-

2272 2077 2463 2145 quitia,
2492 2093 2556 2130 ne
2578 2077 2651 2130 sit
2671 2077 2869 2131 divinis
2891 2078 3097 2147 legibus
3129 2078 3341 2142 infesta,
3366 2080 3433 2133 de
3460 2089 3659 2134 natura
3686 2097 3859 2135 rerum

2271 2166 2596 2230 abolebitur,
2626 2175 2700 2230 et,
2729 2166 2871 2235 quod
2894 2182 3018 2219 vera
3046 2167 3207 2237 exigit
3235 2168 3390 2227 ratio.
3432 2169 3734 2224 deﬁciente
3758 2186 3863 2224 ma-

2272 2257 2385 2310 litia
2430 2258 2607 2311 nullus
2637 2259 2740 2312 erit
2782 2259 2983 2324 malus;
3035 2260 3207 2313 malus
3243 2260 3386 2314 enim
3429 2260 3645 2314 malitia
3698 2261 3862 2315 malus

2269 2360 2370 2402 est.
2410 2349 2675 2404 Peicuute
2723 2350 2995 2419 impietate
3045 2351 3220 2405 nullus
3272 2353 3471 2422 impius
3517 2354 3860 2417 remanebit;

2269 2441 2448 2492 ot'nais
2496 2441 2640 2492 enim
2690 2440 2886 2509 impius
2938 2441 3216 2510 impietate
3268 2442 3464 2510 impius
3499 2451 3628 2497 est:
3660 2444 3858 2498 abolita

2271 2528 2554 2596 iniquitate
2583 2528 2705 2596 quis
2736 2528 2949 2598 iniquus
2987 2530 3353 2597 relinquetur?
3378 2528 3648 2583 Malitiam
3680 2542 3858 2586 autem

2269 2630 2326 2669 et
2367 2619 2697 2685 impietatem
2742 2628 2797 2671 et
2844 2618 3181 2687 iniquitatem
3225 2623 3494 2688 perituras
3534 2634 3661 2674 esse
3710 2636 3863 2675 nemo

2271 2708 2594 2777 sapientium
2622 2709 2850 2772 dubitat,
2876 2709 3247 2771 considerans,
3273 2708 3537 2762 malitiam
3569 2725 3683 2765 non
3712 2726 3861 2780 posse

2273 2797 2412 2859 lieri,
2466 2796 2567 2849 nisi
2614 2796 2701 2849 ubi
2741 2796 2967 2860 invenit,
3000 2798 3084 2851 cui
3112 2805 3324 2850 noceat.
3352 2796 3409 2849 In
3442 2796 3633 2852 futuro
3657 2808 3856 2859 autem,

2269 2888 2485 2953 quando
2545 2887 2721 2940 omnia
2777 2888 2832 2939 in
2884 2888 3124 2940 ounu'bus
3177 2887 3321 2941 Deus
3370 2889 3511 2952 erit,
3573 2898 3633 2942 et
3688 2890 3859 2942 cannis

2271 2985 2515 3029 creatura
2551 2975 2571 3006 ⁸
2625 2975 2945 3030 liberabitur
2988 2992 3018 3031 a
3060 2976 3351 3047 servitute,
3393 2978 3478 3032 cui
3528 2978 3744 3032 malitia
3770 2995 3859 3031 no-

2270 3069 2446 3122 cebit?
2477 3067 2638 3121 Nulli.
2670 3068 2925 3138 Impietas
2947 3083 3161 3138 quoque
3180 3078 3198 3107 9
3224 3070 3411 3123 eadem
3443 3069 3681 3135 ratione,
3720 3071 3857 3139 quod

580 3157 901 3213 conclusum
946 3167 1111 3227 atque
1160 3159 1463 3221 delinitutn,
1520 3156 1719 3210 nullam
1770 3156 1931 3208 aliam
1980 3157 2163 3209 sedem
2193 3152 2236 3210 C
2269 3157 2505 3225 prritura
2562 3156 2654 3222 sit,
2702 3157 3038 3228 intelligitur.
3082 3157 3364 3225 Quomodo
3414 3160 3558 3212 enim
3604 3159 3858 3229 impletas

579 3249 1022 3318 rorruptionibus
1070 3249 1365 3318 poenisque
1423 3262 1583 3318 posse
1640 3247 1905 3316 reperiri,
1953 3254 2167 3314 praeter

579 3339 922 3395 rationabilis
984 3348 1040 3394 et
1094 3338 1473 3393 intellectualis
1534 3346 1821 3392 creaturae
1880 3351 2167 3405 perversos

580 3428 909 3498 illicitosque
953 3429 1204 3500 propriae
1251 3428 1543 3483 voluntatis
1590 3436 1787 3491 motus,
1840 3427 1931 3495 qui
1972 3440 2073 3480 nec
2098 3441 2167 3480 ex

580 3519 717 3586 Deo,
762 3534 863 3574 nec
888 3535 954 3575 ex
1010 3529 1203 3575 natura
1248 3520 1466 3575 condita
1509 3518 1824 3574 occasiones
1861 3516 2165 3587 accipiunt,

581 3611 891 3669 iucausales
937 3612 1085 3667 enim
1136 3621 1298 3677 sunt,
1343 3612 1597 3681 quoniam
1649 3626 1746 3681 per
1790 3611 1998 3680 seipsos
2040 3610 2168 3665 dum

582 3711 954 3774 quaeruntur,
1013 3704 1145 3758 nihil
1197 3702 1341 3758 aliud
1398 3704 1450 3759 in
1503 3705 1583 3758 eis
1632 3703 1907 3758 invenitur
1952 3711 2169 3772 praeter

579 3789 770 3847 lititae
823 3799 880 3846 et
933 3792 1198 3846 naturalis
1250 3792 1542 3847 voluntatis
1595 3791 1951 3862 privationem
2006 3800 2171 3860 atque

581 3882 877 3938 defectum.
930 3882 1071 3939 MAG.
1120 3880 1294 3937 Omne
1342 3882 1547 3952 itaque,
1593 3882 1738 3953 quod
1759 3882 2034 3951 corrumpi
2062 3897 2168 3936 non

578 3984 762 4046 potest
791 3973 834 4040 ⁸,
868 3973 1049 4044 puniri
1084 3988 1243 4044 posse
1276 3974 1414 4029 ratio
1453 3988 1559 4028 non
1588 3973 1748 4038 sinit;
1779 3986 1941 4028 omne
1966 3980 2167 4037 autem,

581 4064 725 4133 quod
773 4078 840 4118 ex
885 4079 993 4118 una
1024 4064 1265 4118 omnium
1301 4079 1462 4119 causa
1497 4064 1697 4118 factum
1754 4072 1860 4127 est,
1889 4064 2174 4131 incorrupo

577 4152 733 4207 tibile
787 4167 910 4208 esse
967 4167 1190 4208 necesse
1246 4162 1348 4207 est.
1413 4152 1587 4208 Omne
1647 4152 1833 4220 igitur,
1891 4153 2035 4221 quod
2102 4168 2169 4207 ex

579 4258 689 4297 una
732 4244 971 4299 omnium
1020 4257 1184 4299 causa
1217 4242 1419 4299 factum
1459 4253 1563 4309 est,
1602 4258 1806 4314 poenas
1835 4245 1943 4313 pati
1970 4244 2171 4315 impos-

578 4335 739 4391 sibile
762 4344 867 4390 est.
899 4334 1072 4391 Porro
1120 4336 1165 4390 si
1202 4336 1488 4405 impiorum
1534 4335 1797 4405 supplicia
1840 4333 2025 4388 futura
2052 4349 2171 4389 esse

581 4424 765 4479 divina
812 4433 1043 4479 testatur
1084 4425 1403 4488 auctoritas,
1453 4439 1593 4493 quae
1640 4423 1785 4480 nullo
1835 4425 1995 4479 modo
2031 4423 2170 4479 fallit

2268 3248 2369 3301 crit
2396 3255 2450 3301 et
2480 3247 2698 3316 impius,
2731 3244 2949 3318 quando
2989 3248 3249 3302 falsorum
3284 3249 3509 3304 deorum
3532 3250 3721 3305 cultus
3740 3267 3855 3307 om-

2270 3340 2397 3392 nino
2417 3339 2785 3409 extinguetur,
2809 3347 2865 3393 et
2893 3353 3031 3393 unus
3052 3338 3197 3394 Deus
3218 3341 3286 3393 ab
3314 3340 3565 3394 omnibus
3590 3341 3787 3396 electis
3806 3349 3861 3394 et

2272 3430 2516 3499 reprobis
2540 3430 2593 3483 in
2614 3429 2865 3486 omnibus
2884 3430 3273 3500 cognoscetur?
3297 3429 3560 3500 lniquitas
3583 3433 3858 3499 quomio

2269 3520 2510 3574 manebit
2535 3520 2601 3585 ι’.
2636 3521 2852 3589 quando
2881 3536 3040 3576 nemo
3068 3520 3212 3591 leges
3244 3520 3453 3575 divinas
3475 3523 3859 3590 praevaricare

2269 3612 2512 3680 poterit?
2551 3610 2619 3663 Et
2660 3611 2764 3665 hoc
2808 3611 3152 3679 apertissime
3196 3611 3378 3667 divina
3424 3611 3675 3666 declarat
3717 3612 3860 3667 Seri-

2270 3711 2455 3772 ptura,
2496 3715 2636 3770 quae
2683 3701 2855 3755 dicit:
2888 3699 3148 3770 Deﬁciunt
3196 3710 3494 3771 peceatores
3539 3717 3573 3753 α
3611 3712 3786 3766 terra,
3811 3710 3858 3755 et

2268 3791 2462 3860 iniqui,
2511 3791 2587 3843 ita
2635 3799 2694 3842 ut
2733 3806 2836 3844 non
2862 3793 2986 3844 sint.
3021 3788 3139 3845 Non
3164 3791 3313 3845 enim
3338 3790 3708 3846 substantiam
3744 3791 3859 3845 illo-

2270 3897 2414 3945 rum,
2458 3880 2554 3936 sed
2603 3889 2885 3951 peccatum
2928 3889 2985 3935 et
3030 3881 3371 3951 iniquitatem
3414 3880 3704 3936 defectura
3746 3897 3859 3938 esse

2270 3973 2599 4029 credendum
2664 3983 2749 4030 est
2794 3992 2809 4029 :
2855 3983 2912 4029 et
2957 3974 3099 4043 quod
3158 3974 3347 4030 beatus
3394 3973 3769 4047 Hieronymus
3810 3978 3859 4031 ia

2270 4066 2605 4137 expositione
2675 4065 2927 4120 Ezechiel
2988 4065 3054 4121 ab
3119 4065 3254 4121 Isaia
3314 4067 3576 4137 propheta
3643 4068 3719 4123 de
3774 4084 3858 4140 ge-

2270 4160 2441 4214 nerali
2493 4160 2660 4215 totius
2719 4159 2987 4215 humanae
3049 4169 3275 4215 naturae
3333 4161 3664 4230 purgatione
3720 4164 3761 4194 υ
3809 4165 3857 4215 ιιι

2272 4251 2442 4323 ﬁgura
2478 4250 2778 4307 Jerusalem
2808 4251 3143 4306 introduxit:
3177 4250 3556 4318 Sancti/icabo,
3593 4252 3777 4323 inquit
3798 4253 3854 4313 ",

2270 4362 2387 4399 eam
2414 4346 2466 4399 in
2496 4346 2614 4417 igne
2650 4345 2887 4410 ardente,
2917 4353 2965 4399 et
3001 4344 3265 4399 derorabit
3294 4345 3427 4397 sicut
3455 4342 3683 4411 foenum
3710 4355 3858 4398 mte-

2272 4438 2421 4491 riem.
2460 4437 2726 4503 Quoniam
2769 4438 2820 4491 in
2855 4438 2970 4506 ipso
3002 4436 3119 4491 loco
3149 4434 3438 4505 dupliciter
3464 4437 3761 4490 materiem
3786 4438 3857 4489 in-

581 4513 669 4567 νθί
710 4512 936 4578 rauim",
976 4513 1246 4583 εθίιυίιιιτν
1284 4522 1341 4567 υι
1372 4514 1424 4568 ίη
1457 4513 1660 4584 θιῖίιυοι
1683 4516 1827 4584 quoa
1855 4531 1923 4571 εἰ
1950 4517 2062 4571 Deo
2090 4515 2165 4571 Γίι·
2196 4496 2245 4554 D
2274 4496 2582 4596 tclliginius;
2600 4526 2849 4582 autenim
2868 4496 3122 4580 materies
3145 4496 3415 4587 informis,
3433 4539 3581 4594 quae
3601 4525 3853 4581 denihilo

582 4614 730 4659 ctum
754 4614 859 4672 est,
899 4604 1127 4676 ideoque
1147 4605 1170 4637 ⁸
1200 4622 1306 4661 non
1333 4607 1558 4662 abusive
1583 4607 1782 4662 dicitur
1802 4622 1941 4672 esse,
1965 4617 2165 4678 etpro-

580 4695 832 4752 babiliter
870 4695 1211 4769 conpluditur
1255 4696 1606 4767 impassibile,
1636 4698 2011 4767 corruptiones
2041 4714 2165 4767 poe-

581 4800 787 4854 nasque
828 4794 991 4856 atque
1028 4785 1290 4855 supplicia
1317 4787 1638 4849 constituas,
1694 4796 1750 4842 et
1778 4787 1844 4842 ad
1872 4787 1944 4851 id,
1970 4787 2036 4842 de
2056 4802 2164 4857 quo

581 4876 855 4932 haesitare
878 4877 1169 4941 videbaris,
1200 4878 1500 4948 intrepidus
1528 4879 1742 4945 redeas,
1766 4887 1822 4934 et
1848 4879 2164 4935 incunctan-

582 4975 665 5023 ter
686 4967 856 5034 dieas,
888 4966 1226 5023 solummodo
1248 4982 1408 5037 posse
1427 4970 1631 5038 puniri,
1663 4971 1807 5040 quod
1839 4986 1945 5026 non
1971 4982 2075 5035 est,
2106 4972 2161 5026 in

581 5072 669 5125 eo,
712 5059 857 5129 quod
895 5068 999 5125 est,
1039 5059 1144 5114 hoc
1172 5067 1259 5115 est
1295 5074 1607 5131 perversam
1645 5061 2002 5128 voluntatem,
2025 5076 2166 5133 quae

579 5149 798 5220 penitus
844 5148 1219 5205 substantialis
1253 5164 1362 5205 non
1393 5159 1495 5215 est,
1546 5151 1600 5205 in
1640 5152 1942 5221 phantasiis
1982 5167 2162 5207 rerum

578 5241 943 5307 sensibilium,
991 5257 1133 5313 quae
1171 5241 1424 5298 videlicet
1458 5250 1482 5283 ⁸
1510 5244 1849 5314 phantasiae,
1905 5244 2161 5315 quoniam

580 5330 650 5387 de
678 5333 1018 5389 naturalibus
1047 5332 1237 5390 formis
1263 5333 1316 5390 is
1343 5334 1603 5390 memoria
1627 5335 2022 5404 exprimuntur,
2056 5350 2161 5390 non

2269 4615 2413 4671 iacta
2450 4625 2554 4682 est,
2601 4627 2657 4673 et
2695 4631 2762 4672 ex
2798 4633 2904 4686 qua
2948 4616 3259 4672 diversitate
3298 4614 3604 4670 fortnarum
3637 4617 3742 4672 sibi
3769 4617 3856 4671 ad.

2260 4706 2452 4777 juncta
2475 4706 2635 4775 hujus
2657 4706 2838 4760 mundi
2880 4706 3150 4762 sensibilis
3183 4706 3535 4776 componitur
3562 4714 3851 4765 stmctun.

2267 4797 2628 4868 signiﬁcatur,
2657 4812 2798 4867 quae
2827 4798 3076 4854 videlicet
3101 4798 3333 4853 materia
3358 4799 3507 4852 sicut
3524 4797 3753 4854 foenum
3775 4814 3852 4851 ar-

2267 4884 2440 4951 debit,
2464 4886 2680 4954 quando
2701 4884 3150 4949 sanetillcabitur,
3175 4886 3229 4940 id
3253 4894 3359 4949 est,
3382 4886 3718 4956 purgabitur
3745 4888 3793 4940 in
3814 4886 3852 4917 "

2273 4974 2389 5044 ipsa
2426 4982 2621 5028 natura
2655 4976 2724 5029 ad
2754 4975 3042 5045 imaginem
3070 4974 3164 5028 Dei
3216 4972 3380 5037 facta,
3413 4974 3488 5027 ita
3519 4983 3583 5028 ut
3606 4975 3684 5029 nil
3719 4976 3771 5029 in
3796 4992 3851 5027 ea

2272 5066 2572 5131 tnatcriale,
2602 5065 2684 5120 vel
2717 5065 3032 5136 temporale,
3059 5064 3144 5119 vel
3171 5074 3472 5130 terrenum,
3514 5065 3603 5119 vel
3633 5067 3850 5127 visibite,

2269 5157 2354 5210 vel
2415 5156 2784 5211 transitorium
2837 5155 3160 5212 mutabileve
3228 5164 3548 5218 remaneat,
3604 5157 3850 5225 quoniam

2268 5248 2495 5303 omnino
2562 5248 2618 5301 in
2682 5246 3018 5317 spiritualem
3092 5254 3341 5301 vertetur
3393 5246 3754 5301 stabilitatem
3802 5253 3850 5297 et

2269 5337 2737 5404 uniformitatem;
2773 5345 2869 5391 aut
2896 5344 3214 5391 cunctorum
3261 5335 3522 5390 vitiorum
3548 5343 3608 5390 et
3640 5333 3852 5391 mich-

1871 5447 1956 5502 VA
1967 5448 2127 5504 RIAE
2165 5447 2571 5505 LECTIONES.

654 5556 1143 5636 .‘.A.PI°P!‘5€¢01¢M
1170 5576 1397 5636 rerum.
1438 5573 1477 5636 λι
1509 5561 1602 5636 Sic
1628 5562 1747 5636 CFA;
1779 5566 1824 5619 A
1853 5566 1921 5620 ad
1947 5567 2190 5636 seipsam.

583 5626 607 5659 ⁶
629 5624 721 5682 Sic

796 5626 938 5693 F;'A
964 5629 1306 5699 impossibile.
1380 5635 1400 5667 ⁷
1422 5632 1467 5686 Α
1494 5635 1591 5687 erit
1622 5626 1849 5689 malitia.
1924 5635 1947 5667 ⁸
1968 5626 2210 5690 creatura
2240 5652 2350 5692 om.
2384 5626 2449 5692 λ.

2653 5569 2673 5599 ⁸
2702 5569 2743 5623 Α
2791 5569 2905 5623 ideo
2955 5569 3108 5638 (-que
3134 5570 3271 5635 om.)
3342 5574 3365 5606 ³
3390 5565 3623 5638 uidelicet
3650 5565 3842 5638 Α.

2314 5566 2360 5622 Α
2388 5585 2557 5636 posse.
2653 5569 2673 5599 ‘
2702 5569 2743 5623 A
2791 5569 2905 5623 ideo
2955 5569 3108 5638 (-que
3134 5570 3271 5635 om.)
3342 5574 3365 5606 ⁸
3390 5566 3623 5621 uidelicet
3650 5580 3757 5620 om.
3782 5566 3842 5616 Α.

2314 5654 2350 5711 ι.
2384 5639 2449 5692 Α.
2537 5645 2562 5711 ξ
2585 5638 2625 5691 Α
2662 5639 2915 5711 Impietas
2942 5650 3136 5695 autem.
3216 5639 3258 5671 ²⁰
3286 5637 3329 5692 Α
3356 5636 3662 5692 remanebit.
3734 5635 3773 5668 “
3800 5634 3843 5688 Δ

582 5698 887 5769 purgatione
906 5698 1065 5753 totius
1092 5700 1353 5757 humanae
1380 5712 1618 5760 naturae.
1696 5704 1738 5737 “
1772 5705 1937 5775 inquit
1964 5721 2071 5762 om.
2099 5706 2193 5772 A;
2242 5707 2284 5738 "
2322 5709 2374 5763 in
2399 5722 2507 5763 om.
2538 5708 2602 5762 Λ.
