4008 6286
188 422 293 478 961

1032 421 1122 478 DE
1158 419 1500 478 DlVISlONE
1531 419 1881 479 NATURAE.
1921 450 1990 461 —
2026 418 2230 477 LIBER
2266 418 2588 489 QUINTUS.

3347 419 3454 478 962

184 547 397 594 ctornm
421 536 755 602 occasiones,
796 535 906 593 hoc
933 544 1018 593 est
1065 536 1324 592 malitiam
1346 577 1362 604 ,
1409 535 1762 607 impietatem,
1791 540 1843 602 Α
1867 541 1970 603 est,
1997 550 2064 591 ac
2090 548 2189 606 per
2216 534 2319 590 hoc
2342 542 2399 589 et
2422 531 2664 588 falsitas:
2698 531 2818 603 quis
2855 531 3195 603 phantasiam
3230 531 3453 589 veritati

184 629 527 702 iniquitatem
552 631 814 687 materiae
843 629 1103 685 vocabulo
1125 631 1388 702 propheta
1429 628 1599 686 voluit
1632 632 1649 661 ¹
1690 629 1772 685 in-

182 721 425 786 sinuare,
454 728 547 776 aut
590 730 882 791 utrumque
920 721 961 774 ’.
1008 720 1288 788 Quomodo
1335 734 1466 792 ergo
1508 718 1772 791 supplicia

182 818 364 877 erunt,
390 810 604 882 quando
628 810 705 866 nil
728 811 946 882 dignum
977 809 1241 882 supplicio
1281 809 1335 864 in
1364 818 1557 865 natura
1588 824 1769 865 rerum

182 903 557 976 relinquetur?
586 903 729 959 MAG.
759 904 815 959 lu
839 903 1211 975 superioribus
1238 901 1566 959 sufﬁcienter
1586 902 1653 958 de
1683 900 1770 956 his

181 996 482 1053 est'actum
526 997 571 1063 ',
611 1005 664 1053 et
701 999 769 1053 ad
816 1013 1033 1067 purum,
1066 1005 1127 1052 ut
1158 997 1416 1062 arbitror,
1465 994 1766 1050 definitum.

181 1084 415 1158 Ideoque
443 1103 585 1144 nunc
604 1086 863 1153 breviter,
893 1087 1146 1157 quoniam
1166 1086 1357 1157 exigis,
1384 1084 1764 1157 colligendum.

182 1177 467 1251 Siquidem
492 1181 636 1238 inter
661 1197 760 1238 nos
785 1181 1064 1237 subtracta
1086 1182 1234 1237 omni
1252 1180 1622 1237 controversia
1640 1193 1769 1236 con-

149 1259 403 1328 sederat
439 1273 481 1340 δ,
531 1288 747 1329 omnem
777 1273 1038 1328 malitiam
1086 1273 1387 1343 malosque,
1407 1287 1620 1329 omnem
1662 1273 1768 1328 im-

176 1361 440 1433 pietatem
470 1363 794 1434 impiosque,
823 1379 1039 1419 omnem
1059 1363 1398 1433 iniquitatem
1423 1362 1765 1435 iniquosque,

169 1452 476 1522 justissima
508 1455 672 1513 divini
696 1456 886 1529 judicii
928 1457 1214 1523 sententia,
1242 1471 1310 1512 ne
1338 1465 1652 1512 naturarum
1688 1457 1769 1512 in-

181 1546 420 1615 tegritati
470 1555 684 1618 semper
731 1548 1044 1620 impediant,
1076 1548 1241 1603 veluti
1289 1549 1552 1619 quasdam
1581 1548 1769 1603 sordes

177 1640 490 1709 purgandas
533 1639 857 1711 penitusque
903 1642 969 1697 de
1000 1650 1195 1697 natura
1227 1657 1409 1697 rerum
1453 1642 1768 1698 adimendas

179 1726 418 1795 aboleri;
458 1738 514 1785 et
539 1731 642 1786 hoc
663 1746 771 1786 non
796 1730 968 1787 solum
989 1733 1314 1789 auctoritate
1335 1742 1646 1790 sanctorum
1672 1733 1770 1789 Pa-

181 1826 327 1874 trum
353 1821 675 1893 divinaeque
704 1821 1041 1894 Scripturae,
1068 1838 1257 1879 verum
1292 1824 1454 1880 etiam
1493 1833 1640 1881 recte
1683 1839 1768 1879 ra-

1874 640 1995 684 esse
2020 625 2347 683 contrariam
2377 623 2619 696 negarit?
2637 623 2707 683 At
2729 623 2774 679 si
2802 622 3085 692 phantasia
3117 636 3298 679 rerum
3316 631 3454 678 tem-

1873 719 2139 791 poralium
2183 717 2464 791 suppliciis
2517 716 2861 772 distribuitur
2901 715 3157 783 aeternis,
3205 715 3452 788 profecto

1873 820 2124 867 aeternae
2151 817 2312 865 erunt
2349 808 2689 879 phantasiae,
2719 816 3086 879 perpetuoque
3114 814 3455 879 opponentur

1871 903 2108 959 veritati.
2143 902 2285 959 Mtte.
2316 901 2433 958 Non
2465 901 2739 957 immerito
2767 899 2889 956 talis
2926 900 3099 969 caligo
3127 900 3223 956 tibi
3264 914 3456 956 occur-

1871 1003 2034 1060 reret,
2086 996 2134 1052 si
2182 996 2334 1067 prius
2373 994 2677 1050 clarissimo
2721 994 2890 1065 ipsius
2927 993 3194 1060 veritatis,
3238 994 3304 1051 de
3346 1010 3455 1064 qua

1870 1085 2114 1154 quaestio
2160 1093 2265 1151 est,
2312 1085 2467 1141 radio
2514 1083 2868 1150 illuminatus,
2911 1082 2978 1138 ad
3021 1098 3216 1154 purum
3259 1084 3454 1153 digno-

1869 1190 2075 1242 sceres,
2128 1174 2181 1230 id
2229 1176 2403 1247 ipsum
2462 1188 2582 1232 esse
2610 1214 2626 1241 ,
2694 1174 2898 1245 absque
2968 1173 3077 1229 ulla
3125 1171 3451 1239 differentia,

1870 1265 2064 1323 falsum
2092 1267 2135 1298 “
2155 1275 2211 1323 et
2253 1267 2620 1337 phantasiam,
2652 1266 2730 1322 ita
2767 1275 2828 1322 ut
2871 1267 3050 1322 omnis
3073 1265 3360 1337 phantasia
3382 1265 3456 1322 sit

1869 1356 2027 1423 falsa,
2074 1364 2130 1411 et
2162 1371 2323 1412 omne
2367 1355 2561 1412 falsum
2589 1356 2895 1428 phantasia.
2931 1353 3082 1410 Nunc
3112 1365 3293 1412 autem
3321 1372 3455 1427 quo-

1870 1446 2015 1502 niam
2047 1461 2239 1519 magna
2276 1444 2579 1502 differentia
2607 1456 2693 1502 est
2736 1447 2878 1501 inter
2906 1443 3100 1501 falsum
3124 1455 3181 1501 et
3216 1446 3453 1517 phanta-

1872 1541 2030 1606 siam,
2061 1538 2404 1609 relinquitur,
2434 1547 2493 1593 ut
2526 1538 2676 1602 illud,
2705 1538 2849 1609 quod
2879 1539 3098 1609 proprie
3126 1537 3326 1595 dicitur
3352 1538 3456 1593 fal-

1870 1646 2011 1696 sum,
2070 1630 2406 1685 solummodo
2462 1637 2765 1699 opponatur
2808 1628 3063 1694 veritati,
3112 1628 3457 1698 phantasiam

1870 1739 2001 1780 vero
2029 1723 2074 1757 "
2104 1723 2319 1779 veritati
2353 1737 2460 1778 non
2486 1736 2607 1777 esse
2634 1720 2987 1776 contrariam.
3035 1719 3183 1776 Disc.
3211 1719 3455 1791 Expone,

1820 1851 1833 1869 .
1870 1833 2092 1890 quaeso,
2127 1832 2266 1887 quae
2286 1817 2359 1873 sit
2391 1815 2481 1871 illa
2511 1814 2836 1880 dill‘erentia,
2880 1828 3020 1885 quae
3054 1813 3249 1871 falsum
3276 1830 3459 1885 segre-

178 1911 549 1969 tiocinationis
585 1916 1092 1986 investigationibus
1137 1927 1223 1973 est
1250 1918 1561 1985 firmatum;
1600 1920 1767 1974 vanas

1868 1917 2037 1982 gat-a
2087 1907 2391 1979 phantasia.
2449 1904 2590 1962 MAG.
2639 1903 2765 1961 Suis
2812 1904 3214 1961 definitionibus
3257 1904 3460 1961 discer—

175 2014 362 2061 autem
392 2007 749 2079 cogitationes
778 2009 1057 2065 hominum
1086 2010 1139 2065 in
1167 2010 1320 2067 falsis
1345 2026 1527 2067 rerum
1557 2019 1767 2083 tempo—

175 2098 374 2154 ralium
418 2101 721 2170 phantasiis
765 2102 818 2158 in
862 2117 1049 2158 eorum
1095 2104 1402 2169 animabus,
1433 2105 1526 2175 qui
1568 2104 1767 2161 solum-

174 2191 339 2246 modo
378 2191 739 2263 integritatem
777 2203 1006 2250 naturae
1035 2195 1303 2266 recepturi
1334 2204 1479 2261 sunt,
1517 2211 1623 2249 non
1659 2210 1755 2249 au-

179 2290 289 2336 tem
338 2282 390 2336 in
432 2283 655 2354 gloriam
705 2284 1154 2351 immutabuntur,
1199 2299 1415 2355 semper
1460 2300 1766 2352 mansuras,

184 2387 417 2445 seraque
448 2376 780 2445 poenitentia
811 2377 878 2433 de
922 2378 1104 2443 rebus,
1134 2394 1271 2449 quas
1295 2378 1350 2433 in
1393 2379 1498 2435 hac
1518 2379 1629 2434 vita
1664 2378 1769 2433 illi-

176 2466 288 2520 cite
329 2477 491 2538 atque
520 2468 825 2526 inordinate
847 2470 1291 2540 concupiverant,
1338 2470 1504 2525 veluti
1534 2472 1767 2541 quadam

176 2556 575 2628 inextinguibili
602 2559 821 2616 ﬂamma
848 2575 1090 2617 arsuras.
1125 2560 1381 2629 Proinde,
1422 2568 1484 2615 ut
1520 2561 1653 2616 mihi
1689 2561 1768 2617 vi-

177 2647 342 2704 detur
368 2691 385 2718 ,
446 2653 755 2724 ambiguum
797 2668 1028 2726 posuere
1053 2665 1076 2698 ι
1100 2655 1426 2726 exemplum,
1459 2655 1553 2725 qui
1608 2656 1769 2712 ratio-

174 2741 417 2798 nabilem
443 2753 691 2800 naturam
723 2755 780 2802 et
802 2762 1018 2818 semper
1036 2764 1371 2815 mansuram,
1401 2758 1455 2805 et
1480 2749 1767 2820 supplicio-

175 2851 303 2892 rum
330 2835 562 2893 flammis
587 2853 801 2911 semper
828 2855 1073 2897 arsuram
1096 2842 1289 2898 docere
1312 2841 1574 2908 volentes,
1606 2843 1764 2898 asbe-

176 2935 325 2986 stum
374 2928 606 2999 lapidem
660 2945 872 3001 semper
911 2948 1133 2990 manere
1200 2948 1517 3004 semperque
1576 2935 1769 2990 ardere

178 3018 390 3086 dicunt,
421 3020 494 3075 ita
538 3029 598 3076 ut
641 3029 698 3077 et
732 3023 1033 3078 substantia
1078 3023 1215 3094 ejus,
1260 3033 1317 3081 et
1366 3025 1661 3096 quantitas,
1713 3033 1770 3081 et

175 3110 417 3181 qualitas
444 3111 591 3168 nullo
620 3115 779 3171 modo
806 3115 1080 3171 minuatur
1108 3116 1191 3171 vel
1215 3126 1615 3188 corrumpatur,
1639 3118 1767 3173 dum

175 3199 395 3259 ﬂamma
426 3203 481 3259 in
509 3218 570 3260 ea
602 3221 707 3261 non
735 3207 1085 3278 extinguitur.
1132 3206 1246 3263 Hac
1274 3209 1417 3263 enim
1457 3208 1768 3265 similitudi-

1868 2005 2091 2053 uuntur.
2131 1996 2230 2053 Est
2253 1996 2396 2051 enim
2439 1993 2653 2059 falsum,
2700 1995 2844 2066 quod
2879 1995 3086 2066 appetit
3111 2010 3268 2062 esse,
3314 1995 3461 2065 quod

1866 2105 1975 2146 non
2006 2098 2118 2157 est;
2154 2088 2313 2145 aliter
2344 2088 2488 2144 enim
2515 2087 2631 2142 vult
2676 2103 2736 2144 se
2777 2087 2949 2143 videri
2993 2103 3156 2157 quam
3179 2096 3288 2153 est,
3330 2088 3460 2158 quia

1869 2197 1976 2238 non
2008 2182 2083 2237 ita
2112 2191 2196 2238 est
2234 2182 2348 2252 ipsa
2387 2195 2498 2245 res,
2536 2179 2605 2235 de
2633 2194 2739 2249 qua
2785 2178 3150 2250 praedicatur,
3188 2179 3458 2249 quomodo

1868 2276 1934 2331 de
1961 2289 2024 2330 ea
2068 2274 2432 2345 praedicatur.
2477 2272 2535 2327 In
2575 2288 2684 2343 quo
2716 2287 2914 2342 genere
2944 2273 3206 2341 quaedam
3250 2270 3461 2327 fabula-

1868 2381 1988 2421 rum
2013 2375 2139 2421 sunt
2158 2364 2203 2397 “
2229 2366 2579 2429 constitutae,
2598 2371 2659 2417 ut
2684 2362 2899 2418 volatus
2923 2362 3167 2427 Daedali,
3203 2377 3343 2432 quae
3372 2362 3456 2418 fa-

1865 2460 1993 2515 bula
2022 2475 2123 2516 nec
2148 2475 2277 2516 vera
2303 2468 2410 2528 est,
2435 2474 2536 2516 nec
2562 2459 2677 2515 veri
2707 2457 2918 2524 similis,
2950 2457 3046 2514 sed
3070 2456 3204 2513 falsa
3232 2457 3457 2512 omnino

1868 2552 2071 2622 opinio,
2092 2567 2234 2622 quae
2261 2551 2401 2608 fallit
2429 2552 2768 2623 insipientes.
2818 2550 3107 2621 Nunquam
3138 2551 3283 2606 enim
3316 2551 3455 2605 Dac-

1868 2642 2020 2698 dalus
2050 2644 2271 2709 volavit,
2303 2644 2586 2715 navigasse
2615 2652 2796 2699 autem
2818 2643 2884 2699 de
2909 2642 3070 2698 Creta
3100 2644 3152 2698 in
3178 2643 3452 2698 Euboeam

1867 2738 2042 2795 fertur
2064 2739 2130 2794 ".
2162 2738 2391 2810 Ideoque
2432 2738 2630 2795 falsum
2659 2737 2877 2805 dicitur,
2914 2738 3039 2808 quia
3063 2735 3201 2791 fallit
3228 2742 3283 2791 et
3309 2734 3458 2793 deci-

1867 2832 1948 2903 pit
1989 2831 2253 2904 judicium
2281 2846 2492 2899 eorum,
2525 2831 2619 2901 qui
2649 2829 2935 2896 falluntur,
2984 2827 3118 2884 falsa
3164 2842 3264 2898 pro
3310 2827 3457 2881 veris

1867 2924 2260 2994 approbantes;
2302 2924 2447 2995 quod
2506 2931 2591 2980 est
2638 2922 2919 2993 proprium
2972 2920 3197 2977 erroris.
3242 2919 3309 2974 Et
3350 2919 3446 2974 hoc

1867 3025 1971 3082 est,
1999 3016 2144 3087 quod
2168 3029 2296 3072 vere
2318 3016 2516 3071 dicitur
2536 3013 2759 3080 falsum,
2790 3015 3041 3085 quamvis
3065 3026 3228 3083 saepe
3257 3011 3309 3067 in
3338 3011 3453 3067 dia-

1868 3106 2080 3163 lecticis
2116 3108 2577 3179 propositionibus
2609 3106 2930 3179 negationes
2967 3104 3086 3161 falsi
3118 3106 3336 3161 nomine
3365 3088 3461 3161 vo;

1870 3201 2122 3266 citentur,
2146 3215 2413 3273 saepeque
2432 3200 2820 3257 allirmationes
2841 3215 2858 3255 :
2883 3199 3195 3271 negationes
3214 3200 3457 3270 quidem,

177 3308 251 3351 ne
278 3311 386 3352 non
408 3304 432 3337 ο
456 3296 883 3354 irrationabilius
917 3307 937 3338 ⁷
972 3300 1050 3354 uti
1074 3308 1294 3370 possent
1314 3302 1382 3356 ad
1402 3302 1758 3368 suadendum,
1789 3293 1834 3356 C
1868 3302 1927 3349 ut
1948 3295 2128 3350 omnis
2153 3295 2316 3351 homo
2354 3294 2553 3349 animal
2585 3311 2690 3351 non
2717 3303 2803 3350 εει
2838 3293 3033 3350 falsum
3062 3302 3185 3360 est;
3215 3292 3456 3347 amma-

177 3389 324 3460 quod
347 3406 454 3447 non
477 3391 650 3447 solum
676 3393 941 3448 naturalia
957 3394 1097 3449 bona
1120 3393 1453 3450 rationabilis
1480 3401 1708 3450 naturae
1740 3396 1763 3427 ⁸

176 3493 394 3549 semper
418 3481 619 3552 absque
646 3481 756 3537 ullo
787 3482 1112 3539 detrimento
1138 3484 1553 3553 permanebunt,
1577 3500 1761 3541 verum

174 3570 346 3626 etiam
377 3571 430 3626 in
458 3573 566 3639 his,
593 3574 684 3644 qui
730 3574 944 3645 purgati
982 3584 1038 3630 et
1067 3575 1385 3632 sanctiﬁcati
1412 3575 1555 3630 ultra
1581 3577 1763 3631 omnia

170 3660 445 3716 naturalia
510 3661 650 3718 bona
712 3664 1108 3722 deiﬁcationem
1158 3667 1465 3737 accipient,
1509 3676 1766 3723 aeternae

168 3750 529 3808 beatitudinis
564 3753 733 3825 gloria
770 3763 813 3821 θ,
867 3756 1033 3811 veluti
1081 3756 1136 3811 in
1170 3756 1507 3829 extinguibili
1549 3758 1764 3814 divinae

171 3844 386 3913 gratiae
410 3844 626 3902 flamma
650 3848 951 3919 fulgebunt,
983 3850 1058 3905 ita
1086 3858 1145 3905 ut
1181 3851 1236 3905 in
1278 3852 1359 3906 eis
1403 3860 1459 3906 et
1499 3852 1764 3909 naturalis

169 3935 521 4006 pulchritudo
549 3948 807 4010 perpetuo
856 3950 1093 4007 maneat,
1123 3950 1179 3997 et
1205 3942 1563 3998 deificationis
1600 3942 1765 3999 clari-

175 4034 268 4081 tas
296 4041 458 4098 super
493 4031 674 4086 omnia
703 4030 935 4086 eluceat.
981 4033 1256 4089 Discernis
1301 4033 1502 4105 itaque,
1564 4042 1620 4089 ut
1648 4034 1764 4105 opi-

171 4131 302 4180 nor,
352 4118 495 4174 inter
527 4134 614 4187 ea,
666 4135 804 4191 quae
849 4121 1063 4193 penitus
1110 4124 1381 4194 peribunt,
1411 4133 1468 4180 et
1494 4139 1582 4192 ea,
1624 4139 1766 4196 quae

171 4212 419 4267 aeternis
471 4212 840 4270 attribuuntur
908 4217 1203 4288 suppliciis.
1268 4219 1415 4275 Dtsc.
1468 4219 1759 4287 Discerno;

170 4301 339 4358 video
367 4304 537 4371 enim,
562 4305 703 4376 quod
740 4307 871 4363 vitia
929 4309 1290 4381 vitiorumque
1333 4310 1651 4367 occasiones
1697 4311 1762 4368 de

171 4401 376 4450 natura
405 4412 587 4452 rerum
618 4399 835 4468 penitus
859 4398 1199 4469 delebuntur,
1234 4403 1554 4473 phantasiae
1579 4413 1760 4459 autem

172 4499 361 4541 rerum
413 4492 809 4561 temporalium,
839 4492 1035 4563 quibus
1072 4495 1422 4566 imperfectae
1450 4497 1662 4554 animae
1704 4500 1758 4554 in

170 4590 344 4635 carne
370 4582 696 4639 constitutae
723 4585 1074 4654 seducuntur,
1115 4588 1349 4643 aeternis
1375 4588 1759 4661 suppliciorum

1869 3386 2045 3441 tiones
2072 3391 2276 3449 autem,
2316 3393 2378 3441 ut
2417 3385 2596 3441 omnis
2625 3385 2789 3441 homo
2808 3384 2990 3455 justus
3011 3393 3096 3439 est
3124 3382 3319 3438 falsum
3348 3391 3457 3439 est.

1866 3475 2159 3532 Phantasia
2183 3489 2314 3532 vero
2325 3484 2410 3532 est
2432 3476 2611 3548 imago
2635 3476 2984 3548 quaedamet
3001 3476 3268 3546 apparitio
3294 3478 3360 3532 de
3382 3477 3464 3531 vi-

1865 3568 2007 3624 sibili
2057 3568 2143 3625 vel
2173 3568 2429 3625 invisibiii
2465 3571 2647 3640 specie
2673 3569 2971 3625 memoriae
3000 3569 3285 3640 impressa.
3317 3569 3455 3624 Dum

1866 3660 2012 3716 enim
2066 3660 2213 3716 nulla
2274 3676 2362 3718 res
2401 3676 2661 3733 corporea
2713 3662 2799 3719 vel
2851 3662 3171 3733 incorporea
3229 3679 3324 3732 per
3368 3678 3456 3718 se-

1867 3756 2043 3825 ipsam
2106 3754 2429 3810 mortalibus
2485 3755 2660 3811 adhuc
2714 3755 2966 3812 sensibus
3027 3755 3314 3825 conspicua
3368 3757 3462 3822 sit,

1867 3854 2062 3900 natura
2116 3859 2302 3900 rerum
2341 3844 2643 3911 constituit,
2676 3852 2738 3900 ut
2763 3845 2818 3901 in
2862 3860 3023 3902 sensu
3055 3846 3311 3902 exteriori
3340 3861 3466 3901 sen-

1866 3937 2106 3995 sibilium
2136 3952 2320 3993 rerum
2368 3936 2655 4008 imagines,
2689 3936 2746 3992 in
2794 3936 3040 3993 interiori
3094 3953 3223 3993 vero
3264 3937 3461 3992 intelli-

1867 4031 2113 4102 gibilium
2172 4030 2589 4102 exprimantur;
2639 4044 2704 4086 ac
2750 4029 2947 4085 deinde
3006 4028 3173 4084 veluti
3217 4044 3285 4085 ex
3324 4030 3463 4085 dno-

1866 4127 1969 4183 bus
2010 4124 2275 4193 fontibus,
2337 4123 2687 4180 sensibilibus
2738 4123 2862 4178 dico
2904 4131 2961 4177 et
3012 4122 3459 4193 intelligibilibus,

1866 4219 1974 4275 duo
2026 4218 2294 4289 quaedam
2346 4216 2568 4272 ﬂumina
2649 4216 2705 4271 in
2751 4214 3069 4272 memoriam
3135 4214 3457 4279 conﬂuunt,

1866 4319 1922 4367 et
1970 4326 2136 4366 unum
2190 4309 2410 4382 quidem
2437 4306 2639 4363 ﬂumen
2687 4321 2757 4363 ex
2799 4305 3150 4363 inferioribus
3194 4321 3294 4378 per
3330 4322 3457 4364 sen-

1866 4418 1987 4460 sum
2039 4416 2364 4475 corporeum
2389 4442 2406 4469 ,
2458 4400 2691 4456 alterum
2748 4414 2879 4455 vero
2940 4399 3310 4471 superioribus
3361 4414 3460 4472 per

1866 4511 1991 4551 eum
2014 4509 2258 4561 sensum,
2278 4494 2371 4565 qui
2395 4492 2563 4549 solius
2588 4490 2634 4525 ¹⁸
2654 4492 2866 4548 animae
2884 4501 2987 4558 est,
3006 4501 3238 4548 meatum
3268 4492 3457 4548 trahit.

1863 4587 1931 4642 Et
1958 4601 2141 4654 omne,
2168 4586 2312 4656 quod
2341 4600 2407 4640 ex
2447 4585 2534 4640 his
2557 4584 2851 4641 memoriae
2878 4582 3136 4655 inﬁgitur,
3175 4583 3462 4654 phantasia

171 4671 469 4729 ardoribus
490 4675 780 4732 attributae
802 4679 1118 4745 manebunt,
1148 4688 1208 4734 ut
1235 4680 1289 4735 in
1312 4680 1393 4736 eis
1418 4696 1617 4752 pravae
1646 4692 1757 4738 tor-
1786 4682 1839 4743 D
1865 4680 2084 4752 proprie
2133 4680 2467 4743 nominatur,
2494 4679 2598 4733 hoc
2640 4686 2725 4733 est
2771 4675 3060 4747 apparitio,
3105 4684 3166 4730 ut
3212 4677 3462 4748 superius

170 4774 453 4837 queantur
519 4768 843 4839 cupiditates
890 4787 1200 4843 pravorum.
1256 4773 1361 4829 Sed
1411 4775 1589 4831 adhuc
1651 4790 1758 4832 non

168 4874 347 4932 parva
376 4861 508 4916 mihi
531 4862 710 4919 obstat
730 4865 994 4936 quaestio.
1028 4864 1085 4920 Si
1115 4867 1343 4923 bonitati
1364 4876 1419 4922 et
1439 4867 1759 4923 beatitudini

166 4955 480 5027 ceterisque
526 4957 723 5013 divinis
771 4959 1085 5025 virtutibus,
1114 4975 1255 5032 quae
1299 4961 1365 5017 de
1410 4960 1522 5017 Deo
1550 4961 1762 5031 praedi-

169 5057 392 5117 cantur,
422 5050 499 5106 nil
543 5052 653 5107 erit
690 5063 1062 5121 coaeternum,
1105 5070 1204 5110 cur
1228 5055 1447 5110 veritati
1472 5055 1689 5126 aliquod
1716 5055 1762 5088 ¹⁰

167 5148 526 5198 coaeternum
571 5146 880 5216 opponitur,
917 5147 1019 5204 hoc
1042 5156 1147 5214 est,
1176 5146 1372 5202 falsum
1412 5155 1468 5203 et
1514 5147 1764 5205 falsitas?

170 5228 251 5286 Ut
279 5231 443 5300 enim,
478 5234 534 5289 ni
566 5234 743 5303 fallor,
771 5236 956 5311 [sicut]
988 5238 1029 5269 “
1061 5238 1280 5294 veritati
1304 5239 1593 5309 opponitur
1618 5239 1765 5295 falsi-

169 5331 287 5392 tas,
316 5322 394 5381 ita
418 5340 550 5385 vero
573 5326 788 5386 falsum.
821 5328 880 5387 Si
906 5330 1073 5402 igitur
1100 5330 1278 5390 omnis
1306 5331 1593 5404 phantasia
1627 5330 1760 5387 falsa

1868 4776 2122 4831 diximus.
2161 4773 2440 4845 Siquidem
2463 4771 2748 4847 phantasia
2771 4785 2840 4827 ex
2867 4772 3034 4827 verbo
3064 4786 3280 4840 graeco,
3317 4771 3461 4842 quod

1867 4876 1953 4923 est
1982 4868 2161 4941 φαίνω,
2205 4864 2361 4934 cujus
2388 4862 2765 4935 interpretatio
2788 4872 2874 4918 est
2912 4878 3162 4935 appareo,
3191 4860 3459 4933 etymolo-

1865 4961 2011 5032 giam
2059 4957 2226 5014 ducit.
2281 4957 2398 5025 Qua
2442 4956 2608 5028 igitur
2655 4955 2867 5012 ratione
2912 4955 3196 5026 phantasia
3242 4951 3461 5008 veritati

1866 5057 2229 5123 opponeretur
2252 5049 2319 5115 ’⁷,
2349 5064 2471 5103 cum
2507 5056 2563 5102 et
2589 5048 2708 5119 ipsa
2736 5047 2936 5103 veritas
2978 5062 3077 5117 per
3101 5045 3334 5115 seipsam
3383 5042 3460 5097 in-

1867 5144 2161 5216 conspicua
2206 5143 2262 5198 in
2286 5143 2400 5199 suis
2426 5142 2751 5215 phantasiis,
2788 5154 2927 5212 quas
2955 5145 3153 5195 vocant
3197 5135 3459 5207 theopha-

1867 5236 2009 5301 nias,
2054 5233 2443 5306 quaerentibus
2488 5248 2549 5290 se
2595 5232 2835 5291 occurrit
2890 5241 2945 5289 et
2987 5227 3243 5286 ineffabili
3296 5225 3458 5283 modo

1869 5326 2180 5385 manifestat
2220 5326 2301 5382 ¹⁸ἳ
2334 5326 2402 5384 Et
2448 5328 2579 5385 dum
2624 5326 2803 5385 omnis
2850 5322 3136 5396 phantasia
3187 5320 3453 5393 quaedam

1467 5496 1724 5557 VARIAE
1759 5495 2163 5555 LECTIONES.

248 5613 269 5645 ¹
309 5611 471 5690 uoluit
496 5629 617 5690 om.
653 5602 757 5671 Α(
815 5618 837 5649 ’
876 5623 967 5690 aut
988 5624 1269 5690 utrumque
1293 5632 1404 5673 om.
1437 5615 1504 5670 Δί

163 5699 284 5759 ηριι
302 5685 435 5759 mihi
455 5686 701 5759 videntur
727 5688 1034 5759 conveniens
1068 5685 1305 5759 posuisse
1333 5687 1663 5758 exemplum.

1595 5616 1617 5647 ³
1654 5616 1701 5670 Α
1739 5625 1916 5670 actum
1952 5624 2047 5671 est.

1770 5687 1790 5718 ⁸
1830 5704 1932 5741 non
1963 5703 2072 5743 om.
2103 5686 2170 5740 A.
2248 5687 2269 5717 "
2308 5685 2353 5739 A
2387 5684 2774 5740 rationabilius.
2850 5692 2872 5724 ⁸
2910 5687 2951 5739 Α
2981 5694 3272 5740 creaturae.
3348 5694 3369 5725 9
3411 5688 3459 5740 Α
3517 5685 3527 5693 ’

2140 5612 2166 5646 ⁸
2202 5612 2295 5669 Sic
2337 5613 2465 5681 CF;
2504 5614 2551 5669 Α
2590 5613 2996 5670 consideratam.
3084 5616 3104 5648 ³
3141 5613 3180 5668 Α
3222 5611 3457 5679 Provide

203 5754 422 5828 loriam.
501 5756 545 5789 ¹⁰
566 5758 613 5811 Α
633 5758 853 5826 aliquid.
932 5759 973 5790 “
998 5754 1089 5815 Sic
1111 5759 1229 5826 CF;
1253 5761 1385 5814 sicut
1406 5754 1515 5815 om'.
1547 5759 1614 5813 A.
1694 5758 2025 5828 “nunquam
2042 5761 2179 5812 enim
2204 5754 2904 5828 Daedal_us——fertur,quae
2936 5756 3074 5828 infra
3107 5756 3259 5826 legis,
3290 5756 3456 5828 Alioc

188 5841 299 5881 oco
326 5825 468 5880 inter
499 5829 662 5883 verba
694 5825 992 5898 (li/ferentia
1017 5839 1073 5885 et
1112 5830 1305 5900 falsum
1338 5830 1583 5885 inseruit.
1666 5828 1711 5861 ¹³
1748 5825 2001 5884 υενοωη.
2035 5831 2101 5882 Α.
2181 5827 2227 5859 ¹⁸
2270 5826 2362 5882 Sic
2387 5826 2502 5893 CF;
2547 5828 2593 5881 A
2630 5828 2754 5882 sint.

188 5895 541 5953 Daedalus—
565 5899 739 5954 fertur
765 5900 809 5953 Δ
839 5916 1001 5954 supra
1035 5901 1282 5954 inseruit.
1373 5901 1416 5933 ¹⁶
1451 5901 1498 5954 A
1535 5900 1703 5954 solus.
1809 5901 1850 5933 ⁸⁷
1888 5900 1981 5954 Sic
2018 5898 2137 5954 CF:
2171 5898 2219 5954 A
2250 5909 2559 5954 coronetur.
2639 5899 2683 5930 ⁸⁸
2723 5898 2754 5952 S

1889 5915 1981 5956 DIC
2018 5915 2137 5964 ωίς
2171 5915 2219 5954 Λ
2250 5915 2559 5969 opponatur.

168 5895 449 5953 Daedalus
470 5929 541 5940 —
563 5895 809 5970 ferlnr'A
839 5916 1001 5969 supra
1035 5895 1282 5956 inseruit.
1373 5901 1416 5933 “
1451 5901 1498 5956 A
1535 5900 1703 5957 solus.

543 5995 809 6055 l’A'ntOL.
852 5994 1026 6057 CXX
1041 5994 1116 6058 ll.

2847 5827 2889 5898 Ἰ
2912 5827 2967 5898 7A
3004 5827 3288 5898 Nunquam
3317 5826 3458 5879 enim

2639 5899 2683 5930 ⁸⁸
2723 5898 2815 5953 Sic
2844 5895 2962 5965 CF;
2991 5897 3037 5953 Α
3065 5895 3454 5969 manifestatur.

3022 5993 3094 6052 3t
