4008 6286
571 439 673 497 963

571 556 898 617 naturalium
949 566 1129 608 rerum
1182 545 1478 605 similitudo
1506 538 1578 597 sit
1622 539 1835 595 animae
1872 535 2150 605 impressa,
2182 537 2232 598 Α

571 645 690 718 cur,
726 644 867 721 quod
906 662 971 702 ex
1003 653 1194 699 natura
1238 637 1500 711 procedit,

568 719 922 822 judicaretur,
956 752 1077 795 cum
1111 734 1254 792 nulla
1285 729 1478 788 natura
1505 726 1723 784 veritati
1756 719 2127 781 contrarietati

573 814 785 893 ratione
814 829 1079 888 obsistat?
1110 826 1177 883 Et
1204 824 1306 882 hoc
1343 818 1604 894 approbat
1633 830 1761 874 vera
1808 814 1970 880 ratio,
2021 824 2158 882 quae

575 922 887 983 firmissime
916 920 1130 987 astruit,
1178 918 1379 974 nullam
1407 911 1746 987 phantasiam
1791 910 1857 964 de
1885 922 1967 972 eo,
2016 904 2160 975 quod

577 1021 723 1077 intra
753 1024 1074 1075 naturarum
1107 1024 1389 1069 numerum
1418 1022 1523 1063 non
1555 1004 1886 1068 continetur,
1918 1012 2078 1070 posse
2105 997 2161 1050 in

579 1114 829 1172 sensibus
858 1127 951 1168 seu
981 1102 1245 1166 memoria
1274 1102 1523 1175 exprimi.
1551 1099 1722 1156 Omne
1755 1096 1973 1168 quippe,
2020 1091 2164 1162 quod

579 1207 802 1264 Omnino
825 1209 975 1260 caret
998 1196 1303 1257 substantia
1343 1202 1397 1250 et
1421 1193 1597 1249 forma
1632 1198 1687 1245 'ct
1712 1186 1994 1260 qualitate,
2021 1181 2164 1238 nulla

581 1298 763 1371 potest
789 1294 1069 1369 imaginari
1099 1286 1450 1349 similitudine
1474 1303 1567 1343 seu
1597 1282 1954 1356 apparitione,
1979 1294 2043 1333 ac
2071 1290 2168 1348 per

515 1407 534 1483 ς
586 1393 690 1479 hoc
716 1387 860 1446 nulla
892 1384 1199 1460 phantasia.
1233 1378 1513 1452 Siquidem
1543 1374 1886 1449 phantasiae,
1936 1385 2074 1443 quae
2103 1370 2170 1425 de

583 1472 735 1543 falsis
758 1482 1002 1552 fictisque
1032 1477 1352 1550 corporibus
1377 1471 1774 1528 immundorum
1804 1465 2089 1537 spirituum
2117 1462 2170 1517 in

520 1557 529 1595 ί
588 1574 842 1635 sensibus
871 1572 1179 1634 hominum,
1219 1581 1355 1637 quos
1383 1564 1667 1627 deludunt,
1700 1557 2022 1630 eﬂig'iaiit'tir,
2051 1570 2173 1609 utn-

582 1662 714 1728 brae
742 1662 960 1741 proprie
995 1660 1345 1734 appellandae
1392 1662 1539 1724 'sunt,
1578 1669 1685 1710 ιιοιι
1729 1661 1908 1707 autem
1946 1648 2176 1718 phanta-

588 1764 718 1820 siae.
786 1760 930 1816 DISC.
982 1751 1272 1811 Phantasia
1326 1748 1489 1821 igitur
1533 1744 1749 1817 aliquod
1801 1742 2000 1796 bonum
2053 1744 2175 1802 est,

587 1854 843 1929 quoniam
891 1845 1222 1905 naturalium
1279 1842 1461 1897 reruni
1511 1835 1827 1908 imaginario
1879 1841 1980 1888 est.
2036 1828 2174 1884 Mss.

588 1910 723 2002 Illud
759 1957 959 2015 negare
990 1955 1095 1995 non
1124 1950 1345 2008 possum
1380 1948 1393 1987 :
1430 1934 1589 1987 oiune
1619 1926 1910 1999 siquidem,
1935 1923 2079 1994 quod
2104 1935 2170 1976 ex
2199 1915 2246 1976 Β
2272 1923 2377 1971 εει.
2418 1911 2560 1968 MAG.
2601 1910 2700 1964 Dic
2727 1919 2954 1978 quaeso,

590 2034 927 2096 naturalibus
958 2032 1135 2089 causis
1164 2028 1363 2093 oritur,
1393 2026 1597 2082 bonum
1645 2038 1767 2079 esse
1810 2034 1914 2074 non
1944 2016 2174 2084 denega-

1874 448 1883 456 .
1945 411 2228 500 teANNts
2268 410 2464 468 SCOTI

3666 418 3681 423 ι
3744 388 3835 442 9’34

2264 541 2343 589 ter
2392 543 2583 584 verum
2642 535 2698 581 et
2746 523 3028 579 veritatem
3056 558 3070 584 ,
3120 517 3176 572 in
3234 519 3492 584 quantum
3553 506 3838 577 unicuique

2257 626 2552 683 electorum
2568 620 2724 690 juxta
2749 613 3059 673 donationis
3081 624 3213 667 suae
3238 605 3581 661 altitudinem
3604 610 3838 657 content-

2130 732 2157 775 ε
2255 716 2392 789 piari
2434 728 2551 769 eam
2594 709 2956 781 permittetur.
3005 700 3263 769 Quamvis
3304 697 3446 753 enim
3498 708 3611 749 non
3659 692 3838 747 eodem

2260 787 2438 873 modo,
2489 804 2585 861 sed
2632 799 2987 871 multiplicius
3015 793 3368 851 in'inlinitum
3418 789 3733 847 divinarum
3770 787 3842 839 vi-

2261 898 2471 954 sionum
2496 888 2907 948 ascensionibus
2931 893 2985 939 et
3006 876 3445 938 descensionibus
3487 882 3547 928 et
3573 876 3592 903 ’³
3612 872 3774 941 justi:
3795 878 3841 924 et

2263 990 2484 1063 iniustis
2536 984 2582 1017 ¹⁰
2643 979 2945 1054 apparebit,
2992 974 3243 1035 omnibus
3292 979 3472 1027 tamen
3528 963 3839 1035 apparebit,

2264 1055 2484 1154 quando
2513 1079 2566 1134 in
2599 1074 2853 1131 omnibus
2883 1067 3117 1138 iniustis,
3145 1063 3259 1119 sola
3284 1058 3554 1137 iniustitia
3585 1055 3775 1127 punita
3796 1060 3842 1107 et

2267 1146 2609 1242 interempta,
2637 1169 2754 1238 ipsa
2782 1171 3011 1235 purgata
3056 1166 3111 1213 et
3154 1156 3476 1212 intemerata
3534 1146 3844 1217 relinquitur

2269 1240 2568 1330 naturapin
2614 1261 2762 1330 ipsos
2798 1254 3018 1327 gradus,
3064 1250 3133 1305 de
3175 1245 3371 1318 quibus
3421 1240 3709 1313 peccando
3742 1252 3844 1293 cur-

2272 1366 2477 1421 ruerat,
2511 1365 2820 1410 reversura.
2854 1348 2930 1402 De
2962 1360 3069 1415 quo
3093 1342 3267 1398 reditu
3289 1337 3436 1409 quod
3458 1344 3665 1400 restat,
3688 1333 3846 1389 discu-

2274 1452 2440 1509 tiendi
2468 1460 2680 1518 tempus
2708 1453 2810 1500 est.
2845 1443 2991 1497 Dtsc.
3018 1437 3253 1504 Tempus
3273 1432 3454 1503 plane.
3486 1428 3654 1484 Prius
3686 1436 3847 1481 tamen

2275 1556 2503 1601 noscere
2532 1538 2715 1602 velim,
2761 1533 3019 1606 quoniam
3064 1540 3150 1584 me
3178 1524 3333 1581 valde
3371 1521 3689 1593 perturbat,
3729 1533 3848 1587 quo-

2277 1637 2438 1694 modo
2473 1629 2803 1689 universitas
2846 1635 3168 1680 naturarum
3214 1616 3479 1678 omnium,
3513 1615 3561 1667 si
3604 1612 3663 1666 in
3702 1609 3848 1664 Deum

2279 1740 2562 1785 reversura
2590 1731 2708 1787 est,
2758 1717 2867 1774 ulla
2893 1712 3155 1785 supplicia
3180 1710 3324 1766 intra
3364 1722 3427 1762 se
3453 1700 3737 1760 contineri
3775 1715 3851 1768 pa-

2282 1822 2468 1876 tietur.
2498 1815 2615 1871 Non
2661 1812 2806 1868 enim
2835 1806 3155 1879 supplicium
3195 1802 3248 1857 in
3300 1800 3412 1856 Deo
3450 1811 3578 1852 esse
3616 1790 3851 1848 credibile

3004 1915 3135 1956 num
3178 1908 3361 1959 omne,
3395 1890 3546 1962 quod
3583 1885 3778 1943 inferni
3810 1890 3853 1936 et

2274 2006 2661 2079 suppliciorum
2714 1998 2936 2055 nomine
2993 1992 3285 2053 vocitatur,
3332 1992 3419 2041 est
3466 1997 3539 2037 an
3589 1994 3704 2035 non
3748 1973 3854 2029 est?

593 2144 699 2188 tur.
734 2126 882 2186 Disc.
912 2124 1098 2182 Puniri
1130 2114 1260 2195 ergo
1307 2123 1505 2177 bonum
1547 2133 1705 2189 posse
1747 2113 1957 2186 cogeris
1995 2108 2171 2165 fateri.
2270 2105 2422 2161 Disc.
2471 2101 2697 2158 Coartor
2750 2094 3010 2163 undique.
3066 2089 3126 2144 Si
3156 2086 3302 2142 enim
3347 2080 3546 2136 dixero
3588 2086 3698 2141 est,
3742 2086 3853 2127 cou-

2492 2193 2521 2195 ~
2579 2191 2609 2195 --
2897 2185 2908 2195 -
3080 2180 3128 2195 οι
3200 2178 3355 2195 γεω-..
3390 2170 3488 2195 .21.:
3540 2168 3757 2195 "La-.."
3800 2162 3839 2195 εἰ

598 2224 789 2281 Dixisti
817 2216 983 2288 enim,
1012 2235 1194 2274 rerum
1220 2208 1595 2286 temporalium
1637 2208 1949 2281 phantasias
1976 2202 2177 2275 suppli-

595 2319 696 2374 ciis
739 2315 977 2383 aeternis
1011 2301 1180 2367 esse‘
1216 2302 1637 2363 tiistribuendas.
1679 2301 1817 2357 MAG.
1843 2297 2179 2353 Nullatenus.

596 2408 713 2465 Non
729 2407 875 2464 enim
897 2396 1028 2471 dixi,
1043 2400 1187 2475 ipsas
1208 2398 1521 2471 phantasias
1536 2392 1811 2465 suppliciis
1835 2388 2180 2462 torquendus,

596 2500 692 2558 sed
717 2500 773 2554 in
797 2496 928 2568 ipsis
958 2484 1359 2551 irrationabiles
1388 2498 1563 2544 motus
1592 2497 1973 2557 perversarum
2001 2480 2186 2535 volun-

601 2601 771 2648 tatum
794 2586 1069 2661 suppliciis
1096 2582 1329 2641 aeternis
1352 2579 1691 2653 subigendos.
1716 2573 2187 2635 Consideravimus

600 2684 768 2749 enim,
796 2676 941 2754 quod
962 2695 1070 2735 non
1099 2686 1201 2742 est,
1231 2691 1338 2730 non
1364 2688 1523 2743 posse
1547 2668 1748 2742 puniri,
1792 2667 1895 2721 nisi
1928 2667 1979 2720 in
2006 2662 2187 2733 aliquo

600 2776 765 2839 bono,
796 2770 940 2842 quod
974 2778 1076 2826 est.
1108 2768 1250 2823 Dtsc.
1286 2762 1632 2827 Recordaris,
1664 2769 1723 2815 ut
1752 2758 1967 2829 opinor,
2000 2768 2188 2824 supra-

605 2858 787 2923 dictae
828 2850 1259 2921 ratiocinationis
1285 2868 1443 2924 'luae,
1488 2872 1593 2928 qua
1643 2856 2021 2910 incunctanter
2062 2863 2189 2903 con—

602 2956 840 3022 clusisti,
884 2955 1199 3027 phantasias
1248 2960 1431 3008 rerum
1481 2946 1857 3019 temporalium
1904 2941 2191 2997 animabus

603 3052 821 3117 infixas,
853 3048 967 3106 sive
995 3048 1049 3103 in
1078 3048 1181 3104 hac
1216 3046 1347 3111 vita,
1378 3043 1491 3098 sive
1515 3040 1858 3112 postmodum
1896 3035 1949 3090 in
1998 3033 2188 3095 altera,

604 3144 826 3201 omnino
849 3132 983 3197 nihil
1004 3155 1159 3206 esse;
1189 3136 1419 3208 ideoque
1440 3137 1461 3166 ¹
1486 3135 1540 3189 in
1583 3134 1662 3188 eis
1688 3144 1979 3202 perversae
2006 3126 2193 3181 volun-

607 3240 746 3292 tates
768 3233 1088 3307 puniuntur,
1120 3231 1395 3302 quoniam,
1434 3238 1556 3283 cum
1602 3220 1985 3295 comprehendi
2032 3232 2192 3290 posse

610 3285 1088 3307 --π-τν---τηηη
1130 3285 1155 3302 κ.
1209 3285 1214 3286 κ
1386 3285 1394 3295 ,
1725 3285 1743 3295 ,
2034 3285 2050 3290 _

607 3329 666 3385 in
702 3326 885 3397 aliquo
930 3326 1206 3395 putantur,
1263 3318 1471 3390 fugiunt
1500 3332 1558 3372 se
1607 3311 2065 3384 comprehendere
2094 3323 2189 3362 cu-
2220 3285 2266 3349 Ο

611 3420 837 3490 pientes,
892 3424 948 3470 et
993 3416 1346 3468 evanescunt.
1401 3408 1539 3464 MAG.
1591 3403 1901 3468 Recordor;
1957 3414 2058 3455 nec
2108 3412 2195 3452 mc

615 3510 858 3582 poenitet
888 3505 1015 3561 talia
1058 3503 1278 3568 dixisse,
1317 3500 1570 3571 quoniam
1600 3492 1915 3568 pbantasias
1941 3491 2193 3548 substan-

616 3600 743 3656 tiale
813 3594 1012 3654 bonum
1067 3608 1173 3651 non
1221 3593 1445 3649 omnino
1489 3591 1509 3623 ⁸
1554 3586 1698 3656 dixi,
1752 3584 2197 3644 substantialibus

618 3704 799 3752 autem
848 3691 1005 3749 bonis
1033 3691 1056 3722 ⁸
1080 3690 1400 3754 adhaerere,
1430 3696 1485 3742 et
1519 3700 1586 3741 ex
1616 3684 1695 3739 eis
1723 3676 1872 3737 nasci
1898 3678 2199 3735 indubitan-

618 3800 700 3846 ter
730 3785 970 3860 probavi.
1018 3784 1085 3840 Et
1111 3783 1221 3839 sive
1269 3784 1323 3837 in
1351 3780 1428 3835 eis
1464 3780 1749 3850 impiorum
1776 3770 2055 3846 supplicia,
2087 3771 2200 3826 sive

609 3881 881 3952 iustorum
909 3874 1150 3948 praemia
1184 3870 1559 3942 disponentur,
1601 3868 1798 3938 ubique
1826 3874 2005 3921 tamen
2031 3864 2200 3919 bonas

618 3992 739 4035 esse
778 3991 884 4031 non
931 3967 1169 4027 dubitavi
1223 3979 1489 4029 asserere,
1535 3963 1787 4033 quoniam
1818 3964 1872 4013 et
1916 3959 2201 4013 beatorum

623 4068 881 4131 felicitas,
912 4079 1051 4135 quae
1077 4063 1131 4118 in
1160 4055 1611 4127 contemplatione
1640 4051 1887 4107 veritatis
1917 4046 2201 4104 constitui-

621 4172 729 4226 tur,
764 4158 817 4216 in
844 4153 1169 4229 phantasiis,
1199 4164 1334 4220 quas
1360 4154 1580 4218 propter
1615 4141 1975 4199 differentiam
2007 4140 2027 4170 ⁵
2074 4139 2203 4192 alia-

620 4270 744 4311 rum
792 4246 1199 4323 phantasiarum
1247 4240 1480 4310 theologi
1521 4236 1877 4307 theOphanias
1913 4230 2201 4302 appellant,

624 4339 1119 4403 administrabitur.
1147 4336 1265 4407 ipse
1287 4334 1429 4389 Deus
1450 4328 1474 4365 ⁸
1514 4329 1657 4385 enim
1683 4343 1779 4398 per
1806 4328 2040 4397 seipsum
2072 4339 2207 4379 sem-

626 4453 722 4509 per
743 4430 1028 4489 invisibilis
1060 4434 1143 4482 ‘est
1170 4434 1224 4480 et
1259 4425 1384 4489 erit,
1415 4424 1503 4495 qui
1542 4421 1683 4476 solus
1714 4421 1866 4474 habet
1896 4415 2209 4472 immortali-

626 4506 818 4591 tatem,
869 4531 918 4577 et
967 4519 1134 4573 lucem
1188 4515 1388 4569 habitat
1464 4512 1893 4567 inaccessibilem.
1945 4509 2021 4564 De
2071 4524 2135 4564 eo
2185 4506 2206 4539 ⁷

632 4629 831 4679 autem,
869 4611 1011 4685 quod
1054 4609 1247 4665 falsum
1277 4615 1332 4663 et
1379 4605 1588 4661 falsitas
1634 4618 1738 4659 non
1789 4610 2049 4673 perpetuo
2096 4611 2152 4655 et
2185 4601 2207 4633 ⁸

628 4726 760 4768 vero
779 4719 833 4764 et
859 4703 1074 4763 veritati
1095 4709 1450 4774 Opponentur,
1479 4713 1544 4753 ne
1566 4704 1854 4752 coaetema
1876 4694 2005 4759 sint,
2032 4692 2210 4748 nullus

631 4804 848 4874 sapiens
905 4797 1152 4855 dubitare
1207 4794 1383 4849 debet.
1444 4790 1575 4858 Quis
1620 4789 1761 4844 enim
1806 4786 2022 4841 futurae
2068 4786 2212 4840 vitae

631 4894 834 4954 statum
885 4891 1047 4947 rectis
1105 4884 1606 4943 ratiocinationibus
1655 4882 1933 4952 inquirens
1980 4880 2210 4942 dixerit,

634 4988 929 5047 falsitatem
958 4995 1079 5039 esse
1103 4979 1358 5044 futuram,
1390 4975 1605 5047 quando
1640 4974 1838 5028 veritas
1878 4973 1934 5027 in
1966 4970 2216 5026 omnibus

635 5081 933 5158 apparebit,
983 5089 1039 5136 et
1082 5090 1242 5134 omne
1286 5072 1482 5129 falsum
1530 5086 1635 5125 non
1685 5068 1857 5124 solum
1911 5065 1978 5120 de
2021 5072 2216 5119 natura

635 5191 835 5241 rerum,
870 5186 1060 5229 verum
1086 5169 1250 5225 etiam
1276 5165 1343 5221 de
1366 5164 1567 5237 judicio
1597 5162 1759 5218 totius
1790 5158 2130 5216 rationabilis
2162 5165 2219 5214 et

635 5254 1016 5325 intellectualis
1037 5271 1321 5319 creaturae
1352 5255 1660 5323 auferetur;
1690 5253 1961 5323 ubinemo
1985 5250 2141 5317 fallit,
2164 5260 2222 5307 et

623 5350 843 5418 ‘failitur
886 5373 1066 5423 nemo,
1114 5355 1239 5411 dum
1291 5360 1483 5409 natura
1517 5360 1701 5406 rerum
1745 5348 1800 5404 in
1850 5362 1977 5405 suas
2023 5361 2217 5403 causas

636 5461 978 5521 revertetur;
1012 5454 1068 5508 in
1098 5450 1293 5522 quibus
1321 5446 1398 5503 nil
1432 5445 1575 5501 aliud
1608 5443 2037 5501 considerabitnr
2063 5456 2218 5512 prae-

1925 5588 2181 5645 VARIAE
2216 5583 2623 5643 LECTIONES.

1588 5690 1608 5723 ³
1638 5689 1729 5745 Sic
1755 5687 1871 5753 CF;
1905 5686 1948 5740 Α
1976 5698 2081 5742 non
2115 5701 2226 5740 esse
2252 5686 2495 5741 omnino.
2599 5686 2621 5713 ⁵
2660 5686 2752 5737 Sic
2779 5686 2897 5743 Cl";
2940 5686 2986 5730 Α
3016 5686 3233 5728 bonum.
3328 5686 3350 5700 ·
3389 5686 3479 5722 διε
3504 5686 3583 5718 ιιι·
3610 5686 3627 5725 ς
3684 5686 3735 5719 u.
3766 5686 3895 5723 -ψτ

1517 5762 1624 5845 ’.Α
1651 5761 1781 5814 Dico
1810 5767 2009 5814 autem.
2087 5759 2108 5789 ⁸
2147 5766 2196 5811 et
2221 5769 2330 5812 om.
2356 5756 2420 5809 A.
2497 5754 2518 5785 °
2557 5763 2605 5808 et
2636 5767 2743 5808 om.
2777 5750 2842 5804 A.
2920 5746 2963 5780 ιο
3003 5745 3096 5801 Sic
3122 5742 3229 5810 CF;
3260 5741 3306 5794 A
3337 5737 3533 5806 impiis.
3613 5733 3659 5763 “
3700 5722 3891 5785 Sicf-li;
3976 5770 3977 5783 χ

1525 5849 1614 5887 ris.
1692 5833 1735 5872 ³·
1773 5839 1906 5884 recte
1934 5845 2041 5884 om.
2074 5830 2137 5883 A.
2239 5825 2286 5860 ¹⁸
2313 5826 2357 5881 Α
2390 5828 2444 5880 in
2471 5826 2672 5899 {quibus
2774 5819 2819 5854 ιδ
2857 5818 3033 5873 omnia
3077 5830 3189 5871 om.
3218 5813 3285 5868 Α.
3382 5810 3425 5845 ¹⁸
3456 5807 3502 5862 Δ
3544 5804 3715 5858 enim.
3802 5800 3837 5827 ¹’
3864 5796 3892 5844 Α
3976 5836 3977 5899 ἦ

2390 5844 2444 5880 ιη
2471 5841 2672 5880 mutuus

713 5702 733 5736 ¹
756 5689 1033 5757 ἀεί’όωῖ
1034 5694 1139 5753 CF.
1229 5701 1250 5730 θ
1288 5693 1329 5747 Α
1358 5693 1493 5747 ideo.

644 5774 859 5829 rentius.
938 5768 959 5801 ⁶
999 5767 1141 5822 Deus
1171 5781 1278 5822 om.
1311 5763 1415 5819 CF.

644 5845 692 5897 Α
730 5839 1017 5897 confestim
1062 5846 1172 5890 tum
1213 5836 1454 5889 dicturus
1487 5835 1614 5888 eris.
1692 5833 1735 5872 ιι
1773 5839 1906 5884 recte
1934 5845 2041 5884 om.
2074 5830 2137 5883 A.

650 5923 868 5967 testatur
896 5909 1097 5965 diuina.
1171 5908 1214 5940 "
1244 5905 1334 5959 Sic
1373 5903 1494 5971 CF;
1527 5904 1572 5957 A
1622 5918 1724 5955 non
1772 5914 1912 5957 esse.

2235 4661 2290 4722 D

2280 2195 2459 2251 festim
2487 2193 2528 2224 ¹¹
2559 2191 2803 2245 dicturus
2831 2162 2960 2250 eris,
3002 2180 3132 2252 quid
3163 2178 3360 2234 mirum
3390 2170 3491 2227 tibi
3540 2168 3776 2227 videtur,
3800 2162 3854 2221 si.

2274 2288 2427 2359 quod
2453 2294 2559 2352 est,
2583 2285 2635 2338 in
2667 2296 2812 2345 eum,
2847 2295 2877 2333 a
2909 2292 3017 2347 quo
3044 2282 3174 2329 sunt
3218 2268 3438 2331 omnia,
3469 2265 3626 2320 inter
3672 2267 3854 2319 cetera,

2284 2399 2422 2456 quae
2452 2391 2599 2447 sunt,
2650 2389 2994 2433 reversurum
3038 2370 3151 2429 sit?
3179 2367 3277 2424 Sin
3315 2373 3503 2420 autem
3529 2360 3742 2419 dixero,
3769 2368 3857 2409 non

2285 2488 2390 2544 est,
2427 2473 2800 2546 respondebis,
2832 2485 2929 2526 cur
2956 2471 3238 2536 computus
3252 2461 3397 2516 inter
3417 2454 3633 2518 omnia,
3662 2463 3795 2521 quae
3813 2446 3858 2501 in

2287 2571 2455 2625 Deum
2486 2543 2771 2622 reversura
2810 2569 2957 2626 sunt,
2989 2559 3063 2624 id,
3098 2554 3244 2626 quod
3282 2566 3391 2606 non
3427 2547 3553 2603 est!
3588 2546 3660 2600 Et
3688 2543 3859 2598 iterum

2288 2665 2332 2720 si
2360 2663 2579 2727 dedero,
2610 2673 2789 2723 omne,
2832 2654 2977 2727 quod
3015 2649 3217 2707 inferni
3252 2644 3473 2701 nomine
3520 2636 3858 2713 signiﬁcatur,

2289 2766 2442 2814 extra
2485 2754 2897 2810 universitatem
2947 2760 3088 2811 esse,
3122 2743 3326 2817 absque
3367 2750 3525 2792 mora
3565 2728 3860 2789 concludar.

2290 2849 2436 2906 omni
2472 2847 2682 2902 ratione
2721 2844 2990 2904 desertus,
3020 2834 3333 2902 invitusque
3360 2842 3530 2898 cogar
3559 2822 3746 2886 fateri,
3776 2832 3864 2872 nan

2290 2957 2411 2996 esse
2439 2939 2656 3000 mirum,
2687 2934 2827 3005 quod
2873 2933 3013 2987 intra
3042 2943 3127 2994 ea,
3157 2939 3299 2997 quae
3335 2928 3465 2977 sunt
3507 2920 3565 2974 in
3605 2916 3739 2979 Deo,
3775 2925 3863 2966 non

2291 3044 2397 3099 est,
2425 3034 2565 3087 intra
2594 3031 2768 3101 ipsum
2793 3039 3007 3098 quoque
3035 3021 3206 3077 Deum
3250 3030 3358 3074 non
3390 3027 3543 3080 esse;
3577 3021 3641 3066 et
3682 3005 3865 3064 deride-

2291 3126 2373 3182 bit
2402 3140 2490 3180 me
2547 3124 2708 3187 ratio,
2762 3134 2902 3190 quae
2949 3119 3328 3172 incunctanter
3371 3107 3680 3180 praedicat,
3736 3107 3866 3154 extra

2295 3216 2464 3271 Deum
2491 3222 2545 3269 et
2571 3188 2981 3267 universitatem
3012 3210 3079 3262 ab
3101 3221 3166 3261 eo
3195 3201 3472 3262 conditam
3497 3195 3643 3252 nihil
3679 3188 3866 3249 recte”

2298 3308 2523 3381 cogitari
2553 3306 2638 3361 vel
2668 3302 2897 3375 intelligi
2932 3308 3109 3373 pesse.
3142 3298 3315 3354 Omtte
3339 3294 3509 3359 enim,
3537 3289 3693 3361 quod
3726 3294 3805 3342 est
3825 3290 3869 3335 et

2298 3404 2441 3473 quod
2488 3414 2595 3457 non
2644 3407 2746 3465 est,
2798 3372 3059 3452 creatore
3103 3391 3341 3447 ambitur
3392 3395 3448 3441 et
3495 3391 3777 3439 creatura.
3818 3372 3867 3429 Si

2299 3507 2479 3553 autem
2502 3493 2713 3557 dixero,
2743 3490 2906 3554 intra,
2931 3493 3150 3543 coactus
3188 3481 3416 3545 fatebor,
3454 3490 3563 3532 non
3598 3472 3776 3530 solum
3800 3481 3867 3529 ea,

2300 3608 2437 3667 quae
2468 3597 2613 3656 sunt,
2645 3599 2833 3642 verum
2861 3582 3047 3645 etiam,
3077 3588 3215 3648 quae
3255 3588 3361 3627 non
3405 3576 3551 3631 sunt,
3587 3566 3736 3620 intra
3780 3570 3873 3613 tero

2302 3652 2478 3742 minos
2529 3652 2744 3736 divinae
2797 3671 3059 3731 bonitatis
3111 3674 3168 3723 et
3206 3662 3451 3737 iustitiae
3495 3667 3549 3713 et
3606 3652 3875 3727 providea-

2304 3783 2411 3837 tiae
2468 3788 2524 3834 et
2570 3773 2760 3847 iudicii
2821 3765 3109 3826 contineri.
3162 3759 3280 3817 Non
3342 3756 3486 3813 enim
3548 3744 3876 3807 solummodo

2303 3890 2390 3940 ea,
2435 3885 2574 3941 quae
2610 3876 2772 3934 sunt,
2812 3874 3005 3920 verum
3029 3860 3193 3915 etiam
3236 3869 3339 3920 ea,
3391 3864 3528 3921 quae
3586 3859 3700 3902 non
3743 3850 3874 3902 sunt,

2306 3935 2420 4023 sive
2456 3935 2565 4035 per
2621 3953 3166 4031 superexcellentiam
3215 3948 3355 4004 ultra
3412 3955 3639 3999 omnem
3694 3935 3878 3993 intelle-

2278 4059 2282 4062 ⁴
2307 4069 2476 4123 ειυιιι,
2501 4058 2617 4114 sive
2646 4070 2743 4126 per
2764 4050 3129 4123 privationem
3158 4057 3372 4108 eorum,
3404 4052 3544 4112 quae
3577 4042 3733 4100 sunt,
3761 4030 3877 4087 intra

2308 4151 2512 4216 omnia,
2536 4122 2674 4219 quae
2704 4122 3076 4215 intelliguntur
3099 4152 3241 4202 esse,
3273 4133 3455 4190 divina
3484 4130 3703 4184 virtute
3730 4122 3877 4181 crudi-

2310 4256 2430 4303 mu’s
2464 4248 2517 4300 'et
2549 4240 2899 4312 intelligimus
2922 4230 3307 4297 administrari,
3340 4236 3493 4285 extra
3517 4232 3693 4297 quam
3722 4231 3877 4278 omne.

2311 4340 2453 4412 quod
2484 4345 2646 4394 estet
2683 4333 2824 4405 quod
2865 4346 2970 4387 non
3011 4337 3116 4394 est,
3161 4323 3343 4397 egredi
3391 4336 3496 4377 non
3524 4326 3734 4389 potest.
3769 4313 3880 4368 Nam

2311 4434 2513 4499 omnia,
2544 4445 2682 4501 quae
2724 4435 2875 4484 extra
2925 4425 3205 4480 beatorum
3243 4416 3490 4474 ordinem
3530 4409 3880 4482 expelluntur,

2312 4535 2467 4582 extra
2491 4499 2702 4578 divinas
2722 4519 2891 4589 leges,
2916 4515 3055 4570 intra
3091 4525 3226 4583 quas
3252 4506 3296 4540 ¹³
3324 4505 3504 4563 omnia
3541 4501 3591 4533 “
3618 4499 3881 4558 continen-

2317 4627 2427 4683 tur,
2455 4615 2683 4674 evadere
2736 4626 2842 4666 non
2885 4612 3129 4679 possunt,
3179 4609 3232 4657 et
3277 4614 3415 4670 quae
3466 4608 3495 4651 a
3525 4589 3883 4665 superioribus

2316 4681 2594 4765 ordinibus
2655 4702 2871 4765 cadunt,
2928 4698 2983 4753 in
3033 4693 3317 4751 inferiores
3365 4688 3588 4745 ordines
3636 4681 3883 4740 desidem

2318 4802 2481 4869 inque
2519 4798 2599 4852 eis
2625 4794 2854 4850 detineri
2893 4795 3176 4860 coguntur.
3218 4781 3408 4840 Omttis
3447 4787 3634 4834 autem
3682 4774 3729 4808 ⁸³
3755 4771 3884 4829 ιιι-ὼ,

2320 4892 2433 4945 sive
2458 4901 2699 4943 summus
2721 4897 2935 4939 sursum
2963 4892 3176 4952 versus,
3202 4875 3315 4930 sive
3343 4879 3627 4926 extremus
3658 4866 3885 4921 deorsum

2322 4994 2530 5042 versus,
2558 4976 2672 5031 sive
2697 4972 2927 5038 medius,
2947 4979 3003 5026 et
3023 4984 3054 5023 a
3080 4968 3189 5023 Deo
3209 4974 3292 5021 εει
3316 4960 3669 5023 constitutus,
3692 4963 3749 5010 et
3767 4955 3886 5008 intra

2323 5090 2446 5131 eum
2469 5069 2789 5135 custoditur,
2821 5075 2975 5123 extra
3002 5076 3163 5135 quem
3195 5057 3331 5114 nihil
3357 5064 3462 5120 est,
3488 5063 3544 5107 et
3573 5054 3727 5107 intra
3752 5056 3889 5117 quem

2322 5182 2504 5233 omne,
2536 5164 2676 5236 quod
2706 5169 2810 5227 est,
2855 5169 2910 5215 et
2935 5170 3116 5220 omne,
3146 5152 3290 5225 quod
3325 5164 3433 5205 non
3458 5152 3566 5213 est,
3598 5138 3891 5199 minhiiict

2320 5234 2577 5314 ineffabili
2625 5255 2785 5311 modo
2842 5244 3338 5320 comprehenditur.
3384 5240 3510 5296 Sive
3536 5250 3677 5307 ergo
3728 5234 3891 5320 dixero

2320 5350 2591 5406 infernum
2636 5361 2779 5414 esse,
2814 5319 3286 5413 quodiscriptura
3332 5332 3509 5389 divina
3568 5332 3803 5383 testim
3840 5319 3889 5379 “.

2319 5445 2434 5499 sive
2461 5454 2728 5508 negavero
2776 5438 2831 5493 in
2861 5443 3057 5491 natura
3094 5445 3275 5486 rermn
3318 5440 3439 5483 esse
3467 5423 3533 5487 ι’,
3573 5432 3779 5497 negare
3805 5425 3892 5468 non

2599 5680 2621 5713 ι
2660 5680 2752 5737 Sic
2779 5678 2897 5743 CF;
2940 5675 2986 5730 Α
3016 5675 3233 5743 bonum.
3278 5741 3285 5743 Α
3328 5669 3350 5743 '_
3389 5665 3482 5743 Sig
3504 5661 3654 5743 (ΤΞ.

2774 5796 2819 5854 ἶδ
2857 5796 3189 5873 omnin—om.
3217 5796 3285 5868 Ἀ.
3382 5796 3429 5845 ιδ
3456 5807 3502 5862 Δ
3544 5804 3715 5858 enim.
3802 5800 3837 5827 ¹⁹
3864 5796 3892 5844 Α
