4008 6286
244 406 347 465 965

1076 408 1163 463 DE
1204 396 1932 466 DlVlSlONE'NATURAE.
1974 394 2055 447 -—'
2084 406 2286 462 LIBER
2320 405 2641 475 QUINTUS.

3386 401 3489 456 966

240 531 447 595 potero,
471 523 614 579 intra
642 508 728 589 ea,
755 506 895 594 quae
916 524 970 579 in
1000 524 1167 581 Deum
1196 539 1482 581 reversura
1510 531 1660 591 sunt,
1687 539 1818 581 con-
1843 525 1897 586 Α
1920 537 2137 580 sensum
2163 514 2488 580 acutissimis
2513 515 2849 579 rationabilis
2899 522 3066 576 animi
3102 520 3378 577 obtutibus
3402 537 3495 577 ve-

245 613 423 680 tineri,
466 614 705 685 ipsoque,
753 616 841 687 qui
871 617 1052 672 omnia
1097 617 1287 684 ambit,
1319 616 1534 685 ambiri,
1564 626 1620 674 et
1666 622 1818 674 extra

241 712 401 776 quem
430 705 561 760 nihil
598 716 775 777 potest
805 707 889 765 vel
924 710 1185 781 cogitari,
1216 708 1301 766 vel
1329 709 1515 777 credi,
1546 710 1630 767 vel
1656 710 1817 767 intel-

240 795 352 869 ligi,
381 799 697 867 praesertim
741 800 866 856 dum
910 801 1230 858 inconcusse
1270 800 1538 871 intelligo,
1568 802 1817 857 tenebras

242 888 384 943 intra
422 890 597 946 lucem
652 893 669 924 ⁸
717 893 1007 960 contineri,
1061 893 1332 949 silentium
1376 895 1514 949 intra
1556 894 1814 960 sonitum,

241 982 484 1038 umbram
515 983 653 1038 intra
683 994 898 1056 corpus,
946 990 1233 1056 ceteraque
1266 985 1480 1051 similia,
1522 1000 1660 1055 quae
1689 999 1818 1041 cau-

238 1085 331 1127 sae
356 1084 483 1128 suas
511 1073 566 1127 in
594 1074 698 1140 his,
728 1074 922 1145 quibus
947 1090 979 1131 e
1013 1076 1286 1131 contrario
1309 1075 1654 1146 respondent,
1683 1089 1814 1132 con-

237 1170 484 1223 stituunt.
523 1168 649 1225 Sive
696 1169 839 1225 enim
894 1169 1135 1227 absentia
1182 1185 1364 1226 rerum
1410 1170 1537 1236 sint,
1583 1169 1697 1226 sive
1725 1171 1815 1225 dc-

237 1261 411 1318 fectus
431 1268 485 1318 et
512 1263 866 1334 privationcs,
913 1264 1025 1320 sive
1062 1264 1307 1337 apposita
1337 1272 1498 1336 atque
1520 1262 1812 1332 contraria,

239 1351 441 1423 absque
487 1353 596 1421 his,
643 1366 873 1425 quorum
904 1353 1195 1419 absentiae,
1250 1353 1508 1419 defectus,
1559 1354 1811 1426 privatio-

236 1456 355 1508 nes,
391 1444 763 1514 oppositiones
791 1446 834 1511 ²,
859 1446 1269 1502 contrarietates
1295 1454 1438 1513 sunt,
1482 1445 1627 1502 nullo
1656 1447 1816 1503 modo

235 1546 358 1591 esse
384 1535 605 1608 intelligi
645 1542 885 1608 possunt.
928 1536 1061 1594 Esse
1100 1545 1281 1594 autem
1326 1538 1446 1594 dico
1491 1552 1555 1593 ea
1582 1538 1811 1605 ratione,

234 1632 343 1698 qua
381 1636 488 1683 non
544 1627 719 1685 solum
770 1626 1142 1685 substantialia
1191 1635 1245 1684 et
1291 1628 1576 1697 naturalia,
1625 1643 1813 1684 verum

235 1720 421 1787 etiam,
468 1734 608 1795 quae
634 1721 715 1778 eis
753 1734 821 1778 ex
862 1721 1088 1779 adversa
1123 1730 1277 1793 parte
1315 1723 1661 1794 respondent,
1694 1737 1816 1779 esse

236 1811 507 1868 dicuntur.
544 1812 754 1869 Nullum
801 1820 1037 1887 namque
1077 1815 1268 1871 vitium
1310 1824 1415 1884 est,
1445 1816 1587 1888 quod
1613 1830 1717 1871 non
1744 1826 1811 1871 ex

1924 615 2020 671 luti
2051 630 2210 687 supra
2262 629 2443 671 rerum
2492 621 2739 670 naturam
2785 612 3215 679 considerantur,
3265 621 3321 668 et
3366 613 3493 668 dum

1921 708 2062 764 inter
2086 722 2171 775 ea,
2219 720 2360 778 quae
2407 722 2514 763 non
2575 714 2719 772 sunt,
2776 713 3176 775 computantur,
3216 704 3324 771 his,
3354 718 3495 776 quae

1918 809 2065 868 sunt,
2090 800 2524 857 honestissimam
2551 808 2829 872 praestant
2866 806 2921 855 et
2954 796 3336 854 administrant
3359 810 3486 854 con-

1917 895 2155 951 cordiam
2183 898 2197 948 ἑ
2229 895 2345 949 sive
2387 893 2647 964 intelligat
2670 894 2760 964 qui
2799 892 2948 947 sonis
2975 892 3256 953 auscultat,
3287 890 3415 961 quid
3436 891 3495 945 in

1918 987 1985 1042 iis
2014 985 2348 1041 dulcedinem
2399 994 2455 1042 et
2487 985 2940 1056 pulchritudinem
2978 985 3197 1050 efﬁciat,
3247 985 3360 1041 sive
3384 998 3494 1041 non

1917 1079 2209 1152 intelligat,
2274 1080 2413 1135 inest
2465 1085 2643 1134 tamen
2709 1079 2960 1135 omnibus
3007 1078 3232 1133 interior
3277 1092 3492 1143 sensus,

1916 1185 2076 1241 quem
2108 1180 2222 1225 rata
2259 1186 2439 1226 rerum
2469 1170 2685 1227 collatio
2727 1170 2750 1202 ⁸
2782 1171 3217 1241 conveniensque
3244 1170 3498 1225 adunatio

1917 1275 2023 1316 non
2058 1261 2206 1317 latet.
2238 1261 2371 1328 Quis
2410 1261 2553 1316 enim
2598 1260 2794 1316 senarii
2836 1261 3047 1316 numeri
3089 1260 3366 1327 virtutem,
3405 1260 3496 1331 qui

1917 1352 2101 1406 totius
2132 1351 2450 1407 harmoniae
2513 1350 2827 1422 intelligitur
2882 1350 3327 1419 fundamentum;
3377 1351 3501 1422 quis

1916 1442 2230 1499 collationes
2260 1442 2428 1512 ipsius
2457 1455 2578 1498 cum
2623 1444 2737 1498 suis
2781 1442 3172 1513 sesquialteris,
3210 1442 3504 1513 sesquiter—

1917 1536 2024 1601 tiis,
2050 1535 2225 1606 duplis
2252 1549 2466 1607 quoque
2492 1536 2536 1569 "
2559 1537 2700 1591 intra
2743 1545 2965 1593 naturas
2994 1550 3174 1593 rerum
3207 1545 3385 1609 potest
3411 1552 3502 1595 co-

1914 1642 2194 1700 gnoscere,
2230 1628 2355 1684 dum
2397 1643 2577 1685 rerum
2631 1630 2873 1686 omnium
2913 1628 3205 1687 visibilium
3232 1637 3291 1686 et
3314 1628 3504 1685 invisi-

1915 1718 2102 1775 bilium
2131 1718 2460 1775 universitas
2479 1719 2532 1773 in
2560 1733 2628 1775 eo
2662 1718 2828 1774 veluti
2858 1720 2913 1774 in
2956 1718 3193 1790 quodam
3213 1718 3503 1791 principali

1914 1810 2161 1883 exemplo
2188 1811 2479 1867 constituta
2512 1811 2585 1866 sit
2602 1811 2627 1865 1
2646 1810 2787 1879 Quid
2816 1824 2947 1884 ergo
2986 1812 3203 1878 mirum,
3226 1810 3272 1867 si
3296 1825 3367 1867 ex
3392 1810 3500 1878 his,

233 1900 500 1976 positione
528 1907 763 1976 virtutis,
784 1909 869 1965 cui
897 1924 963 1966 ex
985 1907 1251 1967 diametro
1279 1908 1533 1967 resistere
1561 1919 1809 1977 conatur,

1918 1915 2057 1972 quae
2082 1910 2208 1957 sunt
2246 1901 2700 1967 substantialiter,
2746 1909 2804 1957 et
2830 1901 3167 1958 naturalibus
3211 1900 3503 1957 accidenti-

232 1996 557 2053 continetur.
590 1992 729 2055 Man.
763 2000 959 2057 Laetor
986 2000 1161 2068 valde,
1212 2000 1429 2075 quando
1469 2001 1628 2068 retia,
1672 2018 1811 2074 quae

234 2095 289 2141 tu
347 2086 459 2160 ipse
521 2090 817 2161 tetendisti,
882 2100 1007 2149 tuae
1069 2084 1539 2165 contemplationis
1604 2094 1812 2151 viribus

231 2180 467 2248 illaesos,
496 2184 747 2255 nulloque
777 2187 937 2243 modo
959 2185 983 2219 '
1005 2185 1255 2243 detentus
1296 2186 1535 2242 evasisti.
1561 2185 1627 2242 Et
1674 2184 1804 2257 jam,

231 2272 284 2329 nl
309 2261 491 2341 Pallor,
522 2273 795 2349 intelligis,
837 2286 944 2333 non
980 2274 1154 2335 solum
1200 2292 1380 2345 omne,
1412 2277 1556 2350 quod
1607 2277 1676 2334 ab
1702 2293 1811 2334 uno

230 2364 343 2421 Deo
371 2374 611 2422 creatum
643 2372 747 2435 est,
780 2382 967 2424 verum
1008 2369 1171 2425 etiam
1203 2383 1385 2436 omne,
1429 2369 1571 2440 quod
1597 2369 1811 2424 irratio-

226 2454 425 2516 nabilis
445 2469 621 2518 motus
651 2461 985 2519 rationabilis
1013 2471 1069 2520 et
1115 2462 1490 2519 intellectualis
1526 2470 1811 2520 creaturae

227 2550 734 2623 supermachinatus
755 2564 858 2623 est,
887 2564 942 2612 et
971 2570 1115 2613 nunc
1152 2557 1295 2613 intra
1342 2556 1587 2613 ordinem
1615 2562 1644 2598 δ
1669 2556 1808 2613 divi-

227 2659 333 2701 nae
362 2646 733 2717 providentiae
757 2648 1046 2717 continerl,
1091 2656 1147 2703 et
1176 2656 1304 2704 tunc
1336 2657 1459 2719 post
1488 2647 1811 2704 univerSalis

226 2742 513 2794 creaturae
565 2737 620 2794 in
687 2752 815 2796 suas
864 2754 1057 2798 causas
1106 2739 1341 2796 reditum
1405 2738 1570 2811 inque
1631 2739 1809 2809 ipsum

226 2827 395 2883 Deum
427 2829 784 2885 ordinandum
813 2828 953 2898 fore,
981 2830 1201 2903 quando
1230 2831 1395 2887 totius
1440 2830 1810 2887 universitatis

226 2920 476 2977 conditae
513 2922 826 2993 plenissima
862 2922 1175 2995 perficietur
1207 2923 1571 2996 pulchritudo.
1625 2920 1810 2994 Neque

229 3012 333 3068 hoc
362 3014 579 3081 mirum,
605 3014 731 3070 dum
754 3014 898 3072 nulla
942 3024 1136 3073 natura
1160 3015 1322 3073 aliam
1374 3024 1628 3073 naturam
1656 3017 1813 3088 puni-

227 3112 309 3172 re,
338 3106 542 3162 nullum
580 3107 771 3164 vitium
802 3109 1080 3177 virtutem,
1128 3124 1236 3182 qua
1279 3110 1608 3178 continetur,
1641 3110 1811 3181 possit

227 3210 613 3269 corrumpere;
647 3210 701 3255 et
734 3214 839 3256 non
868 3200 1042 3256 solum
1087 3202 1208 3266 hoc,
1244 3204 1340 3259 sed
1362 3216 1429 3260 ex
1455 3204 1540 3261 his
1559 3206 1809 3261 omnibus
1836 3195 1846 3217 ⁷

1895 1996 2040 2066 'bus,
2061 2007 2117 2055 et
2140 2012 2208 2055 ex
2231 2000 2338 2067 his,
2370 2014 2510 2071 quae
2537 2014 2643 2055 non
2670 2006 2814 2062 sunt,
2840 1998 2956 2054 sive
2980 2008 3081 2069 per
3100 1996 3499 2063 excellentiam,

1915 2094 2031 2149 sive
2053 2104 2152 2163 per
2190 2091 2459 2148 defectum
2510 2101 2566 2148 et
2608 2088 2991 2163 privationem,
3031 2092 3196 2147 totius
3221 2098 3505 2147 creaturae

1917 2186 2194 2241 harmonia
2227 2195 2603 2257 componatur,
2651 2184 2781 2241 dum
2807 2187 2863 2241 in
2907 2184 3177 2252 omnibus,
3214 2198 3354 2257 quae
3378 2190 3506 2240 sunt

1913 2285 1972 2334 et
1994 2289 2133 2348 quae
2159 2292 2266 2333 non
2295 2286 2444 2346 sunt,
2473 2259 2621 2333 nulla
2645 2278 2855 2333 malitia
2885 2277 2967 2331 vel
2995 2277 3218 2343 malum,
3247 2276 3392 2347 quod
3417 2276 3506 2330 bo-

1914 2369 2071 2424 nitati
2108 2370 2375 2436 omnium,
2398 2367 2545 2424 nulla
2574 2369 2852 2440 turpitudo
2884 2368 2969 2427 vel
2998 2367 3332 2433 deformitas,
3365 2382 3504 2437 quae

1913 2460 2299 2531 pulchritudini
2338 2470 2395 2518 et
2447 2461 2772 2518 formositati
2797 2460 2852 2517 in
2878 2475 3073 2517 causas
3105 2474 3232 2515 suas
3262 2460 3506 2515 condito-

1914 2568 2139 2624 remque
2150 2569 2307 2610 suum
2326 2568 2647 2610 reversurae
2661 2556 2881 2611 resistat
2896 2556 2961 2622 “,
2978 2556 3199 2611 omnino
3215 2569 3323 2610 non
3339 2567 3507 2609 rema-

1913 2647 2081 2702 nebit.
2112 2646 2191 2703 Ac
2211 2661 2309 2717 per
2325 2648 2427 2702 hoc
2453 2662 2559 2703 non
2582 2662 2669 2703 me
2693 2656 2891 2715 movet,
2907 2646 3035 2702 dum
3058 2648 3239 2713 audio,
3279 2661 3345 2703 ex
3380 2662 3506 2717 sup‘

1912 2738 2089 2807 pliciis
2144 2738 2410 2793 malarum
2448 2739 2789 2795 voluntatum
2838 2749 2891 2795 et
2941 2740 3200 2810 praemiis
3240 2741 3503 2796 bonarum

1912 2812 2333 2900 pulcherrimam
2346 2832 2687 2887 harmoniam
2703 2832 2943 2887 futuram
2953 2846 3093 2897 esse,
3108 2832 3364 2902 quoniam
3379 2846 3507 2904 sup-

1911 2920 2070 2990 plicia
2092 2921 2231 2976 bona
2254 2931 2400 2993 sunt,
2419 2924 2546 2978 dum
2573 2906 2683 2979 sint
2700 2924 2868 2996 justa,
2897 2932 2950 2979 et
2975 2925 3239 2996 praemia,
3254 2924 3380 2980 dum
3397 2924 3509 2980 sint

1909 3012 2032 3081 plus
2044 3014 2296 3085 gratuita,
2311 3029 2473 3086 quam
2500 3016 2654 3072 bonis
2667 3016 2877 3072 meritis
2899 3017 3183 3083 retributa,
3202 3018 3422 3087 quando
3434 3016 3510 3072 vi-

1913 3105 2015 3161 deo
2041 3120 2234 3176 graves
2246 3115 2544 3178 acutosque
2568 3123 2752 3174 sonos,
2775 3117 3073 3179 eorumque
3101 3106 3308 3166 medios
3333 3120 3505 3179 quan-

1915 3201 2039 3257 dam
2054 3202 2428 3275 symphoniam
2443 3204 2586 3259 inter
2599 3216 2660 3261 se
2672 3204 2903 3259 invicem
2930 3190 2984 3258 in
3000 3204 3042 3239 ¹²
3070 3203 3508 3274 proportionibus

228 3287 371 3342 intra
413 3289 621 3345 divinas
665 3289 810 3362 leges
856 3291 1120 3348 ordinatis
1174 3293 1197 3325 '
1248 3293 1491 3350 omnium
1535 3294 1812 3365 plenitudo
1840 3278 1887 3341 Ο
1917 3302 1974 3349 et
1997 3295 2598 3366 proportionalitatibus
2619 3295 2978 3353 suiseﬂcere.
2996 3296 3126 3352 Etsi
3147 3298 3349 3368 quised
3374 3296 3508 3352 haec

230 3387 544 3436 naturarum
576 3382 631 3437 et
666 3382 976 3441 formositas
1004 3385 1381 3456 complebitur,
1409 3387 1652 3443 omnium
1683 3388 1814 3444 visi-

227 3472 416 3528 bilium
449 3483 502 3531 et
544 3475 893 3533 invisibilium
933 3493 1169 3535 consona
1219 3480 1425 3551 absque
1459 3480 1568 3536 ulla
1590 3480 1614 3513 ⁶
1642 3480 1813 3537 disso-

230 3570 395 3618 naute
461 3565 739 3621 harmonia
790 3567 1170 3626 modulabitur.
1234 3570 1378 3627 Dtsc.
1422 3562 1539 3628 Non
1583 3571 1812 3629 falleris.

232 3654 368 3710 Nam
394 3658 552 3725 retia,
582 3674 720 3729 quae
768 3661 989 3729 tetendi,
1036 3663 1138 3719 hoc
1172 3672 1253 3719 est
1284 3662 1642 3734 problemata,
1674 3680 1814 3735 quae

232 3748 509 3817 proposui,
538 3758 823 3822 propterea
860 3766 889 3807 a
923 3767 1009 3809 me
1039 3758 1189 3810 tensa
1224 3764 1366 3819 sunt,
1418 3764 1486 3811 ne
1525 3756 1727 3813 diutius
1758 3757 1812 3812 in

234 3838 317 3893 eis
342 3853 583 3909 caperer,
611 3843 703 3899 sed
730 3846 799 3900 ab
827 3845 908 3902 eis
937 3846 1214 3903 absolutus
1257 3848 1425 3905 libero
1452 3849 1646 3906 mentis
1692 3862 1814 3907 con-

238 3930 374 3983 tuitu
402 3931 544 3988 clare
580 3935 943 4005 perspicerem
974 3938 1259 3996 universae
1289 3950 1513 3997 naturae
1539 3943 1817 4000 adunatio—

235 4038 358 4077 nem
403 4040 470 4078 ex
509 4025 736 4083 diversis
781 4029 990 4100 sibique
1034 4032 1295 4101 Oppositis
1343 4032 1585 4103 copulari
1619 4034 1665 4099 ',
1699 4048 1817 4089 mu-

236 4116 365 4171 Sicis
391 4118 685 4177 rationibus
720 4123 1048 4191 admonitus,
1094 4125 1148 4180 in
1185 4126 1379 4196 quibus
1408 4128 1714 4199 conspicor,
1742 4130 1819 4184 nil

236 4207 379 4263 aliud
404 4209 584 4267 animo
624 4211 837 4282 placere
866 4213 1432 4287 pulchritudinemque
1451 4217 1684 4286 edicere,
1712 4219 1817 4275 nisi

237 4303 567 4359 diversarum
588 4320 780 4363 vocum
810 4302 1151 4366 rationabilia
1174 4296 1473 4380 intervalla,
1506 4328 1647 4384 quae
1675 4313 1818 4369 inter

237 4410 296 4453 se
328 4397 555 4454 invicem
583 4400 774 4458 collata
802 4404 992 4460 musici
1033 4404 1411 4462 modulaminis
1448 4406 1686 4463 cilicium
1708 4408 1819 4464 dul-

236 4495 501 4551 cedinem.
535 4494 634 4552 Ubi
681 4500 925 4556 mirabile
966 4501 1221 4572 quiddam
1262 4498 1421 4557 datur
1471 4502 1720 4576 intelligi,
1765 4513 1821 4561 et

237 4586 353 4643 soi'd
383 4588 575 4645 mentis
598 4592 840 4646 contuitu
859 4591 950 4648 vix
975 4592 1480 4666 comprclicnsibile,
1503 4596 1645 4667 quod
1667 4611 1774 4652 non
1796 4598 1820 4632 ⁸

1916 3390 2198 3460 obiecerit,
2225 3402 2509 3467 perversas
2550 3392 2858 3450 voluntates
2914 3393 3181 3449 malorum
3228 3392 3505 3448 hominum

1919 3490 1973 3538 et
1997 3483 2333 3554 angelorum,
2351 3486 2549 3556 quibus
2572 3486 2836 3541 debentur
2867 3485 3148 3556 supplicia,
3184 3484 3505 3549 malasesse,

1919 3589 1984 3629 ac
2014 3588 2109 3645 per
2132 3575 2234 3631 hoc
2260 3575 2313 3630 in
2344 3578 2738 3633 restauratione
2768 3592 2832 3634 ac
2848 3578 3021 3633 reditu
3050 3590 3366 3634 naturarum
3396 3594 3510 3633 ma-

1918 3665 2027 3723 lum
2059 3682 2275 3738 semper
2303 3680 2423 3725 esse
2461 3684 2863 3737 remansurum,
2890 3670 3265 3742 supplicioque
3313 3682 3506 3741 passu-

1920 3770 2070 3827 rum;
2109 3768 2162 3815 et
2197 3760 2243 3815 si
2285 3763 2357 3816 ita
2402 3770 2504 3828 est,
2553 3762 2820 3833 sequitur,
2861 3776 2967 3817 nou
3007 3763 3229 3817 omnino
3273 3761 3511 3833 pulchri-

1920 3854 2161 3910 tudinem
2188 3862 2502 3909 naturarum
2559 3856 2889 3926 turpitudine
2939 3855 3177 3910 malitiae
3218 3869 3325 3909 non
3351 3856 3394 3888 "
3431 3856 3509 3910 in-

1918 3943 2115 4002 fectam
2161 3958 2282 4003 esse
2337 3946 2576 4002 futuram
2609 3965 2627 4003 :
2657 3949 2784 4004 huic
2819 3950 3154 4020 respondebo
3208 3949 3344 4005 duce
3397 3948 3508 4005 Deo

1922 4054 1984 4094 ac
2011 4054 2139 4095 vera
2167 4040 2396 4105 ratione,
2419 4038 2652 4111 primum
2692 4042 2906 4110 quidem
2944 4043 3084 4097 intra
3128 4054 3311 4098 rerum
3354 4052 3507 4097 natu-

1923 4142 2041 4189 ram
2075 4133 2158 4189 vel
2184 4143 2337 4190 extra
2382 4148 2501 4190 eam
2558 4134 2761 4189 nullum
2819 4135 3018 4191 malum
3075 4137 3327 4204 inveniri,
3369 4138 3511 4194 sicut

1922 4229 2210 4304 Dionysius
2238 4231 2560 4302 Areopagita
2584 4231 2636 4285 iu
2663 4228 2801 4287 libro
2852 4232 2916 4287 de
2959 4230 3153 4287 divinis
3188 4230 3509 4289 Nominibus

1922 4323 2311 4395 multiplicibus
2341 4323 2537 4378 astruit
2570 4322 2897 4392 rationibus,
2922 4334 3059 4395 quas
3090 4338 3235 4380 nunc
3266 4324 3508 4381 introdu-

1924 4430 2049 4470 cere
2072 4423 2126 4470 et
2149 4413 2363 4485 longum
2396 4424 2449 4470 et
2494 4414 2823 4485 superﬂuum
2872 4416 3117 4484 videtur;
3159 4416 3350 4473 deinde
3388 4432 3510 4488 per-

1923 4522 2113 4565 versos
2132 4520 2515 4580 perversurum
2562 4506 2896 4563 voluntatum
2953 4519 3131 4565 metus
3184 4509 3355 4565 malos
3398 4522 3506 4565 non

1924 4618 2069 4669 esse,
2098 4601 2194 4657 sed
2222 4599 2455 4656 illicitos.
2482 4598 2635 4669 Quod
2666 4600 2811 4654 enim
2846 4610 2913 4655 ex
2962 4601 3134 4657 libero
3173 4601 3510 4657 rationabilis

237 4680 355 4733 soni
402 4679 616 4747 diversi,
668 4681 814 4738 Verbi
875 4684 1065 4753 gratia,
1116 4685 1417 4741 ilstularunt
1471 4687 1683 4759 organi,
1732 4688 1819 4744 vel
1850 4668 1898 4728 Ῑ)
1924 4668 2206 4753 creaturae
2231 4694 2461 4750 arbitrio
2488 4693 2775 4764 processit,
2804 4693 2926 4764 quis
2958 4694 3159 4749 malum
3190 4708 3311 4750 esse
3356 4694 3509 4749 (ιίιο-

237 4772 563 4828 chordarum
600 4772 771 4847 lyrae,
814 4790 907 4831 seu
950 4774 1274 4832 foraminum
1298 4778 1483 4844 tibiae,
1526 4781 1617 4851 qui
1655 4782 1821 4851 quod-

239 4861 529 4918 dammodo
568 4862 818 4919 sensibus
845 4867 1103 4935 percepti,
1153 4867 1205 4920 in
1236 4882 1461 4922 numero
1489 4880 1669 4922 rerum
1700 4883 1820 4925 esse

238 4954 513 5022 videntur,
544 4956 913 5012 harmonicam
942 4956 1179 5013 eiliciunt
1209 4960 1552 5028 suavitatem,
1577 4960 1670 5017 sed
1698 4970 1819 5032 pro-

238 5048 518 5118 portiones
561 5060 815 5105 sanorum
855 5059 910 5106 et
952 5045 1496 5121 proportionalitatcs,
1538 5071 1692 5125 quas,
1720 5055 1821 5111 sibi

1926 4789 2038 4847 rit?
2077 4790 2136 4846 Si
2175 4790 2319 4846 enim
2356 4788 2581 4844 libertas
2608 4795 2836 4842 naturae
2862 4786 3195 4842 rationabilis
3220 4788 3289 4842 ad
3319 4787 3511 4857 imagi-

1925 4899 2050 4940 nem
2076 4882 2169 4939 Dei
2199 4880 2448 4938 eonditae
2494 4896 2525 4936 a
2559 4879 2672 4936 Deo
2703 4880 2825 4935 data
2869 4888 2985 4946 est;
3020 4894 3125 4935 non
3152 4879 3297 4935 enim
3334 4879 3510 4949 imago

1927 4976 2019 5032 Dei
2046 4975 2169 5031 ullis
2208 4975 2416 5045 legibus
2458 4973 2686 5030 detineri
2725 4972 2913 5028 debuit
2938 4980 3126 5029 coacta
3159 4989 3173 5025 :
3201 4970 3510 5027 necessario

1926 5074 2105 5135 omne,
2131 5067 2276 5139 quod
2311 5084 2377 5125 ex
2400 5069 2514 5140 ipsa
2537 5066 2788 5124 libertate
2814 5065 3013 5133 evenit,
3044 5065 3245 5120 malum
3274 5079 3371 5120 seu
3395 5078 3508 5118 ma-

241 5139 474 5195 invicem
516 5141 757 5209 collatas,
806 5141 972 5198 solius
1012 5143 1178 5199 animi
1227 5143 1453 5199 interior
1496 5148 1725 5218 percipit
1768 5158 1824 5203 et
1927 5159 2041 5214 mia
2072 5168 2221 5215 recte
2248 5157 2351 5214 dici
2381 5139 2487 5213 non
2518 5164 2719 5230 potest,
2744 5171 2812 5213 ne
2861 5157 2915 5212 in
2972 5153 3154 5226 aliquo
3197 5152 3400 5209 malum
3451 5160 3509 5207 et

240 5231 501 5303 dijudicat
524 5240 732 5291 sensus.
764 5234 913 5303 Quae
942 5235 1197 5293 videlicet
1224 5239 1602 5308 proportiones
1623 5246 1678 5295 et
1704 5255 1824 5309 pro-

240 5324 671 5398 portionalitates
720 5338 907 5383 vocum
943 5328 1287 5401 sensibilium
1316 5345 1679 5401 sonorumque
1713 5340 1821 5387 meo

1929 5249 2131 5304 malitia
2159 5248 2536 5305 concludatur.
2570 5248 2637 5304 Et
2668 5248 2713 5304 si
2757 5246 2930 5302 libera
2973 5244 3224 5301 Voluntas
3272 5244 3507 5298 rationa-

1930 5339 2022 5395 bili
2049 5348 2103 5395 et
2138 5338 2460 5410 intelligibill
2501 5347 2785 5395 creaturae
2818 5350 2927 5393 non
2965 5334 3088 5391 ideo
3113 5347 3372 5391 concessa
3414 5332 3507 5399 sit,

240 5418 350 5473 rito
380 5418 632 5474 dicuntur
658 5434 798 5487 esse,
839 5421 1094 5491 quoniam
1140 5436 1248 5477 non
1292 5420 1464 5479 solum
1511 5421 1585 5477 nil
1629 5421 1697 5478 ab
1745 5424 1825 5479 eis
1930 5439 1989 5485 ut
2016 5444 2114 5502 per
2142 5446 2259 5486 eam
2286 5438 2553 5501 peccaret,
2586 5429 2679 5485 sed
2705 5436 2766 5484 ut
2802 5436 2902 5499 per
2937 5440 3058 5482 eam
3093 5425 3318 5497 pulchre
3343 5430 3398 5479 et
3424 5439 3509 5477 ra-

240 5523 537 5577 corporeus
557 5526 748 5568 sensus
777 5512 998 5582 patitur,
1036 5527 1225 5569 verum
1252 5514 1416 5569 etiam
1446 5512 1585 5570 ultra
1608 5528 1824 5571 omnem

1933 5520 2265 5578 tionabiliter
2283 5520 2561 5578 Conditori
2588 5535 2686 5576 suo
2720 5517 3033 5584 inserviret,
3058 5524 3237 5573 tamen
3255 5555 3272 5584 ,
3313 5513 3368 5569 in
3396 5512 3510 5569 suis

1571 5633 1823 5691 VARIAE
1856 5636 2257 5698 LECTIONES.

318 5721 338 5755 ί
366 5722 682 5800 Ᾱηξηιιιςῆ-
722 5725 824 5800 Ἀ
840 5736 888 5781 et
906 5726 1307 5800 _oppositiones._
1340 5724 1401 5800 *⁸
1426 5725 1472 5780 Α
1512 5725 1655 5800 nullo
1687 5731 1961 5800 modoque.
2038 5731 2061 5763 δ
2089 5731 2176 5791 CF
2204 5735 2345 5788 intra
2393 5733 2621 5787 ordines.
2696 5739 2720 5773 ι
2755 5730 2799 5785 Α
2843 5727 3166 5800 οτᾴἰηαιειτη
3214 5725 3357 5800 (ΟΕ
3388 5726 3511 5783 abs-
3606 5758 3610 5762 ~

239 5793 519 5870 qiic_ullp_._
579 5796 601 5870 '_
628 5796 719 5851 Sic
741 5796 857 5863 CF;
891 5796 936 5870 ᾼ
952 5793 1212 5870 cooptari.
1290 5798 1314 5831 ⁸
1339 5796 1611 5870 Ρτριμιρρέ
1643 5815 1744 5870 non
1771 5799 1815 5853 A
1849 5793 1949 5855 non
1971 5803 2127 5857 enim.
2204 5804 2225 5835 '
2254 5804 2346 5859 Sic
2367 5803 2481 5868 CF;
2516 5804 2555 5857 Α
2585 5804 2741 5858 ratio.
2817 5799 2861 5832 ¹⁰
2888 5798 2977 5857 Sic
2999 5799 3115 5867 CF;
3143 5797 3186 5854 Α
3213 5796 3505 5870 duplisque-

246 5869 284 5898 “
322 5866 410 5919 Sic
438 5865 551 5932 Cl“;
580 5868 624 5922 Α
649 5879 825 5922 restat.
903 5868 943 5899 ¹¹
968 5870 1022 5923 in
1048 5883 1156 5923 om.
1186 5867 1252 5925 Α.

1328 5868 1374 5901 ¹⁸
1404 5866 1494 5923 Sic
1528 5866 1643 5936 CF;
1678 5868 1723 5923 A
1756 5888 1859 5927 non
1881 5874 2094 5928 omnino
2139 5891 2259 5928 non.
