4008 6286
565 364 667 419 967

1928 339 2207 421 JOANNIS
2247 363 2442 422 sco'n

3721 368 3819 431 968

563 483 688 536 licet
714 481 874 536 veluti
919 480 1130 551 captiva
1185 479 1644 536 irrationabilibus
1671 480 1906 536 motibus
1934 484 2001 535 ad
2041 481 2141 535 illi-
2167 485 2218 545 Α
2246 481 2504 546 volentes,
2531 481 2693 550 inque
2728 479 2965 536 tenebris
3006 493 3065 536 se
3101 481 3430 538 abscondere
3484 494 3817 557 appetentes,

560 571 667 626 cita
692 578 919 626 attracta
946 572 1036 636 sit,
1069 585 1176 626 non
1204 570 1327 625 inde
1362 571 1562 625 malum
1606 571 1871 637 nascitur,
1895 572 1988 626 sed
2042 571 2135 625 ali-

558 663 702 732 quod
758 663 1136 733 corrigendum
1186 663 1368 717 divina
1414 662 1622 733 justitia
1677 671 1733 717 et
1775 664 2136 718 revocandum

558 757 739 811 divina
785 757 1177 823 misericordia,
1205 756 1248 812 si
1277 756 1704 812 correctionibus
1726 756 1837 810 suis
1861 763 1919 810 et
1955 769 2136 809 emen-

557 845 866 904 dationibus
897 847 1102 918 liberae
1129 849 1427 904 voluntatis
1467 849 1750 904 arbitrium
1793 847 1957 903 fuerit
2002 847 2133 902 obe-

557 941 744 1008 diens;
795 942 878 997 sin
918 957 1049 997 vero
1099 953 1394 998 contumax
1431 942 1787 1013 superbiaque
1831 944 1849 974 ¹
1892 943 2133 998 inflatum

554 1033 610 1086 in
641 1033 755 1088 suis
780 1034 1052 1103 perversis
1082 1035 1317 1091 motibus
1342 1050 1696 1104 perseverare
1737 1035 2001 1101 voluerit,
2039 1036 2134 1089 im-

553 1135 710 1192 petus
733 1122 850 1192 ejus
892 1125 1208 1181 libidinosus
1233 1126 1570 1192 retinebitur,
1621 1143 1709 1192 ne,
1755 1127 1897 1196 quod
1949 1126 2134 1182 illicite

553 1218 778 1288 appetit,
805 1219 1188 1288 apprehendat.
1214 1219 1280 1274 Et
1309 1221 1411 1275 hoc
1433 1229 1518 1275 est
1545 1228 1738 1284 totum,
1765 1219 1907 1290 quod
1935 1220 2133 1274 dicitur

550 1307 751 1364 liberae
763 1324 826 1364 ac
840 1319 861 1350 ι
875 1324 1162 1380 perversae
1174 1311 1470 1366 voluntatis
1479 1312 1818 1382 supplicium,
1838 1312 1938 1366 hoc
1951 1319 2050 1377 est,
2063 1311 2129 1366 ab

549 1398 753 1454 illicitis
775 1399 888 1455 suis
916 1400 1152 1456 motibus
1174 1403 1471 1472 prohiberi,
1501 1417 1567 1457 ne
1591 1403 1657 1456 ad
1692 1403 1852 1456 ﬁnem
1882 1418 2012 1458 suae
2031 1418 2126 1457 cu-

550 1492 793 1560 piditatis
824 1495 994 1562 possit
1023 1495 1326 1564 pervenire.
1345 1496 1457 1551 Hoc
1479 1505 1658 1552 autem
1676 1497 1817 1561 dico,
1835 1512 1903 1550 ne
1930 1496 2128 1551 beatis-

545 1589 669 1644 simi
690 1589 1302 1663 DionysiiAreopagitae
1319 1594 1626 1649 auctoritati
1647 1594 1903 1648 resistere
1917 1594 2124 1660 videar,

544 1684 634 1752 qui
665 1698 770 1738 non
793 1684 963 1739 solum
986 1685 1040 1740 in
1065 1685 1241 1755 aliqua
1269 1695 1461 1742 natura
1479 1701 1570 1742 seu
1601 1687 1921 1751 substantia,
1937 1703 2125 1742 verum

543 1776 702 1830 etiam
757 1777 812 1831 in
852 1777 1014 1832 nullis
1054 1778 1514 1834 irrationabilihus
1537 1779 1876 1834 rationabilis
1898 1787 2124 1834 naturae

2238 589 2345 628 non
2373 572 2500 643 quid
2533 573 2577 604 “
2601 575 2670 627 sit
2698 574 2810 639 lux,
2834 583 2888 629 et
2909 581 3170 645 quantum
3201 576 3348 632 utilis
3382 577 3454 632 sit
3483 580 3549 644 ¹⁵,
3581 582 3819 640 valentes

2238 683 2357 723 eam
2385 667 2690 738 perspicere
2715 661 3045 738 ignorantes,
3077 671 3172 724 sed
3200 671 3253 724 in
3281 669 3603 728 infirmitate
3647 677 3818 731 oculo-

2237 776 2355 815 rum
2384 775 2603 814 suorum
2625 775 2842 814 causam
2864 760 3099 831 fugiendi
3130 777 3159 814 a
3188 761 3389 817 lumine
3409 766 3817 823 constituentes.

2235 851 2435 905 Eodem
2489 851 2648 906 modo
2689 861 2744 906 et
2792 852 2943 921 impii
2975 853 3027 906 in
3061 853 3335 922 suppliciis
3360 856 3567 911 detenti
3609 874 3816 915 causam

2234 943 2493 998 odiendae
2530 943 2772 997 veritatis
2816 943 3078 1013 impietati
3126 959 3256 1000 suae
3298 951 3672 1016 reputabant,
3709 969 3819 1008 sera

2234 1034 2497 1089 inutiliter
2526 1036 3214 1105 compuncti.poenitentia.
3243 1037 3309 1092 Et
3334 1040 3437 1095 hoc
3471 1043 3642 1096 datur
3673 1044 3817 1099 intel-

2233 1124 2322 1194 ligi
2350 1139 2417 1178 ex
2459 1125 2574 1193 ipso
2603 1125 2770 1179 divite
2800 1127 2852 1180 in
2892 1125 3106 1182 inferno
3138 1128 3183 1167 ¹⁶
3209 1143 3410 1198 poenas
3436 1133 3714 1202 patiente,
3739 1136 3817 1204 qui

2233 1213 2439 1269 elevans
2469 1214 2650 1268 oculos
2706 1233 2848 1281 suos,
2899 1216 3025 1269 dum
3079 1228 3207 1272 esset
3259 1220 3314 1272 in
3361 1225 3662 1290 tormentis,
3706 1227 3816 1279 ridi:

2231 1303 2496 1357 Abraham
2522 1305 2740 1375 alonge,
2767 1316 2813 1358 et
2836 1303 3100 1361 Lazarum
3127 1308 3179 1362 in
3228 1310 3428 1364 sinibus
3481 1313 3623 1382 ejus.
3685 1315 3818 1370 Vidit

2231 1395 2397 1465 igitur
2421 1396 2692 1450 Abraham
2724 1406 2778 1452 et
2817 1397 3078 1452 Lazarum
3120 1399 3175 1454 in
3215 1401 3383 1472 gloria
3428 1403 3650 1460 divinae
3698 1423 3814 1460 con-

2233 1489 2618 1559 templationis,
2643 1492 2736 1544 sed
2769 1491 2934 1560 ipsius
2967 1491 3174 1562 gloriae
3220 1493 3688 1552 delectationibus
3720 1500 3818 1568 pri-

2229 1589 2385 1634 vatus
2443 1589 2581 1646 est,
2616 1596 2843 1650 seraque
2893 1582 3219 1651 poenitentia
3272 1596 3634 1655 compunctus
3692 1588 3816 1658 petit

2227 1671 2518 1737 Abraham,
2552 1681 2612 1727 ut
2640 1673 2880 1728 mitteret
2903 1673 2968 1727 ad
2993 1690 3120 1729 suos
3166 1673 3380 1740 fratres,
3427 1693 3569 1747 quos
3621 1679 3678 1732 in
3724 1680 3815 1734 hac

2227 1765 2340 1819 vita
2375 1765 2686 1834 reliquerat,
2721 1779 2822 1830 ne,
2857 1764 2998 1819 sicut
3043 1766 3159 1835 ipse
3210 1767 3418 1821 vixerat
3448 1769 3516 1833 ",
3551 1770 3812 1834 viverent,

541 1869 825 1925 affectibus
859 1871 1061 1926 malum
1087 1871 1217 1927 sinit
1259 1871 1509 1934 inveniri,
1541 1887 1632 1926 seu
1685 1871 1863 1942 aliqua
1913 1872 2117 1926 ratione

2227 1867 2282 1912 et
2303 1865 2360 1911 ut
2392 1865 2779 1911 tormentorum
2803 1855 2918 1910 loca
2945 1857 3264 1913 devitarent.
3291 1858 3433 1913 MAG.
3470 1857 3593 1914 Non
3607 1870 3672 1946 ,ιε
3697 1877 3814 1930 ergo

541 1962 787 2016 concedi.
821 1961 1038 2018 Nullum
1066 1963 1210 2018 enim
1244 1963 1584 2018 rationabilis
1610 1972 1896 2019 creaturae
1934 1964 2127 2018 vitium

540 2053 828 2121 est,quod
872 2068 979 2108 non
1029 2053 1086 2108 in
1138 2052 1317 2123 aliqua
1371 2053 1730 2108 irrationabili
1781 2053 1980 2108 bonum
2034 2054 2123 2120 sit,

538 2141 769 2211 ideoque
795 2142 936 2212 quod
971 2144 1172 2214 ubique
1202 2143 1532 2214 prohibitum
1564 2158 1673 2198 non
1712 2144 2006 2210 invenitur,
2034 2145 2125 2199 sed

537 2233 593 2286 in
619 2233 822 2302 aliquo,
847 2234 900 2287 in
926 2248 1022 2299 eo,
1048 2234 1103 2288 in
1132 2249 1240 2304 quo
1262 2236 1600 2305 prohibetur,
1630 2250 1737 2290 non
1773 2235 1999 2301 malum,
2030 2236 2126 2290 sed

538 2324 785 2380 illicitum
808 2327 994 2382 vocari
1024 2336 1257 2397 oportet.
1297 2328 1363 2383 Et
1391 2337 1448 2382 ut
1485 2329 1552 2384 de
1583 2329 1684 2384 hac
1717 2330 1926 2383 ratione
1955 2344 2125 2400 pauca

538 2415 946 2472 introducamus
987 2418 1254 2488 exempla,
1307 2419 1580 2490 superbia,
1614 2429 1671 2474 ut
1715 2419 1790 2473 ait
1833 2420 1894 2474 B.
1925 2419 2124 2491 Diony-

539 2508 652 2563 sius
677 2508 1075 2581 Gregoriusque
1113 2511 1438 2582 Theologus,
1461 2512 1513 2565 in
1537 2527 1676 2581 equo
1703 2513 1900 2567 bonum
1937 2522 2043 2578 est,
2066 2512 2122 2567 in

537 2602 756 2657 homine
783 2618 910 2658 vero
929 2604 1176 2659 illicitum
1201 2612 1364 2675 atque
1381 2605 1400 2637 ³
1418 2604 1818 2658 inconveniens.
1843 2603 2121 2658 Ferocitas

535 2694 589 2747 in
617 2693 772 2750 leone
801 2696 1001 2750 bonum
1031 2703 1130 2760 est,
1159 2705 1215 2751 et
1253 2697 1368 2751 sine
1394 2711 1500 2765 qua
1535 2695 1617 2750 leo
1647 2696 1753 2750 dici
1774 2712 1881 2751 non
1911 2705 2115 2766 potest;

534 2787 681 2840 mitis
701 2787 844 2842 enim
868 2787 951 2843 leo
972 2788 1056 2842 leo
1071 2786 1095 2819 ⁸
1112 2803 1216 2843 non
1232 2797 1334 2852 est,
1353 2788 1564 2858 perdita
1577 2787 2078 2858 qualitatenaturali
2101 2803 2116 2842 :

534 2880 649 2950 ipsa
685 2890 868 2938 autem
900 2881 1156 2938 ferocitas
1181 2884 1234 2937 in
1261 2891 1453 2936 natura
1485 2881 1790 2936 rationabili
1820 2883 2010 2937 vitium
2034 2892 2118 2938 est

531 2984 585 3027 et
612 2974 1005 3030 inconcessum.
1047 2973 1315 3044 Spurcitia
1356 2990 1646 3046 porcorum
1687 2984 1772 3029 est
1815 2975 2113 3046 proprium,

531 3065 586 3118 in
615 3064 833 3120 homine
865 3065 1099 3120 alienum
1125 3083 1138 3119 :
1165 3074 1222 3121 et
1245 3066 1461 3131 similia,
1492 3081 1630 3134 quae
1659 3065 1784 3120 dum
1835 3066 1888 3119 in
1929 3067 2115 3122 bestiis

531 3159 970 3225 considerantur,
991 3160 1259 3214 naturalia
1297 3160 1435 3215 bona
1465 3169 1623 3226 sunt,
1656 3160 1711 3215 in
1742 3160 1962 3214 homine
1987 3174 2115 3214 vero

2230 1956 2482 2003 moveant
2526 1947 2844 2002 stultissima
2871 1958 2926 2002 et
2954 1947 3243 2003 falsissima
3267 1950 3588 2004 mortalium
3616 1953 3812 2022 cogita-

2231 2044 2437 2098 tionum
2481 2043 2686 2111 judicia
2735 2044 3033 2113 inanesque
3083 2044 3400 2113 opiniones,
3450 2046 3651 2114 quibus
3701 2046 3811 2110 his,

2228 2151 2366 2206 quae
2422 2135 2524 2190 sibi
2573 2114 2717 2190 mala
2766 2145 2821 2190 et
2876 2137 3052 2206 turpia
3110 2137 3386 2202 videntur,
3425 2137 3728 2191 bonitatem
3766 2147 3812 2191 et

2225 2230 2684 2301 pulchritudinem
2708 2237 2763 2283 et
2782 2229 3111 2299 aequitatem
3137 2228 3514 2283 universitatis
3555 2229 3730 2282 minui
3764 2239 3810 2282 et

2229 2327 2505 2396 corrumpi
2530 2326 2864 2389 existimant,
2884 2326 3216 2397 ignorantes,
3243 2323 3385 2394 quod
3415 2324 3486 2380 .in
3529 2323 3803 2386 omnibus,

2223 2434 2363 2490 quae
2387 2419 2528 2473 intra
2556 2420 2969 2474 universitatem
3014 2417 3579 2487 comprehenduntur,
3604 2415 3806 2469 nullum

2222 2511 2444 2577 malum,
2473 2511 2554 2566 vel
2603 2519 2780 2580 turpe,
2827 2510 2913 2564 vel
2965 2509 3222 2578 iujustum
3276 2509 3569 2564 invenitur.
3628 2509 3810 2579 Neque

2223 2606 2366 2659 enim
2395 2606 2531 2661 haec
2557 2619 2765 2659 summa
2796 2603 3012 2658 bonitas
3036 2612 3090 2658 et
3120 2603 3465 2674 pulchritudo
3492 2612 3550 2657 et
3568 2604 3811 2672 aequitas

2223 2699 2494 2769 sapienter
2512 2699 2693 2753 omnia
2715 2698 3006 2767 disponens
3034 2697 3214 2758 in-his,
3234 2711 3370 2764 quae
3396 2705 3745 2765 suntetquae
3771 2694 3810 2724 “

2223 2807 2327 2848 non
2379 2799 2537 2857 sunt,
2585 2791 2703 2846 fieri
2744 2791 3030 2861 permittit,
3079 2803 3441 2860 necunquam
3473 2804 3808 2859 pernnssura

2219 2893 2322 2939 est.
2347 2884 2414 2938 Et
2439 2883 2485 2938 si
2515 2883 2635 2952 quis
2665 2883 2863 2938 dixerit
2890 2901 2902 2935 :
2928 2883 3070 2937 unde
3091 2883 3257 2952 igitur
3283 2885 3439 2947 haec,
3459 2899 3598 2954 quae
3619 2883 3809 2938 dicuno

2222 2985 2307 3030 tur
2334 2975 2475 3030 mala
2501 2984 2556 3029 et
2585 2975 2870 3030 inhonesta
2899 2983 2954 3031 et
2977 2973 3198 3043 injusta,
3224 2984 3278 3029 et
3304 2975 3431 3031 ubi?
3457 2975 3556 3030 Cui
3583 2989 3809 3044 respon-

2219 3068 2449 3123 dendum
2485 3085 2497 3120 :
2525 3082 2628 3122 non
2666 3066 2879 3121 aliunde
2901 3107 2916 3132 ,
2945 3081 3118 3136 neque
3145 3066 3292 3133 alibi,
3322 3067 3428 3121 nisi
3455 3082 3523 3121 ex
3554 3067 3810 3121 vanitati-

2219 3161 2318 3215 bus
2344 3160 2664 3226 vanitatum,
2695 3160 2855 3228 inque
2879 3158 3029 3213 falsis
3054 3158 3638 3230 argumentationibus,
3671 3175 3806 3229 quae

537 3251 621 3305 vel
650 3251 671 3282 ⁵
721 3250 912 3322 angelo
957 3221 1086 3307 vitia
1146 3260 1337 3306 contra
1382 3221 1630 3306 naturam
1677 3251 1969 3323 pugnantia
1992 3293 2006 3315 ,
2059 3252 2113 3306 in
2143 3221 2187 3282 C
2219 3250 2578 3322 finguntesse,
2595 3221 2736 3320 quod
2763 3221 2979 3319 penitus
3001 3221 3234 3313 nonvest,
3262 3221 3726 3318 blasphemantes,
3757 3259 3807 3303 et

532 3343 680 3398 nullo
725 3343 746 3374 ⁸
777 3353 959 3398 tamen
997 3342 1161 3397 mala.
1207 3341 1358 3408 Quod
1413 3343 1591 3407 enim,
1640 3351 1700 3396 ut
1736 3343 2004 3408 diximus,
2059 3343 2114 3395 in

531 3444 645 3490 toto
674 3435 876 3490 malum
903 3449 1012 3489 non
1042 3443 1144 3498 est,
1175 3435 1378 3488 malum
1409 3434 1525 3488 fieri
1565 3434 1617 3488 in
1657 3442 1812 3503 parte
1858 3449 1962 3487 non
2013 3449 2110 3504 po-

531 3535 661 3592 test,
692 3528 937 3596 quamvis
966 3527 1212 3581 videatur
1235 3541 1353 3581 esse
1377 3526 1640 3590 illicitum,
1671 3533 1832 3594 atque
1883 3541 2115 3596 purgan-

533 3621 660 3674 dum
697 3635 791 3674 seu
823 3619 1261 3675 refraenandum.
1286 3618 1428 3674 Nihil
1450 3632 1580 3690 ergo
1601 3617 1939 3687 relinquitur,
1970 3619 2112 3688 quod

529 3714 918 3784 plenitudinem
941 3722 995 3768 et
1017 3712 1474 3784 pulchritudinem
1528 3711 1695 3766 totius
1743 3711 2114 3766 universitatis

529 3809 734 3863 minuat
763 3822 858 3863 seu
901 3807 921 3838 "
953 3807 1288 3872 dehonestet,
1313 3806 1424 3861 sive
1450 3806 1558 3869 hic,
1587 3805 1712 3859 dum
1748 3805 1923 3860 adhuc
1944 3803 2114 3858 sensi-

526 3901 650 3957 bilis
677 3900 910 3956 mundus
933 3915 1150 3956 cursum
1181 3915 1339 3954 suum
1369 3898 1601 3970 peragit,
1651 3896 1764 3952 sive
1810 3896 1938 3960 illic,
1983 3896 2110 3950 dum

527 3993 579 4046 in
617 4007 810 4047 causas
838 4007 965 4046 suas
1010 4005 1326 4047 reversurus
1368 3989 1439 4044 sit
1485 3988 1527 4052 ⁸,
1562 3989 1721 4058 inque
1768 3987 1848 4042 eis
1897 3986 2112 4056 quietus

526 4083 883 4153 permanebit.
913 4081 1020 4138 Sed
1048 4082 1151 4137 ista
1181 4081 1386 4136 theoria
1418 4079 1605 4148 paucis
1660 4087 1807 4133 recte
1848 4077 2110 4148 sapienti-

528 4181 626 4234 bus
657 4188 799 4234 nunc
845 4178 1150 4249 perspicua,
1196 4176 1250 4230 in
1301 4175 1480 4230 futuro
1530 4188 1660 4228 vero
1708 4172 1956 4228 omnibus
2005 4171 2111 4226 erit

523 4269 811 4342 patefacta,
843 4269 971 4324 dum
1000 4270 1204 4325 veritas
1229 4282 1326 4338 per
1370 4266 1553 4322 omnia
1592 4265 1646 4319 in
1690 4263 1941 4320 omnibus
1991 4261 2110 4317 elu-

525 4376 728 4431 cescet,
750 4381 888 4435 quae
929 4374 1246 4420 naturarum
1270 4364 1510 4419 omnium
1551 4371 1760 4418 secreta
1789 4362 2108 4417 incunctan-

523 4473 606 4518 ter
647 4464 850 4532 absque
900 4461 1008 4516 ulla
1057 4460 1287 4532 caligine
1340 4460 1566 4531 aperiet.
1619 4459 1734 4514 Non
1787 4459 1930 4513 enim
1979 4457 2109 4513 solis

517 4552 681 4623 justis
717 4554 736 4584 ⁹
780 4553 838 4607 in
896 4552 1000 4607 hac
1050 4553 1160 4607 vita
1204 4551 1527 4616 viventibus,
1555 4551 1948 4621 veritatemque
1999 4551 2103 4606 rite
2131 4579 2182 4639 ι)

525 4644 934 4714 quaerentibus,
967 4659 1155 4701 verum
1195 4645 1359 4698 etiam
1398 4642 1632 4714 injustis,
1659 4642 1950 4712 pravisque
1987 4642 2100 4697 suis

526 4737 769 4793 moribus
792 4736 1079 4807 corruptis,
1102 4736 1384 4805 lucemque
1408 4750 1592 4790 veram
1613 4733 1920 4789 odientibus
1937 4741 1993 4788 et
2019 4733 2102 4787 fu-

519 4828 790 4900 gienti-bus
807 4828 920 4898 ipsa
931 4827 1130 4881 veritas
1141 4840 1236 4897 per
1249 4825 1428 4880 omnia
1447 4823 1669 4896 fulgebit
1687 4823 1740 4877 in
1756 4823 1959 4879 futuro.
1976 4822 2102 4878 Om-

517 4937 617 4977 nes
632 4921 776 4975 enim
791 4920 1047 4976 videbunt
1061 4919 1286 4991 gloriam
1314 4918 1431 4973 Dei.
1452 4917 1560 4973 Nec
1577 4917 1774 4981 obstat,
1797 4917 1941 4987 quod
1963 4917 2098 4972 scri-

517 5023 668 5082 ptum
695 5020 816 5068 est:
846 5010 1078 5066 Tolletur
1107 5009 1150 5042 ¹⁰
1178 5010 1389 5080 impius,
1423 5025 1485 5063 ne
1510 5009 1679 5063 videat
1711 5007 1934 5078 gloriam
1982 5006 2100 5060 Dei.

531 5103 713 5157 Videat
737 5117 972 5172 namque
995 5101 1232 5156 divinum
1261 5099 1532 5168 eloquium
1558 5100 1599 5130 ¹¹
1623 5099 1802 5168 posuit
1828 5113 1925 5167 pro
1951 5097 2102 5168 fma-

516 5209 709 5260 .ur,ac
729 5194 775 5248 si
799 5194 1023 5257 diceret,
1049 5190 1554 5260 tolletur"impius,
1586 5205 1655 5244 ne
1687 5187 1898 5244 fruatur
1927 5188 2098 5259 gloria

519 5287 634 5342 Dei.
694 5286 906 5341 Etenim
961 5285 1240 5340 oculorum
1299 5281 1639 5353 passionibus
1691 5291 1942 5353 gravatos
1989 5297 2094 5336 non

517 5386 636 5434 tuce
661 5375 867 5447 perfrui
894 5376 1154 5440 videmus,
1194 5375 1602 5449 verumﬂetiam
1654 5391 1772 5430 eam
1822 5373 1865 5407 ι’
1911 5373 2099 5444 fugere

2216 3353 2468 3415 putantes
2487 3359 2664 3408 omne,
2688 3345 2830 3415 quod
2853 3344 3153 3399 libidinosis
3172 3345 3285 3399 suis
3305 3343 3580 3400 affectibus
3599 3346 3803 3410 obstat,

2217 3450 2419 3506 eosque
2438 3436 2687 3506 prohibet
2721 3445 2880 3505 atque
2909 3434 3198 3502 refraenat,
3244 3435 3442 3489 malum
3490 3449 3634 3501 esse,
3682 3437 3804 3506 quia

2216 3530 2295 3584 eis
2327 3537 2500 3584 nocet.
2538 3527 2667 3582 Inde
2691 3536 2773 3582 est
2794 3568 2808 3593 ,
2837 3527 2981 3596 quod
3011 3528 3172 3582 etiam
3204 3528 3245 3558 ¹⁹
3274 3527 3488 3580 divinae
3513 3527 3804 3597 providen-

2217 3621 2324 3674 tiae
2348 3619 2867 3674 administrationem
2886 3618 3238 3689 redarguunt,
3258 3617 3516 3683 dieentes,
3535 3618 3798 3689 impetum

2215 3711 2418 3767 liberae
2459 3709 2752 3764 voluntatis
2790 3709 2843 3763 in
2876 3707 3058 3778 aliquo
3088 3708 3336 3778 impediri
3367 3708 3451 3761 vel
3481 3710 3696 3763 retrahi
3725 3709 3806 3762 vel

2215 3803 2455 3876 extingui
2496 3802 2694 3859 malum
2723 3817 2861 3866 esse,
2902 3802 3210 3874 ignorantes
3260 3800 3363 3854 hoc
3407 3808 3576 3854 totum
3628 3801 3700 3854 ad
3732 3800 3805 3856 di-

2214 3897 2372 3951 vinae
2429 3893 2686 3951 bonitatis
2742 3894 3038 3965 piissimam
3104 3890 3442 3962 clementiam
3505 3891 3804 3962 pertinere.

2214 3990 2414 4062 Optimi
2461 3989 2656 4060 quippe
2695 3987 3134 4058 serenissimique
3174 3984 3469 4042 conditoris
3506 3995 3614 4052 est,
3645 3989 3804 4049 bono,

2212 4081 2355 4150 quod
2385 4079 2542 4145 fecit,
2575 4079 2882 4150 providere,
2912 4093 2982 4134 ne
3005 4086 3213 4147 pereat,
3239 4079 3402 4149 inque
3426 4079 3540 4134 suis
3567 4078 3805 4148 propriis

2212 4170 2526 4240 nocivisque
2551 4171 2786 4225 motibus
2815 4177 3122 4224 evanescat.
3183 4169 3316 4224 lllud
3365 4182 3583 4239 quoque
3639 4167 3803 4223 veluti

2211 4262 2410 4318 malum
2456 4263 2508 4317 in
2549 4263 2790 4318 omnium
2830 4261 3396 4317 misericordissimum
3428 4261 3803 4316 ordinatorem

2210 4358 2520 4423 refundunt,
2569 4357 2761 4426 punire
2805 4358 2947 4427 quod
2993 4355 3153 4421 fecit,
3197 4356 3532 4426 garrientes,
3585 4357 3655 4410 ad
3707 4355 3805 4408 hcc

2210 4450 2407 4505 multos
2434 4448 2574 4504 Deus
2599 4448 2749 4514 fecit,
2785 4457 2844 4502 ut
2869 4461 2963 4503 eos
2990 4448 3228 4520 puniret,
3253 4461 3317 4502 eo
3336 4446 3499 4502 modo
3528 4447 3648 4501 irae
3679 4459 3804 4501 suae

2209 4545 2353 4600 viam
2394 4543 2638 4599 invenire
2675 4542 2877 4606 volens,
2927 4557 3035 4597 non
3066 4541 3590 4605 animadvertentes,
3634 4539 3800 4595 Deum

2207 4637 2263 4691 in
2294 4635 2458 4701 nullo,
2488 4633 2630 4705 quod
2663 4632 2790 4688 fecit
2815 4632 3039 4703 punire;
3093 4633 3236 4701 quod
3281 4641 3462 4686 autem
3499 4644 3612 4684 non
3655 4628 3800 4692 fecit,

2209 4727 2387 4798 puniri
2415 4725 2698 4796 permittit.
2756 4723 2958 4793 Turpia
2983 4739 3197 4794 quoque
3223 4725 3626 4793 inhonestaque
3660 4723 3800 4787 facta

2212 4835 2307 4875 sua
2331 4819 2386 4873 in
2408 4817 2577 4873 Deum
2606 4816 2876 4883 referunt;
2912 4819 3062 4872 aiunt
3097 4818 3263 4884 enim,
3309 4818 3353 4873 si
3402 4818 3509 4873 hoc
3553 4816 3801 4873 Creatori

2209 4910 2449 4965 omnium
2504 4907 2856 4976 displiceret,
2901 4922 3241 4978 nequaquam
3295 4906 3411 4962 ﬁeri
3464 4907 3521 4962 in
3568 4917 3798 4964 natura.

2209 5017 2370 5072 quam
2417 5000 2566 5066 fecit,
2601 4999 2834 5054 sineret.
2889 4999 3008 5054 Jam
3053 5015 3182 5054 vero
3221 5013 3325 5053 non
3361 4997 3535 5054 solum
3571 4998 3798 5069 pulchra

2207 5102 2261 5147 et
2290 5093 2536 5155 honesta,
2564 5105 2751 5144 verum
2787 5090 2950 5145 etiam
2983 5089 3270 5144 inhonesta
3315 5097 3371 5141 et
3413 5088 3599 5158 turpia
3649 5104 3802 5143 crea-

2208 5194 2360 5240 turae
2393 5199 2523 5239 suae
2550 5182 2760 5238 mixtim
2786 5180 2832 5212 ²⁰
2861 5182 3096 5237 inserere
3137 5180 3586 5252 praedestinavit,
3635 5190 3693 5234 nt
3731 5193 3798 5235 ex

2204 5278 2290 5334 his
2336 5276 2579 5346 justitiae
2631 5271 3055 5330 manifestandae
3111 5273 3422 5328 occasiones
3474 5271 3796 5334 inveniret,

2207 5369 2430 5440 pulchre
2464 5367 2680 5437 quidem
2708 5367 3039 5434 honesteque
3077 5362 3233 5432 juxta
3279 5363 3495 5418 divinas
3533 5361 3680 5434 leges
3715 5361 3799 5414 vi-

1831 5483 2087 5538 VARIAE
2124 5479 2528 5539 LECTIONES.

587 5609 605 5639 ⁸
634 5607 678 5660 Α
699 5573 950 5675 superbia
973 5603 1123 5728 gque
1143 5603 1278 5676 om.)
1352 5603 1372 5634 ’
1390 5602 1432 5656 A
1453 5611 1522 5656 et.
1597 5601 1619 5632 ³
1641 5599 1684 5655 Α
1711 5608 1782 5655 et.
1859 5599 1881 5629 ⁸
1910 5598 1988 5652 leo
2016 5614 2124 5653 om.
2157 5598 2222 5680 Λ..
2299 5604 2318 5634 δ
2339 5597 2376 5650 Λ
2400 5607 2467 5680 et.
2547 5595 2568 5628 ⁸
2592 5596 2642 5650 in
2669 5593 2872 5650 nulla.’
2911 5594 2933 5626 ⁷
2961 5593 2999 5647 Α
3023 5592 3126 5647 vel.
3207 5593 3227 5623 ⁸
3247 5591 3467 5658 SicfZF;
3559 5606 3793 5646 reuersus

587 5680 696 5728 erit.
769 5680 792 5711 ’
825 5677 977 5728 SicC
1035 5677 1118 5728 :A
1163 5676 1315 5728 iuste.
1392 5673 1435 5704 ¹⁰
1471 5673 1515 5726 Α
1549 5671 1808 5726 Tollatur.
1889 5671 1925 5701 “
1963 5671 2006 5722 Λ
2035 5670 2297 5728 eloquium
2338 5671 2456 5721 Dei.
2533 5669 2575 5699 1’
2598 5667 2644 5722 A
2672 5666 2908 5721 tollatur.
2987 5667 3029 5704 ¹³
3056 5682 3168 5717 eam
3197 5664 3393 5721 OHLA.
3482 5666 3523 5694 ί*
3555 5665 3598 5714 Α
3627 5663 3789 5728 quod.

1035 5671 1118 5740 ξΛ
1151 5671 1315 5745 juste.
1392 5673 1435 5704 ¹⁰
1471 5673 1515 5745 Α
1549 5671 1808 5745 Tollatur.

1604 5744 1644 5775 ¹⁷
1677 5743 1871 5796 vixerat
1894 5755 2000 5795 om.
2019 5743 2084 5794 Α.

521 5680 696 5732 luerit.
769 5680 792 5711 ⁹
825 5678 915 5731 Sic
936 5677 977 5730 (ὲ

521 5748 565 5778 ’⁸
591 5750 655 5800 sit
685 5748 878 5802 om.A.
958 5746 1000 5777 ¹⁶
1030 5747 1084 5798 in
1110 5744 1314 5815 inferno
1332 5761 1438 5801 om.
1462 5744 1521 5797 A.
1556 5766 1561 5771 ·

522 5817 666 5871 ""hit
719 5818 834 5880 fil":
881 5819 917 5870 Α
963 5819 1201 5870 mixtum.

1889 5671 1925 5701 “
1963 5671 2006 5722 Λ
2035 5670 2297 5740 eloquium
2338 5671 2456 5721 Dei.

2167 5742 2207 5774 ιδ
2230 5758 2361 5809 quac
2394 5756 2500 5795 om.
2524 5739 2628 5794 CF.

2533 5669 2575 5699 "
2598 5667 2644 5722 A
2672 5666 2908 5721 tollatur.
2987 5667 3029 5704 ¹³
3056 5682 3168 5717 eam
3197 5681 3306 5718 tun.
3325 5664 3393 5721 Α,
3482 5664 3523 5694 ¹⁵
3555 5665 3598 5714 Α
3627 5663 3789 5730 quod.

2708 5739 2749 5770 ¹⁹
2777 5737 2866 5791 Sic
2893 5736 3010 5800 CF,
3040 5738 3084 5789 A
3129 5735 3258 5790 inde
3294 5735 3452 5789 etiam
3493 5744 3589 5800 cst,
3626 5736 3780 5801 quod.
