4008 6286
193 456 302 527 96η

1048 464 1137 522 DE
1171 467 1511 528 DlVlSlONE
1557 470 1909 532 NATURAE.
1946 506 2020 520 -—
2054 478 2257 537 LIBER
2295 482 2614 553 QUINTUS.

3357 495 3462 550 970

192 545 441 602 vcntibus
479 550 743 621 praemia,
786 560 1277 628 transgressoribus
1314 580 1444 621 vero
1491 568 1778 638 turpitudi-
1804 573 1862 632 Δ
1884 572 1940 629 in
1966 573 2173 632 intimis
2207 584 2390 634 autem
2417 588 2647 635 naturae
2673 581 2880 640 sinibus
2900 585 3078 643 adhuc
3101 589 3466 658 occultantur,

193 639 384 708 nisque
409 648 465 695 et
495 640 857 701 inhonestatis
881 649 1130 707 sordibus
1151 655 1532 713 contaminatis
1576 658 1780 731 suppli-

192 730 276 785 cia
300 729 625 800 redditurus,
654 735 898 807 utrisque
927 748 1105 795 autem
1120 740 1267 810 juste
1299 746 1593 803 secundum
1623 729 1783 819 prae-

193 819 612 877 destinationum
668 840 886 882 suarum
941 829 1249 890 inevitabile
1288 839 1640 908 propositum.
1701 841 1782 898 Ac

190 927 291 984 per
315 914 439 981 hoc,
469 923 530 969 ut
553 917 627 971 ait
649 917 960 990 Apostolus,
984 926 1238 982 voluntati
1267 928 1381 999 ejus
1405 933 1520 1003 quis
1551 935 1784 992 resistit?

192 1003 262 1059 Et
285 1014 303 1045 ι
331 1003 411 1061 sic
462 1007 624 1063 totius
646 1024 935 1080 perversae
963 1030 1094 1073 suae
1119 1024 1547 1081 conversationis
1570 1026 1778 1083 incom-

192 1094 477 1154 mutabiles
503 1102 526 1133 '
567 1114 760 1158 causas
788 1104 983 1162 divinis
1001 1111 1581 1178 praedestinationibus
1606 1119 1780 1176 ascri-

190 1186 326 1243 bunt
374 1188 417 1255 ⁸,
458 1205 565 1247 non
604 1191 845 1250 valentes
881 1210 1171 1257 occaecato
1211 1211 1266 1259 et
1296 1204 1570 1277 insipienti
1619 1212 1781 1269 corde

190 1280 388 1338 intueri
416 1298 682 1341 summam
704 1286 998 1347 bonitatem
1030 1302 1084 1349 et
1112 1294 1589 1370 pulchritudinem,
1612 1314 1687 1374 et,
1722 1314 1781 1363 ut

188 1376 499 1445 expressius
528 1378 703 1435 dicam
728 1421 742 1447 ,
770 1383 932 1439 t0tius
959 1384 1218 1444 bonitatis
1263 1398 1320 1446 et
1365 1392 1780 1461 pulchritudinis

188 1474 244 1520 et
263 1465 560 1523 honestatis
579 1470 957 1530 inexhaustum
979 1484 1035 1533 et
1057 1494 1164 1534 non
1185 1479 1527 1541 deﬁcientem
1549 1485 1776 1557 fontem,

188 1559 327 1615 sicut
356 1561 556 1618 nullius
584 1564 708 1620 mali
738 1567 822 1622 vel
857 1569 1115 1639 malitiae,
1155 1573 1230 1629 ita
1260 1575 1457 1633 nullius
1488 1581 1774 1651 turpitudi-

188 1651 272 1707 nis
316 1653 402 1708 vel
443 1655 657 1727 turpis,
713 1659 910 1715 nullius
958 1663 1230 1720 inhonesti
1277 1668 1361 1722 vel
1417 1654 1779 1729 inhonestatis

189 1752 377 1800 auctor
427 1754 510 1802 est
560 1747 645 1804 vel
697 1752 1150 1821 praedestinalor.
1205 1756 1348 1814 Haec
1400 1761 1544 1816 enim
1596 1763 1776 1820 omnia

187 1838 635 1897 irrationabilium
666 1847 1020 1916 cupiditatum
1047 1850 1262 1907 inventa
1292 1864 1436 1909 sunt.
1475 1853 1612 1911 Nam
1640 1857 1685 1912 si
1709 1872 1777 1913 ex

187 1932 367 1989 divina
403 1937 893 2006 praedestinatione
944 1934 1311 2013 proﬂuerent,
1360 1949 1668 2005 necessario
1722 1950 1776 2005 in
1808 1943 1854 2003 B

187 2032 380 2079 natura
413 2041 593 2082 rerum
638 2044 852 2100 semper
892 2046 1293 2103 permanerent.
1333 2036 1507 2095 Omne
1555 2039 1774 2110 quippe,

186 2117 328 2186 quod
377 2118 556 2176 divina
604 2124 1094 2193 praedestinatione
1140 2138 1223 2186 est
1265 2131 1606 2201 dispositum,
1657 2134 1780 2203 quis

183 2207 444 2265 dubitauit
483 2226 697 2285 semper
746 2230 865 2272 esse
906 2222 1269 2275 mansurum?
1316 2220 1460 2278 Haec
1503 2232 1684 2280 autem
1723 2225 1778 2279 iu

184 2310 467 2359 aeternum
494 2308 769 2377 peribunt,
796 2319 850 2365 et
875 2312 1258 2370 universaliter
1282 2317 1348 2371 de
1374 2326 1568 2372 natura
1593 2332 1776 2374 rerum

183 2392 558 2451 abolebuntur.
633 2397 751 2454 Non
818 2402 982 2472 igitur
1046 2418 1115 2458 ex
1177 2406 1538 2463 aeternalibus
1600 2412 1780 2465 causis

181 2490 396 2547 divinae
457 2494 966 2563 praedestinationis
1034 2500 1274 2569 profecta
1348 2514 1492 2566 sunt.
1576 2505 1778 2562 Eadem

174 2579 514 2651 blasphemia
560 2595 645 2639 est
686 2586 753 2641 de
805 2588 985 2644 divina
1042 2594 1333 2662 aequitate.
1367 2594 1565 2651 Dicunt
1608 2599 1777 2666 enim,

175 2672 349 2727 Deum
410 2675 785 2747 inaequalem,
842 2689 901 2735 ut
942 2696 1046 2737 non
1101 2684 1277 2740 dicam
1334 2687 1592 2759 injustum
1635 2703 1775 2757 esse,

174 2766 456 2835 quoniam,
487 2779 547 2824 ut
578 2770 749 2836 aiunt,
782 2787 891 2827 non
933 2775 1233 2845 aequaliter
1265 2779 1519 2835 omnibus
1563 2780 1587 2813 ’*
1636 2782 1775 2838 bona

172 2866 279 2917 sua
302 2863 595 2933 distribuit,
627 2869 889 2938 quosdam
909 2870 1177 2937 exultans,
1203 2875 1463 2943 quosdam
1487 2892 1775 2947 spernens,

170 2954 317 3009 alios
346 2971 610 3026 pauperes
660 2959 987 3030 relinquens,
1039 2962 1173 3020 alios
1214 2975 1394 3021 autem
1431 2967 1623 3024 divites
1662 2985 1779 3025 ma-

172 3046 469 3116 gniﬁcans,
514 3049 649 3106 alios
693 3053 958 3108 stultitiae
1008 3054 1239 3128 caligine
1278 3072 1612 3126 occaecans,
1643 3060 1778 3119 alios

171 3137 477 3205 sapientiae
524 3139 725 3197 lumine
778 3144 1095 3213 illustrans,
1159 3150 1421 3218 quosdam
1482 3151 1775 3220 dominos,

171 3231 441 3299 quosdam
482 3248 668 3289 servos
716 3234 943 3304 faciens,
985 3247 1041 3295 et
1092 3248 1296 3308 cetera,
1342 3243 1395 3297 in
1433 3245 1631 3315 quibus
1675 3247 1778 3303 hu-

1882 665 2055 723 donec
2102 669 2156 724 in
2206 673 2605 729 restauratione
2649 674 2934 733 universae
2983 690 3264 739 creaturae
3312 683 3354 718 ¹¹
3411 684 3467 741 iu

1881 758 2226 816 manifestum
2251 764 2574 833 procedant,
2615 768 2832 837 quando
2873 771 3075 828 veritas
3118 773 3174 829 in
3215 776 3469 834 omnibus

1881 854 2176 923 apparebit,
2199 857 2580 931 praefataeque
2605 861 2869 919 vanitates
2887 872 2942 920 et
2960 864 3127 924 falsae
3155 869 3466 927 mortalium

1881 945 1949 1001 de
2005 947 2261 1006 Creatore
2316 960 2368 1008 et
2426 963 2673 1011 creatura
2747 957 3101 1028 cogitationes
3170 961 3425 1031 peribunt
3446 1000 3467 1030 ,

1879 1042 2096 1111 quando
2120 1042 2264 1100 Dens
2303 1047 2480 1102 omnia
2516 1048 2571 1104 in
2598 1050 2836 1106 omnibus
2862 1054 2981 1117 erit,
3009 1053 3322 1126 nullumque
3350 1072 3471 1113 ma-

1879 1130 1990 1187 lum
2018 1133 2100 1189 vel
2127 1143 2283 1205 turpe
2312 1135 2394 1193 vel
2422 1138 2764 1196 inhonestum
2791 1141 2873 1198 vel
2900 1141 3158 1212 iujustum
3191 1145 3245 1200 in
3274 1148 3466 1203 ordine

1878 1230 1935 1277 et
1958 1223 2354 1293 pulchritudine
2382 1244 2564 1285 rerum
2590 1232 2831 1288 omnium
2852 1234 3178 1302 invenietur,
3209 1245 3265 1293 et
3286 1252 3465 1306 omne,

1878 1318 2021 1389 quod
2045 1321 2354 1379 vanissimis
2375 1324 2684 1383 mortalium
2712 1328 3056 1397 opinionibus
3096 1331 3465 1388 machinatum

1879 1417 1987 1477 est,
2011 1413 2386 1482 evacuabitur,
2416 1415 2643 1488 ideoque
2684 1419 2901 1489 penitus
2942 1421 3305 1490 interimetur,
3336 1440 3471 1494 quo-

1878 1503 2025 1559 niam
2065 1505 2198 1560 nihil
2231 1516 2335 1563 est.
2383 1507 2428 1565 0
2480 1519 2741 1581 quantum
2786 1512 2935 1569 beati
2972 1524 3120 1582 sunt,
3165 1516 3258 1587 qui
3306 1518 3470 1573 simul

1877 1595 2080 1662 omnia,
2110 1612 2251 1666 quae
2271 1606 2394 1668 post
2416 1598 2587 1656 Deum
2633 1610 2779 1669 sunt,
2817 1606 3014 1661 mentis
3061 1607 3338 1663 obtutibus
3383 1608 3468 1663 vi-

1878 1686 2030 1754 dent,
2073 1697 2129 1743 et
2181 1689 2350 1747 visuri
2404 1694 2569 1749 sunt!
2618 1694 2857 1762 Quorum
2898 1696 3162 1767 judicium
3216 1698 3273 1754 in
3322 1699 3469 1755 nullo

1876 1778 2099 1848 fallitur,
2127 1786 2387 1856 quoniam
2418 1786 2472 1842 in
2510 1789 2741 1845 veritate
2777 1790 2957 1846 omnia
2995 1792 3465 1862 contemplantur;

1881 1877 2076 1944 quibus
2114 1877 2167 1933 in
2207 1879 2562 1937 universitate
2590 1892 2911 1939 naturarum
2953 1886 3089 1942 nihil
3135 1884 3360 1942 oﬂ'eudit
3384 1886 3471 1942 vol

1882 1967 2141 2025 infestum
2168 1979 2273 2028 est.
2315 1972 2434 2028 Non
2476 1974 2621 2030 enim
2652 1976 2719 2031 de
2753 1987 2908 2046 parte
2945 1976 3213 2047 iudicant,
3262 1981 3357 2035 sed
3403 1980 3472 2038 de

1883 2068 2014 2127 toto,
2038 2062 2296 2133 quoniam
2327 2078 2502 2134 neque
2526 2064 2667 2121 intra
2696 2076 2882 2137 partes
2910 2070 3098 2137 totius,
3121 2086 3298 2142 neque
3325 2069 3471 2126 intra

1882 2151 2056 2222 ipsum
2108 2162 2277 2210 totum
2331 2157 2861 2227 comprehenduntur
2888 2200 2904 2227 ,
2943 2160 3039 2217 sed
3083 2176 3248 2232 supra
3294 2169 3468 2217 totum

1881 2246 2106 2319 ejusque
2164 2259 2351 2321 partes
2411 2251 2695 2309 altitudine
2752 2255 3225 2327 contemplationis
3280 2269 3471 2311 ascen-

1882 2338 2037 2395 dunt.
2096 2340 2233 2397 Nam
2271 2342 2319 2397 si
2356 2342 2411 2398 iu
2448 2360 2677 2401 numero
2727 2346 2965 2415 partium
3009 2347 3176 2403 totius
3204 2385 3221 2413 ,
3270 2360 3365 2403 seu
3413 2346 3470 2401 in

1882 2433 2000 2504 ipso
2024 2441 2136 2490 toto
2157 2434 2625 2504 concluderentur,
2652 2438 2894 2509 profecto
2904 2455 3094 2509 neque
3112 2440 3178 2496 de
3199 2439 3470 2510 partibus,

1882 2539 2059 2596 neque
2094 2526 2164 2582 de
2218 2536 2331 2584 toto
2384 2537 2532 2585 recte
2566 2538 2790 2600 possent
2829 2529 3097 2600 judicare,
3141 2531 3369 2603 ideoque
3395 2531 3468 2597 ei,

1882 2616 1975 2687 qui
2004 2616 2073 2672 de
2096 2618 2339 2689 partibus
2365 2634 2430 2677 ac
2454 2621 2521 2678 de
2548 2629 2660 2676 toto
2692 2621 3079 2690 rectejudicat,
3110 2637 3333 2679 necesse
3362 2631 3468 2688 cst,

1881 2709 2033 2779 prius
2077 2724 2268 2765 onmes
2312 2720 2497 2781 partes
2556 2726 2824 2783 omneque
2875 2721 3045 2768 totum
3101 2713 3471 2770 universitatis

1883 2800 2129 2858 conditae
2164 2802 2362 2858 mentis
2392 2803 2579 2874 vigore
2610 2812 2666 2858 et
2691 2805 2735 2835 “
2756 2804 2992 2875 puritate
3020 2819 3300 2875 superare,
3329 2803 3472 2859 sicut

1883 2891 1960 2946 ait
1993 2890 2283 2962 Apostolus
2316 2910 2330 2947 :
2366 2892 2673 2964 Spiritualis
2699 2894 2855 2949 homo
2873 2894 3082 2964 judicat
3121 2895 3328 2961 omnia,
3359 2893 3470 2963 ipse

1882 2994 2054 3038 autem
2103 3002 2137 3039 a
2183 2985 2386 3039 nemine
2419 2984 2717 3055 jadicatur.
2776 2984 2883 3041 Sed
2925 3001 3184 3054 quorsum
3225 2986 3469 3042 ascendit

1882 3073 2180 3143 spiritualis
2215 3073 2304 3129 ille
2344 3074 2536 3142 homo,
2566 3076 2657 3145 qui
2682 3075 2750 3131 de
2775 3074 3027 3131 omnibus
3053 3073 3294 3145 judicat,
3322 3082 3377 3130 et
3402 3075 3469 3130 de

1881 3184 1991 3240 quo
2016 3183 2176 3225 nemo
2201 3166 2447 3234 judicare
2480 3176 2685 3240 potest,
2714 3169 2821 3225 nisi
2862 3169 2976 3239 ipse
3005 3168 3184 3237 solus,
3216 3169 3307 3239 qui
3344 3168 3470 3222 fecit

1883 3260 2097 3316 omnia?
2137 3260 2390 3330 Nunquid
2423 3261 2477 3315 in
2505 3276 2662 3326 eum,
2693 3262 2786 3332 qui
2813 3261 2998 3316 omnia
3025 3272 3245 3330 superat
3270 3270 3323 3316 et
3350 3277 3467 3314 am-

171 3338 375 3380 manae
399 3326 725 3384 conditionis
753 3331 965 3387 diversa
993 3341 1050 3389 et
1079 3333 1288 3393 inﬁnita
1317 3337 1551 3393 varietas
1582 3339 1636 3395 in
1665 3341 1769 3397 hac
1796 3330 1843 3394 C
1877 3352 1979 3423 ωι,
2009 3360 2065 3409 ει
2100 3351 2153 3406 in
2185 3326 2296 3422 quo
2330 3352 2491 3407 sum?
2534 3351 2592 3406 In
2632 3326 2806 3422 ipsum
2840 3352 3024 3423 itaque
3069 3326 3241 3408 Deum
3279 3365 3468 3407 ascen-

172 3416 356 3472 adhuc
380 3419 591 3475 mortali
612 3422 721 3476 vita
744 3424 1088 3496 perspicitur,
1111 3444 1217 3484 non
1242 3428 1515 3487 intuentes
1533 3433 1770 3503 primum

171 3509 421 3581 quidem,
453 3515 768 3584 temporalia
798 3526 854 3571 et
899 3519 1207 3577 transitoria
1241 3522 1399 3594 hujus
1442 3526 1587 3581 vitae
1628 3525 1769 3581 bona

174 3617 310 3658 vere
335 3604 471 3661 bona
518 3623 622 3663 non
664 3623 803 3677 esse,
835 3614 1085 3681 quoniam
1138 3632 1242 3671 non
1285 3628 1510 3689 possunt
1558 3636 1773 3693 semper

173 3712 421 3765 manere,
454 3708 507 3755 et
538 3702 658 3772 plus
680 3714 949 3762 amatores
992 3722 1122 3765 suos
1167 3709 1442 3781 decipiunt
1489 3730 1651 3785 quam
1691 3717 1773 3774 eis

166 3801 405 3862 prosunt
426 3830 445 3858 ,
482 3794 703 3852 umbrae
726 3799 923 3870 quippe
950 3801 1138 3858 inanes
1178 3813 1327 3872 sunt,
1360 3806 1589 3879 ideoque
1614 3810 1772 3866 bouis

169 3891 236 3938 et
268 3883 422 3939 malis
463 3886 878 3957 distribuuntur,
916 3894 1171 3962 quoniam
1215 3897 1282 3952 ab
1328 3899 1579 3955 omnibus
1615 3903 1770 3957 aul’e-

176 3987 373 4030 rentur
401 3977 443 4044 ⁸,
473 3988 650 4035 tamen
698 3980 720 4012 ⁸
770 3982 1074 4040 inordinate
1126 3996 1182 4042 et
1234 3987 1517 4046 inconfuse
1547 3992 1568 4024 ⁷
1596 3993 1771 4049 omni-

173 4065 286 4122 bus
311 4070 526 4126 dantur.
568 4072 682 4127 Non
710 4074 853 4131 enim
880 4076 1216 4135 solummodo
1241 4090 1462 4138 acterna
1485 4095 1770 4157 perpetuo-

170 4176 286 4231 que
315 4177 685 4233 permansura,
715 4182 903 4223 verum
930 4169 1092 4225 etiam
1124 4172 1439 4242 temporalia
1475 4186 1530 4230 et
1571 4170 1797 4235 caduca.

172 4254 348 4311 certis
396 4256 824 4317 ordinationibus
861 4260 972 4317 suis
1026 4262 1430 4334 dispensantur,
1474 4269 1528 4323 in
1578 4269 1775 4341 quibus

170 4349 524 4421 pulchritudo
548 4360 604 4408 et
628 4363 972 4412 aeternorum
1001 4365 1055 4412 et
1086 4360 1461 4431 temporalium
1498 4364 1776 4420 constitui-

172 4450 291 4496 tur.
334 4442 535 4500 Deinde
565 4461 675 4502 non
698 4447 720 4478 ⁸
751 4448 1124 4518 considerant,
1161 4451 1431 4522 quomodo
1473 4453 1494 4485 ⁹
1533 4455 1774 4527 justissi-

168 4547 304 4588 mils
357 4535 600 4591 omnium
645 4539 921 4607 conditor,
968 4542 1405 4612 sapientissimus
1467 4547 1771 4617 ordinator,

170 4627 473 4698 unicuique
512 4632 808 4688 secundum
850 4636 1224 4705 providentiae
1246 4655 1376 4697 suae
1398 4640 1546 4712 leges
1573 4643 1774 4713 imper-

171 4723 316 4777 titur
340 4723 677 4796 largissimae
696 4744 827 4785 suae
847 4730 1103 4806 bonitatis
1126 4735 1370 4791 dationes
1390 4744 1446 4791 et
1461 4734 1505 4768 ¹⁰
1528 4737 1775 4793 donatio-

172 4828 301 4878 nes,
331 4821 386 4869 et
415 4815 469 4871 in
499 4817 644 4873 nullo
668 4817 905 4887 fallitur;
936 4822 1246 4879 mortalium
1294 4840 1425 4881 vero
1470 4825 1607 4882 falsa
1650 4834 1777 4883 sunt

164 4903 378 4975 judicia
430 4906 497 4962 de
541 4909 722 4965 divina
769 4912 1106 4981 providentia
1154 4923 1208 4971 et
1261 4918 1775 4988 administratione,

174 4997 334 5061 dum,
365 4999 493 5068 quid
520 5000 575 5056 in
611 5001 714 5058 hac
746 5004 1017 5074 republica
1062 5007 1435 5068 universitatis
1481 5012 1774 5068 visibilium

173 5098 238 5147 et
262 5091 613 5149 invisibilium
641 5104 850 5167 agatur,
890 5100 1156 5155 nesciunt.
1194 5100 1422 5173 Insuper
1449 5104 1617 5160 etiam
1645 5105 1777 5162 insi-

175 5183 553 5255 pientissimos
576 5203 762 5244 eorum
789 5189 998 5247 animos
1030 5190 1188 5264 fugit,
1232 5195 1375 5264 quod
1405 5197 1770 5267 aequissimus

174 5278 451 5335 bonorum
473 5267 715 5337 omnium
745 5282 971 5355 largitor
1003 5285 1273 5342 naturalia
1301 5286 1442 5344 bona
1474 5290 1774 5360 aequaliter

178 5370 437 5427 omnibus
456 5373 729 5442 partitur;
760 5376 1029 5433 naturalia
1060 5378 1203 5434 enim
1223 5378 1365 5436 bona
1385 5380 1574 5437 eodem
1610 5382 1772 5437 modo

174 5469 239 5540 e_t
262 5462 422 5519 bouis
448 5472 504 5519 et
527 5464 685 5521 malis
708 5466 1035 5535 tribuuntur,
1064 5484 1202 5540 quae
1230 5471 1287 5526 in
1317 5472 1400 5528 his
1426 5472 1771 5529 sensibilibus

176 5536 621 5630 transitoriisque
645 5562 807 5617 rebus
848 5559 993 5618 nullo
1021 5536 1179 5620 modo
1213 5572 1442 5636 possunt
1479 5580 1757 5639 apparere,

1875 3445 1972 3513 dit,
1996 3445 2089 3516 qui
2119 3444 2527 3502 universitatem
2548 3454 2833 3501 creaturae
2859 3446 3019 3502 simul
3047 3445 3463 3516 contemplatur,

1875 3552 1931 3594 et
1954 3540 2245 3608 discernit,
2272 3548 2328 3597 et
2356 3539 2642 3609 dijudicat;
2676 3555 2852 3613 neque
2894 3539 3011 3610 ejus
3035 3538 3300 3609 judicium
3326 3538 3469 3594 falli-

1877 3640 1984 3700 tur,
2013 3632 2267 3703 quoniam
2306 3632 2361 3687 in
2408 3632 2523 3702 ipsa
2563 3632 2823 3699 veritate,
2872 3647 3010 3703 quae
3043 3647 3144 3688 nec
3189 3631 3324 3687 fallit
3367 3646 3467 3687 nec

1874 3724 2078 3781 fallitur
2104 3726 2183 3790 ²³,
2215 3726 2340 3795 quia
2367 3732 2478 3786 est,
2510 3724 2656 3793 quod
2703 3724 2819 3795 ipsa
2856 3722 2902 3757 “
2922 3732 3036 3790 est,
3078 3724 3259 3779 omnia
3296 3723 3467 3778 videt.

1882 3818 2089 3875 Virtute
2136 3817 2401 3888 siquidem
2459 3817 2684 3873 intimae
2739 3817 3122 3889 speculationis
3170 3815 3467 3887 spiritualis

1876 3914 2038 3969 homo
2086 3912 2141 3968 in
2187 3926 2382 3967 causas
2415 3925 2622 3976 rerum,
2661 3910 2729 3965 de
2769 3911 2965 3980 quibus
3003 3909 3235 3980 judicat,
3273 3908 3461 3963 intrat.

1874 4003 1993 4060 Non
2021 4003 2165 4059 enim
2190 4002 2347 4074 juxta
2376 4002 2675 4058 exteriores
2694 4002 3027 4057 sensibilium
3048 4016 3229 4056 rerum
3255 3999 3464 4069 species

1877 4096 2137 4154 discernit
2162 4095 2376 4158 omnia,
2419 4107 2605 4149 verum
2636 4093 2792 4163 juxta
2829 4091 3115 4147 interiores
3154 4105 3339 4145 carum
3378 4105 3468 4144 ra-

1876 4189 2084 4255 tiones,
2113 4197 2169 4243 et
2194 4183 2663 4242 incommutabiles
2684 4181 3020 4246 occasiones,
3042 4180 3465 4251 priucipaliaque

1876 4276 2142 4348 exempla,
2167 4276 2221 4331 in
2249 4275 2446 4345 quibus
2472 4274 2653 4330 omnia
2680 4272 2840 4329 simul
2869 4280 3013 4337 sunt,
3043 4281 3099 4328 et
3127 4288 3293 4327 unum
3313 4281 3459 4327 sunt.

1876 4370 1954 4426 lbi
1992 4384 2122 4442 ergo
2152 4366 2445 4438 spiritualis
2467 4366 2630 4422 homo
2651 4364 2858 4434 judicat
2889 4364 3070 4420 omnia
3093 4405 3109 4432 ,
3152 4365 3243 4421 ubi
3280 4365 3462 4420 omnia

1876 4479 2045 4519 unum
2083 4471 2227 4529 sunt,
2257 4470 2312 4517 et
2340 4476 2468 4516 vere
2500 4468 2554 4514 et
2594 4460 3008 4515 immutabiliter
3028 4459 3219 4516 vivunt
3249 4468 3304 4515 et
3337 4458 3464 4514 sub.

1877 4554 2092 4619 sistunt,
2118 4560 2173 4608 et
2200 4567 2308 4623 quo
2331 4550 2536 4617 omnia,
2559 4564 2700 4621 quae
2728 4566 2797 4605 ex
2817 4550 2862 4582 ¹⁸
2883 4550 3322 4621 primordialihus
3350 4550 3464 4606 suis

1878 4647 2057 4703 causis
2092 4644 2331 4719 profecta
2351 4654 2495 4710 sunt,
2521 4658 2807 4701 reversura
2827 4654 2972 4711 sunt,
2996 4654 3052 4700 et
3072 4660 3301 4717 quorum
3316 4645 3463 4700 nihil

1803 4714 1854 4775 D
1878 4746 2035 4795 extra
2059 4714 2395 4810 relinquetur
2425 4735 2811 4807 temporalibus
2847 4714 3297 4794 mutahiii'tatibus
3334 4738 3463 4793 sub-

1870 4832 2095 4904 jectum,
2126 4846 2221 4886 seu
2254 4828 2516 4886 localibus
2544 4828 3139 4900 circumscriptiouibus
3170 4830 3458 4896 inclusum,

1876 4925 2091 4998 quando
2120 4921 2443 4979 universitas
2469 4920 2514 4955 ‘°
2549 4929 2775 4976 naturae
2801 4934 2964 4991 super
2982 4922 3163 4979 omnia
3191 4920 3378 4977 localia
3405 4928 3462 4974 et

1878 5014 2193 5087 temporalia
2227 5014 2400 5084 spatia
2442 5014 2498 5069 in
2531 5028 2725 5069 causas
2765 5028 2926 5081 suas,
2956 5014 3012 5070 in
3040 5013 3236 5085 quibus
3272 5012 3455 5069 omnia

1875 5122 2043 5163 unum
2068 5113 2227 5170 sunt,
2261 5103 2413 5158 linito
2453 5100 2695 5157 sensibili
2734 5102 2935 5157 mundo
2964 5109 3282 5157 revertetur.
3319 5101 3457 5159 Nam

1876 5208 1931 5255 et
1958 5199 2075 5269 ipsa
2103 5195 2221 5253 loca
2251 5204 2307 5251 et
2345 5203 2588 5266 tempora
2625 5210 2748 5250 cum
2789 5194 3070 5259 omnibus,
3113 5209 3254 5265 quae
3291 5194 3346 5251 in
3377 5196 3459 5251 eis

1877 5289 2053 5346 adhuc
2081 5288 2136 5343 in
2161 5288 2265 5344 hac
2283 5286 2394 5342 vita
2422 5286 2744 5341 ordinantur
2767 5295 2820 5341 et
2840 5293 3126 5341 moventur
3148 5293 3203 5342 et
3227 5284 3461 5341 circum-

1877 5382 2219 5445 scribuntur,
2250 5379 2304 5434 in
2334 5393 2463 5434 suas
2487 5385 2738 5434 aeternas
2765 5374 3005 5432 rationes
3028 5376 3208 5432 redire
3234 5390 3460 5434 necesse

1878 5483 1992 5541 est,
2018 5489 2154 5545 quas
2185 5471 2424 5526 rationes
2454 5481 2696 5539 tempora
2726 5476 2944 5523 aeterna
2966 5467 3147 5524 divina
3175 5476 3334 5526 vocat
3372 5470 3457 5525 hi-

1885 5567 2071 5624 storia.
2111 5564 2388 5635 Quomodo
2416 5561 2562 5619 enim
2591 5563 2944 5618 remanebunt
2981 5569 3223 5634 tempora
3256 5561 3460 5620 secula-

1517 5710 1775 5769 VARIAE
1811 5710 2212 5769 LECTIONES.

253 5822 350 5903 LA
379 5822 469 5903 _l_.
546 5829 566 5903 ξ
596 5831 642 5884 Α
675 5831 1041 5888 immutabiles.
1118 5836 1141 5867 ³
1173 5835 1220 5890 Α
1248 5838 1512 5893 ascribunt
1580 5837 1603 5868 ⁸
1632 5838 1870 5893 omnibus
1898 5853 2007 5894 om.
2049 5837 2109 5894 Α.
2185 5838 2208 5873 ⁸
2247 5835 2339 5893 Sic
2371 5834 2487 5901 CF;
2515 5835 2558 5890 A
2583 5833 2916 5903 auferuntur.
2994 5839 3016 5871 ⁸
3056 5841 3227 5887 tamen
3258 5817 3367 5903 om.
3391 5830 3459 5885 A.

172 5890 340 5965 {sic
376 5895 461 5965 CF
484 5913 500 5965 ;
539 5897 585 5954 Α
634 5903 866 5965 confusa.
972 5903 994 5936 ⁸
1043 5922 1146 5959 non
1194 5890 1422 5964 omisit.

1513 5912 1543 5980 9,
1573 5909 1616 5964 A
1658 5910 1927 5980 quoniam.
2002 5908 2048 5940 ¹⁰
2086 5908 2323 5964 dationes
2358 5915 2407 5963 et
2440 5923 2556 5980 om.
2591 5905 2654 5980 Αἐ

2741 5905 2783 5936 ¹¹
2821 5904 2868 5959 A
2902 5913 3143 5959 naturae.
3225 5903 3266 5934 “
3296 5900 3341 5956 Λ
3371 5916 3455 5956 ac.

175 5961 231 5995 “
249 5963 352 6024 εἰς.
374 5961 494 6036 CF:
520 5969 567 6027 Α
595 5987 689 6028 nec
717 5961 927 6042 fallitur
956 5992 1048 6032 nec
1072 5961 1259 6047 [αιιειζ
1309 5961 1487 6037 ιδ’-δῖε
1518 5961 1642 6048 CF‘;
1662 5961 1925 6052 Xvipse."
1967 5980 2010 6015 ¹⁵
2031 5961 2331 6037 caremihi.
2365 5961 2396 6030 ⁷σ
2429 5978 2475 6011 ¹⁹
2502 5977 2595 6035 Sic
2620 5974 2744 6044 CF;
2770 5974 2817 6032 Α
2852 5975 3197 6033 universitati.
