4008 6286
524 477 622 536 971

1894 474 2172 534 ιοΑΝΝιδ
2211 474 2406 533 SCOTl

3680 484 3785 539 972

528 596 634 663 ria,
655 597 871 668 quando
899 595 1030 651 nihil
1058 595 1163 650 erit
1186 586 1515 666 temporale?
1538 594 1818 662 Quomodo
1845 594 1984 660 loca,
2012 594 2099 649 ubi
2131 594 2177 654 A
2208 596 2289 649 nis
2337 609 2428 649 seu
2480 596 2839 652 inhonestatis
2884 596 3269 669 pulchritudini
3297 596 3429 652 lucis
3463 598 3783 654 inferentes.

529 687 661 744 nihil
684 688 894 745 locale?
925 688 992 743 Et
1027 689 1161 743 haec
1190 696 1272 741 est
1310 687 1449 742 ratio
1472 728 1486 753 ,
1518 704 1658 759 quae
1692 688 1894 743 nullum
1927 689 2103 743 locum

530 778 837 835 sensibilem
874 788 931 835 et
974 778 1305 849 corporalem
1354 780 1407 834 in
1446 788 1635 835 natura
1679 795 1859 835 rerum
1894 779 2106 835 inferno

528 871 815 942 permittit,
860 885 1132 941 vanasque
1180 871 1461 942 opiniones
1497 886 1685 927 eorum
1727 873 1975 939 destruit,
2014 873 2104 943 qui

532 963 804 1020 internum
840 965 927 1020 vel
967 965 1067 1021 sub
1102 966 1283 1031 terris,
1329 967 1411 1022 vel
1456 975 1723 1023 terrarum
1773 966 1827 1023 in
1878 970 2106 1040 gremio,

532 1062 617 1119 vel
650 1060 849 1117 alicubi
873 1059 1019 1117 circa
1044 1067 1243 1115 terram
1281 1060 1299 1091 ¹
1329 1059 1607 1116 fallacibus
1631 1061 1742 1116 suis
1771 1059 2111 1130 cogitationi-

533 1155 636 1212 bus
678 1162 977 1220 autumant,
1026 1154 1353 1224 ignorantes,
1393 1151 1535 1221 quod
1564 1151 1677 1221 ipsa
1726 1159 1892 1214 terra,
1921 1153 2111 1205 subtus

534 1265 715 1321 quam,
748 1250 832 1305 vel
863 1249 1006 1304 intra
1028 1261 1188 1317 quam
1213 1244 1485 1301 infernum
1515 1246 1867 1310 constituunt,
1898 1244 2113 1315 penitus

536 1344 607 1400 sit
632 1343 892 1413 peritura.
938 1339 994 1395 Si
1028 1350 1205 1394 autem
1244 1346 1387 1393 terra
1428 1337 1659 1408 peribit,
1700 1337 1941 1407 profecto
1979 1334 2112 1391 nihil

537 1434 641 1492 sub
662 1434 778 1506 ipsa
812 1441 867 1488 et
900 1432 955 1487 in
1001 1432 1115 1502 ipsa
1135 1471 1149 1496 ,
1182 1429 1326 1501 quod
1364 1429 1562 1483 interni
1594 1428 1854 1483 vocabulo
1892 1428 2112 1500 dignum

535 1529 630 1597 sit,
663 1528 1011 1597 relinquetur,
1042 1540 1103 1577 ac
1128 1537 1226 1594 per
1260 1523 1365 1577 hoc
1393 1520 1569 1576 nullus
1603 1519 1753 1575 locus
1782 1521 1920 1575 intra
1946 1520 2117 1575 sensi-

535 1621 695 1679 bilem
717 1620 1158 1691 corporalemque
1176 1624 1483 1673 creaturam
1510 1614 1721 1669 inferno
1741 1613 1916 1678 datur,
1941 1628 2117 1684 neque

538 1722 761 1770 aeterno
787 1712 917 1784 igni,
942 1711 997 1765 iu
1019 1695 1126 1781 quo
1155 1709 1300 1779 impii
1332 1709 1613 1773 ardehunt,
1643 1722 1815 1777 neque
1845 1706 2117 1761 vermibus

537 1821 808 1877 nunquam
836 1803 1134 1859 morituris.
1163 1800 1309 1855 Haec
1336 1801 1480 1854 enim
1511 1800 1690 1853 omnia
1725 1805 2116 1853 tormentorum

536 1899 755 1955 nomina
784 1897 1009 1969 ligurate
1050 1896 1103 1949 in
1133 1909 1284 1949 sacra
1314 1892 1592 1962 Scriptura
1621 1892 1794 1961 posita
1827 1899 1968 1953 sunt,
1994 1905 2118 1944 san-

537 2001 626 2050 cto
645 1956 929 2047 Ambrosio
955 1994 1265 2051 attestante,
1303 1956 1936 2057 graecisqttevoeabttlis,
1958 1996 2115 2052 quae,
2147 1956 2193 2016 Β

537 2095 599 2142 ut
624 2084 1014 2157 praediximus,
1045 2082 1356 2152 expressius
1401 2078 1715 2144 informant,
1744 2079 1871 2149 quid
1893 2079 1915 2112 ⁸
1940 2078 2119 2133 divina

539 2177 821 2252 Scriptura
857 2177 1055 2233 inferni
1086 2175 1303 2231 nomine
1343 2172 1598 2229 insinuat.
1625 2172 1780 2235 ’Λδης
1816 2173 2011 2243 quippe
2042 2171 2122 2225 dio

542 2273 703 2338 citur,
730 2274 835 2329 hoc
863 2279 945 2327 est
963 2313 978 2335 ,
1006 2278 1067 2325 ut
1095 2268 1255 2339 paulo
1283 2267 1532 2338 superius
1565 2264 1891 2336 expositum,
1920 2263 2124 2333 absque

542 2362 771 2427 deliciis,
801 2360 883 2416 vel
912 2361 1116 2430 absque
1141 2358 1526 2429 voluptatibus,
1550 2357 1634 2412 vel
1652 2356 1965 2410 insuavitas.
1990 2352 2121 2408 item

542 2456 678 2515 λύπη
711 2461 953 2518 vocatur,
1003 2451 1154 2521 cuius
1205 2452 1578 2521 interpretatio
1628 2460 1711 2506 est
1751 2450 2000 2513 tristitia,
2041 2447 2124 2502 vel

543 2562 779 2612 moeror,
805 2547 888 2601 vel
911 2547 1101 2601 luctus.
1136 2544 1300 2618 Ἀχος
1322 2560 1536 2616 quoque
1561 2543 1696 2600 solet
1724 2543 2001 2613 appellari,
2022 2543 2127 2598 hoc

546 2648 629 2697 est
669 2639 1056 2710 desperationis
1097 2640 1361 2710 gravitas,
1414 2652 1553 2709 quae
1593 2637 1869 2691 demersas
1906 2650 2128 2706 oppres-

546 2748 739 2804 sasquc
787 2734 956 2791 malas
998 2733 1351 2802 cupiditates,
1389 2739 1629 2803 egestate
1681 2730 1702 2760 ³
1752 2726 2126 2798 temporalium

547 2842 751 2893 rerum,
785 2840 920 2898 quas
956 2826 1011 2881 in
1058 2826 1157 2879 hac
1191 2823 1299 2879 vita
1349 2824 1773 2891 intemperanter
1807 2818 2131 2891 concupive-

550 2930 693 2987 rant,
726 2919 949 2975 alllictas
970 2918 1133 2973 veluti
1168 2918 1220 2972 in
1242 2914 1716 2986 profundissimam
1745 2914 2012 2984 quandam
2034 2927 2130 2967 vo-

551 3015 822 3085 raginem,
864 3013 1024 3084 inque
1061 3025 1323 3066 vanarum
1353 3009 1761 3081 phantasiarum
1793 3020 1972 3061 rerum
2010 3020 2131 3060 sen-

552 3105 788 3161 sibilium
844 3103 1133 3175 caligines,
1188 3101 1240 3157 in
1294 3100 1487 3171 quibus
1534 3102 1872 3165 cruei:tntur,
1915 3098 2128 3163 obruit,

552 3196 870 3265 divinaeque
897 3194 1197 3250 sententiae
1224 3191 1650 3248 inconnnutabili
1679 3190 1819 3246 mole
1843 3196 2130 3262 perpetua-

549 3290 675 3346 liter
719 3289 953 3345 calcatas
1000 3296 1053 3341 ct
1097 3286 1520 3343 irrevocabiliter
1568 3293 1922 3355 contemptas.
1985 3284 2133 3350 Quae

554 3392 781 3441 cunctae
819 3380 1238 3453 signiﬁcationes
1275 3381 1412 3451 apud
1441 3379 1675 3435 Graecos
1705 3377 1974 3443 infernum
2010 3390 2132 3430 cum

555 3477 804 3531 omnibus
833 3476 945 3530 suis
973 3473 1248 3545 suppliciis
1273 3484 1377 3527 non
1411 3486 1531 3527 esse
1556 3470 1778 3526 localem
1814 3468 1894 3523 vel
1927 3478 2134 3538 tempo-

558 3570 725 3625 ralem
765 3567 852 3623 vel
893 3564 1234 3632 senslbilem,
1269 3580 1361 3621 seu
1400 3566 1453 3620 in
1484 3563 1656 3635 aliqua
1698 3570 1851 3632 parte
1883 3568 2139 3631 quattuor

558 3661 945 3717 elementorum
973 3700 987 3725 ,
1037 3657 1230 3729 quibus
1275 3655 1507 3711 mundus
1555 3655 1656 3709 iSte
1706 3653 1728 3685 ⁸
1772 3651 2135 3716 constituitur,

560 3773 731 3828 neque
759 3756 812 3811 in
849 3764 961 3812 toto
984 3752 1151 3825 ipsius
1177 3753 1553 3816 constitutum,
1587 3749 1679 3805 sed
1706 3746 1960 3819 quiddam
1986 3737 2139 3817 iugit-

559 3851 657 3906 hre
697 3847 1151 3915 lacrimabilcque,
1183 3857 1507 3915 gravemque
1532 3842 1574 3907 ',
1608 3836 1999 3911 desperationis
2028 3837 2140 3908 pie—

562 3957 687 3998 num
735 3939 1205 4009 inevitairilemque
1226 3950 1518 3997 carcerem,
1552 3933 1900 4002 omniumque
1921 3930 1942 3962 ⁸
1970 3931 2141 3985 bono-

562 4052 678 4092 rum
710 4042 999 4107 egestatem
1044 4033 1096 4086 in
1131 4028 1483 4103 pbantasticis
1522 4025 1942 4096 vanissimisque
1979 4022 2141 4078 visio-

562 4127 717 4182 nibus
761 4125 1137 4180 incunctanter
1184 4120 1559 4191 pronunciant.
1603 4118 1750 4172 DISC.
1791 4116 1867 4170 De
1905 4112 2137 4178 inferno,

562 4219 733 4287 deque
767 4216 882 4287 ejus
906 4222 929 4254 '
975 4214 1256 4269 tormentis
1288 4211 1418 4267 satis
1456 4221 1539 4267 est
1579 4218 1778 4264 actum.
1819 4206 1952 4261 Nam
1991 4203 2142 4259 lucu-

563 4309 859 4367 lentissime
900 4323 1116 4364 suasum
1138 4313 1238 4369 est,
1258 4320 1363 4359 non
1387 4316 1507 4358 esse
1528 4318 1648 4358 eum
1671 4297 2099 4357 substantialiter
2119 4295 2144 4329 ⁸

563 4403 617 4456 in
656 4412 846 4455 natura
886 4397 1174 4453 visibilium
1205 4408 1257 4450 et
1286 4394 1656 4455 invisibilium,
1684 4392 1937 4463 quoniam
1969 4403 2143 4459 neque

564 4511 760 4564 corpus
786 4502 898 4557 est,
938 4505 1115 4560 neque
1151 4488 1393 4560 spiritus,
1426 4488 1518 4542 sed
1539 4486 1838 4555 justissima
1868 4481 2143 4537 damnatio

566 4600 763 4655 pravae
811 4591 866 4638 et
908 4583 1128 4637 illicitae
1177 4578 1488 4651 cupiditatis
1534 4579 1867 4633 abntentium
1919 4582 2143 4629 naturae

2208 685 2339 744 Vide
2363 699 2619 760 quantum
2645 688 2948 745 ornamenti
2973 688 3253 762 laudisque
3274 689 3645 763 perfectarum
3675 692 3789 746 aui-

2208 796 2415 835 marum
2464 781 2751 837 virtutibus
2785 791 3148 853 comparatur,
3196 782 3319 838 dum
3362 783 3503 837 intra
3549 797 3614 838 sc
3663 783 3788 837 vitia

2209 874 2516 929 coambiunt
2553 884 2713 945 atque
2755 884 3035 941 coartant,
3066 891 3268 946 suoque
3299 873 3602 937 dominatui
3643 876 3789 937 subi-

2211 979 2342 1042 gunt
2386 988 2449 1026 ac
2469 974 2490 1007 ⁸
2516 970 2841 1038 refraenant,
2869 968 3180 1042 legibusque
3201 970 3393 1026 divinis
3413 970 3703 1035 ordinant,
3728 983 3792 1024 ne

2212 1064 2262 1118 in
2294 1062 2617 1135 profundum
2656 1063 2892 1118 malitiae
2930 1061 3169 1127 animas,
3201 1077 3335 1131 quas
3364 1070 3641 1121 conantur
3681 1075 3793 1115 cor-

2213 1173 2484 1228 rumpere,
2525 1166 2787 1229 mergant.
2837 1155 3010 1228 Saepe
3056 1156 3218 1212 etiam
3267 1155 3478 1226 penitus
3522 1170 3619 1218 ea,
3668 1153 3791 1209 vitia

2214 1251 2332 1305 dico
2360 1250 2424 1317 “’,
2452 1249 2792 1321 extinguunt,
2839 1266 2997 1322 saepe
3046 1250 3100 1304 in
3151 1249 3465 1320 scmetipsas
3512 1246 3799 1302 transfun-

2215 1346 2364 1411 dunt,
2396 1347 2466 1401 ita
2495 1355 2551 1400 nt
2578 1355 2631 1400 et
2654 1345 2784 1401 vitia
2813 1346 2865 1401 in
2895 1346 3121 1401 virtutes
3147 1353 3445 1401 vertantur.
3473 1343 3630 1412 Quae
3657 1343 3798 1397 ratio

2216 1442 2403 1508 doeet,
2436 1458 2540 1497 non
2579 1441 2798 1499 omnino
2826 1440 2955 1496 vitia
2993 1438 3129 1499 mala
3165 1453 3313 1502 esse,
3353 1437 3447 1495 sed
3484 1435 3699 1495 illicita.
3741 1431 3797 1489 Si

2215 1532 2358 1587 enim
2390 1531 2527 1586 mala
2558 1541 2769 1598 essent,
2798 1546 3138 1602 nequaquam
3168 1529 3221 1583 in
3251 1529 3478 1587 virtutes
3507 1524 3717 1581 mutari
3760 1526 3795 1553 “

2217 1637 2453 1701 possent,
2476 1638 2761 1698 ceteraque
2782 1626 2998 1693 similia,
3026 1641 3164 1697 quae
3183 1640 3305 1687 cum
3328 1631 3515 1678 contra
3546 1630 3799 1683 naturam

2218 1742 2282 1781 ex
2312 1725 2581 1796 perversis
2612 1724 2843 1780 motibus
2886 1722 3159 1778 abusionis
3197 1721 3365 1776 libera
3395 1716 3685 1775 voluntate
3726 1731 3804 1771 ra-

2222 1815 2493 1872 tionabilis
2546 1824 2771 1869 naturae
2819 1814 3050 1886 seipsam
3101 1820 3290 1884 sponte
3331 1824 3426 1865 sua
3473 1806 3804 1879 captivantis

2221 1909 2471 1963 videntur
2509 1908 2552 1940 ¹¹
2600 1908 2877 1978 insurgere
2903 1948 2917 1973 ,
2955 1903 3320 1961 universitatis
3356 1911 3539 1958 tamen
3590 1900 3805 1955 ordina-

2223 2001 2458 2058 tionibus
2499 2018 2604 2059 non
2647 2002 2896 2059 sinuntur
2933 2015 3156 2063 nocere,
3188 1998 3358 2070 magis
3386 2004 3573 2051 autem
3608 2007 3808 2049 ornare

2222 2110 2314 2152 eas
2342 2102 2604 2166 coguntur
2650 2093 2885 2149 aeternis
2923 2090 3130 2163 legibus
3169 2087 3382 2144 divinae
3426 2082 3806 2157 providentiae

2224 2195 2384 2257 atque
2410 2183 2597 2258 judicii
2634 2183 2857 2239 ambita.
2895 2181 3033 2237 llaec
3058 2180 3103 2213 ¹³
3150 2180 3274 2235 dum
3319 2178 3393 2233 ita
3420 2176 3555 2240 sint,
3602 2181 3806 2229 remota

2224 2280 2369 2335 omni
2398 2276 2623 2348 ambage
2660 2293 2722 2333 ac
2761 2275 3147 2332 deliberatione
3188 2272 3306 2327 luce
3334 2268 3549 2325 ‘clarius
3595 2265 3809 2335 conspi-

2226 2387 2321 2427 cor
2334 2370 2399 2439 “,
2418 2380 2471 2424 et
2485 2368 2851 2425 universitatis
2870 2367 3118 2423 conditae
3133 2362 3517 2437 plenitudinem
3540 2361 3593 2415 in
3616 2371 3810 2414 causas

2227 2478 2370 2524 suas,
2419 2462 2581 2532 inque
2626 2460 2797 2532 ipsum
2822 2460 3007 2521 Deum,
3042 2458 3094 2512 in
3135 2472 3241 2527 quo
3268 2454 3447 2511 omnia
3478 2451 3808 2515 subsistunt,

2229 2569 2564 2612 reversuram
2586 2554 2651 2621 ",
2675 2546 3067 2621 etjustissimas
3087 2548 3342 2621 poenas"
3357 2545 3813 2603 irrationabilium

2228 2648 2581 2719 cupiditatum
2627 2645 2933 2716 aequissimi
2975 2642 3169 2713 judicis
3197 2640 3477 2698 sententiis
3510 2638 3692 2694 illatas
3722 2652 3811 2689 seu

2231 2739 2420 2795 inferri
2443 2738 2733 2809 permissas
2755 2737 3177 2805 inconcusseque
3200 2726 3447 2791 deﬁnitas
3472 2731 3611 2785 intra
3641 2728 3813 2798 ipsam

2231 2832 2618 2903 plenitudinem
2645 2840 2905 2903 perpetuo
2950 2815 3350 2900 permansuras,
3399 2818 3657 2894 quoniam
3711 2835 3814 2872 non

2234 2922 2407 2979 solum
2451 2925 2503 2978 in
2548 2922 2729 2995 aliquo
2762 2937 2864 2975 non
2896 2916 3189 2983 nocebunt,
3220 2931 3404 2971 verum
3435 2913 3595 2968 etiam
3640 2910 3815 2970 laudis

2236 3015 2399 3087 ipsius
2428 3027 2483 3070 et
2521 3012 2935 3085 pulchritudinis
2970 3009 3266 3068 ineli‘abiles
3289 3008 3330 3040 ιτ
3357 3000 3818 3063 administrabant

2235 3107 2567 3163 occasiones.
2619 3105 2695 3161 Ac
2749 3120 2844 3176 per
2890 3104 2991 3159 hoc
3040 3118 3145 3163 non
3197 3109 3397 3156 temere
3436 3096 3557 3168 quis
3589 3092 3815 3155 dixerit,

2237 3214 2437 3269 poenas
2465 3212 2528 3252 ac
2559 3194 2601 3228 ³⁸
2642 3194 2878 3266 praemia
2909 3208 3015 3248 non
3057 3185 3315 3247 localibus
3358 3187 3566 3259 spatiis,
3617 3182 3717 3238 sed
3745 3180 3817 3234 di-

2237 3291 2583 3347 versitatibus
2605 3288 2924 3361 qualitatum
2955 3280 3270 3361 disgregari,
3303 3284 3374 3337 ita
3408 3289 3467 3336 ut
3502 3290 3557 3335 et
3584 3276 3632 3310 "
3662 3275 3819 3331 simul

2241 3388 2371 3452 sint,
2426 3384 2679 3457 quoniam
2728 3399 2793 3439 ex
2856 3383 2987 3461 ipsis
3043 3382 3248 3435 duolms
3294 3375 3593 3448 respublica
3660 3370 3820 3428 totius

2241 3485 2523 3533 creaturae
2550 3476 2854 3541 ordinatur,
2900 3481 2954 3530 et
2994 3470 3152 3526 simul
3194 3484 3297 3525 non
3330 3469 3437 3523 sint
3479 3474 3710 3538 propter
3748 3463 3821 3515 di-

2240 3584 2429 3644 versos
2464 3583 2649 3622 eorum
2674 3565 2910 3622 eil'cctus.
2957 3562 3310 3618 Peccatorum
3354 3558 3551 3631 quippe
3592 3552 3822 3609 eil‘ectus

2242 3671 2367 3717 sttnt
2425 3659 2623 3726 luctus,
2687 3656 2943 3730 gemitus,
2998 3653 3235 3719 tristitia,
3299 3666 3419 3707 sera
3467 3647 3820 3720 poenitentia,

2244 3755 2406 3806 ardor
2442 3749 2761 3806 insatiabilis
2781 3746 3109 3819 cupiditatis,
3152 3760 3292 3815 quae
3322 3742 3376 3797 in
3403 3741 3581 3811 aliquo
3624 3737 3823 3793 nullam

2243 3846 2477 3901 inveniet
2527 3844 2785 3914 quietem,
2834 3850 3048 3897 scatens
3099 3837 3412 3893 delictorum
3474 3831 3714 3906 putredo
3768 3844 3824 3884 ac

2244 3934 2654 4000 vermiculatio,
2713 3930 3015 4005 profundae
3086 3926 3426 4001 ignorantiae
3502 3922 3823 3979 densissima

2242 4028 2561 4090 obscuritas,
2589 4026 2642 4080 in
2665 4041 2768 4096 qua
2805 4022 2947 4078 nulla
2987 4035 3239 4077 verorum
3269 4017 3349 4073 vel
3382 4014 3554 4086 ipsius
3578 4008 3826 4066 veritatis

2242 4120 2500 4191 cognitio,
2549 4117 2600 4173 id
2640 4124 2742 4183 est,
2775 4131 2836 4170 ea
2882 4113 3109 4167 veritate
3162 4106 3212 4142 '°
3265 4106 3475 4162 fruendi
3525 4102 3822 4159 beatitudo.

2240 4213 2446 4285 Ligatis
2475 4212 2671 4283 quippe
2691 4206 2736 4245 ἰ
2778 4205 3001 4280 pedibus
3046 4201 3329 4259 diliicultas
3365 4200 3419 4255 in
3457 4197 3666 4253 divinis
3708 4195 3827 4267 legi-

2241 4307 2344 4363 bus
2371 4302 2701 4366 ambulandi,
2748 4299 2928 4370 ligatis
2970 4294 3223 4352 manibus
3250 4288 3537 4348 diliicultas
3560 4290 3825 4344 bonorum

2245 4406 2481 4461 actuum,
2519 4393 2611 4464 qui
2650 4390 2942 4447 secundum
2982 4388 3212 4441 virtutes
3237 4390 3363 4439 sunt
3388 4379 3711 4453 peragendi,
3748 4386 3826 4447 ty-

2244 4491 2364 4564 pice
2394 4489 2699 4545 insinuatur
2721 4484 2768 4518 “
2793 4528 2806 4551 ,
2848 4484 3043 4553 hisque
3080 4478 3303 4545 similia,
3341 4488 3481 4549 quae
3509 4482 3823 4529 enumerare

2246 4562 2299 4640 et
2326 4584 2544 4653 longum
2589 4590 2674 4635 est
2719 4586 2772 4634 et
2809 4574 3157 4647 impossibile.
3190 4571 3503 4627 Meritorum
3538 4578 3676 4622 vero
3705 4562 3821 4618 eil‘e-

566 4679 727 4743 lmno.
760 4676 863 4732 hoc
899 4684 981 4731 est
1018 4675 1219 4729 liberae
1260 4673 1552 4729 voluntatis
1590 4671 1833 4735 arbitrio.
1867 4669 2145 4739 ipsamque
2170 4699 2223 4760 ι)
2250 4685 2369 4731 ctus
2398 4684 2522 4730 sunt
2568 4670 2841 4745 gaudium,
2873 4668 3100 4732 laetitia,
3148 4680 3276 4737 pax,
3309 4656 3618 4725 beatitudo,
3670 4656 3827 4713 fclici-

568 4769 967 4823 danmationem
1016 4767 1212 4823 bonam
1260 4780 1403 4832 esse,
1455 4780 1562 4820 non
1614 4763 1783 4818 solum
1834 4763 1958 4833 quia
2000 4761 2145 4831 justa

568 4871 677 4924 est,
741 4872 901 4917 omne
942 4856 1206 4930 siquidem
1244 4858 1449 4929 justum
1500 4857 1739 4920 bonum,
1768 4868 1953 4909 verum
1982 4852 2145 4907 etiam

568 4957 689 5025 quia
727 4956 868 5010 intra
902 4954 1110 5009 divinas
1150 4953 1293 5023 leges
1327 4958 1382 5007 et
1418 4948 1894 5023 comprehenditur
1922 4955 1977 5001 ct
2002 4942 2149 4999 ordi-

572 5057 748 5113 natur,
799 5048 937 5103 intra
989 5060 1123 5117 quas
1169 5041 1421 5115 quicquid
1464 5051 1564 5108 est,
1611 5042 1808 5096 bonum
1856 5047 1911 5093 et
1940 5038 2145 5109 justum

568 5157 687 5197 esse
707 5148 761 5196 et
782 5142 1066 5197 honestum
1090 5153 1314 5193 necesse
1339 5144 1439 5191 est.
1468 5135 1618 5207 Ipsae
1646 5135 1806 5190 etiam
1832 5128 2149 5204 phantasiae

572 5231 621 5285 in
645 5231 839 5303 quibus
865 5232 988 5296 erit,
1004 5231 1177 5286 bonae
1204 5238 1349 5285 sunt.
1370 5228 1503 5283 Nam
1526 5237 1580 5282 et
1603 5226 1818 5281 umbras
1838 5238 2145 5294 corporum,

570 5334 703 5392 quas
741 5336 910 5378 vanas
952 5337 1070 5378 esse
1113 5337 1272 5377 nemo
1311 5320 1564 5389 ambigit,
1607 5318 1887 5390 splendore
1932 5315 2149 5371 luminis

572 5410 809 5486 undique
848 5414 1081 5471 coartari
1113 5422 1169 5470 et
1214 5413 1347 5471 oriri
1395 5412 1673 5477 videmus,
1733 5410 1807 5466 nil
1861 5406 2149 5477 turpitudi-

2252 4777 2352 4833 tas,
2377 4766 2569 4838 gloria,
2594 4763 2921 4819 beatissimis
2942 4759 3147 4831 angelis
3166 4756 3489 4829 aequalitas,
3506 4769 3569 4808 ac
3596 4753 3827 4808 breviter

2250 4858 2557 4921 dicendum,
2594 4855 2816 4921 thcosis,
2864 4854 2916 4909 id
2963 4861 3047 4907 est
3096 4849 3387 4912 deitieatio,
3432 4847 3487 4901 in
3539 4860 3650 4917 qua
3702 4844 3828 4898 Dm

2250 4950 2586 5022 diiigentibus
2639 4964 2692 5003 se
2729 4946 3081 5017 praeparavit,
3137 4959 3269 5014 quoe
3317 4958 3407 4996 nec
3454 4938 3647 4993 oculus
3688 4935 3829 4995 ridit,

2252 5058 2341 5095 nec
2381 5040 2524 5096 auris
2552 5040 2771 5105 audivit,
2820 5054 2910 5092 nec
2954 5038 3007 5090 in
3043 5050 3132 5090 cor
3170 5033 3395 5087 hominis
3442 5030 3705 5109 ascendit.
3739 5025 3828 5081 Ubi

2252 5143 2431 5188 autem
2459 5147 2748 5189 causarum
2787 5129 3008 5187 effectus
3050 5128 3190 5182 inter
3218 5140 3276 5181 se
3316 5122 3547 5178 invicem
3576 5116 3831 5176 contrarii

2257 5234 2401 5291 sunt,
2445 5226 2518 5279 ibi
2546 5236 2770 5279 necesse
2799 5230 2903 5288 est,
2933 5229 2987 5276 ct
3026 5218 3170 5291 ipsas
3211 5230 3401 5273 causas
3446 5214 3740 5286 disparari.
3774 5208 3832 5266 Et

2256 5319 2300 5373 si
2333 5317 2455 5389 quis
2477 5316 2693 5382 dixerit,
2739 5313 3006 5387 quomodo
3034 5326 3063 5366 a
3093 5326 3152 5367 se
3194 5310 3424 5365 invicem
3454 5306 3615 5378 longe
3638 5306 3831 5360 distan-

2257 5411 2331 5464 tia
2363 5409 2599 5465 simulet
2628 5409 2681 5464 in
2709 5420 2816 5464 uno
2844 5404 3134 5463 coadunari
3157 5406 3404 5475 possunt,
3428 5398 3535 5456 hoc
3555 5406 3665 5465 est,
3696 5398 3830 5451 intta

1890 5543 2146 5601 VABIAE
2183 5542 2589 5605 LECTIONES.

642 5668 664 5703 ί
698 5665 779 5724 uel
833 5666 1027 5722 alicubi
1068 5667 1211 5721 circa
1252 5675 1446 5722 terram
1473 5678 1580 5719 om.
1614 5664 1679 5717 A.
1757 5663 1779 5693 '
1815 5662 2040 5733 Aquod.
2076 5731 2083 5733 Α
2120 5661 2141 5691 ⁸
2171 5659 2259 5723 Sic
2299 5660 2417 5733 CF;
2440 5660 2494 5733 UA
2530 5668 2802 5730 egestates.
2850 5656 2980 5733 fa
3014 5658 3114 5711 iste
3138 5654 3388 5733 mundus.
3466 5649 3616 5733 ’.εἰν
3641 5649 3720 5733 F5.

569 5754 845 5810 graveque.
941 5736 962 5768 ⁸
995 5736 1039 5791 Α
1067 5747 1114 5793 et
1141 5737 1392 5810 omnium.
1488 5734 1896 5810 '.eit_ts__omh._i\.

575 5894 682 5930 om.
730 5876 804 5929 Αξ
895 5878 936 5915 ’⁷
962 5876 1001 5929 A
1036 5876 1340 5946 ine/rabilis.

579 5946 877 6003 insinuatur
931 5961 1037 5999 om.
1086 5946 1133 6005 Α

1442 5875 1484 5906 ’⁸
1514 5873 1597 5930 CF
1619 5884 1687 5928 et.

2010 5731 2033 5764 ⁸
2060 5731 2100 5786 Α
2134 5730 2549 5785 substantialiter
2592 5747 2729 5785 eum.

571 5802 765 5864 moveri
788 5816 1057 5888 posssent:
1137 5809 1180 5839 ¹¹
1278 5806 1495 5887 pidetur.
1573 5804 1616 5836 “
1640 5803 1732 5860 Sic
1772 5803 1886 5870 CF;
1927 5803 1973 5859 Α
2004 5802 2169 5868 Quae.

575 5894 682 5930 om.
730 5877 793 5929 Α.
895 5876 1001 5929 ‘VA
1036 5876 1340 5931 titeﬂ'ubtlts.
1442 5875 1484 5906 "‘
1514 5873 1597 5930 CF
1619 5884 1687 5928 et.
1788 5875 1831 5908 "
1877 5882 1926 5929 et
1972 5889 2082 5931 om.
2114 5872 2169 5929 A.

3684 5722 3721 5748 “
3755 5716 3830 5769 CF

3580 5790 3624 5825 ¹⁶
3646 5805 3772 5856 pnas:
3794 5803 3829 5838 ις

3591 5861 3634 5892 ’³
3672 5858 3830 5929 Gai“

2847 5728 2869 5761 ⁹
2897 5728 2943 5783 Δ
2969 5738 3039 5782 et.
3139 5724 3185 5756 *θ
3213 5726 3328 5777 dico
3355 5739 3464 5777 om.
3498 5721 3561 5774 Α.

2269 5799 2313 5871 Ψ
2337 5801 2382 5861 Α
2451 5800 2720 5871 conspicor
2739 5798 2951 5871 clarius.
2981 5797 3075 5871 g7"
3189 5811 3480 5871 reversuro.

2276 5870 2324 5904 "
2379 5863 2596 5927 ueritate
2652 5882 2760 5925 om.
2816 5869 2883 5924 Α.
2978 5867 3232 5949 “animm
3280 5863 3484 5923 om.A.
