3956 5430
147 448 248 505 973

994 436 1078 490 DE
1119 431 1455 490 DIVlSlONE
1498 433 1850 493 NATUBAE.
1888 428 1960 478 έ--ο
1998 439 2198 497 L'IBER
2238 444 2558 511 QUINTUS.

3306 445 3405 501 974

150 559 408 616 terminos
434 563 660 611 ﬂaturae
698 559 752 607 ει
778 552 1003 607 νῖτιυιθε
1044 560 1099 606 ει
1136 551 1287 615 Vilia.
1316 550 1496 607 Videat
1525 550 1578 605 in
1607 565 1722 606 ma-
1746 552 1800 615 Δ
1825 558 1949 628 quin
1976 562 1997 594 ⁸
2023 563 2359 619 naturalibus
2410 562 2784 621 affectionibus
2819 565 3152 621 reluctantur
3177 594 3250 605 —-
3283 578 3405 634 pro-

147 668 248 724 gna
296 652 456 707 donis
511 650 527 681 ί
590 657 754 715 atque
830 643 994 715 regali
1038 642 1390 713 diversisque
1446 643 1727 705 ornatibus

146 747 451 798 constructa
470 754 659 795 sanum
681 744 736 793 et
761 734 1105 798 imbecillam,
1134 732 1329 792 orbum
1353 741 1407 790 et
1432 733 1723 798 videntem,

147 836 344 891 laetum
391 842 447 890 et
493 831 731 898 tristem,
777 845 1032 886 securum
1076 838 1132 885 et
1167 830 1464 894 curiosum,
1504 827 1726 884 divitem

146 933 200 982 et
224 939 470 996 egenum,
502 920 818 979 verberibus
858 935 1099 985 caesum,
1151 927 1210 977 ut
1256 932 1467 985 Servus,
1508 918 1731 975 honori-

146 1018 245 1073 bus
285 1015 606 1079 exaltatum,
642 1022 701 1070 ut
746 1013 1019 1079 dominus,
1055 1028 1280 1068 carcere
1320 1012 1612 1077 inclusum,
1667 1019 1726 1068 ut

145 1122 305 1175 reus,
364 1107 616 1165 omnibus
663 1104 895 1162 vinculis
944 1104 1289 1171 absolutum,
1348 1113 1408 1161 ut
1464 1104 1727 1161 innocuus

145 1199 396 1269 omnique
459 1197 688 1255 crimine
751 1197 1049 1265 absolutus,
1105 1206 1421 1269 calamoque
1477 1197 1725 1255 similiter

145 1306 249 1348 uno
275 1292 577 1361 eodemque
624 1291 743 1346 loco
789 1307 859 1346 ac
886 1299 1127 1361 tempore
1158 1289 1318 1347 simul
1365 1304 1527 1359 posse
1551 1288 1725 1345 conti-

143 1383 277 1438 neri.
328 1382 480 1450 Quod
524 1382 567 1438 si
606 1383 678 1438 ita
709 1390 810 1446 est,
854 1382 1215 1451 omnibusque
1268 1379 1382 1437 fere
1427 1377 1724 1448 aequaliter

142 1473 469 1543 patefactum
503 1491 516 1527 :
555 1474 684 1545 quid
721 1473 939 1540 mirum,
969 1473 1016 1528 si
1049 1473 1334 1535 credamus
1355 1480 1409 1527 et
1455 1470 1727 1541 intelliga-

144 1584 281 1632 mus,
345 1569 398 1623 in
454 1584 559 1623 una
620 1567 907 1623 harmonia
956 1567 1326 1623 universitatis
1386 1575 1724 1623 restauratae

144 1662 514 1732 inquecausas
542 1676 669 1715 suas
689 1669 711 1701 ³
751 1675 1070 1717 reversurae
1098 1660 1122 1693 ⁸
1152 1670 1320 1716 totam
1342 1660 1721 1717 rationabilem

139 1760 443 1806 creaturam
475 1751 646 1821 gratia
687 1751 1066 1821 Redemptoris
1106 1753 1208 1817 sui,
1251 1752 1343 1822 qui
1383 1766 1502 1808 eam
1551 1761 1721 1808 totam

140 1846 368 1916 accepit,
397 1861 587 1900 mnam
618 1846 859 1899 futuram
901 1844 945 1909 ⁸,
995 1844 1304 1914 languidam
1330 1858 1459 1900 vero
1497 1860 1716 1913 perver-

140 1954 231 1993 sae
268 1909 571 1993 voluntatis
612 1937 1063 2002 imbecillitatem,
1091 1909 1252 2008 —quae
1304 1938 1427 2008 ipsi,
1472 1909 1721 1993 videlicet
1748 1909 1798 1985 Β

140 2041 393 2098 naturae,
417 2032 758 2087 extrinsecus
780 2030 1124 2096 adbaeserat,
1146 2029 1262 2086 suis
1298 2030 1550 2101 congruis
1571 2031 1723 2086 ordi-

139 2123 294 2178 nibus
351 2122 767 2193 disponendam,
832 2120 1239 2191 condignasque
1304 2121 1415 2177 suis
1470 2121 1726 2192 operibus

139 2206 529 2269 retributiones
573 2212 893 2285 passuram?
930 2212 1069 2279 Quid
1123 2212 1169 2268 si
1209 2211 1326 2283 ipsa
1372 2222 1566 2270 natura
1615 2228 1725 2271 non

139 2306 313 2362 solum
351 2317 566 2373 sanata,
617 2321 806 2361 verum
849 2307 871 2338 ⁵
907 2305 1072 2360 etiam
1116 2303 1435 2369 illuminata,
1487 2307 1726 2363 caecitas

138 2403 406 2457 malarum
440 2401 773 2457 voluntatum
802 2400 1077 2471 perpetuis
1103 2399 1382 2455 absentiae
1407 2408 1723 2455 naturarum

140 2494 527 2549 restauratoris
580 2491 905 2548 obstruatur
931 2491 1207 2547 tenebris?
1240 2488 1381 2558 Quid
1435 2492 1479 2546 si
1530 2501 1724 2546 natura

139 2589 206 2644 ad
233 2588 523 2659 imaginem
560 2586 653 2641 Dei
695 2585 912 2641 condita
951 2601 1059 2642 non
1089 2584 1262 2640 solum
1305 2595 1493 2640 sanata
1519 2593 1573 2641 et
1607 2584 1727 2641 illu-

138 2684 370 2749 minata;
409 2695 599 2737 verum
655 2679 822 2735 etiam
864 2680 919 2734 in
964 2679 1313 2749 paradisum,
1361 2694 1521 2749 quem
1567 2680 1726 2750 spiri.

142 2775 366 2830 tualium
395 2773 715 2830 deliciarum
743 2773 919 2829 locum
960 2772 1234 2844 sapientes
1272 2774 1723 2845 interpretantur,

140 2868 389 2933 redacta,
443 2864 749 2936 leprositas,
794 2881 934 2935 quae
985 2865 1180 2921 merito
1226 2867 1429 2936 peccati
1473 2878 1594 2923 eam
1632 2866 1725 2922 de-

140 2959 493 3025 formaverat,
532 2958 782 3013 omnibus
809 2958 1018 3013 deliciis
1054 2958 1287 3029 privata,
1330 2959 1565 3014 aeternis
1594 2973 1723 3030 pru-

142 3049 339 3105 ritibus
364 3050 645 3115 exardeat,
673 3058 730 3105 et
766 3059 968 3116 cetera,
1019 3051 1214 3120 quibus
1256 3050 1584 3106 discernitur
1628 3067 1724 3105 ua.

141 3154 265 3197 tura
286 3143 309 3176 ⁸
332 3151 389 3198 et
408 3141 586 3213 culpa,
617 3144 916 3214 praemium
945 3150 1000 3197 et
1028 3157 1227 3214 poena,
1254 3144 1379 3199 dum
1407 3144 1639 3199 mirabili
1668 3151 1725 3199 et

141 3232 402 3288 ineﬂ‘abili
426 3233 584 3288 modo
604 3241 797 3287 natura
839 3232 1058 3289 omnino
1085 3232 1256 3289 libera
1285 3234 1601 3302 phantasias
1627 3250 1723 3289 su-

138 3324 361 3391 stineat,
409 3325 465 3380 in
514 3326 710 3396 quibus
765 3323 941 3396 culpa,
994 3327 1138 3395 quod
1200 3325 1536 3397 deliquerat,
1589 3326 1724 3383 luat.

137 3415 283 3474 lite.
309 3415 454 3475 Haec
486 3419 667 3474 omnia
692 3420 1026 3489 verisimilia,
1059 3419 1535 3492 probabilibusque
1571 3436 1731 3491 argu-

138 3510 565 3568 mentationibus
603 3520 918 3582 comparata
960 3512 1229 3568 videntur.
1280 3512 1387 3569 Sed
1428 3523 1724 3571 occurrunt

139 3597 304 3656 nobis
329 3599 380 3655 in
412 3601 516 3657 hoc
544 3600 663 3658 loco
692 3603 783 3672 qui
809 3602 1102 3658 carnaliter
1137 3603 1439 3674 spiritualia
1469 3612 1729 3673 tractant,

140 3694 430 3749 dicentes:
462 3692 603 3761 Quid
649 3709 778 3766 ergo
824 3694 1000 3751 oberit
1042 3696 1267 3767 paganis
1315 3712 1413 3752 sua
1459 3698 1728 3767 impietas,

138 3802 255 3858 qua
319 3788 459 3844 idola
500 3788 704 3855 colunt,
737 3804 922 3849 verum
972 3790 1138 3845 Deum
1190 3791 1541 3861 ignorantes?
1588 3792 1731 3860 Quid

135 3877 368 3934 Judaeis
412 3876 510 3934 sua
550 3878 798 3949 perﬁdia,
838 3895 941 3950 qua
971 3881 1065 3935 Dei
1090 3880 1325 3937 Verbum
1364 3882 1727 3951 incarnatum,

140 3974 437 4029 Dominum
467 3982 713 4030 nostrum
752 3972 935 4030 Iesum
958 3974 1261 4043 Christum,
1290 3977 1726 4033 consubstantia-

139 4065 256 4122 lem
289 4074 343 4121 et
370 4074 713 4123 coaeternum
759 4067 895 4122 et-in
939 4068 1190 4124 omnibus
1230 4069 1526 4124 secundum
1572 4084 1727 4125 suam

139 4158 490 4214 divinitatem
529 4157 676 4215 Patri
717 4174 816 4215 suo
843 4159 1121 4230 aequalem
1161 4166 1283 4217 esse
1321 4160 1560 4231 negant?
1591 4160 1729 4229 Quid

138 4253 351 4309 ceteris
376 4254 684 4310 nationibus
705 4253 989 4318 veritatem
1015 4256 1393 4326 respuentibus
1414 4270 1510 4312 sua
1540 4270 1732 4326 super-

136 4347 362 4403 stitiosa
385 4345 407 4380 '
440 4345 835 4416 falsissimaque
880 4346 1313 4403 machinamenta
1361 4349 1650 4415 nocebunt,
1682 4346 1729 4404 si

135 4442 201 4497 in
247 4428 430 4495 futura
452 4440 565 4494 vita
598 4448 708 4494 tota
749 4453 935 4494 eorum
973 4448 1166 4494 natura
1216 4439 1530 4506 salvabitur,
1563 4441 1638 4496 ita
1668 4450 1731 4496 ut

137 4545 328 4603 neque
357 4544 576 4602 corpus,
620 4545 794 4600 neque
824 4529 1025 4597 anima,
1068 4545 1245 4601 neque
1281 4529 1387 4585 ulla
1413 4545 1540 4601 pars
1577 4539 1731 4586 natu-

136 4626 283 4683 ralis
332 4627 570 4681 aeternis
609 4624 800 4715 poenis
833 4626 1129 4694 torquenda
1179 4623 1555 4693 relinquatur?
1593 4623 1727 4691 Qui-
1754 4646 1806 4715 ι)

136 4720 251 4774 bus
280 4717 498 4774 suaderi
528 4724 620 4771 aut
640 4714 1009 4771 diliicilliinum
1043 4724 1126 4771 est
1157 4724 1250 4770 aut
1288 4716 1631 4787 impossibile,
1657 4716 1724 4771 ad

131 4810 417 4883 justitiam
444 4810 539 4865 Dei
579 4808 726 4865 nullo
753 4808 910 4865 modo
946 4810 1240 4880 pertinere,
1282 4811 1373 4864 sed
1412 4810 1632 4865 omnino
1658 4810 1726 4864 ab

136 4919 208 4958 ea
234 4904 473 4959 alienum
495 4917 635 4969 esse,
666 4904 857 4974 punire
880 4905 933 4958 in
955 4904 1232 4970 omnibus,
1251 4918 1389 4974 quae
1413 4902 1560 4969 fecit,
1583 4904 1729 4973 quod

141 4994 304 5061 fecit,
332 5010 490 5050 suum
509 5008 770 5051 veroesse
790 4996 982 5064 punire
1001 4997 1147 5064 quod
1170 5010 1272 5051 non
1303 4993 1445 5061 fecit,
1470 4995 1728 5066 quoniam

141 5088 358 5152 omnia,
385 5100 523 5156 quae
559 5087 612 5140 in
643 5085 802 5141 malis
822 5086 1074 5142 omnibus
1112 5087 1523 5157 redarguuntur,
1552 5096 1729 5145 aeter—

142 5183 346 5254 nisque
370 5164 643 5252 suppliciis
688 5182 849 5251 digna
889 5182 1227 5252 iudicantur.
1266 5198 1370 5239 non
1417 5200 1484 5240 ex
1513 5195 1723 5251 natura,

144 5275 246 5331 sed
274 5288 343 5328 ex
384 5274 623 5342 propriae
657 5271 951 5330 voluntatis
1004 5274 1428 5345 uniuscujusque
1462 5276 1726 5331 malorum

141 5362 489 5408 n-ov‘eeimia
520 5365 767 5412 mntihnn.
807 5377 942 5406 mmo
985 5362 1273 5404 digni-mimi
1317 5381 1496 5404 romam
1541 5381 1701 5402 cmun-

1830 655 2056 721 ﬂuxere,
2105 665 2160 712 et
2186 657 2253 711 ab
2274 657 2520 727 originali
2558 666 2803 727 peccato,
2834 658 2886 712 in
2909 672 3017 726 quo
3061 656 3404 728 generaliter,

1829 760 2055 822 excepto
2108 751 2461 807 humanitatis
2501 750 2880 822 Redemptore,
2924 763 3115 805 omnes
3160 748 3407 804 homines

1827 854 2231 914 peccaverunt,
2292 844 2433 914 quod
2512 843 2675 898 etiam
2750 850 2974 897 naturae
3050 840 3406 907 attribuitur,

1829 934 2051 1007 ejusque
2083 945 2364 1008 peccatum
2412 935 2704 1000 vocitatur,
2756 948 2866 989 non
2897 934 3040 1004 quod
3066 933 3183 1005 ipsa
3211 940 3403 989 natura

1829 1030 1896 1085 ad
1922 1031 2208 1101 imaginem
2235 1030 2329 1085 Dei
2367 1028 2506 1085 facta
2554 1030 2683 1085 illud
2724 1028 3078 1095 commiserit,
3127 1027 3222 1083 sed
3262 1025 3406 1098 quod

1830 1120 2031 1178 liberae
2073 1121 2385 1185 voluntatis,
2415 1134 2553 1191 quae
2582 1136 2614 1175 a
2660 1120 2767 1176 Deo
2807 1120 2932 1175 data
2972 1125 3075 1185 est,
3100 1113 3407 1173 rationabili

1827 1214 1970 1270 bono
2000 1212 2386 1269 irrationabilis
2412 1212 2620 1279 abusio,
2644 1222 2701 1269 et
2726 1214 2779 1267 in
2803 1227 3043 1267 amorem
3069 1209 3399 1293 sensibilium

1828 1307 2113 1361 conversio
2140 1306 2309 1377 ipsam
2337 1314 2566 1361 naturae
2588 1304 3066 1377 pulchritudinem,
3100 1302 3154 1357 iu
3196 1316 3301 1371 qua
3334 1316 3402 1356 ex

1826 1398 2096 1468 principio
2146 1397 2472 1453 conditionis
2529 1411 2661 1455 suae
2726 1396 3017 1451 substitute
3080 1401 3209 1458 est,
3250 1392 3407 1449 dissi-

1828 1489 2091 1554 mulavit,
2135 1489 2521 1560 propriamque
2560 1489 2876 1561 dignitatem
2917 1487 3219 1543 abscondit.
3266 1484 3401 1539 Nam

1826 1580 1872 1637 si
1921 1580 2133 1649 culpam
2197 1578 2404 1636 referas
2460 1581 2514 1635 in
2563 1590 2852 1645 naturam,
2910 1579 2965 1634 in
3020 1579 3192 1648 ipsum
3248 1582 3403 1630 natu-

1826 1686 1923 1727 rae
1987 1670 2324 1727 conditorem
2404 1671 2631 1726 eandem
2701 1669 2906 1727 referre
2977 1667 3266 1724 videberis.
3341 1663 3398 1720 Si

1825 1766 1970 1820 enim
2037 1765 2229 1835 culpae
2293 1780 2456 1821 causa
2524 1765 2838 1821 attribuitur
2908 1771 3174 1827 naturae,
3239 1758 3407 1831 ipsius

1825 1865 2049 1913 naturae
2090 1870 2306 1923 causae,
2339 1872 2477 1928 quae
2507 1858 2645 1912 Deus
2671 1865 2754 1912 est
2785 1855 2830 1921 9,
2863 1865 3138 1926 peccatum
3182 1858 3407 1908 naturae

1828 1951 2134 2006 necessario
2179 1950 2521 2006 attribuatur.
2555 1948 2753 2007 Natura
2794 1948 3058 2019 siquidem
3101 1946 3170 2002 ad
3208 1943 3402 2015 imagi—

1825 2058 1949 2100 nem
1980 2044 2075 2099 Dei
2107 2042 2247 2099 facta
2290 2056 2396 2099 neu
2440 2044 2660 2098 omnino
2690 2041 2971 2114 principali
3016 2039 3263 2110 exemplo
3306 2052 3409 2095 suo

1826 2135 2019 2190 similis
2046 2143 2149 2202 est,
2197 2136 2242 2190 si
2276 2149 2496 2191 causam
2530 2134 2788 2205 peccandi
2832 2133 2885 2188 in
2928 2134 3155 2204 seipsam
3188 2131 3402 2202 recipit.

1828 2224 1900 2281 Ut
1944 2226 2088 2281 enim
2141 2226 2440 2296 principale
2482 2226 2785 2297 exemplum
2830 2225 3027 2281 nullius
3065 2223 3274 2295 peccati
3319 2221 3405 2280 vel

1827 2319 2067 2375 malitiae
2089 2334 2252 2375 causa
2283 2319 2547 2385 subsistit,
2591 2321 2663 2374 ita
2689 2329 2746 2375 et
2787 2328 2978 2374 natura
3015 2319 3080 2373 ad
3112 2317 3402 2388 imaginem

1826 2423 1881 2468 et
1903 2411 2308 2469 similitudinem
2337 2413 2455 2483 ejus
2483 2411 2645 2467 facta.
2669 2409 3190 2469 Ridiculosissimum
3209 2407 3409 2478 quippe

1825 2514 1908 2561 est
1932 2507 1977 2538 ¹⁰
1998 2505 2200 2571 dicere,
2232 2506 2521 2560 humanam
2553 2512 2802 2558 naturam
2844 2501 3131 2572 imaginem
3172 2507 3228 2554 et
3251 2496 3405 2554 simi-

1826 2598 2104 2654 litudinem
2136 2596 2412 2652 Creatoris
2447 2597 2529 2652 sui
2573 2596 2721 2665 prius
2761 2593 3078 2665 perdidisse,
3115 2605 3180 2647 ac
3215 2588 3411 2651 deinde

1825 2705 2021 2747 causas
2048 2690 2254 2762 peccati
2290 2691 2345 2743 in
2378 2703 2437 2745 se
2476 2689 2796 2757 suscepisse.
2833 2686 3089 2756 Quisquis
3123 2684 3266 2739 enim
3303 2683 3407 2739 lion

1825 2787 2041 2851 dixerit,
2070 2791 2290 2855 cogetur
2316 2797 2600 2854 quaerere,
2633 2796 2740 2852 quo
2772 2790 2994 2850 peccato
3038 2784 3229 2832 natura
3270 2774 3405 2830 imas

1825 2880 2004 2952 ginem
2059 2887 2114 2933 et
2167 2876 2570 2933 similitudinem
2617 2873 2895 2930 Creatoris
2951 2870 3033 2927 sui
3084 2867 3401 2939 perdiderit,

1825 2975 2090 3045 siquidem
2122 2987 2226 3028 non
2263 2987 2383 3026 eam
2422 2969 2697 3042 perderet,
2736 2969 2783 3023 si
2822 2968 2874 3022 in
2915 2964 3095 3036 aliquo
3136 2977 3242 3016 non
3279 2974 3408 3031 pec-

1825 3073 1993 3121 caret.
2032 3063 2221 3129 Porro,
2248 3063 2291 3117 si
2324 3063 2555 3117 humana
2595 3071 2784 3114 natura
2807 3070 3082 3126 nunquam
3108 3053 3402 3123 imaginem

1823 3166 1880 3213 et
1930 3156 2332 3213 similitudinem
2382 3153 2678 3210 conditoris
2709 3154 2752 3185 “
2781 3151 2863 3207 sui
2910 3146 3173 3219 perdidit;
3227 3147 3405 3218 imago

1830 3248 2026 3320 quippe
2062 3256 2119 3303 et
2157 3245 2449 3301 similitudo
2492 3244 2632 3299 inter
2680 3241 2947 3299 naturalia
2992 3239 3133 3293 bona
3182 3245 3238 3292 et
3282 3237 3406 3294 data

1829 3349 2225 3413 computantur,
2266 3336 2528 3393 naturalia
2568 3346 2748 3391 autem
2788 3335 2910 3389 data
2954 3340 3009 3387 et
3044 3331 3087 3363 ¹²
3115 3329 3254 3385 bona
3296 3343 3403 3385 non

1826 3430 2001 3487 solum
2029 3430 2098 3485 ab
2130 3431 2363 3487 humana
2393 3436 2605 3491 natura,
2641 3441 2828 3482 verum
2852 3425 3018 3480 etiam
3042 3423 3110 3479 ab
3133 3421 3403 3485 omnibus.

1828 3536 1968 3593 quae
2018 3519 2272 3593 largitore
2327 3529 2381 3575 et
2446 3519 2799 3576 substitutore
2846 3518 3088 3574 omnium
3138 3518 3406 3575 bonorum

1830 3616 1973 3670 facta
2002 3622 2150 3682 sunt,
2175 3613 2320 3669 nullo
2342 3613 2503 3671 modo
2527 3612 2865 3676 auferuntur,
2896 3611 2950 3666 in
2979 3609 3122 3665 nullo
3157 3608 3423 3669 minutim

1833 3716 1920 3761 tur
1946 3706 2029 3762 vel
2058 3714 2322 3777 augentur
2354 3723 2365 3758 :
2398 3704 2520 3774 quis
2546 3703 2647 3757 nisi
2679 3717 2865 3758 amens
2886 3700 3105 3765 dixerit,
3142 3696 3409 3757 naturalia

1831 3801 1969 3855 bona
1994 3813 2278 3854 caiisarum
2306 3797 2565 3867 peccandi
2585 3796 2861 3865 acceptiva
2884 3810 3007 3850 esse
3030 3808 3211 3864 posse,
3239 3792 3321 3847 vel
3341 3790 3409 3847 ab

1828 3892 1909 3946 eis
1928 3898 2207 3960 peccatum
2223 3888 2391 3943 oriri?
2406 3887 2459 3942 Si
2477 3888 2620 3942 enim
2642 3885 2967 3956 acoeptiva“
2980 3882 3178 3951 sunt“,
3196 3890 3408 3940 natura—

1829 3983 1898 4038 lis
1914 3982 1969 4037 in
1991 3982 2072 4038 eis
2097 3978 2444 4053 pulchritudo
2461 3980 2846 4048 corrumpitur,
2871 3977 3103 4047 dignitas
3125 3974 3408 4038 minuitur,

1831 4071 2243 4128 immutabilitas
2264 4070 2497 4137 vacillat,
2540 4072 2673 4125 ordo
2698 4068 2910 4125 titubat.
2941 4067 3077 4123 [line
3099 4065 3408 4130 conﬁcitur,

1826 4164 2032 4219 nullam
2098 4162 2475 4219 rationabilem
2542 4170 2792 4217 naturam
2862 4174 3149 4215 causarum
3220 4156 3408 4226 culpae

1829 4270 2083 4326 capacem
2121 4270 2263 4321 esse,
2300 4269 2368 4310 ne
2398 4253 2643 4310 Creatori
2676 4268 2774 4306 suo
2803 4249 3082 4307 dissimilis
3110 4247 3403 4319 redargua-

1830 4355 1934 4404 tur.
1991 4348 2099 4405 Sed
2144 4346 2339 4404 merito
2390 4345 2670 4416 quaeritur
2707 4358 2722 4397 :
2764 4343 2809 4398 si
2851 4350 3135 4413 propterea
3199 4337 3406 4411 peccati

1828 4458 1989 4502 causa
2018 4445 2074 4499 in
2106 4450 2359 4496 naturam
2388 4453 2498 4495 non
2532 4436 2796 4502 refertur,
2834 4451 2901 4492 ne
2927 4436 3124 4493 iterum
3158 4449 3256 4506 per
3289 4446 3407 4490 eam

1829 4540 1884 4594 in
1929 4538 2261 4595 Creatorem.
2297 4532 2586 4598 referatur,
2632 4532 2886 4603 quoniam
2930 4546 3109 4597 anno,
3151 4530 3294 4601 quod
3340 4530 3408 4587 ab

1832 4632 1948 4706 ipso
1977 4640 2083 4697 est,
2126 4627 2324 4683 nullius
2354 4627 2563 4698 peccati
2597 4624 2679 4679 vel
2708 4624 2966 4695 peccandi
3018 4634 3214 4681 causae
3261 4638 3413 4678 rece-

1830 4727 2037 4797 ptivum
2055 4731 2272 4788 est,cur
2293 4735 2398 4775 non
2419 4720 2546 4789 quis
2566 4716 2782 4781 dixerit,
2797 4718 2985 4771 eadem
3006 4717 3216 4771 ratione
3236 4727 3413 4784 neque

1833 4818 1886 4871 in
1939 4817 2167 4871 liberum
2216 4810 2501 4867 arbitrium
2562 4808 2817 4884 peccandi
2866 4807 3084 4863 occasio
3130 4804 3413 4862 referenda

1833 4915 1934 4971 est,
1972 4922 2042 4962 ne
2068 4907 2121 4960 in
2151 4919 2297 4969 eum,
2331 4900 2423 4972 qui
2471 4901 2620 4962 illud
2649 4907 2869 4953 naturae
2904 4898 3193 4961 concessit,
3228 4896 3416 4965 culpa—

1837 5012 1954 5050 rum
1984 5009 2147 5051 causa
2184 4993 2474 5049 referatur.
2526 4992 2645 5070 Qui
2669 4987 2808 5043 enim
2850 4995 3095 5042 naturam
3121 4984 3285 5047 dedit,
3312 4985 3427 5052 ipse

1835 5096 1892 5142 et
1922 5087 2151 5144 liberum
2193 5082 2484 5147 arbitrium
2530 5098 2603 5156 ῃ,
2644 5097 2708 5139 ea
2732 5078 2967 5144 creavit;
2995 5088 3049 5134 et
3082 5074 3429 5145 quemadmo-

1836 5178 1964 5233 dum
2004 5187 2198 5235 natura
2237 5179 2439 5233 bonum
2479 5152 2609 5254 ειέι
2645 5178 2690 5212 ιι
2718 5179 2768 5224 et
2794 5165 3180 5236 incorruptibiie
3205 5163 3438 5223 bonum,

1838 5270 1910 5325 ita
1940 5282 1997 5327 et
2021 5271 2253 5327 liberum
2285 5252 2648 5348 minuta“,
2680 5258 2960 5323 arbitrium.
2993 5257 3069 5312 Ac
3089 5262 3180 5326 per
3215 5252 3319 5348 hoc
3352 5265 3444 5305 nc-

1838 5367 2080 5410 :mnan-‘m,
2109 5362 2355 5410 αρηῃίιιηο
2382 5359 2471 5408 ἰιι
2568 5346 2734 5424 inin,“
2763 5351 3021 5394 carinarum
3047 5360 3229 5388 nassam
3268 5346 3319 5380 3n
3359 5361 3451 5380 nn-
