4008 6286
536 401 638 455 975

1912 397 2196 458 JOANNIS
2233 398 2431 456 SCOTI
3708 404 3827 458 976

538 517 592 570 in
645 514 791 570 nullo
819 515 1017 585 quippe
1053 515 1197 570 bono
1240 527 1404 568 causa
1427 513 1552 568 mali
1597 513 1970 570 constituenda
2011 522 2114 571 est.
2145 521 2196 581 Α
2225 514 2387 572 totius
2418 516 2687 573 sensibilis
2715 525 2995 573 creaturae
3013 516 3424 575 formositatem.
3458 517 3607 588 Quid
3637 519 3826 577 dicam

539 605 794 671 Proinde,
834 605 880 660 si
919 604 1124 659 nullum
1163 613 1444 674 peccatum
1469 619 1537 659 ex
1584 604 1919 660 naturalibus
1943 605 2120 660 oritur

540 697 738 762 causis,
785 695 1172 766 quaerendum,
1217 694 1359 749 unde
1402 694 1611 764 accepit
1645 695 2004 750 occasionem.
2053 694 2120 750 Et

540 791 586 847 si
630 790 752 860 quis
788 789 1146 861 responderit,
1190 789 1332 858 quod
1363 802 1548 842 verum
1586 796 1640 842 et
1678 787 1974 842 verisimile
2013 795 2118 853 est,

542 883 1018 954 probabilibusque
1051 880 1610 954 argumentationibus
1636 882 1982 952 approbatur,
2013 895 2120 936 non

543 979 760 1033 aliunde
800 977 1067 1046 originem
1111 975 1311 1031 ducere
1338 977 1356 1007 ί
1393 983 1698 1046 peccatum,
1737 975 1840 1030 nisi
1875 989 1942 1030 ex
1984 975 2122 1031 irra-

541 1067 893 1123 tionabilibus
921 1067 1156 1122 motibus
1189 1065 1526 1121 rationabilis
1565 1073 1809 1132 naturae,
1839 1065 2125 1121 abusione-

542 1173 648 1230 que
693 1158 848 1212 liberi
900 1157 1107 1213 arbitrii
1153 1158 1315 1221 bono,
1364 1156 1620 1211 continuo
1661 1155 1930 1211 videbitur
1984 1156 2122 1210 irra-

543 1248 820 1306 tionabilis
857 1256 1035 1304 motus
1082 1247 1424 1303 occasionem
1479 1246 1532 1299 in
1579 1255 1771 1300 natura
1815 1244 2122 1300 rationabili

543 1343 873 1400 constituere
901 1342 942 1394 ⁸.
964 1340 1210 1397 Relativo
1235 1339 1498 1408 siquidem
1526 1339 1685 1392 modo
1740 1338 1761 1368 ³
1814 1337 2122 1393 aestimabi-

547 1449 631 1492 tur
669 1435 1048 1508 pronunciare,
1087 1432 1518 1489 irrationabilem
1543 1441 1748 1487 motum
1788 1430 2126 1486 rationabilis

542 1542 768 1585 naturae
811 1543 951 1594 esse,
997 1527 1222 1596 ideoque
1264 1541 1331 1581 ex
1379 1525 1491 1595 ipsa
1528 1525 1868 1579 occasionem
1905 1524 2120 1582 ducere.

545 1621 697 1688 Quod
728 1620 771 1676 si
797 1621 870 1675 ita
906 1628 1008 1680 est.
1039 1627 1260 1690 cogetur
1285 1617 1446 1672 etiam
1467 1615 1644 1681 fateri,
1676 1615 2122 1671 irrationabilium

549 1723 792 1768 motuum
857 1727 1048 1768 causas
1100 1713 1154 1766 in
1208 1712 1318 1766 Deo
1375 1711 1734 1782 praecessisse
1789 1712 1832 1765 ’⁵.
1871 1711 2004 1766 Nam
2079 1711 2123 1765 si

543 1811 720 1865 omnis
755 1808 1016 1865 naturalis
1053 1823 1215 1863 causa
1267 1806 1606 1862 rationabilis
1647 1815 1877 1862 naturae
1922 1806 1977 1860 in
2015 1805 2124 1861 Deo

2220 610 2289 666 de
2316 609 2574 666 extremis
2607 608 2764 663 bonis
2807 608 3186 664 scnsibilibus?
3229 607 3415 666 Nonne
3456 611 3584 667 luce
3615 611 3828 668 clarius

2219 709 2340 765 est,
2399 699 2541 770 quod
2581 700 2663 755 eis
2713 699 2836 755 boni
2887 700 3064 766 bene,
3117 700 3244 756 mali
3293 716 3420 758 vero
3460 701 3609 758 male
3652 712 3824 757 utun-

2222 793 2350 848 tur?
2393 791 2523 846 Boni
2564 790 2780 861 quidem
2818 790 2885 846 ad
2926 791 3134 846 laudem
3181 802 3235 848 et
3279 794 3602 850 servitutem
3644 795 3824 850 bono-

2220 899 2342 939 rum
2391 883 2633 938 omnium
2674 882 2961 953 largitoris,
2995 883 3120 939 mali
3171 901 3296 941 vero
3340 887 3407 940 ad
3449 885 3824 957 perﬁciendos

2221 974 2452 1045 impetus
2477 989 2608 1030 suae
2625 987 2914 1044 perversae
2935 976 3260 1046 cupiditatis.
3276 975 3485 1032 Causas
3507 986 3694 1032 autem
3719 976 3822 1032 illi-

2221 1064 2361 1125 citae
2371 1063 2647 1120 abusionis
2659 1072 2818 1134 atque
2833 1079 3121 1134 perversae
3133 1066 3492 1136 cupiditatis“
3506 1068 3552 1123 si
3567 1068 3695 1138 quis
3709 1066 3825 1121 vult

2222 1158 2483 1224 invenire,
2508 1157 2769 1214 sollicitus
2795 1168 3039 1228 quaerat.
3073 1159 3186 1231 Ego
3205 1168 3384 1215 autem
3413 1175 3652 1216 securus
3677 1175 3823 1224 sum,

2222 1250 2599 1307 incunctanter
2608 1250 2940 1323 perspiciens
2955 1249 3176 1321 “,‘quod
3193 1266 3352 1307 nemo
3365 1267 3460 1307 eas
3481 1259 3672 1322 potest
3683 1265 3826 1322 repe-

2223 1340 2592 1399 rire.Utenim
2615 1341 2813 1397 malum
2836 1341 3110 1398 incausale
3124 1351 3226 1407 est,
3248 1351 3303 1398 et
3315 1343 3464 1398 nullo
3491 1341 3660 1398 modo
3678 1341 3827 1396 inre-

2222 1435 2389 1500 nitur,
2403 1434 2543 1490 unde
2561 1442 2666 1500 est,
2684 1434 2757 1489 ita
2770 1443 2826 1505 et
2839 1433 2884 1467 “
2899 1435 3239 1491 naturalibus
3253 1436 3408 1491 bonis
3423 1435 3470 1467 ¹⁸
3485 1435 3680 1490 illicita
3694 1434 3826 1488 abu-

2223 1525 2305 1581 sio
2333 1540 2398 1580 ex
2428 1525 2571 1580 nulla
2603 1525 2834 1580 naturali
2859 1526 3101 1582 nascitur
3126 1543 3306 1582 causa.
3324 1526 3442 1582 Hoc
3463 1537 3656 1583 autem
3683 1526 3823 1590 dico,

2221 1619 2440 1673 beatum
2482 1617 2795 1690 Dionysium
2837 1618 3218 1690 Areopagitam
3244 1619 3297 1674 in
3323 1619 3464 1674 libro
3509 1620 3583 1674 de
3631 1618 3827 1673 divinis

2223 1706 2561 1776 Nominibus,
2609 1717 2663 1766 et
2709 1710 2768 1766 S.
2815 1709 3093 1766 Aurelium
3142 1711 3502 1782 Augustinum
3571 1710 3630 1765 in
3677 1710 3827 1764 libris

2227 1800 2292 1854 de
2337 1799 2509 1856 libero
2559 1800 2802 1856 Arbitrio
2856 1817 3108 1872 sequens.
3178 1801 3417 1858 Stultum
3474 1801 3683 1872 quippe
3729 1809 3824 1861 est.

541 1902 943 1961 substitutaest,
962 1896 1286 1962 necessario,
1305 1896 1560 1968 quicquid
1575 1897 1640 1952 ad
1668 1911 1784 1951 eam
1803 1895 2129 1960 refertur,ad
2161 1891 2207 1950 Β
2234 1904 2421 1945 eorum
2461 1907 2654 1947 causas
2706 1907 2989 1962 quaerere,
3045 1907 3184 1962 quae
3222 1891 3366 1948 nullo
3412 1907 3640 1963 genere,
3686 1890 3826 1946 nulla

543 2008 762 2049 causam
792 1991 906 2058 ejus
929 1989 1214 2046 referetur.
1245 1987 1339 2042 Sin
1380 1998 1558 2041 autem
1589 2001 1717 2042 vera
1746 1987 1885 2040 ratio
1912 1985 2126 2040 irratio-

541 2086 775 2141 nabilem
807 2091 1012 2137 motum
1043 2095 1148 2135 non
1179 2079 1404 2135 relativo
1449 2078 1608 2133 modo
1643 2077 1710 2132 ad
1751 2078 2127 2134 rationabilem

540 2189 794 2235 naturam
818 2176 1029 2242 referri,
1059 2175 1152 2230 sed
1173 2172 1392 2228 omnino
1417 2187 1448 2226 e
1479 2172 1755 2228 contrario
1781 2173 1975 2242 opponi
2003 2189 2127 2243 pro-

543 2272 717 2326 tendit
746 2274 790 2335 ',
820 2265 1272 2339 quemadmodum
1320 2263 1689 2318 irrationabile
1731 2264 2005 2329 rationali,
2044 2280 2130 2318 re-

544 2361 805 2431 linquitur
835 2360 900 2413 ad
941 2357 1365 2428 inquisitionem,
1409 2356 1552 2409 unde
1590 2355 1754 2425 igitur
1794 2354 1882 2410 ille
1917 2355 2132 2411 irratio-

547 2455 743 2509 nabilis
789 2462 988 2516 motus,
1040 2451 1094 2504 in
1143 2465 1250 2519 quo
1292 2463 1457 2504 causa
1503 2449 1711 2518 peccati
1760 2449 2130 2516 constituitur,

545 2546 811 2616 Originem
853 2537 1036 2598 ducit?
1072 2543 1188 2608 Quo
1239 2542 1292 2596 in
1335 2540 1453 2596 loco
1500 2540 1632 2595 nihil
1675 2540 1818 2594 aliud
1857 2541 2129 2596 verisimi-

547 2636 650 2691 lius
678 2634 907 2700 occurit,
944 2635 998 2688 in
1034 2649 1139 2702 quo
1163 2648 1328 2688 causa
1360 2632 1746 2687 irrationabilis
1772 2641 1948 2687 motus
1970 2633 2130 2688 intel-

545 2729 774 2799 ligatur,
846 2737 1060 2797 praeter
1122 2725 1460 2780 naturalibus
1517 2725 1674 2780 bonis
1728 2724 1749 2755 ‘
1811 2725 2130 2782 abusionem

548 2821 742 2876 divinis
777 2819 983 2890 legibus
1016 2818 1368 2887 prohibitam,
1402 2817 1542 2886 quod
1574 2818 1850 2888 proprium
1881 2826 1966 2872 est
2007 2833 2132 2887 per-

545 2927 737 2968 versae
792 2921 847 2967 et
882 2910 1099 2966 illicitae
1145 2908 1456 2980 cupiditatis
1500 2907 1924 2978 uniuscujusque
1975 2908 2133 2965 liberi

549 3006 780 3069 arbitrii,
813 3005 955 3061 bono
988 3003 1128 3060 male
1173 3003 1392 3074 utentis.
1424 3001 1590 3073 Cujus
1626 3001 1903 3057 abusionis
1948 3017 2133 3058 exem-

547 3100 632 3168 pla
684 3107 793 3152 tam
838 3097 948 3154 late
995 3106 1200 3168 patent,
1239 3105 1297 3152 ut
1328 3095 1505 3152 nullus
1544 3095 1716 3152 ferme
1757 3097 1847 3163 sit,
1897 3098 1987 3167 qui
2027 3112 2134 3153 non

550 3190 665 3261 ipsa
705 3189 756 3244 in
789 3188 967 3258 seipso
992 3189 1264 3244 uberrime
1302 3188 1534 3257 probare
1575 3187 1762 3257 possit.
1798 3186 1904 3242 Sed
1937 3197 2132 3242 notan-

2231 1984 2402 2039 forma
2447 1985 2535 2041 vel
2563 1985 2761 2056 specie,
2803 1986 2948 2041 nullo
2994 2001 3220 2042 numero
3268 1987 3566 2050 bonorum,
3617 2001 3760 2056 quae
3799 2005 3826 2040 ε

2230 2093 2442 2133 summo
2486 2077 2629 2132 bono
2657 2087 2710 2134 et
2732 2077 3009 2134 conditore
3054 2078 3295 2132 omnium
3320 2085 3374 2132 et
3410 2075 3560 2132 facta
3588 2085 3646 2132 et
3681 2077 3826 2130 ordi-

2229 2179 2360 2226 nata
2389 2179 2537 2236 sunt,
2575 2170 2945 2236 continentur,
2989 2170 3246 2242 quoniam
3281 2170 3500 2240 penitus
3549 2167 3827 2223 incausale

2230 2271 2285 2318 et
2316 2262 2728 2317 insubstantiale
2757 2271 2842 2316 est
2876 2277 3052 2326 omne,
3086 2260 3229 2332 quod
3269 2262 3336 2315 ab
3369 2275 3436 2315 eo
3475 2258 3686 2315 factum
3731 2274 3828 2312 non

2233 2361 2334 2407 est.
2367 2351 2504 2408 Hinc
2547 2352 2678 2408 mihi
2715 2352 2965 2407 videntur
3008 2351 3210 2407 rectius
3252 2366 3433 2406 rerum
3469 2349 3829 2420 proprietates

2233 2446 2601 2512 considerare,
2630 2445 2721 2517 qui
2757 2445 2962 2512 dicunt,
2992 2445 3336 2501 libidinosum
3369 2444 3699 2515 appetitum,
3730 2458 3829 2496 non

2234 2553 2414 2597 autem
2441 2540 2635 2595 malam
2664 2539 2993 2595 voluntatem
3025 2538 3408 2611 suppliciorum
3438 2552 3665 2592 causam
3695 2551 3828 2600 esse,

2235 2649 2303 2688 ne
2331 2634 2453 2702 quis
2472 2633 2750 2689 existimet
2781 2632 2916 2688 duas
2942 2631 3252 2688 voluntates
3291 2631 3346 2687 in
3382 2646 3492 2686 una
3533 2631 3832 2698 eademque

2235 2736 2430 2784 natura
2459 2727 2875 2799 comprehendi,
2909 2742 3015 2782 una
3040 2725 3260 2799 quidem
3295 2725 3463 2787 bona,
3494 2724 3676 2778 altera
3707 2737 3832 2777 vero

2235 2820 2412 2886 mala,
2445 2821 2574 2876 dum
2602 2834 2708 2874 una
2729 2809 3330 2874 voluntas‘humanitati
3372 2817 3533 2876 inest,
3586 2815 3834 2885 quamvis

2237 2927 2400 2982 saepe
2455 2911 2508 2966 in
2559 2912 2724 2977 bono,
2771 2925 2934 2981 saepe
2976 2910 3032 2964 in
3077 2907 3222 2964 malo
3264 2907 3568 2977 accipiatur
3609 2920 3625 2959 :
3671 2904 3832 2958 libido

2237 3011 2419 3058 autem
2441 3017 2547 3059 non
2574 3002 2747 3058 solum
2776 3001 3113 3057 naturalibus
3141 2999 3298 3055 bonis
3337 2998 3566 3052 omnino
3591 2994 3831 3052 excludi-

2237 3103 2348 3160 tur,
2374 3109 2565 3150 verum
2604 3094 2770 3150 etiam
2803 3103 2896 3148 aut
2920 3093 3010 3146 vix
3036 3101 3131 3146 aut
3157 3106 3434 3161 nunquam
3468 3089 3520 3143 in
3562 3088 3835 3158 signiﬁca-

2241 3185 2387 3239 tione
2434 3183 2560 3239 boui
2610 3182 2666 3238 in
2699 3182 2880 3238 divina
2936 3180 3216 3250 Scriptura
3264 3178 3558 3249 reperitur.
3602 3176 3745 3230 Nam
3785 3184 3837 3229 et

549 3284 698 3348 dum,
729 3281 1001 3336 neminem
1041 3281 1263 3336 summis
1297 3288 1526 3335 naturae
1556 3287 1776 3335 nostrae
1809 3279 1965 3334 bonis
1991 3278 2132 3334 male
2161 3262 2208 3325 C
2239 3277 2449 3348 primus
2488 3275 2672 3342 homo,
2702 3275 2758 3330 in
2802 3289 2910 3344 quo
2950 3289 3140 3329 omnes
3181 3279 3572 3342 peccaverunt,
3615 3269 3837 3324 libidine

550 3377 628 3431 uti
667 3375 865 3430 valere.
909 3374 1178 3428 Naturalis
1221 3373 1485 3442 siquidem
1529 3372 1704 3426 virtus
1738 3371 1994 3435 essentia,
2026 3371 2135 3425 vir-

492 3525 498 3529 .
549 3479 664 3526 tute
704 3480 760 3524 et
800 3469 1112 3539 operatione
1159 3467 1358 3521 nullum
1406 3467 1534 3522 sinit
1580 3465 1748 3530 abuti,
1779 3465 1920 3520 sicut
1960 3479 2136 3536 neque

535 3561 815 3630 sapientia
840 3569 894 3614 ct
914 3559 1184 3614 intellectu
1213 3567 1270 3614 et
1287 3557 1520 3623 ratione,
1545 3557 1801 3627 quoniam
1823 3556 1958 3612 haec
1987 3565 2132 3622 sunt,

551 3666 692 3720 quae
721 3649 1071 3720 principalem
1107 3657 1334 3705 naturae
1365 3659 1582 3704 nostrae
1616 3649 1896 3718 possident
1927 3648 2132 3704 sedem.

552 3743 745 3799 Mediis
771 3751 949 3798 autem
981 3751 1208 3798 naturae
1238 3742 1411 3806 bonis,
1438 3750 1498 3796 ut
1524 3749 1606 3796 est
1632 3741 1905 3813 ingenium
1934 3750 1990 3798 et
2019 3756 2140 3798 sen-

555 3851 648 3890 sus
677 3835 940 3905 corporis,
964 3842 1020 3889 ct
1060 3834 1178 3903 ipso
1213 3847 1436 3902 corpore
1479 3832 1845 3903 extremisque
1873 3833 2050 3898 bonis,
2081 3840 2142 3888 ut

553 3935 681 3983 sunt
718 3941 803 3994 ea,
829 3941 968 3998 quae
996 3935 1149 3982 extra
1191 3941 1289 3980 nos
1317 3933 1443 3980 sunt
1485 3924 1538 3978 in
1589 3940 1770 3981 rerum
1800 3925 2139 3981 sensibilium

551 4019 837 4076 ordinibus
879 4021 1192 4086 constituta,
1243 4030 1298 4074 et
1325 4017 1462 4075 bene
1507 4019 1586 4079 uti
1628 4027 1684 4074 et
1722 4019 1862 4074 male
1898 4027 2140 4090 potestas

557 4111 734 4166 datur.
768 4110 1043 4182 Ingenium
1082 4110 1279 4181 quippe
1315 4110 1560 4165 naturale
1596 4111 1798 4167 bonum
1831 4119 1935 4176 est,
1967 4111 2142 4167 homi-

556 4205 821 4275 nibusque
848 4221 879 4260 a
919 4205 1029 4262 Deo
1051 4205 1234 4259 datum
1258 4205 1326 4260 ad
1370 4206 1654 4276 cogitanda
1679 4206 1700 4238 '
1725 4213 1781 4260 et
1818 4206 2140 4261 invenienda

555 4295 707 4350 utilia
736 4305 791 4351 et
819 4296 1066 4352 honesta.
1102 4297 1166 4350 Et
1193 4295 1214 4327 ⁸
1255 4304 1432 4352 tamen
1460 4312 1718 4367 perversa
1743 4297 1992 4354 voluntas
2022 4313 2086 4353 eo
2117 4297 2138 4329 ³

553 4389 816 4453 abutitur,
837 4405 1104 4458 quaerens
1129 4389 1351 4444 nocivas
1374 4398 1428 4445 et
1452 4391 1785 4457 perniciosas
1805 4392 2139 4459 occasiones,

551 4479 747 4547 quibus
791 4478 1022 4548 decipiat
1062 4487 1116 4532 et
1144 4479 1332 4547 perdat
1369 4493 1504 4548 quos
1547 4480 1794 4550 decipere
1835 4489 1891 4536 et
1917 4482 2140 4550 perdere

553 4571 720 4640 cupit.
745 4568 1035 4626 Oculorum
1067 4584 1276 4636 sensus,
1302 4579 1361 4624 ut
1387 4571 1455 4626 de
1482 4571 1678 4626 ceteris
1717 4580 1946 4638 taceam,
1979 4581 2138 4627 natu-

2241 3368 2554 3426 dominandi
2581 3377 2636 3424 et
2649 3367 2694 3400 ¹⁶
2719 3383 2882 3438 super
2925 3367 3105 3422 omnia
3137 3365 3410 3422 exaltandi
3441 3364 3704 3433 deceptus
3733 3371 3832 3425 est,

2242 3474 2402 3532 atque
2426 3461 2671 3532 peccavit
2692 3463 2954 3516 suadente
2974 3459 3186 3516 diabolo
3221 3474 3286 3514 ac
3311 3459 3524 3514 dicente
3555 3474 3568 3510 :
3607 3454 3680 3509 In
3707 3473 3834 3526 quo-

2241 3572 2440 3627 cunque
2488 3556 2574 3611 die
2617 3555 2943 3610 comederitis
3003 3571 3069 3610 ea:
3112 3570 3171 3610 eo
3196 3595 3212 3619 ,
3256 3552 3533 3624 prohibito
3580 3550 3838 3606 videlicet

2242 3650 2406 3721 ligno,
2436 3648 2738 3720 aperientur
2771 3647 2910 3702 oculi
2934 3647 3110 3713 vestri,
3142 3656 3188 3701 et
3215 3647 3360 3700 eritis
3385 3645 3520 3699 sicut
3543 3643 3638 3708 dii,
3664 3645 3834 3696 scieno

2243 3752 2316 3798 tes
2343 3742 2534 3796 bonum
2570 3750 2617 3796 et
2662 3739 2880 3795 malum.
2924 3738 2968 3794 Ο
3013 3748 3213 3810 quanta
3242 3737 3410 3793 libido
3449 3734 3745 3805 superbiae
3784 3733 3832 3786 in

2243 3837 2336 3892 illo
2368 3845 2510 3901 erat,
2549 3835 2640 3905 qui
2671 3850 2766 3890 sua
2809 3834 3012 3889 virtute
3054 3834 3195 3888 Deus
3234 3845 3354 3886 esse
3395 3827 3679 3898 cupiebat!
3720 3826 3833 3879 Non

2243 3943 2370 3999 ergo
2413 3941 2743 3998 paganorum
2787 3925 3059 3996 impietas,
3087 3923 3170 3978 vel
3211 3921 3536 3978 Iudaeorum
3575 3918 3831 3988 perﬁdia,

2241 4022 2326 4077 vel
2352 4021 2580 4076 aliarum
2609 4019 2885 4076 nationum
2915 4017 3157 4074 fabulosa
3191 4015 3543 4072 deliramenta
3567 4027 3635 4066 ex
3671 4021 3831 4065 tiatu-

2244 4118 2448 4176 ralibus
2473 4117 2676 4181 causis,
2703 4115 2796 4171 sed
2825 4130 2892 4170 ex
2921 4112 3221 4168 libidinosis
3241 4109 3625 4181 cupiditatibus
3657 4122 3829 4160 vana-

2247 4229 2365 4268 rum
2427 4209 2810 4282 cogitationum
2877 4206 3218 4278 proﬂuxere,
3270 4205 3499 4274 ideoque
3563 4201 3612 4256 in
3681 4200 3831 4254 nullo

2242 4320 2434 4361 eorum
2478 4312 2671 4359 natura
2715 4301 2993 4372 punietur,
3026 4298 3119 4354 sed
3164 4297 3348 4352 libido.
3394 4293 3584 4350 Omnia
3620 4292 3831 4362 quippe

2243 4398 2396 4462 vitia,
2440 4412 2579 4466 quae
2615 4393 2905 4451 virtutibus
2945 4390 3215 4447 contraria
3265 4398 3414 4452 sunt,
3462 4395 3830 4454 naturamque

2243 4501 2590 4558 corrumpere
2632 4492 2907 4556 appetunt,
2931 4480 3169 4555 generali
3203 4481 3244 4511 ¹⁷
3280 4478 3517 4534 libidinis
3554 4475 3829 4530 vocabulo

2244 4578 2421 4635 solent
2453 4577 2730 4649 appellari.
2757 4576 3092 4646 Turpissima
3123 4573 3304 4643 itaque
3334 4568 3828 4638 libido‘impiorum

553 4661 666 4717 rale
703 4662 907 4717 bonum
933 4671 1036 4728 est,
1061 4670 1116 4718 et
1144 4679 1175 4718 a
1213 4663 1324 4718 Deo
1353 4663 1538 4718 datum
1570 4663 1636 4718 ad
1662 4663 1958 4734 corporalis
2001 4665 2138 4721 lucis
2165 4652 2217 4713 Ῑ)
2242 4671 2298 4726 in
2351 4668 2606 4724 falsorum
2664 4668 2896 4722 Deorum
2958 4665 3104 4722 cultu
3126 4705 3141 4728 ,
3181 4661 3613 4733 perbdorumque
3659 4657 3708 4688 “
3733 4655 3825 4711 Ju-

554 4755 940 4826 receptionem,
984 4764 1044 4810 ut
1072 4771 1169 4826 per
1195 4771 1316 4812 eam
1350 4765 1404 4812 et
1447 4756 1501 4811 in
1544 4773 1608 4813 ea
1639 4756 1918 4812 rationalis
1955 4757 2135 4814 anima

552 4847 760 4903 formas
797 4855 853 4902 et
905 4849 1113 4917 species
1163 4864 1524 4918 numerosque
1570 4849 1902 4905 sensibilium
1955 4865 2136 4905 rerum

551 4940 908 5006 discerneret,
925 4941 1083 5010 inque
1106 4941 1282 4997 licitos
1307 4957 1433 4998 suos
1458 4959 1588 4998 usus
1615 4957 1680 4999 ex
1708 4943 1787 4999 eis
1809 4944 2077 5015 acciperet
2093 4943 2137 4976 ¹⁰

550 5049 741 5090 verum
770 5042 864 5089 :et
890 5032 1004 5103 ipso
1035 5032 1174 5088 male
1201 5035 1514 5101 abutuntur,
1547 5037 1638 5107 qui
1661 5037 1944 5092 libidinoso
1980 5051 2139 5108 appe-

553 5126 656 5180 titu
706 5124 999 5181 visibilium
1038 5124 1333 5180 formarum
1362 5126 1816 5197 pulchritudinem
1848 5138 2132 5201 appetunt,

553 5220 696 5275 sicut
724 5220 801 5274 ait
827 5220 1088 5276 Dominus
1119 5220 1174 5275 in
1218 5219 1507 5291 Evangelio
1541 5240 1554 5276 :
1597 5221 1701 5288 Qui
1737 5224 1922 5279 viderit
1945 5223 2136 5278 mulie-

553 5325 660 5363 rem
696 5310 764 5364 ad
794 5310 1264 5382 concupiscendum
1307 5328 1446 5378 eam,
1479 5313 1599 5384 jam
1639 5317 1941 5371 moechatus
1979 5326 2053 5370 est
2083 5315 2138 5370 in

553 5401 709 5456 corde
748 5419 867 5470 suo,
914 5403 1195 5461 mulierem
1224 5402 1473 5461 videlicet
1512 5407 1786 5478 appellans
1813 5408 2138 5481 generaliter

2244 4763 2500 4819 daeorum
2531 4759 2574 4792 ¹⁹
2607 4761 2660 4814 in
2709 4759 2992 4830 negatione
3014 4755 3280 4821 veritatis,
3317 4754 3654 4820 aliarumque
3693 4765 3828 4822 gen-

2247 4856 2378 4912 tium
2433 4855 2487 4909 in
2542 4852 2842 4909 fabularum
2891 4851 3181 4907 ludibrium
3209 4848 3255 4881 ²⁰
3307 4844 3717 4910 deliramentis,
3777 4846 3828 4898 in

2245 4946 2552 5002 vanissimis
2595 4945 2893 5016 phantasiis
2937 4959 3145 5008 eorum,
3178 4956 3317 5012 quae
3363 4941 3465 4996 sibi
3502 4939 3686 4994 futura
3723 4941 3826 4993 tin-

2245 5048 2401 5110 gunt,
2429 5039 2554 5093 dum
2593 5037 2724 5092 nihil
2751 5038 2803 5092 in
2842 5037 2920 5092 eis
2951 5035 3225 5092 invenient
3257 5040 3471 5104 praeter
3510 5032 3826 5101 incompre-

2246 5130 2536 5188 hensibilcs
2563 5131 2796 5193 umbras,
2824 5127 3100 5198 suppliciis
3139 5121 3460 5194 relinquitur
3497 5129 3821 5190 torquenda.

2245 5221 2599 5280 universitate
2619 5230 2934 5276 naturarum
2949 5221 2992 5254 “
3009 5220 3272 5274 bonorum
3299 5215 3564 5286 totiusque
3587 5221 3825 5268 naturae

2245 5332 2276 5371 a
2300 5316 2412 5372 Deo
2438 5323 2653 5372 creatae
2682 5313 2916 5384 integra,
2942 5311 3274 5382 plenissima,
3303 5307 3676 5378 impunitaque
3703 5320 3824 5375 per-

2243 5414 2516 5462 manente.
2586 5405 2839 5461 Ceterum
2899 5401 3161 5475 generalis
3229 5399 3469 5456 omuium
3531 5394 3826 5464 impiorum

1856 5499 2114 5554 VARIAE
2153 5496 2556 5554 LECTIONES.

626 5586 644 5617 ¹
667 5584 759 5642 Sic
789 5586 906 5648 CF:
931 5589 975 5642 Α
1005 5606 1225 5644 sumere.
1303 5591 1325 5621 ²
1354 5588 1444 5644 Sic
1472 5589 1587 5656 CF;
1618 5592 1660 5644 Α
1695 5599 2010 5646 construere.
2089 5589 2110 5622 ³
2131 5589 2222 5645 Sic
2251 5589 2357 5657 CF;
2389 5591 2433 5644 A
2469 5587 2700 5658 Relatiue
2728 5587 3008 5658 siquidem.
3082 5583 3104 5615 ⁸
3138 5583 3231 5658 Sic
3249 5582 3366 5658 CF;
3390 5581 3435 5635 Α
3472 5598 3510 5658 ρ
3526 5578 3654 5658 __Deo
3695 5595 3817 5658 pro-

551 5658 784 5728 cessisse.
861 5659 882 5691 '
913 5658 1003 5714 Sic
1049 5659 1133 5714 CF
1154 5663 1171 5726 ;'
1211 5660 1254 5714 A
1288 5650 1585 5715 contendit;
1651 5660 1671 5692 ⁸
1701 5660 1789 5715 Sic
1830 5661 1948 5728 CF;
1995 5663 2036 5715 A
2080 5650 2355 5715 naturalis
2382 5661 2520 5714 boni.
2597 5658 2620 5692 ⁷
2656 5657 2747 5714 Sic
2790 5650 2908 5719 CF;
2952 5660 2991 5708 Α
3022 5665 3069 5710 et
3092 5654 3393 5728 cogitanda.
3471 5650 3582 5728 {Et
3607 5666 3724 5703 om.

551 5727 646 5798 ’ΔΑ
671 5745 729 5782 eo
759 5737 936 5783 tamen
985 5746 1038 5798 p.
1089 5747 1142 5786 v.
1194 5731 1453 5786 abutitur.
1531 5732 1574 5764 ¹⁰
1619 5729 1710 5786 Sic
1736 5731 1852 5798 CF;
1880 5732 1925 5785 A
1962 5735 2198 5797 accipiet.

815 5792 1195 5874 ἦμες-όηὶᾉΑ.Δ
1257 5801 1373 5874 ξδμΑ
1405 5804 1662 5856 naturalis
1702 5792 1849 5857 boni.
1919 5792 2181 5874 “CF-ac.
2256 5802 2302 5874 ξ’
2335 5803 2381 5857 Α
2435 5800 2767 5874 generaliter.
2846 5792 2889 5833 ‘3
2929 5797 3332 5870 Aper/ictorum.
3409 5797 3451 5833 ¹⁹
3491 5792 3812 5848 Judaeonm

848 5870 891 5900 ²⁰
915 5869 1006 5926 Sic
1025 5870 1106 5926 CF
1126 5888 1140 5938 ;
1175 5871 1212 5925 Α
1249 5871 1505 5939 falsarum
1534 5874 1828 5931 libidinum.
1903 5874 1946 5906 ²¹
1977 5873 2024 5929 Α
2047 5873 2391 5930 naturalium.

554 5795 715 5851 ciens.

555 5880 665 5921 om.
699 5868 738 5922 Α

2278 5732 2317 5763 ¹¹
2349 5732 2393 5786 Α
2440 5731 2493 5784 in
2538 5730 2635 5784 eis.
2714 5730 2758 5760 ¹¹
2789 5729 3089 5793 cupiditatis
3135 5721 3244 5779 oin.
3287 5723 3388 5777 CF.
3469 5723 3580 5793 “7A
3610 5721 3814 5786 prospi-
