4008 6286
250 369 354 431 977
1105 370 1196 427 DE
1233 368 1575 429 DlVlSlONE
1613 370 1964 430 NATURAE.
2004 406 2073 420 --
2110 377 2317 434 LIBER
2354 379 2676 449 QUINTUS.
3403 385 3505 442 978

248 498 422 557 poena
452 482 580 549 erit,
610 491 671 538 ut
702 495 861 553 saepe
895 480 1151 551 diximus,
1192 482 1369 540 luctus
1404 490 1460 538 et
1495 482 1714 539 tristitia
1762 483 1829 540 de
1853 491 1909 552 Α
1932 488 2039 545 niis
2060 489 2363 546 divinarum
2385 491 2645 548 virtutum
2669 491 2872 549 laboris
2896 494 2979 549 sui
3006 496 3328 564 mercedem,
3360 497 3512 555 insu-

252 577 600 638 absentia,et
645 575 946 647 perditione
990 591 1193 643 rerum,
1237 576 1434 647 quibus
1472 575 1524 630 in
1574 576 1678 632 hac
1722 576 1833 631 vita

254 667 696 733 delectabantur,
758 682 988 737 quarum
1038 667 1352 738 pliantasias
1401 680 1615 737 semper
1667 665 1836 723 veluti

253 770 384 825 prae
427 755 600 811 oculis
637 756 945 823 habebunt,
983 756 1611 828 quas-comprehendere
1643 756 1841 819 arden-

256 860 340 905 ter
365 848 642 917 cupientes
658 846 977 917 nequibunt,
1003 848 1257 917 quoniam
1284 845 1414 901 nihil
1445 853 1590 909 sunt,
1617 846 1838 916 cupien-

257 948 342 996 tes
371 937 793 994 consolationem
838 938 1036 993 babere
1067 937 1123 992 in
1156 939 1173 969 ¹
1204 937 1311 1004 his,
1336 951 1477 1007 quae
1509 937 1843 1007 desperatio-

254 1043 380 1085 nem
427 1029 678 1100 ingerunt
720 1035 777 1083 et
817 1026 1262 1099 inquietudinem.
1317 1025 1456 1081 Hinc
1497 1025 1670 1080 oritur
1717 1039 1838 1081 sera

254 1120 586 1191 poenitentia
612 1160 630 1174 .
696 1118 1008 1190 inutilisque
1066 1118 1453 1174 consolationis
1506 1116 1795 1189 postulatio
1822 1157 1839 1184 ,

257 1215 402 1284 quod
431 1229 527 1285 per
562 1213 798 1286 linguam
829 1212 1011 1270 divitis
1036 1212 1299 1285 guttulam
1329 1226 1504 1283 aquae
1529 1212 1595 1266 de
1628 1225 1841 1266 summo

258 1307 427 1377 digito
474 1306 727 1378 pauperis
776 1305 966 1361 Lazari
1008 1304 1242 1376 petentis
1285 1312 1341 1359 et
1395 1303 1654 1366 dicentis,
1713 1302 1840 1374 quia

256 1401 467 1455 crucior
488 1400 545 1454 in
583 1400 683 1454 hac
710 1400 946 1469 ﬂamma,
993 1396 1351 1469 significatur.
1394 1394 1601 1466 Lingua
1645 1393 1843 1464 quippe

257 1492 634 1565 postulationis
663 1492 849 1548 auxilii
889 1491 1105 1545 ﬂamma
1155 1490 1342 1545 tardae
1378 1488 1445 1543 de
1474 1486 1685 1542 delictis
1717 1500 1846 1554 poe-

261 1589 522 1644 nitentiae
549 1629 563 1655 ,
623 1603 764 1659 aqua
818 1587 1130 1656 refrigerii,
1185 1585 1407 1657 digitus,
1446 1582 1843 1640 distributionis

266 1683 608 1747 meritorum,
639 1698 745 1753 qua
786 1683 1080 1738 creduntur
1128 1679 1306 1737 sancti
1347 1686 1470 1750 post
1498 1678 1639 1732 lianc
1676 1676 1843 1731 vitam

260 1784 424 1840 posse
471 1780 748 1840 praestare
797 1768 1054 1823 auxilium
1103 1767 1206 1833 liis,
1239 1766 1330 1836 qui
1371 1766 1424 1820 in
1461 1760 1649 1835 poenis
1694 1771 1841 1829 sunt,

1935 594 2033 651 per
2053 581 2218 637 etiam
2246 581 2603 638 deificationis
2627 584 2855 653 gratiam
2892 587 3179 657 accipient.
3229 587 3388 644 Aliud
3426 597 3510 645 cst

1934 676 2081 731 enim
2095 676 2233 731 intra
2249 686 2477 731 naturae
2488 676 2629 731 bona
2642 691 2878 742 manere,
2897 677 3037 749 quod
3046 678 3385 751 generaliter
3394 697 3508 736 om-

1936 767 2097 823 nibus
2121 767 2301 824 divina
2322 767 2571 839 largitate
2590 768 2971 839 praestabitur,
2992 769 3395 829 aliud’omnem
3416 790 3510 829 na-

1937 865 2113 914 turam
2129 858 2354 931 ejusque
2366 860 2509 916 bona
2529 874 2808 931 superare,
2823 869 2879 915 et
2903 861 2970 917 ad
3009 862 3183 932 ipsum
3205 866 3371 920 Deum
3396 881 3513 936 per-

1939 952 2143 1017 venire,
2159 951 2301 1022 quod
2323 952 2599 1023 proprium
2625 961 2711 1009 est
2736 953 2953 1009 divinae
2983 956 3204 1026 gratiae;
3241 956 3340 1012 Ubi
3367 958 3510 1013 enim

1941 1041 2099 1111 fuerit
2147 1058 2355 1113 corpus,
2399 1043 2503 1098 hoc
2537 1050 2621 1098 est
2648 1043 2869 1110 veritas,
2910 1043 3037 1099 illuc
3066 1048 3514 1117 congregabantur

1940 1130 2172 1203 aquilae,
2201 1133 2305 1188 hoc
2325 1142 2409 1188 est
2434 1133 2621 1201 animi,
2653 1135 2745 1205 qui
2774 1150 2895 1191 eam
2926 1138 3338 1208 contemplaturi
3366 1149 3513 1195 sunt.

1941 1224 2009 1280 Et
2038 1224 2230 1280 iterum
2256 1240 2463 1290 eorum,
2495 1226 2583 1296 qui
2610 1227 2868 1283 terminos
2898 1228 3223 1285 naturalium
3250 1231 3516 1287 bonorum

1942 1333 2050 1372 non
2071 1317 2345 1373 excessuri
2367 1328 2513 1383 sunt,
2530 1318 2582 1373 in
2604 1316 2793 1375 formis
2813 1319 2856 1352 ¹⁸
2880 1320 3255 1392 imaginalibus
3276 1323 3316 1354 “
3336 1337 3522 1393 specu-

1944 1408 2074 1464 latio
2100 1417 2203 1464 est.
2236 1408 2409 1465 Aliter
2435 1409 2581 1464 enim
2622 1409 3035 1466 considerantur
3068 1410 3122 1466 in
3152 1412 3260 1477 bis,
3292 1412 3382 1483 qui
3416 1428 3522 1469 me-

1944 1505 2050 1557 rito
2098 1501 2273 1558 bonae
2309 1502 2734 1559 conversationis
2775 1503 3140 1575 simplicisque
3180 1506 3521 1563 innocentiae

1944 1608 2050 1649 non
2074 1593 2248 1649 solum
2270 1609 2457 1650 omnes
2474 1609 2676 1664 poenas
2700 1596 2933 1659 evasuri,
2961 1612 3148 1653 verum
3174 1598 3333 1653 etiam
3358 1614 3518 1670 prae-

1945 1687 2053 1741 mia
2085 1685 2187 1741 sibi
2208 1686 2473 1756 condigna
2506 1702 2572 1741 ac
2605 1687 2706 1741 soli
2738 1688 2848 1743 Deo
2873 1688 3088 1760 cognita
3130 1691 3419 1760 recepturi,
3447 1690 3522 1745 ita

1945 1790 2082 1835 utet
2105 1778 2150 1811 “
2180 1778 2443 1834 naturalia
2472 1779 2610 1835 bona
2640 1780 2968 1850 possideant,
2996 1788 3051 1836 et
3094 1780 3522 1852 superaflluentis

266 1871 454 1932 typum
481 1862 639 1933 gerit.
672 1860 752 1916 Ex
787 1861 891 1916 hoc
928 1860 1073 1916 enim
1115 1858 1233 1915 loco
1261 1857 1420 1912 datur
1456 1857 1699 1929 intelligi,
1734 1871 1840 1910 non

1952 1871 2160 1927 divinae
2187 1870 2455 1942 largitatis
2480 1870 2878 1939 quodammodo
2897 1872 3187 1942 participes
3224 1871 3371 1935 ﬁant,
3414 1887 3521 1926 non

259 1954 435 2010 solum
457 1955 699 2009 viventes
725 1954 901 2009 adhuc
928 1954 982 2008 itt
1004 1952 1225 2017 carne',
1242 1966 1427 2006 verum
1448 1950 1612 2005 etiam
1643 1947 1841 2019 spolia-

266 2052 348 2099 tas
375 2058 539 2099 carne
574 2044 784 2099 animas
809 2043 1067 2109 auxilium
1100 2053 1408 2099 sanctorum
1443 2049 1627 2112 petere
1665 2053 1842 2111 posse,

260 2136 377 2192 sive
401 2142 460 2188 ut
486 2135 700 2205 penitus
729 2134 1025 2191 liberentur
1052 2149 1082 2189 a
1119 2135 1324 2204 poenis,
1367 2134 1481 2189 sive
1510 2141 1569 2187 ut
1613 2132 1795 2187 minus
1822 2131 1846 2165 ⁸

260 2226 575 2283 crucientur
606 2226 661 2281 in
693 2226 805 2293 eis;
854 2226 1124 2281 incassum
1155 2234 1334 2280 tamen
1359 2232 1567 2294 petere,
1594 2222 1641 2278 si
1663 2222 1719 2277 in
1747 2222 1849 2278 hac

260 2319 376 2373 vita
396 2318 449 2373 in
472 2316 799 2388 profundum
825 2316 1064 2372 malitiae
1090 2316 1359 2382 cecidere,
1391 2315 1494 2371 ltoc
1517 2323 1621 2381 est,
1645 2314 1688 2368 si
1720 2313 1835 2368 nul-

262 2427 374 2465 tum
403 2412 601 2466 bonum
624 2411 679 2467 in
724 2412 827 2466 hac
874 2411 985 2465 vita
1018 2418 1360 2481 peregerunt,
1402 2425 1508 2480 quo
1540 2416 1850 2464 mereantur

265 2502 691 2558 misericordiam
721 2502 775 2555 in
804 2500 1007 2555 futura.
1039 2501 1134 2555 Est
1172 2500 1331 2554 etiam
1362 2498 1465 2553 alia
1495 2498 1669 2553 forma
1722 2512 1850 2568 poe-

264 2608 458 2649 narum
481 2592 732 2649 omnibus
759 2592 937 2663 impiis
971 2592 1305 2658 communis,
1333 2605 1473 2661 quae
1505 2589 1684 2645 ontnia
1720 2589 1849 2643 vitia

266 2685 322 2741 in
365 2686 467 2740 hac
493 2686 601 2740 vita
646 2692 976 2756 perpetrata,
1009 2694 1065 2739 et
1092 2685 1143 2738 in
1177 2683 1372 2753 quibus
1396 2696 1570 2752 usque
1598 2681 1666 2736 ad
1694 2694 1850 2750 sepa-

270 2776 535 2832 rationein
563 2776 805 2847 corporis
847 2785 905 2832 et
951 2776 1166 2830 animae
1213 2774 1419 2844 absque
1442 2772 1547 2827 ulla
1574 2772 1852 2843 poeniten-

270 2871 344 2924 tia
394 2879 487 2925 ant
538 2869 719 2939 aliqua
768 2867 1055 2924 occasione
1117 2867 1449 2938 purgationis
1497 2872 1620 2935 post
1655 2877 1853 2932 corpus

269 2971 667 3032 perseveratur,
691 2962 749 3017 in
780 2961 1017 3017 trucibus
1045 2959 1502 3027 horribilibusque
1520 2956 1687 3013 veluti
1709 2955 1854 3010 fero-

270 3056 413 3109 cium
450 3055 748 3112 bestiarum
774 3055 1057 3125 speciebus
1110 3053 1177 3109 ad
1225 3052 1501 3108 cumulum
1551 3058 1851 3107 tormento-

272 3165 390 3204 rum
429 3149 788 3214 administrat,
812 3157 889 3213 ut,
911 3163 1051 3218 quae
1079 3148 1168 3201 ltic
1193 3144 1585 3201 delectabiliter
1613 3141 1639 3175 ⁸
1687 3141 1852 3212 impie

1945 1974 2123 2019 tamen
2152 1961 2387 2019 deiﬁcati
2420 1981 2432 2016 :
2464 1962 2621 2019 aliter
2646 1964 2699 2018 in
2734 1963 2839 2030 his,
2874 1964 2928 2018 itt
2967 1965 3162 2034 quibus
3191 1964 3525 2020 solummodo

1946 2066 2174 2112 naturae
2196 2055 2483 2127 integritas
2509 2056 2923 2121 restanrabilur,
2953 2055 3195 2112 maleﬁca
3229 2054 3276 2088 ¹⁸
3313 2070 3443 2111 vero
3469 2063 3525 2109 et

1947 2149 2235 2205 libidinosa
2256 2148 2491 2204 carnalis
2513 2163 2700 2204 eorum
2731 2148 2878 2204 vitae
2908 2149 3319 2220 intemperantia
3351 2156 3524 2204 aeter-

1947 2238 2032 2295 nis
2054 2238 2309 2309 punietur
2329 2237 2626 2309 suppliciis.
2673 2236 2824 2305 Quae
2866 2239 3116 2295 videlicet
3157 2238 3415 2309 supplicia
3445 2238 3527 2293 di-

1947 2332 2088 2387 vinis
2115 2331 2325 2403 legibus
2353 2331 2625 2394 ordinata,
2652 2340 2895 2394 naturae,
2926 2331 3066 2385 intra
3092 2328 3247 2398 cujus
3273 2330 3526 2385 virtutem

1947 2434 2002 2482 et
2029 2426 2368 2482 sustinentur
2419 2433 2476 2479 et
2516 2424 3068 2495 comprehenduntur,
3098 2439 3365 2494 nusquam
3392 2440 3527 2479 nuu-

1949 2534 2110 2589 quam
2157 2526 2283 2573 sunt
2326 2517 2594 2581 nocitura,
2623 2516 2809 2586 ejusve
2839 2517 3294 2589 pulchritudinem
3332 2531 3432 2572 nec
3472 2517 3525 2571 in

1953 2620 2085 2676 toto,
2110 2625 2213 2665 nec
2250 2610 2302 2664 in
2325 2618 2481 2681 parte
2523 2609 2807 2666 infectura.
2841 2609 3215 2681 Unusquisque
3256 2609 3437 2678 itaque
3476 2608 3528 2662 in

1950 2722 2046 2764 sua
2078 2704 2410 2762 conscientia
2439 2704 2580 2759 intra
2610 2702 2955 2772 semetipsum
2998 2711 3087 2755 aut
3128 2700 3367 2771 praemia
3400 2699 3533 2754 reci-

1950 2801 2085 2870 piet,
2117 2808 2209 2855 aut
2237 2813 2439 2869 poenas
2466 2796 2605 2861 luet;
2632 2796 2746 2866 ipsa
2766 2809 2893 2852 vero
2923 2793 2964 2826 ιδ
2991 2801 3183 2848 natura
3209 2792 3264 2848 in
3283 2790 3532 2847 omnibus

1952 2890 2123 2946 libera
2157 2888 2514 2960 permanebit.
2542 2887 2813 2943 Hactenus
2838 2886 2904 2941 de
2927 2885 3012 2940 his
3043 2899 3057 2938 :
3095 2898 3237 2940 nunc
3276 2883 3342 2938 ad
3385 2881 3531 2937 redi-

1954 2991 2067 3037 tum
2094 2990 2379 3038 creaturae
2403 2980 2457 3034 in
2491 2978 2777 3050 pristinum
2805 2984 3031 3043 statum,
3056 2976 3120 3032 de
3140 2990 3248 3046 quo
3267 2972 3536 3046 principac

1954 3072 2082 3128 liter
2121 3070 2507 3126 sermocinatio
2552 3077 2657 3135 est,
2695 3066 3050 3124 redeundum.
3098 3066 3243 3121 Dtsc.
3285 3063 3536 3120 Redeun-

1956 3170 2081 3221 tlum
2110 3179 2259 3232 sane,
2286 3179 2352 3219 ac
2382 3173 2591 3234 tempus
2612 3160 2780 3231 exigit
2808 3159 3195 3231 prolixitasque
3218 3156 3537 3228 disputatio-

272 3240 581 3296 viventibus
600 3240 863 3306 arrident,
879 3238 988 3295 illic
1014 3239 1328 3294 terribiliter
1354 3228 1850 3309 appareantjustis-

1956 3257 2057 3312 nis.
2090 3255 2159 3311 Et
2190 3228 2402 3320 vereor,
2426 3228 2511 3310 ne-
2531 3252 2669 3309 forte
2697 3228 2925 3322 bim—qui
2963 3250 3153 3306 lecturi
3178 3255 3324 3313 sunt,
3359 3247 3538 3303 multi-

272 3333 413 3388 simo
441 3331 697 3403 puniendi
726 3332 903 3386 modo.
927 3329 1067 3397 Quid
1111 3330 1256 3385 enim
1307 3329 1536 3400 aequius
1578 3338 1664 3384 est
1712 3328 1850 3384 divis

273 3440 484 3496 uaeque
520 3423 841 3480 ordinationi
877 3424 1277 3493 congruentius,
1299 3440 1460 3493 quam
1487 3433 1546 3477 ut
1584 3438 1680 3489 ea,
1714 3438 1854 3492 quae

275 3516 332 3571 in
362 3516 464 3571 bac
490 3515 600 3571 vita
628 3514 815 3570 illicito
836 3529 1020 3569 amore
1049 3514 1300 3569 ardentes
1322 3522 1621 3583 sequuntur
1646 3510 1854 3581 iujusti,

275 3609 333 3664 in
362 3608 468 3663 alia
492 3608 626 3675 vita,
652 3622 791 3679 quae
821 3608 1022 3663 rectius
1058 3616 1313 3662 aeternae
1354 3606 1546 3662 mortis
1593 3605 1856 3663 vocabulo

275 3701 627 3775 significatur,
651 3702 852 3773 ingenti
875 3717 1076 3772 pavore
1097 3701 1270 3757 territi
1301 3699 1507 3771 fugiant
1531 3700 1726 3770 puniti,
1754 3715 1857 3756 nec

277 3804 455 3852 tamen
471 3796 702 3851 evadere
728 3794 989 3849 valituri?
1023 3794 1165 3850 llaec
1195 3802 1375 3849 autem
1400 3807 1591 3849 omnes
1613 3800 1855 3849 ceterae-

275 3902 382 3957 que
418 3885 714 3943 inetl‘abiles
740 3894 795 3942 et
821 3885 1244 3941 innumerabiles
1275 3900 1572 3954 poenarum
1609 3890 1633 3923 ⁸
1679 3884 1859 3940 varie-

278 3986 417 4032 tates
434 3976 491 4032 in
518 3977 822 4047 pbantasiis
855 3991 1033 4032 rerum
1074 3976 1409 4032 sensibilium
1445 3974 1657 4031 futurae
1706 3982 1852 4030 sunt.

279 4068 602 4125 Phantasiae
647 4077 828 4125 autent
859 4069 912 4124 in
964 4069 1244 4124 latissimis
1273 4067 1567 4123 memoriae
1601 4066 1810 4136 campis
1837 4064 1858 4098 °

277 4162 394 4218 sive
436 4162 522 4218 hic
554 4164 668 4218 sive
696 4162 807 4218 illic
834 4160 1237 4217 ordinatissime
1264 4165 1285 4198 τ
1308 4160 1687 4229 disponuntur.
1716 4157 1860 4224 Quo-

277 4272 398 4311 rum
449 4257 657 4327 primus
701 4264 786 4312 est
839 4271 1047 4322 earum,
1071 4271 1210 4325 quae
1246 4270 1344 4325 per
1369 4255 1564 4319 visum,
1592 4253 1861 4309 secundus

277 4363 489 4413 earum,
508 4362 648 4420 quae
675 4363 771 4418 per
793 4348 1055 4413 auditum,
1089 4347 1281 4402 tertius
1330 4360 1552 4411 earum,
1577 4359 1719 4415 quae
1764 4359 1863 4415 per

278 4438 561 4506 olfactum,
583 4447 807 4510 quartus
839 4454 1047 4506 earum,
1072 4453 1213 4509 quae
1236 4452 1334 4510 per
1370 4449 1610 4510 gustum,
1641 4436 1863 4506 quintus

276 4544 486 4596 earum,
506 4544 645 4600 quae
674 4544 770 4600 per
790 4538 1010 4596 tactum,
1044 4529 1208 4586 veluti
1249 4544 1346 4600 per
1391 4530 1630 4601 quinque
1673 4538 1861 4599 portas

1954 3349 2079 3420 plex
2108 3348 2472 3419 perplexaque
2517 3344 2815 3400 earundem
2861 3358 3041 3398 rerum
3092 3341 3342 3411 repetitio
3383 3340 3536 3394 fasti-

1957 3436 2103 3492 dium
2134 3435 2338 3506 gignat.
2365 3433 2504 3490 MAG.
2540 3431 2802 3503 Perplexa
2829 3429 3053 3485 materia
3083 3427 3540 3483 dilﬁcillimarum-

1956 3539 2063 3597 que
2092 3539 2270 3580 rerum
2303 3521 2577 3578 anfractus
2604 3520 2951 3591 multiplicem
2987 3518 3406 3590 perplexamque
3447 3531 3537 3570 ra-

1955 3616 2358 3673 tiocinationem
2389 3613 2629 3684 exigunt,
2664 3622 2720 3666 et
2746 3609 2991 3667 fortassis
3014 3624 3119 3664 non
3146 3609 3392 3671 deerunt,
3419 3605 3538 3676 qui-

1955 3711 2059 3767 bus
2080 3710 2252 3781 magis
2276 3708 2510 3779 placebit
2547 3705 2801 3777 frequens
2844 3705 3137 3761 earundem
3167 3718 3348 3760 rerum
3383 3716 3538 3772 repe-

1957 3800 2097 3866 titio,
2150 3815 2311 3869 quam
2359 3798 2540 3852 brevis
2584 3797 2893 3867 cursimque
2954 3795 3261 3868 ingrediens
3313 3794 3380 3849 de
3432 3792 3536 3857 his,

1957 3908 2098 3963 quae
2139 3905 2299 3961 saepe
2343 3890 2542 3946 mentis
2579 3890 2749 3945 aciem
2800 3888 3029 3960 fugiunt,
3075 3887 3362 3952 intimatio,
3399 3899 3539 3955 quae

1956 3984 2094 4041 solet
2114 3982 2327 4038 facilius
2353 3982 2571 4038 cludere
2603 3983 2821 4036 obtrusa
2837 3996 2999 4050 quam
3041 3979 3272 4048 aperire,
3322 3985 3377 4033 et
3418 3991 3538 4031 am-

1959 4075 2252 4148 phiboliam
2283 4071 2484 4129 inferre
2508 4087 2669 4143 quam
2710 4069 2998 4140 expellere.
3047 4069 3193 4124 Dtsc.
3236 4068 3538 4140 Ingredere,

1959 4181 2067 4236 quo
2090 4174 2145 4221 et
2173 4162 2317 4235 quali
2350 4163 2508 4218 modo
2536 4161 2651 4227 vis;
2684 4168 2892 4216 tantum
2922 4168 2981 4214 ut
3002 4157 3355 4230 principalem
3380 4171 3542 4227 quae-

1959 4257 2214 4322 stionem,
2245 4269 2384 4327 quae
2410 4254 2478 4309 de
2518 4252 2694 4308 reditu
2717 4258 2821 4318 est,
2859 4248 3221 4329 absque-ullis
3255 4247 3540 4303 incidenti-

1958 4349 2060 4405 bus
2086 4344 2491 4418 quaestionibus
2514 4342 2794 4400 discutias.
2822 4341 3123 4397 lncidentes
3148 4339 3342 4411 quippe
3371 4350 3539 4408 quae-

1962 4442 2167 4499 stiones
2186 4438 2347 4494 llnem
2373 4434 2720 4507 disputationi
2750 4432 3050 4506 impediunt
3075 4431 3370 4502 imponere.
3399 4427 3539 4485 MAG.

1964 4535 2041 4592 De
2062 4530 2296 4606 generali
2327 4529 2489 4585 totius
2514 4526 2785 4584 sensibilis
2804 4533 3084 4581 creaturae
3105 4522 3161 4578 in
3192 4535 3386 4578 causas
3413 4534 3542 4575 suas

276 4595 552 4676 civitatem
598 4595 811 4676 animae
869 4595 1092 4675 intrant.
1151 4595 1850 4690 Quarunnphantas—iarum

1965 4595 2142 4687 reditu
2157 4628 2310 4684 ﬁnito
2331 4627 2530 4682 mundo
2542 4625 2846 4690 docuimus,
2862 4630 2917 4677 et
2931 4636 3072 4677 nunc
3085 4621 3280 4677 iterum
3298 4618 3543 4691 speciali-

277 4710 419 4765 duae
456 4707 662 4764 formae
687 4716 833 4765 sunt.
861 4708 980 4766 Una
1005 4724 1213 4775 earum,
1243 4709 1295 4763 in
1322 4709 1518 4779 quibus
1547 4707 1651 4773 bis,
1685 4707 1778 4776 qui
1802 4709 1856 4764 in

277 4806 383 4862 liac
411 4806 521 4861 vita
548 4805 704 4871 bene,
726 4807 820 4862 sed
843 4822 949 4862 non
972 4823 1181 4863 summe
1207 4808 1479 4874 vixerunt,
1526 4822 1860 4878 praeparan-

280 4909 367 4954 tur
395 4899 667 4969 praetnia;
701 4898 827 4963 alia,
857 4900 909 4953 in
934 4900 1130 4969 quibus
1159 4898 1263 4965 bis,
1311 4899 1404 4970 qui
1459 4899 1599 4955 male
1646 4900 1855 4966 vivunt,

278 4990 661 5059 dispensantur
680 4991 957 5062 supplicia.
999 4989 1275 5060 Siquidem
1315 4991 1519 5056 sancti,
1548 4991 1641 5062 qui
1679 4992 1858 5049 adhuc

279 5083 335 5137 in
367 5097 530 5139 carne
549 5085 847 5150 constituti,
862 5084 1062 5140 virtute
1084 5084 1312 5140 actionis
1334 5093 1390 5140 et
1427 5085 1688 5141 scientiae
1735 5100 1860 5142 car-

280 5190 406 5229 nem
435 5183 490 5231 et
511 5177 767 5232 mundum
797 5177 819 5209 ⁸
845 5192 1012 5248 seque
1058 5177 1204 5248 ipsos
1240 5185 1557 5248 superantes
1582 5192 1752 5248 usque
1792 5176 1862 5234 ad

281 5265 457 5335 ipsum
482 5266 648 5323 Deum
674 5267 958 5325 altitudine
981 5269 1449 5339 contemplationis
1475 5271 1859 5336 ascenderunt,

281 5371 392 5414 non
412 5357 466 5414 in
488 5359 788 5430 phantasiis
811 5376 993 5418 rerum
1022 5360 1380 5429 sensibilium,
1395 5360 1490 5418 sed
1519 5360 1576 5417 in
1601 5360 1865 5432 theopha-

1965 4731 2046 4779 ter
2061 4724 2126 4778 de
2147 4721 2320 4777 reditu
2342 4720 2609 4774 humanae
2633 4725 2858 4771 naturae
2885 4716 3080 4771 docere
3100 4713 3374 4770 debemus.
3405 4710 3542 4767 Tota

1965 4815 2148 4883 itaque
2166 4810 2475 4867 humanitas
2502 4810 2555 4864 in
2574 4809 2710 4879 ipso,
2734 4807 2826 4879 qui
2841 4821 2959 4863 eam
2978 4815 3143 4863 totam
3165 4805 3471 4876 assumpsit,
3489 4805 3542 4859 in

1966 4903 2252 4976 pristinum
2281 4914 2567 4956 reversura
2593 4907 2678 4955 est
2716 4907 2937 4965 statum,
2967 4897 3022 4953 in
3061 4896 3241 4953 Verbo
3267 4895 3360 4951 Dei
3390 4894 3542 4949 vide-

1967 4996 2091 5051 licet
2119 4995 2421 5050 incarnato.
2453 4990 2555 5059 Qui
2584 4990 2791 5047 reditus
2831 4990 3039 5046 duobus
3077 4988 3253 5044 modis
3297 4985 3545 5042 conside-

1964 5098 2139 5153 ratur,
2172 5100 2402 5157 quorum
2437 5098 2577 5140 unus
2596 5093 2699 5148 est,
2729 5082 2820 5153 qui
2845 5081 3008 5137 totius
3031 5080 3297 5135 humanae
3318 5085 3544 5132 naturae

1969 5182 2127 5239 docet
2173 5179 2231 5234 in
2285 5176 2502 5233 Christo
2574 5174 3047 5239 restaurationem,
3087 5171 3225 5226 alter
3269 5185 3420 5236 vero,
3451 5168 3544 5239 qui

1974 5287 2078 5328 non
2103 5268 2273 5326 solam
2304 5268 2474 5338 ipsam
2499 5266 2947 5321 restaurationem
2979 5261 3302 5332 generaliter
3336 5260 3546 5332 perspi-

1973 5364 2068 5431 cit,
2097 5375 2284 5419 verum
2311 5359 2472 5417 etiam
2498 5373 2713 5441 eorum,
2741 5357 2835 5430 qui
2861 5356 2918 5413 in
2949 5355 3126 5428 ipsum
3153 5355 3323 5412 Deum
3356 5367 3542 5410 ascen-

1561 5492 1820 5551 VARIAE
1857 5492 2258 5553 LECTlONES.

358 5635 376 5667 ί
405 5634 452 5690 Δ
471 5650 537 5691 ea:
559 5636 666 5692 his.
741 5637 763 5670 ⁸
786 5634 831 5690 Α
859 5636 915 5690 in
950 5651 1107 5691 carne
1135 5636 1328 5691 adhuc.
1404 5634 1426 5667 ⁸
1454 5631 1546 5690 Sic
1574 5631 1650 5700 A;
1685 5629 1771 5688 CF
1793 5632 1971 5687 mitius
2001 5634 2331 5689 crucientur.
2408 5631 2431 5663 ⁵
2456 5629 2547 5685 Sic
2568 5625 2689 5693 CF;
2717 5627 2762 5682 A
2793 5624 3160 5700 delectabilia._
3216 5626 3549 5700 “poenarum

282 5721 396 5760 om.
437 5707 504 5761 Α.
596 5708 617 5741 ⁸
643 5707 737 5763 Sic
781 5704 907 5772 CF;
963 5708 1006 5761 Δ
1037 5709 1197 5762 cavis.

284 5791 500 5847 omnem
550 5787 817 5833 naturam.
894 5777 937 5809 ¹⁰
974 5777 1019 5831 Α
1048 5777 1284 5845 biformis
1314 5776 1630 5847 speculatio.

291 5846 335 5879 “
375 5847 465 5904 Sic
493 5846 577 5905 CF
601 5851 687 5919 ;AA
731 5848 1012 5920 maleﬁcia.
1089 5847 1134 5880 “
1171 5864 1287 5903 vero
1313 5846 1422 5906 om.
1451 5846 1556 5903 CF.

1292 5707 1313 5739 '
1348 5704 1439 5760 Sic
1485 5702 1602 5766 CF;
1659 5704 1703 5759 Α
1743 5703 2140 5759 ordinatissimi.

2245 5703 2268 5735 ⁸
2292 5702 2337 5756 Α
2369 5715 2588 5758 carnem
2627 5699 2999 5766 mundumque.
3085 5697 3107 5730 ⁵
3134 5696 3180 5751 Α
3211 5693 3353 5749 aliud
3376 5703 3549 5748 autem

1738 5776 1779 5807 “
1821 5773 1912 5830 Sic
1952 5773 2028 5842 F;
2061 5773 2431 5846 imaginalibus
2454 5786 2562 5828 om.
2594 5769 2639 5824 A
2665 5785 2680 5837 ;
2707 5768 2749 5826 C
2778 5768 3109 5841 imaginibus.
3188 5767 3230 5798 “
3269 5774 3315 5821 et
3345 5781 3453 5821 om.
3482 5766 3547 5817 A.
