4008 6286
517 349 629 407 979

1884 313 2182 421 ’1οΑΝῇΙὸ
2218 364 2409 424 SCOTI

3673 391 3789 445 980

513 461 623 517 suri
638 470 793 530 sunt,
830 463 1211 529 beatitudinem
1238 475 1291 523 et
1319 466 1729 527 deiﬁcationem.
1754 471 1912 529 Aliud
1939 473 2081 531 enim
2108 479 2161 541 Α
2187 480 2283 536 sed
2332 495 2439 537 non
2476 488 2662 542 amnes
2712 472 3132 544 immutabimur.
3184 487 3317 546 Nam
3361 493 3452 563 qui
3498 495 3571 550 ab
3625 496 3787 553 initio

514 560 597 607 est
621 553 671 607 in
701 553 1008 623 paradisum
1038 556 1233 625 redire,
1275 559 1418 616 aliud
1448 561 1515 617 de
1562 561 1706 633 ligno
1737 564 1877 620 vitae
1918 580 2099 625 come-

512 643 656 699 dere.
680 643 928 716 Legimus
948 648 1165 719 quippe,
1180 650 1412 721 primum
1437 652 1709 711 hominem
1723 656 1788 711 ad
1811 658 2096 730 imaginem

509 742 561 789 et
603 734 1007 797 similitudinem
1051 740 1144 795 Dei
1192 740 1414 812 factum,
1460 743 1515 800 in
1561 747 1813 816 paradiso
1864 751 2094 820 positum

509 823 693 892 fuisse,
710 827 804 884 sed
826 844 931 885 non
955 829 1201 901 legimus,
1225 848 1348 890 eum
1364 834 1431 903 de
1457 836 1600 906 ligno
1616 838 1758 895 vitae
1776 844 2091 899 comedisse.

510 916 646 972 Esus
670 918 937 990 siquidem
968 925 1223 992 prohibiti
1264 926 1392 998 ligni
1418 930 1433 960 ¹
1458 942 1887 1004 praeoccupatus
1912 935 2097 993 dulce-

508 1008 631 1063 dine
656 1008 782 1081 ligni
812 1012 955 1068 vitae
981 1016 1001 1046 ²
1032 1025 1114 1071 est
1142 1019 1395 1088 expulsus
1423 1039 1434 1075 :
1464 1021 1710 1081 futurum
1741 1027 1940 1099 quippe
1977 1040 2096 1087 erat

507 1102 555 1156 ei
588 1104 652 1159 de
687 1104 829 1176 ligno
861 1107 1004 1164 vitae
1033 1112 1217 1177 edere,
1240 1113 1283 1167 si
1315 1113 1512 1173 divinis
1552 1122 1855 1191 praeceptis
1892 1122 2093 1179 voluis-

506 1205 587 1249 set
612 1211 838 1265 parere;
869 1197 1100 1256 feliciter
1123 1210 1298 1258 tamen
1329 1206 1570 1275 vixisset,
1592 1211 1754 1266 etiam
1778 1212 2089 1284 priusquam

505 1287 569 1341 de
618 1288 762 1360 ligno
801 1291 942 1346 vitae
985 1296 1290 1351 comederet
1319 1297 1361 1363 ³,
1391 1299 1438 1353 si
1495 1301 1700 1372 absque
1744 1319 1920 1372 mora,
1946 1317 2092 1376 post-

502 1393 664 1448 quam
697 1390 912 1441 crcatus
938 1394 1039 1451 cst,
1073 1401 1178 1440 non
1221 1399 1489 1457 peccaret.
1526 1390 1625 1447 Ubi
1659 1394 1816 1449 datur
1844 1396 2086 1468 intelligi,

491 1472 643 1542 quod
679 1480 784 1529 tota
831 1484 1015 1531 nostra
1049 1487 1261 1544 natura,
1296 1495 1435 1550 quae
1475 1485 1802 1552 generaliter
1825 1488 2088 1545 vocabulo

500 1563 731 1620 hominis
753 1567 819 1621 ad
856 1568 1142 1639 imaginem
1177 1580 1232 1627 et
1260 1574 1666 1632 similitudinem
1700 1579 1794 1634 Dei
1837 1578 1962 1636 facti
2007 1582 2084 1638 si-

500 1656 800 1725 guilicatur,
827 1659 879 1714 in
903 1662 1232 1731 paradisum,
1263 1665 1367 1722 hoc
1388 1676 1489 1735 est,
1518 1668 1567 1723 in
1591 1671 1875 1739 pristinam
1902 1674 2089 1729 condi-

503 1751 661 1805 tionis
697 1767 826 1809 suac
866 1754 1181 1825 dignitatem
1222 1773 1503 1816 reversuro
1555 1763 1645 1828 sit,
1690 1764 1740 1818 in
1788 1766 1872 1820 his
1908 1776 2084 1822 autem

2184 571 2380 627 mundi
2410 588 2582 645 usque
2625 576 2695 631 ad
2744 579 3036 635 secundum
3075 580 3285 637 Domini
3328 583 3645 653 adventum,
3677 589 3785 645 hoc

2195 668 2299 726 est,
2322 674 2493 732 usque
2519 665 2588 719 ad
2613 664 2773 723 ﬁnem
2798 667 2964 724 seculi
2991 672 3185 727 mortui
3202 681 3346 740 sunt,
3367 683 3422 731 et
3449 679 3782 748 moriuntur,

2182 763 2250 809 -et
2275 758 2521 814 morituri
2565 768 2693 816 sunt
2713 761 2789 831 η,
2819 777 2926 820 non
2952 766 3205 823 continuo
3230 768 3431 840 absque
3461 771 3570 825 ulla
3601 787 3780 841 mora,

2194 861 2380 904 verum
2415 851 2746 923 interpositis
2786 857 3172 928 temporalibus
3198 862 3389 930 spatiis
3418 866 3783 922 resurrectio-

2192 954 2314 995 nem
2344 956 2631 1013 corporum
2658 944 2704 977 ¹⁸
2722 958 3057 1003 communem
3085 960 3388 1019 expectant,
3415 964 3637 1024 praeter
3661 970 3781 1024 eos,

2192 1030 2282 1100 qui
2329 1047 2450 1087 cum
2495 1031 2714 1090 Christo
2748 1050 3157 1095 resurrexerunt
3188 1060 3200 1095 :
3243 1040 3315 1097 illi
3346 1058 3506 1111 vero,
3555 1058 3697 1116 quos
3728 1049 3782 1103 in

2192 1134 2356 1179 carne
2378 1124 2618 1182 viventes
2648 1126 2768 1183 ﬁnis
2798 1131 2981 1185 mundi
3009 1140 3065 1185 et
3091 1134 3353 1190 adventus
3384 1136 3599 1191 Domini
3634 1140 3785 1195 inte

2191 1217 2319 1282 niet,
2351 1234 2456 1275 non
2482 1220 2653 1277 solum
2681 1223 2968 1291 dormient,
3001 1241 3187 1282 verum
3214 1229 3377 1284 etiam
3407 1230 3781 1289 immutabuu-

2192 1316 2312 1373 tur;
2348 1309 2494 1366 nullo
2522 1311 2721 1385 quippe
2750 1317 3028 1387 temporali
3062 1319 3233 1389 spatio
3264 1322 3592 1392 interposito
3620 1325 3779 1379 simul

2191 1397 2457 1455 dormient
2480 1410 2534 1456 et
2558 1404 2905 1475 evigilabunt,
2934 1408 3038 1463 hoc
3059 1416 3161 1476 est,
3185 1412 3487 1468 morientur
3509 1425 3567 1469 et
3601 1430 3781 1469 resur-

2190 1496 2335 1554 gent,
2364 1490 2504 1545 sicut
2529 1492 2642 1563 ipse
2668 1496 2940 1565 apostolus
2969 1498 3117 1566 dicit,
3157 1501 3210 1555 in
3252 1514 3545 1569 momento,
3585 1506 3637 1559 in
3672 1506 3778 1561 icta

2188 1578 2352 1646 oculi,
2380 1581 2455 1636 ita
2480 1591 2538 1637 ut
2562 1584 2681 1655 plus
2706 1587 3006 1644 immutatio
3032 1591 3085 1645 in
3118 1591 3214 1657 eis,
3246 1609 3407 1663 quam
3440 1610 3592 1650 mors
3619 1598 3781 1667 pet-fio

2189 1672 2382 1727 ciatnr.
2414 1674 2692 1743 Quomodo
2720 1682 2864 1735 enim
2894 1697 3041 1738 mors
3068 1683 3401 1757 intelligitur,
3444 1689 3535 1742 ubi
3570 1691 3777 1745 nullum

2187 1766 2417 1833 spatium
2449 1766 2590 1823 inter
2615 1769 2817 1825 exitum
2852 1771 2917 1827 de
2960 1773 3063 1829 hac
3084 1775 3195 1829 vita
3224 1816 3239 1841 ,
3290 1785 3343 1831 et
3392 1780 3690 1833 transitum
3726 1782 3777 1834 in

496 1844 850 1915 solunnnodo,
891 1850 984 1919 qui
1024 1851 1044 1882 ι
1087 1852 1423 1911 deiﬁeatione
1464 1857 1607 1929 digni
1654 1868 1800 1926 sunt,
1831 1861 1960 1933 ligni
2004 1862 2084 1917 vi-
2109 1844 2158 1907 Β
2187 1857 2411 1914 8110mm
2468 1861 2879 1933 interponetur?
2944 1864 3046 1932 Qui
3102 1876 3281 1923 autem
3352 1871 3777 1939 lfanswlemm.

498 1943 581 1989 tae
607 1936 835 1994 fructum
885 1942 1245 2013 participabit.
1294 1945 1448 2016 Ligni
1500 1961 1682 2006 autem
1724 1952 1887 2018 vitae,
1937 1955 2080 2025 quod

494 2040 577 2085 est
606 2030 875 2101 Christus,
907 2034 1116 2094 fructus
1144 2048 1226 2096 est
1275 2042 1433 2101 beata
1481 2045 1609 2111 vita,
1640 2061 1745 2118 pax
1775 2057 1992 2105 aeterna
2025 2053 2079 2107 in

493 2127 944 2196 contemplatione
983 2131 1251 2199 veritatis,
1283 2150 1421 2205 quae
1449 2138 1670 2208 proprie
1696 2138 1896 2195 dicitur
1921 2140 2044 2197 deili
2064 2174 2077 2183 -

496 2218 656 2274 catio.
690 2218 785 2275 Est
815 2223 954 2276 enim
994 2223 1144 2278 beata
1186 2226 1313 2291 vita,
1343 2237 1402 2282 ut
1445 2229 1524 2283 ait
1559 2231 1911 2302 Augustinus,
1948 2250 2079 2304 gau-

494 2310 640 2364 dium
667 2312 731 2366 de
755 2314 984 2380 veritate,
1015 2333 1149 2385 quae
1173 2330 1246 2373 est
1284 2319 1542 2377 Christus.
1586 2322 1653 2379 Et
1693 2323 1941 2381 fortassis
1978 2328 2079 2384 hoc

492 2411 575 2455 cst
601 2401 743 2470 quod
785 2404 863 2458 ait
899 2404 1225 2475 Apostolus:
1258 2409 1450 2467 Omnes
1476 2414 1685 2486 quidem
1716 2432 2076 2488 resurgentus,

490 2490 580 2543 sed
605 2508 705 2546 non
727 2510 902 2550 onmes
924 2496 1334 2555 imntutabimur.
1356 2502 1448 2558 Sic
1475 2506 1620 2559 enim
1646 2507 1798 2563 multi
1823 2524 1885 2563 ac
1906 2509 2078 2580 “pene

490 2595 678 2637 omnes
702 2583 844 2640 hunc
890 2585 1065 2642 locum
1107 2590 1345 2660 Apostoli
1391 2593 1458 2649 de
1486 2592 1693 2652 Graeco
1721 2597 1775 2652 in
1824 2597 2075 2655 Latinum

493 2672 900 2731 transtulerunt.
934 2677 1011 2732 Ac
1042 2680 1083 2733 si
1114 2688 1297 2750 aperte
1328 2681 1533 2741 diceret
1563 2703 1576 2740 :
1609 2686 1810 2745 Omnes
1838 2705 1959 2757 nos,
1982 2691 2074 2762 qui

489 2762 733 2820 homines
785 2782 992 2836 sumus,
1041 2772 1253 2828 nemine
1301 2784 1547 2846 excepto,
1602 2778 1657 2834 in
1703 2780 2076 2851 spiritualibus

488 2860 802 2927 corporibus
838 2873 894 2916 et
937 2863 1247 2936 integritate
1299 2870 1624 2926 naturalium
1674 2872 1937 2931 bonorum
1990 2894 2076 2933 re-

487 2965 788 3022 surgemus,
815 2964 870 3008 et
897 2956 950 3009 in
980 2958 1353 3029 antiquitatem
1384 2962 1593 3031 primae
1623 2966 1951 3024 conditionis
1980 2986 2073 3025 no-

487 3050 635 3098 strae
671 3056 1026 3116 revertemur,
1073 3052 1167 3108 sed
1211 3068 1318 3109 non
1350 3069 1540 3113 onmes
1582 3058 1991 3116 immutabimur
2020 3065 2071 3118 in

492 3132 851 3191 deiﬁcationis
882 3138 1128 3210 gloriam,
1160 3158 1299 3213 quae
1336 3157 1557 3216 superat
1581 3162 1798 3206 omnem
1826 3162 2072 3209 naturam

2186 1964 2363 2006 omnes
2400 1952 2608 2023 quidem
2638 1954 3049 2023 immutabimur,
3079 1959 3170 2013 sed
3204 1977 3306 2015 non
3342 1977 3521 2017 omnes
3547 1964 3782 2018 dormie-

2181 2058 2318 2107 mus,
2342 2043 2476 2098 nihil
2500 2044 2642 2100 aliud
2666 2047 2919 2103 videntur
2950 2049 3103 2113 velle,
3139 2051 3237 2107 nisi
3272 2053 3414 2122 quod
3450 2069 3646 2110 omnes
3685 2055 3781 2110 ho-

2181 2131 2357 2187 mines
2404 2133 2457 2187 in
2493 2137 2888 2192 resurrectione
2933 2137 3110 2194 futura
3160 2140 3226 2196 de
3257 2144 3531 2211 praesenti
3582 2146 3693 2199 vita
3727 2146 3778 2201 in

2180 2224 2451 2294 futuram,
2490 2229 2580 2285 alii
2630 2240 2803 2288 morte
2840 2235 3081 2304 corporis
3126 2236 3475 2308 interposita,
3527 2240 3622 2295 alii
3672 2257 3778 2297 non

2180 2316 2496 2403 interposita
2518 2360 2532 2386 ,
2584 2321 3031 2391 immutabuntur,
3060 2328 3271 2398 quando
3294 2370 3308 2394 ,
3345 2337 3402 2384 ut
3444 2330 3592 2387 idem
3625 2335 3777 2403 Apo~

2178 2412 2349 2466 stolus
2379 2392 2476 2477 ait:
2502 2415 2834 2485 corruptibile
2854 2418 2974 2485 hoc,
3003 2432 3196 2489 corpus
3213 2419 3461 2476 videlicet
3479 2422 3553 2488 ",
3588 2424 3780 2480 indue-

2177 2509 2266 2553 tur
2290 2501 2334 2534 ¹⁵
2355 2501 2812 2572 incorruptionem,
2848 2514 2897 2559 et
2934 2506 3154 2562 mortale
3179 2508 3277 2563 hoc
3305 2509 3561 2565 inductur-
3588 2512 3633 2543 ¹⁶
3680 2515 3781 2566 im-

2174 2589 2590 2656 mortalitatem,
2630 2601 2680 2647 et
2714 2594 3069 2653 absorbebitur
3099 2613 3243 2652 mors
3283 2597 3339 2653 in
3380 2599 3683 2665 victoriam,
3726 2613 3775 2657 et

2176 2681 2485 2737 novissimus
2506 2683 2797 2739 inimicus"
2819 2686 3117 2741 destruetur
3141 2705 3301 2755 mors,
3325 2692 3419 2746 sed
3445 2706 3556 2747 non
3581 2708 3781 2749 omnes

2175 2770 2527 2840 dormiemus,
2569 2775 2673 2830 hoc
2698 2784 2802 2842 est,
2841 2791 2946 2832 non
2976 2791 3165 2834 omnes
3199 2790 3428 2838 mortem
3457 2785 3644 2839 carnis
3678 2799 3780 2856 pa-

2176 2864 2394 2930 tientur,
2418 2866 2731 2938 priusquam
2754 2869 2821 2924 de
2843 2869 2955 2924 vita
2985 2872 3262 2941 temporali
3291 2875 3343 2928 in
3367 2875 3532 2931 vitam
3561 2877 3776 2933 immit-

2173 2965 2356 3013 tentur
2384 2968 2679 3015 aeternam.
2730 2959 2862 3016 Nam
2905 2977 3040 3032 quos
3083 2964 3345 3021 adventus
3373 2966 3490 3023 Filii
3525 2969 3776 3026 hominis

2173 3051 2323 3106 vivos
2355 3051 2469 3123 jam
2512 3052 2565 3107 in
2592 3068 2755 3108 carne
2790 3057 3042 3125 reperiet,
3075 3073 3224 3115 mors
3252 3061 3493 3131 corporis
3521 3076 3628 3116 non
3659 3063 3780 3119 dis-

2174 3141 2364 3207 solvet,
2396 3157 2497 3198 nee
2522 3143 2914 3212 separationem
2955 3148 3199 3218 corporis
3223 3158 3279 3204 et
3312 3151 3524 3207 animae
3552 3155 3777 3224 patien-

484 3234 540 3280 et
567 3227 896 3296 paradisum.
936 3232 1118 3303 Itaque
1159 3235 1297 3291 sicut
1322 3236 1466 3293 aliud
1507 3249 1590 3295 est
1623 3243 1948 3311 generaliter
1985 3260 2071 3300 re-

2180 3242 2287 3298 tur,
2319 3234 2413 3289 sed
2448 3234 2784 3292 solummodo
2813 3237 2864 3290 in
2893 3248 3198 3305 momento,
3247 3240 3300 3295 in
3339 3241 3446 3296 ictu
3481 3245 3629 3300 oculi
3668 3245 3777 3300 im-

486 3331 731 3388 surgere,
761 3319 903 3379 aliud
939 3322 960 3352 ⁶
988 3324 1294 3392 specialiter
1331 3329 1605 3385 immutari
1644 3350 1656 3386 ι
1711 3334 1782 3388 ita
1811 3334 1954 3390 aliud
1994 3346 2075 3392 est

486 3404 537 3459 in
568 3408 874 3475 paradisum
904 3413 1104 3480 redire,
1136 3415 1280 3472 aliud
1326 3418 1395 3472 de
1430 3418 1576 3491 ligno
1598 3422 1740 3477 vltae
1763 3426 2068 3482 comedere.

484 3497 541 3551 In
580 3514 687 3553 uno
714 3502 979 3571 siquidem
1009 3509 1029 3540 τ
1062 3517 1289 3562 naturae
1341 3512 1681 3580 signiﬁcatur
1731 3518 2069 3585 restauratio,

486 3587 541 3641 in
594 3589 764 3646 altero
806 3593 1100 3651 electorum
1135 3601 1541 3655 commendatur
1569 3601 1593 3635 ⁸
1625 3603 1912 3660 dedicatio.
1962 3607 2073 3664 Hoc

483 3689 664 3737 autem
694 3684 834 3767 dico,
865 3702 971 3744 non
1000 3689 1256 3760 ignorans
1301 3693 1445 3748 bunc
1492 3693 1665 3750 locum
1709 3698 2062 3767 apostolicum

484 3774 642 3831 aliter
667 3760 736 3834 ab
760 3779 881 3836 aliis
917 3796 1039 3838 esse
1084 3784 1423 3840 translatum.
1462 3785 1690 3854 Quidam
1736 3791 1877 3845 enim
1909 3792 2072 3847 inter-

481 3870 673 3937 pretati
702 3880 845 3938 sunt,
860 3889 1037 3931 omnes
1051 3877 1261 3948 quidem
1285 3878 1627 3946 dormientes,
1653 3881 1742 3935 sed
1764 3899 1869 3937 non
1893 3900 2070 3940 omnes

480 3958 892 4029 immutabimur,
906 3967 1146 4036 quidam,
1173 3985 1239 4026 ex
1263 3971 1457 4040 quibus
1476 3981 1560 4027 est
1578 3972 1814 4030 Joannes
1831 3961 2070 4047 Chryso—

482 4061 708 4121 stomus,
738 4073 915 4113 omnes
942 4060 1153 4130 quidem
1186 4063 1602 4129 immutabimur,
1635 4066 1726 4119 sed
1747 4082 1851 4120 non
1892 4083 2068 4122 omnes

481 4144 816 4203 dormiamus.
865 4148 1105 4217 Quorum
1153 4153 1630 4224 interpretationes
1660 4156 1726 4209 ad
1768 4160 2069 4227 praesentis

480 4240 658 4308 operis
692 4244 962 4312 negotium
998 4260 1102 4299 non
1132 4247 1426 4316 pertinent,
1453 4257 1512 4303 ut
1535 4248 1745 4319 opinor.
1792 4250 1936 4307 Dtsc.
1959 4253 2070 4308 Cur

481 4346 584 4386 non
608 4338 962 4403 pertinuerint
978 4342 998 4375 '
1016 4340 1223 4409 ignoro.
1250 4341 1347 4406 Qui
1375 4343 1518 4397 enim
1548 4344 1615 4399 de
1635 4353 1918 4401 creaturae
1940 4361 2066 4402 sen-

483 4423 653 4477 sibilis
685 4427 861 4482 reditu
896 4429 1155 4498 disputat,
1181 4432 1422 4501 nunquid
1445 4448 1549 4488 non
1582 4434 1648 4488 de
1672 4439 2067 4495 resurrectione

481 4527 766 4583 corporum
798 4520 1035 4573 tractat?
1074 4520 1341 4605 Profecto.
1371 4521 1486 4578 Non
1515 4524 1659 4579 enim
1695 4525 1838 4581 aliud
1868 4537 1959 4583 est
1983 4545 2068 4584 re-

2175 3325 2532 3383 mutationem
2579 3328 2887 3394 habebunt,
2933 3328 3160 3399 ideoque
3196 3347 3303 3387 non
3343 3333 3633 3401 dormient,
3671 3338 3773 3392 sed

2172 3431 2405 3488 semper,
2439 3421 2582 3474 nulla
2614 3431 2789 3477 morte
2819 3424 3001 3479 carnis
3040 3424 3380 3495 interposita,
3407 3427 3608 3482 vivent.
3664 3428 3771 3484 Cui

2171 3514 2353 3568 sensui
2382 3516 2601 3570 omnino
2646 3514 2788 3570 favet
2818 3527 3037 3573 sanctus
3081 3517 3410 3589 Augustinus
3436 3528 3487 3574 et
3519 3519 3772 3575 Joannes

2170 3601 2609 3673 Chrysostomus.
2661 3605 2820 3661 Fides
2865 3608 3025 3661 etiam
3078 3607 3341 3663 catholica
3391 3608 3599 3664 videtur
3661 3612 3771 3667 hoc
3844 3625 3851 3630 ·

2171 3695 2495 3764 approbare,
2518 3711 2656 3767 quae
2694 3698 3074 3756 incunctanter
3105 3701 3301 3766 credit,
3337 3700 3616 3757 Dominum
3658 3720 3771 3759 no-

2171 3793 2342 3839 strum
2390 3784 2573 3840 Jesum
2622 3787 2897 3842 Christum
2941 3790 3185 3861 judicare
3231 3790 3380 3846 vivos
3426 3799 3477 3846 et
3515 3801 3772 3851 mortuos

2172 3885 2479 3941 venturum,
2510 3878 2665 3935 vivos
2690 3881 2931 3950 quidem,
2964 3897 3097 3953 quos
3130 3883 3395 3940 adventus
3417 3882 3612 3953 iudicis
3646 3901 3770 3941 ma-

2173 3973 2360 4022 nentes
2393 3968 2570 4023 adhne
2594 3969 2646 4023 in
2679 3985 2843 4025 carne
2880 3974 3131 4043 reperiet,
3168 3982 3410 4029 mortuos
3439 3988 3566 4030 vero
3587 4016 3601 4040 ,
3664 3977 3767 4047 qui

2165 4056 2277 4125 jam
2329 4059 2649 4115 solutionem
2698 4064 2942 4131 corporis
2986 4073 3041 4118 et
3090 4065 3301 4120 animae
3336 4067 3571 4137 perpessi
3601 4079 3762 4123 sunt.

2172 4147 2314 4203 Disc.
2348 4148 2462 4203 Non
2493 4151 2538 4183 ¹⁸
2565 4166 2694 4223 ergo
2724 4166 2945 4218 omnes,
2979 4155 3069 4225 qui
3096 4155 3150 4209 iu
3186 4158 3492 4225 paradisum
3525 4159 3761 4216 redituri

2169 4248 2313 4303 sunt,
2356 4240 2458 4295 hoc
2486 4250 2568 4296 est
2617 4242 2668 4295 in
2703 4245 2984 4314 pristinam
3015 4255 3242 4302 naturae
3272 4248 3540 4304 humanae
3560 4252 3764 4307 condi-

2171 4333 2390 4399 tionem,
2417 4333 2541 4403 ligni
2569 4336 2711 4390 vitae
2742 4336 2975 4393 fructum
3002 4339 3437 4411 partlcipabuutl
3464 4342 3601 4398 Iac.
3636 4344 3761 4401 Non

2167 4440 2358 4481 omnes
2381 4426 2556 4497 plane,
2590 4429 2683 4484 sed
2716 4430 2836 4495 soli,
2872 4431 2963 4502 qui
2996 4434 3249 4488 mundum
3276 4442 3332 4489 et
3358 4449 3578 4491 carnem
3608 4439 3759 4493 τίθει

2171 4516 2452 4583 riut,sicut
2481 4518 2531 4572 in
2561 4520 2880 4592 Apocalypsi
2906 4523 3164 4593 scriptum
3187 4532 3273 4579 est
3301 4540 3316 4578 :
3354 4523 3591 4582 Vincenti
3615 4529 3758 4583 dabo

481 4618 723 4675 surgere,
758 4608 899 4664 aliud
946 4611 1140 4667 redire.
1187 4597 1324 4668 Nam
1355 4628 1420 4668 ex
1470 4615 1699 4669 mortuis
1739 4620 2065 4675 resurrectio

2177 4609 2319 4663 edere
2355 4609 2422 4663 de
2465 4584 2814 4680 lignoritae‘,‘
2850 4615 2989 4684 quod
3018 4584 3097 4669 est
3133 4617 3186 4669 in
3214 4618 3461 4686 paradiso
3500 4618 3598 4672 Dei
3629 4623 3755 4676 mei.

482 4695 606 4764 quid
636 4697 780 4751 aliud
811 4707 915 4765 est,
947 4716 1108 4771 quam
1137 4704 1189 4757 in
1230 4712 1428 4759 statqu
1458 4704 1757 4761 naturalem
1788 4708 2064 4766 recursio?

485 4785 706 4857 Expone
765 4790 945 4859 itaque
1000 4793 1236 4849 breviter
1283 4797 1628 4867 cursimque,
1684 4799 1813 4869 quid
1876 4801 2063 4857 volunt

478 4882 786 4951 praedictae
837 4884 1328 4956 interpretationes,
1386 4908 1522 4961 quas
1565 4893 1779 4962 penitus
1830 4894 2059 4954 intactas

477 4974 772 5041 praeterire
843 4976 1080 5035 voluisti.
1143 4980 1281 5036 Mss.
1344 4981 1444 5049 Qui
1501 4983 1841 5055 interpretati
1895 4998 2055 5055 sunt,

478 5080 654 5120 omnes
679 5068 889 5139 quidem
919 5070 1258 5141 dormientus,
1308 5076 1399 5129 sed
1442 5093 1546 5130 non
1595 5095 1770 5133 omnes
1817 5082 2063 5135 immuta.

478 5154 671 5223 biutur,
742 5160 987 5216 videntur
1051 5164 1181 5218 mihi
1234 5164 1472 5236 Apostoli
1531 5170 1693 5225 verba
1767 5172 1840 5225 ita
1905 5172 2061 5228 intel-

476 5244 690 5316 lexisse,
721 5265 786 5305 ac
810 5252 853 5307 si
884 5253 1085 5310 diceret
1115 5270 1128 5310 :
1175 5255 1376 5313 Omnes
1402 5258 1619 5329 quidem
1652 5260 1695 5295 ⁸⁰
1724 5264 2056 5331 moriemur;

475 5340 595 5408 quis
622 5342 767 5397 enim
787 5351 871 5400 est
895 5345 957 5410 “,
994 5347 1085 5417 qui
1136 5348 1290 5416 vivit,
1321 5360 1378 5405 et
1405 5366 1512 5406 non
1543 5351 1744 5409 videbit
1772 5363 2000 5410 mortem
2030 5375 2045 5411 :

2172 4700 2245 4754 Ex
2274 4700 2317 4732 ¹⁹
2343 4701 2513 4771 gratia
2565 4702 2829 4771 siquidem
2856 4712 2912 4759 et
2939 4716 3150 4771 natura,
3190 4715 3251 4761 ut
3278 4708 3332 4762 in
3376 4710 3757 4780 superioribus

2169 4802 2457 4849 tractatum
2519 4804 2643 4859 est,
2703 4799 2954 4853 omnibus
3019 4801 3325 4857 hominibus
3387 4805 3758 4859 communiter

2166 4892 2474 4954 praestatur
2502 4887 2553 4940 in
2586 4889 2891 4957 paradisum
2922 4891 3118 4957 redire,
3145 4892 3257 4947 sola
3283 4908 3417 4950 vero
3452 4896 3631 4965 gratia
3662 4912 3752 4951 so.

2164 4977 2230 5032 lis
2255 4976 2518 5033 deitlcatis
2543 4979 2611 5033 de
2657 4979 2798 5049 ligno
2826 4980 2965 5036 vitae
3005 4982 3184 5038 cdere.
3230 4983 3375 5039 Dtsc.
3424 4984 3539 5041 Cur
3567 4987 3754 5059 itaque

2166 5070 2219 5124 in
2252 5068 2427 5124 medio
2456 5070 2693 5137 paradisi
2726 5070 2926 5142 lignum
2959 5072 3099 5128 vitae
3122 5089 3243 5130 esse
3272 5075 3556 5146 Scriptura
3584 5086 3752 5133 testa—

2165 5170 2269 5228 tur,
2298 5164 2345 5218 si
2375 5179 2481 5219 non
2507 5164 2779 5229 omnibus,
2802 5166 2893 5235 qui
2922 5166 2974 5220 in
3007 5168 3315 5236 paradisum
3346 5171 3574 5224 redituri
3599 5181 3745 5234 sunt,

2160 5259 2227 5315 de
2252 5256 2431 5312 fructu
2458 5257 2574 5327 ejus
2595 5257 2757 5313 edere
2779 5257 3109 5326 permittitur
3130 5267 3183 5314 et
3206 5260 3574 5329 perdonatur?
3604 5261 3743 5320 Msa.

2160 5348 2414 5414 Attende,
2446 5349 2589 5418 quod
2640 5349 2819 5404 divina
2866 5347 3148 5420 Scriptura
3190 5365 3297 5406 non
3331 5351 3659 5421 simpliciter
3688 5354 3745 5408 li-

1763 5467 1853 5525 VA
1862 5466 2019 5523 BIAE
2057 5461 2457 5535 LECTIONES.

547 5546 563 5629 ξ
602 5542 692 5600 Sic
721 5544 805 5633 (ξιτ
821 5562 836 5614 ;
943 5548 1070 5633 ligni
1093 5552 1528 5633 vitaeproltilgiti.
1607 5554 1797 5633 '_lig_ni
1830 5556 2204 5633 ζζςαε-οηιηᾼ.
2282 5555 2303 5587 ⁸
2338 5556 2481 5633 βίῳ
2517 5555 2791 5633 jiquidem
2818 5584 2891 5633 τ-
2918 5554 3201 5610 comederet
3237 5570 3344 5633 om.
3520 5555 3542 5587 ⁸
3579 5558 3622 5633 ᾼ
3654 5559 3740 5633 φὶ

471 5613 827 5670 solummodo.
899 5618 920 5650 ⁸
948 5613 1002 5673 ’Ᾰ
1023 5633 1092 5676 et.
1168 5623 1189 5656 ⁸
1224 5613 1270 5677 Ᾰ
1297 5625 1438 5681 aliud
1466 5635 1561 5680 est.
1647 5626 1668 5659 "

472 5701 589 5766 runt
618 5686 905 5780 dedicatio.
1031 5692 1114 5780 9F
1131 5696 1467 5780 pertinuerit.
1517 5698 1835 5780 Siquidem
1864 5686 2068 5780 θῇ)..Αέ

471 5755 653 5880 ε’θνὲέε
679 5759 793 5882 ci“-
826 5758 887 5883 ᾖ.
911 5755 1146 5888 Ἥίξέιίιῖέί
1190 5782 1450 5893 “15%

1516 5770 1560 5804 "
1601 5768 1691 5826 Sic
1724 5768 1840 5835 CF;
1886 5770 1930 5823 Α
1970 5768 2168 5824 induet.

1752 5627 1800 5682 ie
1825 5626 1939 5691 CF;
1968 5626 2261 5699 Arquidem.
2337 5626 2361 5659 ⁸
2398 5624 2639 5699 SicACF;
2655 5625 2699 5699 ᾼ
2725 5626 2776 5680 in
2800 5626 2971 5682 altero
3000 5641 3117 5699 pero
3138 5628 3531 5699 commendatur
3552 5624 3737 5683 elecio-

3187 5695 3232 5729 ⁸³
3270 5697 3361 5753 Sic
3389 5697 3509 5761 CF;
3554 5700 3598 5755 Α
3627 5715 3737 5755 ror-

3043 5769 3085 5801 "
3121 5768 3166 5824 A
3193 5769 3475 5824 immissa
3500 5771 3728 5825 inimica.

2163 5698 2203 5728 ¹¹
2239 5706 2311 5752 est
2341 5712 2451 5753 om.
2486 5694 2573 5752 A.
2629 5697 2673 5731 η
2707 5707 2827 5751 sunt
2851 5712 2959 5752 om.
2988 5694 3093 5753 CF.

2281 5768 2327 5799 ¹⁶
2363 5767 2455 5823 Sic
2499 5766 2615 5835 CF;
2656 5766 2698 5823 Δ
2730 5767 2931 5824 induet.
