4008 6286
255 416 350 472 981

1102 414 1189 469 DE
1232 412 1565 468 DIVISIONE
1604 407 1953 465 NA'l'URkE.
1996 441 2065 455 -ι
2105 413 2305 469 LIBER
2344 416 2664 484 QUINTUS.

252 553 411 609 gnum
437 536 577 590 vitae
607 533 659 589 in
688 532 939 605 paradiso
968 548 1087 589 esse
1116 540 1363 598 testatur,
1396 533 1489 588 sed
1518 530 1826 602 expressius
1855 531 1903 591 Α
1930 530 2200 587 Christum
2225 535 2637 600 describuntur,
2664 537 2787 606 quia
2822 538 3059 609 angelica
3098 546 3289 595 natura
3323 543 3496 598 sensi-

250 629 303 681 in
334 627 500 681 medio
526 625 780 697 paradisi,
811 634 869 680 ut
895 624 1155 680 vocabulo
1177 625 1409 696 paradisi
1437 632 1603 677 totam
1632 624 1820 676 Imma-

248 733 370 771 nam
406 724 674 780 naturam,
713 722 872 786 quam
920 731 1111 771 omnes
1158 716 1402 771 homines
1434 718 1451 749 ι
1495 724 1552 771 et
1596 715 1722 770 boni
1766 721 1823 770 et

248 811 373 865 mali
403 810 751 882 participant,
794 809 1076 882 intelligas,
1124 811 1285 866 medii
1319 826 1447 865 vero
1468 809 1586 879 ejus
1623 810 1822 883 signiu-

244 903 457 958 catione
503 903 893 959 secretissimos
943 902 1266 972 intimosque
1312 901 1547 972 ejusdem
1597 909 1820 956 naturae

244 997 395 1051 sinus
422 1037 436 1062 ,
483 996 535 1050 in
588 994 781 1065 quibus
818 995 996 1065 imago
1025 1003 1079 1048 et
1119 993 1411 1048 similitudo
1442 994 1534 1047 Dei
1565 1005 1817 1062 expressa

242 1096 346 1151 est,
375 1087 463 1142 ubi
495 1087 697 1159 lignum
725 1085 890 1150 vitae,
919 1086 1022 1139 hoc
1048 1093 1131 1139 est
1157 1085 1417 1141 Dominus
1454 1090 1640 1138 noster
1664 1081 1820 1138 Jesus

240 1178 510 1245 Christus,
538 1179 859 1257 plantatum,
888 1178 1040 1249 cujus
1062 1177 1511 1248 contemplatione
1535 1190 1693 1230 nemo
1716 1174 1818 1229 nisi

240 1274 655 1346 purgatissimus
704 1273 804 1327 fide
848 1279 901 1327 et
945 1273 1191 1335 actione,
1243 1278 1297 1326 et
1331 1267 1818 1324 illuminatissimus

240 1365 467 1421 scientia
496 1407 509 1430 ,
565 1373 615 1419 et
645 1363 1071 1435 perfectissimus
1116 1363 1378 1435 sapientia
1421 1370 1476 1417 et
1513 1362 1815 1417 divinorum

237 1458 619 1528 mysteriorum
665 1456 1016 1527 intelligentia
1062 1454 1163 1510 frui
1215 1455 1429 1510 sinitur.
1480 1453 1545 1508 Et
1589 1455 1710 1519 hoc,
1758 1460 1816 1508 ut

238 1551 495 1617 arbitror,
522 1551 577 1605 in
616 1551 847 1622 mystica
883 1548 1187 1606 Salomonis
1223 1548 1403 1620 templi
1443 1548 1818 1604 aedificatione

234 1642 660 1712 praefiguratum
703 1650 806 1697 est.
858 1641 1061 1697 Omnes
1105 1642 1409 1711 siquidem,
1457 1641 1671 1696 nemine
1717 1657 1814 1696 ex-

232 1734 384 1790 cluso
410 1736 453 1800 ’,
490 1744 545 1790 et
570 1735 693 1791 boni
725 1743 780 1789 et
809 1735 953 1800 mali,
983 1735 1288 1791 circumcisi
1330 1745 1383 1789 et
1426 1734 1813 1802 incircumcisi,

233 1827 459 1883 masculi
503 1836 558 1882 et
607 1826 861 1893 fetuinae,
894 1842 1191 1898 omnesque
1235 1827 1397 1882 totius
1424 1827 1605 1882 mumli
1635 1828 1812 1882 natio-

231 1937 353 1985 nes,
384 1921 496 1976 sive
526 1920 787 1976 orationis
821 1922 934 1976 sive
962 1920 1164 1991 negotii
1212 1935 1373 1975 causa
1423 1920 1658 1991 undique
1690 1920 1814 1977 illuc
1842 1891 1892 1952 Β

231 2010 603 2079 confluerent,
652 2013 703 2068 in
729 2022 1003 2070 extremas
1031 2014 1272 2084 porticus
1302 2013 1593 2081 intrabant,
1630 2015 1815 2086 ibique

231 2105 445 2177 negotia
474 2120 570 2161 sua
598 2121 860 2178 peragere
890 2106 1205 2162 sinebantur
1236 2124 1249 2161 :
1278 2106 1375 2162 soli
1409 2122 1535 2162 vero
1561 2108 1811 2163 sacerdo-

229 2205 316 2253 tes
342 2205 395 2253 et
420 2197 441 2230 ⁹
466 2197 687 2254 Levitae
717 2200 769 2254 in
802 2200 1064 2269 porticum
1097 2196 1453 2254 Sacerdotum
1482 2207 1536 2253 et
1563 2198 1617 2254 in
1645 2200 1811 2271 porti-

226 2304 354 2344 cum
386 2286 691 2345 Salomonis
738 2287 1199 2360 ingrediebantur.
1251 2290 1454 2347 Deinde
1499 2292 1811 2349 sacerdotes

228 2379 328 2436 loti
358 2392 410 2436 et
438 2381 648 2452 purgati
682 2380 734 2436 in
783 2380 919 2435 mari
966 2395 1154 2446 aeneo,
1184 2382 1326 2451 quod
1370 2389 1487 2437 erat
1517 2382 1569 2437 in
1598 2382 1808 2453 porticu

225 2470 553 2536 Salomonis,
587 2471 639 2525 in
679 2479 923 2526 sanetum
952 2472 1209 2543 templum
1247 2472 1506 2539 exterius,
1538 2472 1627 2528 ubi
1655 2484 1812 2530 erant

224 2580 396 2635 panes
424 2564 807 2636 propositionis
855 2573 909 2619 et
952 2565 1295 2632 candelabra,
1326 2566 1640 2632 introibant,
1679 2568 1807 2622 nulli

222 2672 358 2713 vero
387 2658 529 2713 ultra
553 2657 729 2713 velum
761 2657 812 2712 in
837 2655 1032 2714 Sancta
1053 2658 1396 2724 Sanctorum,
1426 2659 1514 2715 ubi
1536 2669 1653 2715 erat
1683 2677 1808 2716 arca

222 2761 284 2804 et
315 2750 486 2805 altare
532 2751 898 2831 thymiamatis
926 2793 941 2817 ,
990 2759 1045 2805 et
1088 2753 1518 2823 prepitiatorium
1545 2795 1558 2817 ,
1610 2764 1665 2809 et
1705 2755 1809 2811 duo

220 2842 536 2910 Cheruhim,
569 2845 668 2900 nisi
698 2860 912 2899 smumo
940 2845 1204 2902 sacerdoti
1239 2847 1464 2902 introire
1488 2849 1511 2879 ⁸
1537 2847 1732 2904 licebat
1764 2851 1806 2904 '.

220 2936 307 2992 Ex
336 2936 439 2992 hoc
476 2937 635 2993 datur
662 2938 906 3009 intelligi,
936 2954 1124 2996 omnes
1155 2942 1401 2997 homines
1420 2941 1600 2999 'intra
1625 2943 1810 2998 termi-

222 3042 323 3084 nos
368 3029 627 3086 naturalis
672 3032 941 3101 paradisi,
984 3034 1147 3090 veluti
1194 3035 1335 3091 intra
1366 3037 1633 3107 quoddam
1676 3045 1811 3093 tem-

220 3119 392 3190 plum,
423 3136 855 3193 unumquemque
880 3123 903 3156 "
952 3126 1004 3179 in
1040 3140 1135 3179 suo
1175 3126 1364 3182 ordine
1392 3127 1679 3193 contineri,
1710 3129 1807 3185 soli

222 3228 355 3269 vero
402 3214 456 3270 in
509 3215 723 3271 Christo
767 3217 1085 3273 sanctificati
1120 3219 1375 3275 interiora
1415 3221 1716 3289 intrabunt,
1753 3231 1806 3278 et
1834 3246 1880 3310 ρ

223 3306 418 3361 iterum
448 3306 500 3360 in
531 3306 726 3363 Sancta
747 3308 1091 3377 Sanctorum,
1117 3311 1280 3367 veluti
1315 3313 1363 3367 in
1443 3314 1697 3370 interiora
1727 3315 1807 3369 in-

222 3400 504 3466 teriorum,
531 3400 759 3471 ipsl,qui
790 3402 841 3456 in
873 3417 1085 3459 summo
1115 3405 1387 3475 pontifice,
1412 3404 1630 3462 Christo
1660 3405 1811 3462 vide-

222 3492 369 3557 licet,
396 3503 542 3558 sunt,
571 3503 625 3549 et
654 3508 820 3548 unum
849 3508 972 3550 cum
1003 3497 1139 3565 ipso,
1168 3506 1222 3551 et
1259 3498 1310 3552 in
1352 3499 1468 3568 ipso
1499 3495 1625 3554 facti
1657 3506 1805 3564 sunt,

221 3584 661 3653 introdueentur;
696 3586 785 3641 ubi
814 3586 1064 3644 Christus
1094 3596 1197 3654 est,
1230 3592 1319 3660 qui
1351 3591 1687 3661 significatur
1711 3609 1808 3663 per

218 3672 414 3742 altare,
446 3677 699 3746 quoniam
746 3693 841 3733 sua
867 3682 891 3716 ⁵
938 3680 1211 3737 soliditate
1259 3683 1489 3738 sustinet
1517 3686 1718 3749 omnia,
1752 3694 1807 3741 et

220 3776 329 3822 non
380 3768 553 3824 solum
605 3770 808 3838 altare,
854 3772 946 3827 sed
997 3773 1353 3845 thymiamitis
1402 3775 1615 3844 altare;
1675 3777 1810 3833 odor

218 3854 487 3931 siquidem
541 3863 725 3930 illius,
777 3864 881 3921 hoc
931 3874 1013 3922 est
1084 3867 1200 3923 laus
1253 3875 1309 3923 et
1363 3869 1569 3940 gloria,
1622 3870 1808 3940 implet

218 3952 421 4007 omnia.
474 3953 593 4023 ipse
643 3963 726 4011 est
769 3971 893 4011 arca
922 3998 936 4023 ,
987 3959 1173 4029 inqua
1223 3975 1411 4017 omnes
1448 3961 1685 4017 thesauri
1722 3979 1809 4017 sa-

220 4045 455 4115 pientiae
474 4055 528 4101 et
552 4048 811 4104 scientiae
830 4057 952 4105 sunt
974 4050 1293 4106 absconditi.
1319 4050 1433 4123 ipse
1453 4063 1536 4108 est
1558 4052 1603 4086 ¹⁶
1629 4055 1799 4125 virga.

217 4137 343 4208 quia
374 4137 417 4172 ¹¹
444 4137 582 4209 regit
626 4146 682 4193 et
727 4151 1004 4196 mensurat
1045 4142 1258 4208 omnia,
1305 4152 1362 4197 et
1397 4142 1626 4210 manna,
1677 4145 1803 4214 quia

214 4228 390 4296 pascit
435 4230 631 4284 omnia.
675 4229 792 4300 Ipse
815 4231 1270 4301 propitiatorlum,
1295 4234 1418 4304 quia
1469 4249 1681 4306 semper
1707 4251 1805 4305 pro

219 4319 374 4374 nobis
441 4320 723 4377 intercedit
772 4324 837 4377 ad
883 4322 1141 4390 Patrem,
1192 4326 1485 4381 ostendens
1538 4326 1587 4380 ei
1644 4342 1806 4399 gene-

216 4412 331 4467 rale
378 4412 701 4469 sacrificium
732 4456 746 4481 ,
792 4423 842 4470 et
894 4416 1078 4471 mundi
1108 4419 1340 4487 pretium
1360 4458 1375 4484 ,
1406 4420 1802 4477 humanitatem

213 4504 464 4560 videlicet
495 4521 669 4572 suam,
698 4521 859 4577 quam
890 4508 1218 4565 sacrificavit
1246 4518 1301 4565 et
1332 4512 1553 4568 tradidit
1580 4527 1678 4583 pro
1700 4528 1802 4583 pu-

1923 620 2086 679 bilem
2118 634 2169 680 et
2201 626 2593 698 iutelligibilem
2621 630 2876 683 mundum
2904 632 3276 698 administrat;
3309 648 3500 704 quam-

1922 713 2002 769 vis
2027 730 2132 770 non
2162 717 2619 775 irrationabiliteu
2633 735 2774 775 unus
2810 721 3099 778 Cheruhitn
3129 723 3181 781 in
3216 723 3385 796 ﬁgura
3413 726 3496 782 in-

1920 805 2237 864 tellectualis
2282 811 2334 864 in
2384 810 2618 883 angelis,
2651 813 2787 868 alter
2814 828 2942 869 vero
2979 816 3032 870 in
3066 826 3191 889 typo
3219 819 3501 876 rationalis

1920 907 2143 955 naturae
2165 901 2218 955 in
2242 903 2548 960 hominibus
2579 906 2893 975 accipiatur.
2913 907 3278 980 mtelligibiles
3302 912 3500 982 quippe

1919 992 2372 1065 rationabilesque
2396 995 2724 1052 substantias
2747 999 3024 1069 proximas
3052 1000 3267 1056 Christo
3304 1016 3425 1059 esse
3454 1003 3501 1045 ¹⁸

1918 1100 2076 1142 nemo
2105 1089 2410 1158 sapientum
2442 1091 2668 1145 dubitat.
2697 1089 2931 1147 Videsne
2959 1108 3110 1166 ergo,
3138 1108 3299 1165 quam
3332 1096 3496 1155 altum

1919 1188 1972 1235 et
1999 1181 2411 1251 supernaturale
2436 1190 2539 1248 est,
2569 1182 2676 1239 tale
2699 1183 2900 1255 lignum
2930 1186 2983 1240 in
3013 1186 3190 1242 medio
3220 1189 3456 1258 paradisi
3481 1229 3496 1254 ,

1920 1272 2184 1328 humanae
2207 1273 2454 1330 videlicet
2480 1282 2726 1342 naturae,
2751 1275 3049 1346 plantatum
3072 1278 3220 1334 adire
3245 1278 3311 1344 “,
3328 1293 3502 1348 eoque

1918 1364 2044 1420 frui.
2073 1366 2152 1420 Ad
2185 1367 2286 1422 hoc
2310 1377 2576 1424 remotum
2621 1371 2690 1427 ab
2736 1370 2987 1426 omnibus
3008 1372 3230 1441 lignum,
3265 1373 3502 1444 solisque

1918 1456 2181 1511 deiilcatis
2222 1474 2538 1515 concessum
2580 1461 2779 1517 Paulus
2833 1472 3023 1532 raptus
3062 1472 3146 1518 est
3185 1463 3236 1519 in
3282 1467 3500 1520 tertium

1918 1559 2140 1606 naturae
2170 1561 2390 1609 uestrae
2420 1554 2647 1619 caelum,
2678 1550 2780 1610 hoc
2805 1564 2889 1611 est
2922 1570 3087 1627 super
3119 1572 3280 1613 omne
3305 1573 3502 1627 corpus

1916 1654 1964 1699 et
1994 1646 2241 1716 spirituum
2294 1647 2513 1703 vitalem
2563 1648 2616 1703 in
2668 1649 2844 1719 ipsum
2900 1647 3247 1714 intellectum,
3293 1649 3349 1703 in
3393 1664 3501 1719 quo

1917 1737 2011 1793 Dei
2043 1738 2297 1805 Verbum,
2326 1740 2467 1811 quod
2499 1750 2577 1795 est
2609 1739 2810 1812 lignum
2843 1741 3006 1805 vitae,
3042 1738 3295 1794 ineffabili
3343 1741 3501 1795 modo

1918 1845 2079 1899 super
2101 1845 2315 1886 omnem
2341 1831 2635 1885 essentiam
2665 1843 2718 1885 et
2750 1831 3010 1886 virtutem
3048 1838 3103 1885 et
3130 1829 3499 1899 operationem

1917 1921 1970 1977 in
2007 1921 2125 1977 luce
2156 1922 2364 1977 habitat
2394 1922 2778 1988 inaccessibili,
2816 1921 2959 1977 ultra
2991 1931 3049 1978 et
3074 1922 3215 1977 intra
3248 1931 3501 1977 naturam

1917 2016 1983 2069 ad
2012 2014 2300 2085 imaginem
2325 2014 2417 2070 Dei
2445 2013 2664 2070 factam.
2696 2016 2752 2070 In
2774 2015 2949 2087 ipsum
2973 2014 3154 2084 itaque
3168 2012 3496 2085 paradisum,

1915 2107 2077 2162 veluti
2106 2107 2158 2161 in
2184 2105 2572 2175 amplissimum
2607 2106 3138 2176 secretissimumque
3168 2107 3210 2145 ⁸⁸
3239 2104 3497 2173 templum

1914 2213 2101 2254 omnes
2127 2198 2395 2264 homines,
2423 2198 2793 2269 unusquisque
2812 2198 3104 2253 secundum
3135 2212 3289 2252 suam
3316 2196 3501 2251 analo-

1913 2292 2053 2362 giam
2095 2291 2346 2357 intrabit;
2387 2300 2443 2345 et
2482 2290 2748 2345 habitabit
2793 2289 2847 2345 in
2895 2289 2978 2343 eis
3005 2289 3138 2360 ipse,
3173 2288 3266 2359 qui
3316 2287 3497 2342 dixit:

1914 2385 2028 2457 Ego
2056 2403 2144 2440 ero
2168 2387 2221 2440 in
2247 2386 2418 2440 medio
2445 2398 2647 2441 eorum.
2692 2385 2829 2440 thc
2859 2383 3126 2456 Propheta
3157 2400 3171 2437 :
3216 2381 3351 2437 Vota
3383 2398 3500 2439 mea

1913 2478 2105 2546 inquit,
2129 2477 2342 2531 reddam
2370 2478 2423 2531 in
2436 2486 2711 2547 conspectu
2732 2476 2901 2531 omnis
2925 2474 3101 2547 populi
3125 2474 3260 2544 ejus,
3281 2472 3500 2528 inatriia

1912 2569 2097 2621 domus
2124 2566 2351 2632 Domini,
2374 2568 2427 2621 in
2473 2568 2642 2621 medio
2669 2567 2765 2631 tui,
2790 2565 3081 2621 Jerusalem
3110 2564 3174 2617 “.
3202 2562 3501 2619 Jerusalem

1912 2660 2175 2729 siquidem
2204 2659 2332 2714 visio
2351 2661 2515 2730 pacis,
2532 2676 2625 2714 seu
2651 2659 2897 2729 teniplum
2922 2659 3066 2729 pacis
3093 2658 3501 2727 interpretatur,

1911 2761 1966 2808 et
1995 2753 2106 2823 ipsa
2130 2761 2214 2807 est
2235 2752 2425 2807 doums
2450 2752 2658 2807 Domini
2688 2753 2738 2806 in
2765 2761 2948 2807 monte
2967 2764 3238 2820 supernae
3257 2758 3500 2805 contem-

1912 2844 2167 2915 plationis
2227 2844 2538 2910 aedificata,
2597 2845 2663 2898 ad
2720 2858 2880 2914 quam
2939 2843 3199 2915 propheta
3251 2843 3500 2896 hortatur

1911 2951 2100 2994 omnes
2122 2938 2366 2993 homines
2381 2952 2479 3007 per
2499 2938 2756 2991 virtutum
2781 2936 2982 3004 gradus
3000 2944 3057 2990 et
3076 2932 3498 3006 speculatiouum

1912 3028 2223 3085 altitudines
2269 3014 2586 3094 ascendere,
2633 3028 2860 3083 dicens:
2900 3026 3102 3093 Venite,
3153 3025 3499 3079 eseam/mutu

1911 3122 1979 3175 ad
2002 3131 2225 3176 montem
2248 3120 2460 3175 Domini
2480 3132 2526 3175 et
2551 3119 2621 3173 ad
2646 3121 2861 3173 iloumm
2891 3117 2983 3172 Dei
3005 3117 3191 3172 Iacob.
3217 3115 3331 3170 Non
3354 3116 3496 3169 enim

1912 3216 2035 3271 alibi
2063 3215 2269 3271 habitat
2298 3213 2459 3277 Deus,
2484 3212 2586 3268 nisi
2610 3212 2663 3267 in
2692 3213 2925 3266 humana
2946 3219 3001 3265 et
3019 3209 3259 3281 angelica
3285 3218 3496 3272 natura,

1913 3310 2107 3381 quibus
2149 3307 2276 3365 solis
2322 3308 2553 3362 donatur
2592 3304 2975 3376 contemplatio
3005 3303 3269 3358 veritatis.
3311 3298 3499 3370 Nequa

1910 3404 2011 3460 bas
2045 3404 2175 3459 duas
2219 3410 2441 3458 naturas
2480 3401 2641 3457 veluti
2672 3400 2806 3455 duas
2846 3400 3037 3453 domus
3069 3397 3328 3452 debemus
3357 3395 3499 3449 acci-

1911 3509 2059 3566 pere,
2096 3494 2189 3549 sed
2216 3506 2377 3548 unam
2403 3495 2740 3561 eandemque
2765 3491 2985 3546 domum
3012 3504 3080 3543 ex
3106 3487 3315 3543 duabus
3340 3484 3497 3541 intel-

1911 3584 2200 3656 ligihilihus
2225 3586 2468 3640 materiis
2486 3593 2873 3640 eomtructnm.
2898 3580 2977 3637 De
2991 3582 3093 3636 hac
3106 3580 3320 3636 domo"
3350 3578 3500 3633 vide-

1912 3688 1998 3733 tur
2028 3678 2285 3733 Dominus
2312 3676 2530 3741 dixisse,
2558 3676 2614 3730 in
2646 3675 2801 3730 domo
2838 3674 3016 3728 Patria
3060 3673 3161 3727 mei
3202 3671 3499 3726 mansiones

1910 3770 2105 3825 multae
2129 3779 2270 3824 sunt.
2306 3770 2362 3824 In
2392 3770 2549 3824 atriis
2587 3770 2779 3824 domus
2824 3767 2984 3838 hujus
3024 3779 3215 3822 omnes
3249 3765 3501 3820 homines

1910 3864 2215 3920 mansiones
2239 3863 2285 3894 ¹⁸
2315 3862 2686 3932 possidebunt,
2716 3861 2842 3915 dum
2878 3861 2930 3914 in
2967 3874 3159 3913 causas
3203 3870 3328 3913 suas
3357 3856 3498 3911 redi.

1909 3956 2011 4011 turi
2038 3965 2182 4021 sunt,
2197 3954 2310 4009 sive
2330 3953 2528 4008 heuein
2545 3966 2708 4007 carne
2732 3951 2845 4006 sive
2873 3950 3011 4004 male
3033 3950 3288 4004 vixerint.
3307 3947 3495 4004 Nullus

1907 4047 2050 4101 enim
2072 4043 2524 4116 pulchritudinem
2549 4043 2667 4113 ejus
2702 4048 2882 4111 potest
2917 4053 3289 4109 corrumpere,
3318 4053 3495 4108 neque

1906 4137 2243 4193 honestatem
2272 4134 2601 4206 turpiticare.
2630 4146 2804 4203 neque
2825 4131 3229 4202 amplitudinem
3254 4131 3496 4191 minuere

1905 4230 1986 4284 vel
2011 4240 2228 4298 augere.
2254 4227 2417 4282 Extra
2448 4240 2609 4297 quam
2633 4225 2761 4294 quid
2787 4236 2909 4280 esso
2936 4231 3135 4293 posset,
3167 4223 3305 4278 intra
3330 4238 3491 4291 quam

1904 4324 2034 4394 quid
2062 4337 2184 4378 esse
2208 4336 2313 4376 non
2336 4320 2559 4385 valeret,
2600 4320 2655 4375 in
2673 4328 2780 4389 qua
2801 4317 2997 4373 nullius
3024 4316 3298 4387 turpitudo
3322 4317 3494 4385 turpis

1904 4426 2008 4482 est,
2031 4431 2131 4472 nec
2154 4414 2353 4470 malitia
2379 4408 2553 4478 hocet,
2577 4425 2677 4467 nec
2698 4425 2855 4467 error
2875 4417 3048 4475 errat,
3069 4407 3223 4476 cujus
3258 4406 3493 4486 pulchri-

1908 4512 2147 4568 tudinem
2180 4508 2578 4564 immundorum
2601 4505 2886 4576 spirituum
2908 4503 3172 4574 nequitia,
3195 4516 3291 4558 seu
3313 4502 3490 4557 homi-

214 4594 520 4650 rificatione
563 4604 619 4650 et
672 4597 1040 4667 redemptione
1089 4602 1251 4656 totius
1299 4604 1512 4674 generis
1560 4605 1796 4667 humani,
1831 4618 1883 4681 υ
1907 4618 2035 4659 num
2069 4602 2353 4672 impiorum
2390 4597 2787 4655 irrationabiles
2815 4603 2993 4651 motus
3020 4610 3126 4650 non
3167 4593 3338 4649 solum
3385 4606 3489 4649 nott

214 4688 430 4743 nemine
458 4698 705 4758 excepto.
739 4687 873 4743 Nam
904 4694 1352 4760 quemadmodum
1394 4697 1448 4751 in
1480 4697 1623 4753 nullo
1655 4698 1802 4753 inve-

210 4782 314 4844 nit,
341 4781 542 4851 ahsque
569 4790 811 4852 peccato,
840 4784 984 4854 quod
1015 4800 1117 4839 non
1152 4791 1441 4858 acceperit,
1470 4791 1541 4844 ita
1574 4791 1625 4845 in
1655 4791 1800 4848 nullo

211 4872 453 4941 reliquit,
484 4875 623 4943 quod
654 4888 757 4929 non
786 4877 1097 4939 redemerit,
1140 4886 1199 4933 et
1233 4881 1543 4937 redimendo
1569 4883 1798 4939 salvavit

208 4975 266 5020 et
299 4968 677 5031 sanetitlcavlt,
707 4969 959 5037 quoniam
983 4969 1096 5039 ipse
1119 4979 1202 5026 est
1227 4975 1522 5044 redemptio
1550 4984 1603 5029 et
1625 4976 1791 5043 salus,

207 5059 480 5129 purgatio,
517 5067 571 5115 et
600 5059 938 5129 illuminatio,
983 5069 1041 5116 et
1089 5063 1352 5133 perfectio
1386 5068 1669 5123 universae
1698 5069 1796 5124 hu-

211 5150 491 5204 manitatis
519 5151 570 5204 in
602 5151 851 5205 omnibus
882 5161 934 5206 et
962 5152 1206 5223 singulis,
1228 5155 1371 5210 circa
1403 5173 1562 5227 quem
1588 5159 1792 5214 Cheru-

1906 4696 2294 4759 eontaminant,
2343 4706 2531 4747 verum
2587 4690 2752 4745 etiam
2797 4685 3109 4758 adaugent?
3138 4685 3291 4741 Nulla
3342 4684 3487 4739 enim

1903 4787 2247 4859 pulchritudo
2291 4783 2538 4845 eﬂicltur,
2581 4781 2683 4836 nisi
2733 4796 2797 4835 ex
2842 4776 3305 4848 eompaginatione
3342 4775 3493 4831 sitni-

1901 4880 2034 4934 llum
2071 4887 2126 4933 et
2155 4874 2519 4937 dissimilium,
2555 4869 2950 4927 contrariorum
2977 4878 3027 4923 et
3072 4869 3482 4937 oppositurum;

1901 4984 2077 5041 neque
2106 4974 2288 5022 tantae
2321 4965 2497 5019 laudis
2525 4971 2667 5018 esset
2697 4962 2915 5023 bomnn,
2953 4961 2995 5015 si
3023 4976 3129 5015 non
3168 4966 3311 5014 esset
3334 4973 3485 5013 com-

1898 5049 2111 5132 paratio
2136 5075 2200 5114 ex
2226 5054 2621 5128 vituperatione
2660 5053 2805 5108 mali.
2845 5053 3078 5121 ideoque
3113 5050 3254 5121 quod
3280 5049 3478 5104 malum

1898 5154 2114 5217 dicitur,
2143 5151 2267 5206 dum
2297 5165 2394 5220 per
2422 5164 2483 5205 se
2513 5149 2920 5212 consideratur,
2948 5147 3313 5215 vituperatur;
3352 5145 3478 5199 dum

205 5240 344 5306 bim,
394 5241 611 5297 ordines
657 5241 908 5297 videlicet
955 5245 1268 5313 angelorum
1315 5247 1643 5313 discurrunt,
1696 5264 1795 5320 per
1895 5263 2027 5303 vero
2076 5261 2140 5301 ex
2191 5244 2307 5314 ejus
2359 5243 2761 5312 comparatione
2796 5241 2994 5297 bonum
3030 5238 3308 5301 laudatur,
3368 5254 3475 5292 non

204 5348 347 5404 quos
379 5334 609 5390 visibilia
631 5342 685 5390 et
709 5324 992 5391 invisibilia
1020 5338 1235 5392 ordinat
1266 5346 1430 5409 atque
1457 5339 1694 5411 disponit
1722 5343 1788 5396 “.

205 5426 273 5482 Et
305 5425 551 5484 fortassis
583 5428 705 5484 ideo
728 5428 837 5483 bini
864 5426 1155 5483 Cheruhim
1188 5430 1334 5485 circa
1364 5441 1568 5497 arcam,
1613 5432 1665 5485 id
1708 5442 1792 5489 est

1895 5340 2117 5397 omnino
2149 5335 2501 5406 vituperabile
2516 5334 2745 5389 videtur.
2771 5332 2924 5400 Quod
2949 5331 3091 5385 enim
3112 5330 3235 5385 boni
3264 5328 3471 5383 laudem

1895 5431 2150 5495 cumulat,
2175 5436 2282 5485 non
2295 5427 2568 5484 omnino“
2585 5426 2737 5481 laude
2757 5432 2925 5480 caret.
2956 5422 3205 5494 Nunquid
3228 5421 3468 5477 onmium

1500 5574 1758 5634 VARIAE
1792 5572 2197 5637 LECTIONES.

275 5691 292 5722 ¹
333 5690 565 5744 homines
596 5704 703 5744 om.
735 5688 839 5746 CF.
934 5692 955 5722 ²
1003 5688 1087 5747 CF
1137 5692 1351 5749 nemine
1398 5694 1617 5748 recluso.

198 5762 368 5835 mines
394 5776 502 5835 om.
536 5760 598 5835 Α..
676 5761 822 5835 ’_CF
852 5763 1223 5835 unusquisque.

1725 5697 1746 5727 ³
1780 5694 1887 5767 ΟΕ,
1929 5706 2101 5767 atque.

1321 5764 1344 5797 ⁸
1379 5767 1432 5818 in
1466 5780 1576 5819 om.
1612 5767 1677 5820 Α.
1752 5768 1773 5801 ⁹
1808 5772 1853 5822 Α
1876 5764 2029 5822 suae.

2907 5691 2929 5722 ⁸
2966 5684 3008 5739 Α
3035 5681 3223 5737 licebit.
3315 5678 3338 5711 ⁶
3374 5680 3468 5732 Ito-

2194 5689 2468 5747 ‘introire
2515 5700 2625 5741 om.
2693 5682 2799 5740 CF.
2907 5691 2929 5722 ⁸
2966 5682 3223 5739 Alicebit.
3315 5682 3338 5711 '
3374 5682 3468 5732 Im-

2205 5761 2296 5809 Sie
2321 5758 2445 5809 AC:
2480 5767 2553 5809 est
2590 5772 2698 5809 om.
2730 5755 2789 5809 F.
2897 5757 2934 5787 “
2976 5754 3065 5809 Sic
3089 5751 3205 5809 CF:
3240 5750 3281 5804 Α
3313 5767 3469 5809 (tunc.

2124 5761 2168 5795 ¹⁰
2205 5761 2296 5817 Sic
2320 5758 2445 5824 AC;
2480 5767 2553 5812 eat
2590 5772 2698 5811 om.
2730 5755 2789 5810 F.

203 5832 249 5865 ¹¹
281 5831 381 5905 _Sic
412 5830 497 5886 CF
522 5830 605 5905 ;_A
632 5831 885 5905 ordinata,
909 5822 1156 5901 disponii.
1234 5833 1278 5866 ¹³
1314 5822 1359 5889 Ᾱ
1389 5850 1498 5890 esse
1520 5834 1749 5905 Christo.
1774 5894 1786 5905 _
1826 5837 1873 5870 “
1908 5836 1948 5891 A
1978 5834 2178 5890 audire.
2259 5822 2635 5905 [:SieplfiA
2655 5828 3159 5905 serenissimumque.
3236 5822 3280 5854 “
3307 5822 3477 5875 lem.

207 5900 373 5958 salem
395 5917 502 5959 om.
528 5901 592 5957 A.
624 5972 632 5979 .
669 5903 711 5938 ¹⁷
737 5902 821 5959 CF
853 5896 1043 5971 domu;
1074 5905 1151 5960 sic
1179 5905 1395 5978 ubique.
1474 5908 1517 5939 ⁸⁸
1540 5896 2091 5969 Ιιοηιίηεσήιαηεὶοηεε
2113 5919 2222 5961 om.
2247 5896 2349 5959 CF.
2429 5899 2472 5933 "
2500 5899 2585 5956 CF
2608 5900 2769 5954 omni.
