4008 6286
514 369 620 426 985
1888 362 2172 425 JOANNIS
2207 362 2404 422 SCOTl
3697 372 3807 427 985

509 489 773 542 bonorum
798 480 1068 549 conditor,
1103 480 1369 537 malorum
1395 482 1693 549 ordinator,
1726 482 1780 538 in
1820 477 2086 536 universi-
2114 481 2171 540 Α
2195 492 2388 535 avarus
2439 479 2682 536 vendidit
2724 480 2997 536 hominem
3043 480 3212 537 Deum
3237 522 3253 547 ,
3300 471 3437 538 alter
3479 480 3802 555 Theologtts

512 584 641 640 tate,
664 589 829 646 quam
855 573 1116 640 condidit,
1150 573 1350 628 malum
1372 573 1592 640 sineret,
1613 575 1658 630 si
1690 573 1824 629 nihil
1843 572 2091 629 utilitatis
2193 571 2444 641 cognovit
2500 572 2667 627 Deum
2720 573 2995 627 hominem
3050 589 3064 625 :
3119 587 3261 628 unus
3309 573 3494 629 osculo
3544 579 3802 645 corporis

507 668 813 725 conferret?
852 668 1006 736 Quod
1041 668 1204 725 etiam
1235 682 1303 722 ex
1342 667 1718 723 collationibus
1755 682 1936 721 rerum
1968 681 2094 721 sen-
2193 677 2388 733 corpus
2419 664 2654 729 tradidit,
2681 664 2819 719 alter
2843 663 3027 719 osculo
3052 664 3249 721 mentis
3275 664 3514 721 divinam
3549 679 3795 724 mentem

509 757 1226 825 sibiliutn,autexhumanis
1254 758 1493 814 moribus
1515 756 1766 812 facillime
1786 755 2088 825 conjicitur.
2192 753 2396 809 dilexit.
2454 752 2568 809 Hoc
2624 763 2805 810 autem
2850 755 2989 820 dico,
3037 763 3099 811 ut
3142 771 3459 827 cognoscas,
3488 762 3641 830 quod
3692 780 3795 818 non

513 852 591 907 Ex
621 850 956 907 infructuose
980 851 1178 921 quippe
1206 849 1349 921 ligno
1371 850 1390 881 ί
1420 847 1681 905 l‘ructit‘eri
1706 848 1824 903 laus
1865 847 2091 917 ampliﬁ-
2190 843 2431 901 locorum
2463 846 2766 913 intervalla,
2797 845 2891 902 sed
2919 847 3241 903 meritorum
3270 851 3563 919 qualitates
3586 851 3797 909 faciunt

509 952 685 1010 catur,
708 958 776 998 ex
798 942 1083 998 libidinoso
1115 941 1331 998 homine
1353 940 1510 997 casti.
1545 941 1602 995 In
1632 940 1883 1010 paradiso
1911 939 2092 1010 itaque
2192 939 2465 996 hominem
2497 943 2929 1011 appropinquare
2951 938 3190 1005 Christo,
3210 949 3306 997 aut
3333 944 3400 997 ab
3421 958 3488 999 eo
3521 944 3793 1016 elongari.

512 1035 780 1091 humanae
798 1042 1025 1090 naturae
1047 1033 1599 1104 unusquisquelocum
1615 1048 1770 1089 suum
1797 1035 2091 1090 secundum
2193 1028 2332 1085 Hinc
2350 1030 2509 1086 datur
2536 1030 2784 1101 intelligi,
2822 1045 3011 1086 omnes
3037 1030 3281 1087 homines
3318 1033 3478 1088 unius
3526 1034 3792 1105 ejusdem-

507 1126 913 1197 proportionem
931 1126 1358 1182 conversationis
1376 1140 1507 1182 suae
1529 1124 1583 1180 in
1605 1126 1709 1181 hac
1725 1125 1835 1180 vita
1851 1126 2095 1197 posside-
2193 1136 2299 1193 que
2324 1131 2573 1189 naturae,
2603 1137 2743 1195 quae
2766 1123 2819 1177 itt
2852 1122 3070 1179 Christo
3092 1122 3365 1192 redempta
3394 1134 3498 1191 est,
3532 1127 3793 1195 omnique

509 1218 610 1283 bit,
655 1217 745 1273 alii
784 1218 1024 1275 exterius
1059 1218 1220 1275 veluti
1270 1218 1324 1274 in
1364 1218 1623 1274 extremis
1644 1219 1960 1290 porticibus,
2000 1218 2091 1275 alii
2193 1214 2477 1280 servitute,
2510 1214 2611 1269 sub
2652 1230 2757 1285 qua
2791 1213 2969 1269 adhuc
3005 1214 3355 1284 congentiscit
3377 1223 3435 1270 et
3462 1214 3635 1280 dolet,
3664 1216 3793 1272 [ibeo

511 1313 740 1369 interius
781 1322 1032 1384 tanquam
1076 1314 1129 1369 in
1166 1311 1638 1385 propinquioribus
1682 1313 1836 1368 atriis
1880 1312 2093 1370 divinae

2206 1312 2332 1369 rata,
2357 1304 2646 1376 participes
2663 1318 2808 1369 esse,
2828 1314 2883 1358 et
2904 1304 2957 1359 in
2979 1318 3043 1359 ea
3064 1319 3229 1359 unum
3249 1321 3437 1361 omnes
3458 1307 3789 1363 subsistere:

510 1406 975 1478 contemplationis
1022 1409 1066 1472 ⁸,
1116 1405 1205 1461 alii
1275 1406 1329 1461 in
1383 1406 1731 1476 amplissimis
1785 1406 2091 1464 divinorum

2210 1397 2510 1453 neritorum
2560 1411 2687 1452 vero
2722 1395 3009 1467 qualitates
3056 1405 3112 1451 et
3156 1399 3507 1466 quantitates,
3558 1400 3667 1454 hoc
3715 1411 3793 1454 est

510 1497 889 1569 mysteriorum
917 1496 1152 1568 templis,
1200 1495 1290 1552 alii
1330 1497 1382 1552 in
1420 1498 1627 1554 intimis
1677 1514 1840 1569 super
1875 1514 2090 1555 omnem
2191 1491 2456 1547 bonorum
2504 1499 2723 1547 actuum
2773 1490 3144 1561 malorumque
3187 1491 3553 1559 dilfercntias,
3603 1495 3792 1564 quibus

511 1597 760 1644 naturam
808 1589 862 1644 in
914 1589 1031 1659 ipso
1062 1598 1117 1644 et
1153 1605 1274 1645 cum
1314 1590 1449 1661 ipso,
1485 1590 1576 1660 qui
1627 1591 2092 1661 superessentialis
2192 1584 2563 1655 unusquisque
2607 1585 2660 1638 in
2700 1584 2803 1639 hac
2830 1584 2936 1638 vita
2961 1585 3099 1640 bene
3126 1584 3278 1650 vixit,
3308 1585 3529 1655 adjutus
3561 1586 3678 1643 Deo
3702 1604 3791 1658 per

511 1687 564 1734 et
598 1679 1026 1750 supernaturalis
1055 1688 1158 1745 est,
1198 1680 1555 1751 theophaniis.
1608 1680 1758 1735 Beati
1812 1690 1959 1746 sunt,
1997 1682 2089 1753 qui
2192 1679 2442 1749 gratiam,
2471 1693 2565 1733 seu
2588 1678 2748 1741 male,
2772 1679 3017 1734 desertus
3042 1679 3156 1735 Deo
3188 1695 3286 1750 per
3301 1678 3600 1750 justitiam,
3641 1682 3793 1754 longe

508 1772 667 1843 adyta
694 1772 715 1804 ³
745 1771 952 1826 intrant
1002 1772 1326 1843 sapientiae,
1393 1788 1533 1843 quae
1562 1780 1648 1829 est
1673 1772 1951 1839 Christus;
1996 1774 2088 1844 qui
2195 1785 2226 1823 a
2247 1785 2305 1823 se
2330 1769 2559 1824 invicem
2579 1778 2635 1824 et
2653 1767 3019 1841 multipliciter
3040 1780 3095 1826 et
3117 1770 3170 1824 in
3195 1770 3461 1826 inﬁnitum
3482 1773 3787 1843 disparati:

507 1866 771 1922 accedunt
806 1869 828 1898 ⁸
865 1866 919 1921 in
965 1866 1380 1923 obscurissimas
1451 1867 1704 1922 tenebras
1753 1866 2095 1923 excellentis-
2121 1845 2169 1906 Β
2195 1861 2375 1918 omnia
2424 1873 2603 1917 autem
2649 1862 2784 1919 haec
2828 1863 2880 1916 in
2926 1862 3012 1917 illa
3036 1880 3141 1919 una
3175 1874 3231 1920 et
3273 1865 3613 1936 amplissima
3638 1869 3792 1923 domo

508 1957 678 2013 simae
699 1956 858 2023 lucis,
876 1957 929 2012 in
952 1972 1058 2028 qua
1086 1958 1244 2013 simul
1275 1958 1327 2012 in
1354 1957 1531 2013 causis
1553 1957 1664 2012 suis
1677 1957 2089 2021 videntomnia;
2192 1954 2431 2010 ordinari
2459 1963 2515 2009 et
2544 1955 2956 2025 comprehendi,
2987 1955 3039 2010 in
3069 1971 3174 2026 qua
3201 1958 3503 2027 respublica
3530 1960 3790 2015 universi—

507 2049 597 2104 ubi
632 2065 737 2105 non
765 2048 1007 2105 locorum
1059 2049 1144 2105 vel
1195 2058 1494 2119 temporum
1546 2049 1823 2105 intervalla
1868 2050 2090 2106 bonosa
2195 2046 2373 2100 lalisa
2400 2044 2511 2100 Deo
2544 2054 2599 2101 et
2641 2045 2695 2100 in
2725 2045 2835 2102 Deo
2865 2047 3114 2103 conditae
3154 2047 3199 2079 “
3246 2064 3344 2119 per
3382 2050 3589 2106 multas
3620 2054 3795 2109 diverc

507 2143 686 2209 malis,
719 2145 815 2200 sed
849 2144 1164 2200 meritorum
1194 2145 1447 2200 distantia
1475 2153 1753 2216 segregat;
1788 2160 1893 2200 non
1923 2160 2092 2216 quan-
2192 2155 2387 2210 sasque
2420 2141 2764 2210 dispensatur
2800 2138 2846 2172 ιδ
2870 2142 3210 2208 mansiones,
3242 2144 3345 2200 hoc
3367 2153 3453 2201 est
3473 2148 3792 2204 meritorum

512 2237 637 2291 titas
662 2246 718 2292 et
747 2237 1092 2308 pulchritudo
1126 2253 1435 2309 corporum,
1470 2238 1563 2294 sed
1601 2239 1860 2293 honestas
1889 2246 1943 2293 et
1971 2254 2089 2294 ma-
2190 2241 2248 2288 et
2298 2233 2595 2305 gratiarum
2651 2232 3037 2289 ordinationes.
3115 2233 3315 2291 Domus
3379 2249 3564 2293 autem
3613 2240 3659 2272 ¹⁸
3709 2239 3795 2295 illa

507 2326 734 2396 gttitudo
776 2327 1039 2384 virtutum
1082 2327 1363 2396 laudatur;
1412 2344 1516 2383 non
1567 2344 1940 2399 personarum,
1997 2330 2091 2385 sed
2191 2324 2437 2381 Christus
2465 2334 2568 2392 est,
2603 2326 2693 2396 qui
2742 2327 2924 2381 omnia
2955 2336 3011 2382 et
3033 2328 3079 2360 “
3099 2330 3268 2385 ambit
3293 2330 3514 2397 virtute,
3558 2333 3795 2404 disponit

507 2430 721 2471 morum
742 2417 979 2489 dignitas
1000 2427 1055 2474 et
1078 2418 1333 2475 nobilitas
1361 2420 1669 2489 quaeritur;
1705 2436 1809 2475 una
1840 2420 2090 2477 omnibus

2211 2416 2550 2483 irovidentia,
2564 2416 2938 2488 regitjustitia,
2959 2428 3115 2474 ornat
3133 2422 3331 2492 gratia,
3347 2425 3589 2479 continet
3618 2435 3794 2481 aeter-

507 2510 811 2565 communis
836 2520 1052 2577 natura,
1083 2512 1297 2567 diversa
1328 2521 1508 2567 autem
1536 2512 1738 2583 gratia;
1776 2512 1867 2568 ubi
1902 2527 2100 2584 omnes
2191 2511 2376 2573 nitate,
2404 2510 2591 2581 implet
2610 2512 2870 2582 sapientia
2889 2553 2905 2578 ,
2935 2514 3146 2584 perlicit
3164 2515 3797 2586 deiﬁcatione,qsoniau

506 2598 663 2655 simul
697 2608 842 2667 sunt,
876 2609 930 2655 et
968 2601 1129 2657 simul
1160 2618 1266 2657 non
1299 2610 1462 2668 sunt,
1490 2602 1649 2658 simul
1681 2612 1809 2658 sunt
1839 2602 2092 2658 similitu-
2190 2602 2465 2673 ἀπείρηκα
2495 2603 2785 2675 peripsum,
2809 2605 2933 2659 etin
2963 2607 3094 2677 ipso,
3124 2608 3576 2679 etadipsumsunt
3591 2612 3795 2665 anteis.

507 2690 633 2747 dine
658 2692 1104 2761 substantiarum,
1140 2694 1302 2750 simul
1346 2710 1452 2751 non
1489 2703 1616 2751 sunt
1652 2696 2090 2752 dissimilitudine
2261 2694 2351 2749 57.
2392 2694 2538 2751 Dtsc.
2580 2696 2728 2765 Quae
2754 2714 2784 2751 a
2816 2706 2867 2752 te
2895 2698 3036 2775 dicta
3064 2710 3224 2767 sunt,
3251 2709 3399 2758 recta
3432 2702 3541 2759 lide
3568 2706 3800 2763 creden-

508 2783 817 2842 allectuum.
850 2786 1023 2842 Simul
1052 2796 1209 2843 erant
1237 2789 1389 2844 dives
1426 2796 1481 2844 et
1516 2787 1789 2845 Abraham
1827 2790 1882 2845 in
1928 2789 2088 2861 spiri-
2192 2786 2357 2853 tibus,
2393 2795 2650 2858 rectoque
2673 2788 2864 2843 itttuitu
2898 2804 3077 2844 rerum
3114 2800 3363 2847 naturam
3387 2792 3431 2825 "
3461 2796 3800 2866 perspicien-

511 2880 740 2937 tualibus
786 2882 1125 2950 substantiis,
1174 2899 1308 2953 quas
1358 2899 1462 2939 una
1512 2884 1810 2955 eademque
1854 2884 2089 2939 humana
2194 2880 2337 2935 tibus
2374 2894 2479 2936 non
2522 2879 2696 2935 solum
2746 2881 3110 2950 rationabilia,
3151 2899 3343 2939 verum
3383 2886 3548 2941 etiam
3598 2889 3801 2943 verisio

505 2975 710 3047 colligit
750 2985 806 3032 et
852 2978 1286 3048 inseparabiliter
1317 2977 1499 3049 jungit
1546 2979 1813 3045 essentia;
1847 2978 1939 3034 sed
1980 2993 2090 3033 non
2193 2971 2417 3028 utillima
2465 2973 2509 3006 "
2550 2974 2847 3044 probantur
2883 2990 3043 3030 esse:
3078 2978 3325 3046 quamvis
3370 2977 3473 3041 his,
3518 2980 3611 3049 qui
3660 2983 3799 3036 nihil

505 3068 667 3123 simul
687 3078 959 3141 erantper
984 3069 1345 3126 dili'erentiam
1362 3069 1724 3140 spiritualium
1747 3069 2087 3141 qualitatum.
2193 3081 2312 3122 esse
2346 3075 2499 3122 extra
2545 3065 2589 3099 ¹⁹
2628 3082 2715 3135 ea,
2737 3084 2876 3139 quae
2902 3069 3143 3126 localiter
3168 3079 3224 3125 et
3254 3073 3622 3142 tetnporaliter
3650 3076 3798 3131 intra

505 3158 739 3216 Cltasma
812 3176 1062 3235 magnum
1137 3163 1278 3217 inter
1342 3176 1437 3216 eos
1508 3172 1627 3217 erat
1682 3160 1745 3228 ’ς
1812 3160 2088 3216 Abraham
2118 3215 2160 3241 η
2193 3161 2336 3216 hunc
2379 3162 2637 3218 mundum
2677 3163 2988 3219 sensibilem
3016 3167 3379 3233 continentur,
3416 3170 3685 3241 cogitant,
3714 3172 3797 3225 in-

503 3257 779 3327 quippein
811 3215 1030 3312 aetgrna
1062 3258 1245 3327 quiete
1273 3254 1564 3327 gaudebat,
1595 3256 1747 3311 dives
1786 3256 1841 3310 in
1873 3215 2162 3324 llamma‘,3
2196 3253 2473 3310 credibilia
2525 3270 2587 3311 ac
2644 3256 2809 3312 veluti
2869 3272 3007 3312 vana
3056 3258 3407 3315 deliramenta
3461 3215 3794 3329 videantur;

506 3347 903 3419 incstinguibili
955 3349 1196 3420 lugebat;
1248 3356 1531 3419 propterea
1584 3349 1721 3405 vidit
1767 3348 1917 3406 dives
1962 3347 1986 3381 ⁸
2025 3348 2093 3405 de
2195 3345 2547 3417 afﬁrmantes,
2580 3351 2725 3407 hunc
2750 3355 3007 3409 mundum
3032 3355 3341 3410 sensibilem
3366 3356 3420 3411 in
3443 3372 3569 3413 suas
3591 3372 3797 3413 causas

507 3440 664 3511 longe
688 3440 982 3497 Abraham.
1014 3441 1146 3509 Quis
1171 3441 1352 3498 verbis
1375 3452 1553 3513 potest
1571 3443 1897 3513 exprimere,
1925 3458 2093 3512 quan-
2195 3456 2301 3496 non
2342 3443 2665 3509 rediturum,
2698 3459 2873 3516 neque
2909 3446 3124 3516 penitus
3170 3449 3491 3516 periturum,
3539 3451 3631 3505 sed
3680 3453 3797 3507 suis

509 3538 618 3585 tum
662 3532 939 3587 interstitii
987 3540 1070 3588 est
1100 3532 1121 3563 '
1158 3533 1298 3588 inter
1350 3533 1611 3589 laetitiam
1656 3542 1714 3589 et
1746 3534 2024 3590 tristitiam
2067 3540 2090 3573 ο
2193 3534 2544 3605 qualitatibus
2589 3536 2925 3594 solummodo
2968 3541 3291 3608 permutatis
3329 3541 3381 3596 in
3413 3542 3622 3607 melius,
3667 3560 3794 3613 per-

506 3624 674 3677 etiam
713 3624 765 3678 in
813 3625 915 3682 hac
959 3625 1092 3691 vita,
1124 3635 1329 3696 quanto
1360 3618 1540 3698 magis
1574 3627 1627 3682 in
1668 3626 1869 3692 altera,
1898 3628 1952 3682 in
1982 3642 2091 3697 qua
2195 3645 2534 3696 mansurum,
2565 3631 2678 3685 suis
2708 3632 3025 3702 corporibus
3062 3635 3441 3704 compositum,
3489 3637 3599 3692 suis
3651 3637 3794 3695 locis

507 3714 651 3769 nulla
714 3715 933 3771 tristitia
985 3725 1243 3787 sequetur
1296 3717 1568 3788 justorum
1643 3719 1936 3785 laetitiam,
1996 3734 2089 3774 ne-
2192 3718 2505 3785 discretum,
2533 3719 2646 3776 suis
2677 3722 3006 3793 temporibus
3030 3722 3371 3791 distinctum,
3408 3727 3517 3781 suis
3545 3729 3793 3785 numeris

505 3824 611 3879 que
683 3809 789 3865 ulla
845 3810 1047 3867 laetitia
1110 3821 1364 3884 sequetur
1420 3812 1708 3883 impiorum
1768 3814 2087 3881 tristitiam,
2191 3810 2626 3882 multiplicatum,
2680 3813 2794 3869 suis
2847 3815 3278 3873 extremitatibus
3328 3819 3585 3874 ambitum
3631 3818 3686 3853 ³⁸
3736 3823 3790 3877 in

504 3901 685 3958 divina
742 3906 1007 3960 sententia
1064 3905 1252 3974 dignas
1308 3905 1534 3979 singulis
1569 3906 2091 3963 incommutabilitet'
2193 3913 2345 3972 parle
2406 3905 2491 3959 sui
2543 3903 2706 3958 veluti
2746 3903 2990 3961 inferiori
3036 3908 3354 3977 corporibus
3396 3910 3791 3983 animabusqne

503 3994 832 4052 attribuente
880 3998 1297 4055 retributiones!
1331 3998 1395 4054 Et
1436 3999 1540 4056 hoc
1590 4008 1676 4056 est
1716 4002 1936 4059 chasma
1975 4017 2090 4057 ma-
2191 3993 2479 4064 impiorum
2532 3995 2737 4050 aeterni
2794 3995 2931 4068 ignis
2982 3997 3176 4053 ardore
3241 4001 3554 4070 torquendis
3601 4002 3789 4059 locum

502 4104 667 4158 gnum
709 4098 765 4144 et
793 4090 1210 4162 impermeabilis
1232 4091 1428 4158 hiatus,
1477 4094 1724 4157 dividens
1760 4097 1904 4151 inter
1932 4111 2088 4166 prae-
2190 4090 2530 4160 praebente?»
2575 4090 2652 4145 De
2691 4105 2798 4160 quo
2834 4097 2891 4144 et
2926 4090 2979 4145 in
3019 4092 3388 4161 superioribus
3412 4094 3561 4151 libris
3586 4106 3791 4153 tracta-

502 4182 613 4237 mia
672 4191 728 4238 et
773 4183 1053 4255 supplicia.
1122 4186 1281 4242 Dives
1333 4196 1511 4242 tamen
1550 4186 1573 4220 ⁸
1619 4202 1724 4243 non
1789 4188 1856 4243 de
1898 4189 2085 4260 longe,
2189 4183 2387 4248 vimus,
2437 4191 2493 4238 et
2543 4199 2685 4238 nunc
2732 4183 2928 4238 iterum
2984 4184 3037 4238 in
3096 4186 3414 4242 memoriam
3470 4200 3789 4245 revocantes

500 4271 595 4327 sed
626 4272 781 4344 juxta
816 4275 882 4330 ad
916 4275 1189 4332 Abraham
1236 4276 1280 4310 ι·
1326 4278 1664 4350 loquebatur,
1697 4286 1757 4334 ut
1798 4279 2084 4353 intelligas,
2189 4275 2429 4332 breviter
2480 4275 2793 4347 repetimus.
2852 4273 3082 4343 Quidam
3142 4277 3283 4333 enim
3335 4278 3584 4349 spatium.
3643 4281 3789 4349 quod

502 4379 625 4419 eum
650 4381 753 4421 non
786 4376 977 4423 natura
1003 4379 1343 4441 segregatum
1372 4370 1537 4427 fuisse
1575 4372 1644 4428 ab
1664 4372 1960 4439 Abraham,
1992 4376 2087 4431 sed
2188 4371 2370 4426 lunam
2391 4369 2437 4402 ’ί
2460 4377 2707 4441 segregat
2741 4384 2771 4423 a
2805 4377 2980 4436 terra,
3010 4379 3403 4426 tormentorum
3446 4371 3565 4427 loco
3602 4372 3793 4429 distri-

502 4460 679 4531 culpa.
722 4460 839 4517 Una
877 4463 1144 4533 siquidem
1184 4464 1418 4520 essentia
1442 4462 1638 4533 jungit,
1667 4482 1803 4535 quos
1833 4468 2084 4523 meritum
2187 4460 2360 4516 buunt
2389 4478 2402 4515 :
2432 4460 2651 4531 quidam
2686 4460 2999 4516 inferiorem
3025 4462 3612 4533 corpulentioremque,
3668 4481 3790 4520 um-

502 4550 760 4607 dissimile
780 4554 988 4609 dividit.
1028 4554 1195 4611 Paulo
1221 4556 1530 4627 priusquam
1560 4556 1819 4613 Dominus
1862 4556 1903 4591 ¹¹
1942 4568 2089 4630 pate-
2116 4586 2165 4644 υ
2190 4554 2410 4609 brorum
2473 4570 2727 4625 capacem
2763 4594 2778 4620 .
2833 4554 3104 4626 terrisque
3154 4557 3457 4627 proximam
3488 4597 3505 4621 .
3554 4558 3788 4628 praefati

502 4652 671 4709 retur,
702 4645 861 4700 simul
906 4646 959 4701 in
1007 4662 1114 4703 uno
1153 4647 1444 4705 coenaculo
1494 4648 1659 4705 Judas
1706 4649 1986 4708 lscariotes
2031 4662 2085 4708 et

2198 4647 2372 4717 spatii,
2423 4647 2567 4718 quod
2623 4646 2766 4703 aeris
2821 4646 3084 4703 vocabulo
3130 4657 3491 4720 nuncupatur,
3537 4660 3781 4718 partem;

502 4735 690 4792 Simon
738 4736 931 4794 Petrus
981 4754 1104 4795 cum
1153 4740 1370 4798 Christo
1415 4742 1715 4799 coenabant
1746 4784 1762 4809 ,
1816 4745 1909 4801 sed
1945 4759 2086 4800 unus
2190 4741 2411 4811 quidam
2434 4740 2653 4797 intimos
2695 4739 2901 4797 telluris
2944 4739 3118 4806 sinus,
3161 4740 3323 4796 veluti
3364 4740 3787 4811 profundissima

492 4822 649 4896 juxta
685 4826 981 4895 Christum,
1035 4830 1173 4886 alter
1214 4831 1369 4904 longe
1419 4840 1605 4889 erata
1649 4832 1883 4890 Christo.
1937 4832 2087 4891 Unus
2191 4844 2246 4893 et
2290 4834 2623 4906 amplissima
2675 4842 2872 4899 antra,
2923 4834 3477 4906 densissimarumque
3524 4846 3787 4907 perpetuo

501 4918 590 4987 qui
620 4934 741 4973 cum
771 4918 991 4976 Christo
1025 4920 1321 4993 intingebat
1354 4939 1570 4979 manum
1617 4924 1670 4979 in
1718 4924 2081 4995 paropsidem,
2190 4926 2477 4999 caliginum
2501 4925 2679 4995 plena,
2706 4940 2770 4981 ac
2790 4925 2953 4981 veluti
2975 4925 3097 4981 liliis
3120 4926 3465 4981 tenebrarum
3491 4928 3775 4998 condigna.

502 5010 854 5067 humanitatis
906 5011 1105 5069 Christi
1151 5023 1269 5069 erat
1315 5015 1542 5071 traditur
1573 5057 1587 5079 ,
1641 5017 1778 5072 alter
1833 5018 1925 5087 qui
1980 5034 2083 5073 non
2189 5018 2309 5088 Ipsa
2340 5026 2520 5074 autem
2546 5019 2832 5090 impiorum
2856 5033 3085 5089 corpora
3114 5018 3170 5073 in
3193 5033 3258 5073 ea
3299 5020 3627 5089 quantitate,
3657 5019 3784 5072 in"

502 5102 695 5174 legitur
724 5105 1008 5162 intinxisse
1034 5121 1253 5161 manum
1282 5122 1404 5162 cum
1426 5107 1643 5163 Christo
1675 5110 1718 5140 “
1750 5109 1804 5163 in
1833 5109 2083 5180 paropsi-
2189 5128 2297 5182 qua
2336 5110 2691 5174 ceciderunt,
2742 5111 2903 5180 inque
2947 5125 3135 5166 eorum
3182 5125 3314 5165 sexu
3368 5125 3434 5165 ac
3483 5110 3532 5143 ’³
3574 5110 3783 5175 turnia,

502 5196 648 5265 dem,
699 5198 998 5258 divinitatis
1050 5199 1252 5257 Christi
1301 5209 1420 5257 erat
1471 5201 1901 5273 contemplator:
1944 5217 2083 5257 unus
2191 5215 2527 5273 numeroque
2581 5200 2947 5256 membrorum
2997 5209 3372 5258 resurrectura
3403 5238 3421 5267 ,
3484 5200 3787 5273 eodemque

1792 5364 2054 5422 VARIAE
2088 5360 2494 5423 LECTIONES.

585 5486 603 5520 ί
621 5486 707 5543 CF
731 5487 881 5559 ligni.
907 5569 922 5587 ι
1015 5486 1100 5545 CF
1126 5486 1573 5587 contempjationi.
1650 5485 1801 5587 "Sic
1972 5485 2111 5587 At"?!
2144 5486 2342 5587 αλὺιζὶιξι.
2394 5486 2451 5587 Ι
2463 5483 2574 5587 ⁵ξίο
2603 5481 3615 5587 CFAOfﬁguntzszicita?”
3642 5488 3779 5587 suam:

500 5554 789 5630 magnum'
811 5569 922 5614 erat
945 5560 1080 5614 inter
1103 5576 1210 5615 eos.
1287 5560 1309 5592 ⁸
1330 5554 1487 5614 'dives
1524 5573 1634 5613 om.
1665 5558 1731 5612 Α.
1820 5558 1843 5591 ⁷
1879 5556 1970 5612 Sic
1997 5556 2120 5622 CF;
2153 5558 2198 5612 Α
2228 5556 2517 5611 interstitit.
2620 5556 2644 5588 ⁸
2682 5554 2724 5609 Α
2749 5556 2888 5609 inter
2909 5554 3180 5609 tristitiam
3206 5564 3255 5608 et
3281 5554 3564 5610 laetitiam.
3642 5558 3665 5587 ’
3693 5556 3779 5611 Sic

501 5629 625 5692 CF;
660 5631 702 5684 Α
728 5642 922 5685 autem.
1022 5631 1065 5662 “
1090 5630 1155 5684 ad
1181 5631 1446 5684 Abraham
1474 5645 1582 5684 om.
1614 5629 1681 5683 Δ.
1777 5629 1818 5661 ¹¹
1872 5628 2126 5685 Do‘miuus
2155 5644 2264 5684 om.
2305 5627 2409 5683 CF.
2487 5628 2529 5658 ¹³
2570 5625 2655 5681 CF
2686 5641 2808 5680 cum
2830 5626 3049 5680 Christo
3079 5642 3291 5679 manum
3326 5626 3397 5680 itt.
3480 5625 3524 5658 “
3550 5626 3641 5683 Sic
3663 5627 3774 5692 CF;

501 5629 586 5685 CF
605 5629 625 5694 7;
660 5631 702 5684 Α
728 5642 922 5685 autem.
1022 5631 1065 5662 “
1090 5630 1155 5684 ad
1181 5631 1446 5684 Abraham
1474 5645 1582 5684 om.
1614 5629 1681 5683 Δ.
1777 5629 1818 5661 ¹¹
1872 5629 2126 5685 Do‘miuus
2155 5644 2264 5684 om.
2305 5629 2409 5683 CF.
2487 5629 2529 5658 "
2570 5629 2655 5681 CF
2686 5641 2808 5680 cum
2830 5629 3049 5680 Christo
3079 5642 3291 5679 manum
3326 5629 3397 5680 itt.
3480 5629 3524 5658 "
3550 5629 3641 5683 Sic
3663 5629 3771 5692 CF;

587 5702 842 5779 condith
897 5701 941 5733 ιδ
958 5701 1265 5779 SiqCFLA
1290 5701 1609 5779 dispensata.
1653 5699 2062 5779 Δξιξ-(ιιιιςεηιέξῃι.
2097 5701 2157 5755 Α.
2239 5699 2282 5779 ξ’
2314 5708 2360 5753 et
2390 5714 2501 5779 0In_._
2527 5699 2592 5752 Α.
2627 5776 2634 5779 Δ
2668 5696 2709 5728 ¹⁷
2740 5694 3083 5779 εἰσηιῖξῌςᾉ
3137 5706 3409 5779 naturas.“
3466 5696 3508 5779 ‘f
3537 5697 3629 5752 Sic
3662 5697 3771 5762 (ZF;

502 5773 548 5828 A
573 5773 897 5827 verisimilia.
958 5773 1001 5805 ¹⁹
1034 5772 1123 5829 Sic
1146 5772 1262 5837 CF;
1287 5772 1329 5825 A
1353 5765 1487 5825 inter
1511 5788 1590 5826 ea.
1652 5770 1697 5801 ²⁰
1723 5770 1813 5827 Sic
1836 5772 1879 5827 A
1897 5787 1913 5838 ;
1931 5770 2014 5828 CF
2035 5770 2701 5841 compositus—discretus
2718 5796 2790 5809 --
2811 5765 3642 5834 distinctus—mullipllcatu—
3661 5786 3773 5825 aut-

506 5843 664 5899 bitus.
692 5905 697 5909 ο
738 5844 781 5876 ²¹
808 5843 855 5897 Α
877 5842 1024 5901 luna.
1098 5846 1145 5878 ¹¹
1170 5846 1224 5899 in
1246 5858 1355 5900 om.
1384 5842 1452 5898 Δ.
1529 5841 1575 5875 ³⁸
1599 5842 1644 5897 Α
1664 5851 1735 5898 et.
