4008 6286
181 427 294 484 985

1065 415 1153 470 DE
1193 411 1528 472 DIV’ISIONE
1564 405 1913 466 NATURAE.
1954 437 2021 450 —--
2057 407 2258 464 LIBER
2295 409 2616 480 QUINTUS.

3341 407 3448 468 986

179 541 408 600 omnino
439 537 617 602 modo,
645 549 751 606 quo
782 535 836 590 in
869 534 974 588 hac
1007 532 1116 587 vita
1146 533 1352 595 vixere,
1390 531 1568 584 futura
1606 542 1762 599 prae-
1792 529 1839 588 Λ
1868 525 2008 581 sicut
2031 527 2328 596 aequaliter
2344 526 2759 583 deditomnibus
2779 526 3085 583 hominibus
3101 539 3241 594 esse,
3257 526 3330 582 ita
3349 541 3445 582 ae-

181 636 389 695 dicant,
413 646 478 685 eo
496 636 736 697 excepto,
763 625 904 696 quod
928 625 993 678 de
1017 623 1334 678 mortalibus
1361 621 1772 692 temporalibus-

181 742 292 798 que
313 726 372 780 in
403 719 725 778 immortalia
751 715 1098 771 mutabuntur
1125 723 1179 769 et
1205 723 1449 778 aeterna,
1474 712 1540 767 de
1565 709 1775 764 anima-

183 817 328 871 libus
353 815 406 869 in
436 809 733 884 spiritualia
761 825 774 864 :
805 821 980 876 neque
1018 807 1118 860 hoc
1149 805 1215 859 ad
1253 805 1503 858 virtutem
1550 811 1774 856 naturae

184 909 511 975 divinaeque
531 899 790 958 bonitatis
816 898 1049 954 refertur
1068 897 1392 969 largitatem,
1417 896 1510 951 sed
1541 895 1606 948 ad
1633 903 1772 948 stre-

182 1001 285 1054 nui-
304 997 502 1069 judicis
527 993 869 1049 durissimam
914 1001 970 1046 et
1008 988 1501 1045 incommutabilem
1549 985 1780 1042 austeri-

187 1101 374 1157 tatem,
408 1089 529 1144 data
563 1095 787 1143 naturae
809 1093 862 1139 et
884 1084 1024 1138 dona
1055 1083 1262 1152 gr’atiae
1306 1082 1358 1136 in
1406 1079 1776 1136 crudelitatem

183 1181 461 1236 vindictae
528 1173 986 1231 transfundentes.
1043 1172 1213 1227 Aiunt
1279 1171 1446 1236 enim,
1492 1169 1776 1238 impiorum

185 1285 413 1341 corpora
443 1283 548 1324 non
574 1267 734 1322 aliam
777 1265 846 1320 ob
885 1279 1100 1319 causam
1144 1261 1488 1326 immortalia,
1538 1271 1776 1324 aeterna,

187 1363 596 1435 Spiritualiaque
631 1367 1019 1420 resurrectura,
1065 1356 1168 1410 nisi
1213 1363 1272 1409 ttt
1319 1360 1574 1425 perpetua
1620 1352 1780 1406 susti-

188 1467 353 1514 neant
396 1455 675 1526 supplicia.
734 1454 914 1525 Ignem
970 1465 1203 1520 quoque,
1238 1449 1291 1502 in
1347 1463 1454 1518 quo
1495 1444 1774 1508 ardebunt,

189 1565 504 1622 corporeum
527 1545 940 1615 sensibilemque
961 1559 1078 1598 esse
1102 1558 1208 1597 non
1230 1541 1498 1595 dubitant.
1524 1537 1782 1593 Similiter

191 1643 256 1698 de
283 1641 555 1697 vermibus
591 1655 693 1694 non
721 1636 1017 1702 morituris,
1057 1636 1229 1704 deque
1257 1645 1449 1702 stagno
1489 1630 1780 1699 sulphureo

188 1735 373 1791 nescio
395 1731 523 1803 quid
544 1730 831 1786 somniant.
869 1725 1184 1797 Corporalia
1207 1732 1385 1777 tamen
1408 1731 1570 1792 atque
1592 1719 1780 1772 localia

189 1828 324 1881 haec
355 1825 534 1879 omnia
568 1837 686 1878 esse
729 1822 1104 1876 incunctanter
1146 1816 1414 1870 afﬁrmant
1450 1833 1462 1868 :
1512 1811 1780 1867 masculos

1874 617 2105 688 qualiter
2130 619 2351 674 daturus
2382 630 2464 674 est
2495 635 2798 691 resurgere,
2833 629 2888 675 et
2914 620 3189 692 angelicae
3221 627 3448 675 naturae

1872 708 2276 765 similitudinem
2308 710 2603 780 possidere.
2633 709 2922 780 Superiora
2953 725 3083 766 vero
3111 709 3294 765 mundi
3320 722 3445 764 sen-

1873 802 2044 858 sibilis
2075 803 2269 872 spatia,
2292 817 2430 873 quae
2454 803 2705 858 dicuntur
2729 804 2982 858 aetherea
3000 843 3016 869 ,
3043 818 3073 857 a
3107 802 3232 857 luna
3264 802 3450 856 videli-

1874 901 1962 948 cet
2002 908 2218 948 sursum
2261 907 2449 948 versus
2484 906 2655 963 usque
2694 891 2760 946 ad
2805 903 3105 947 extremum
3148 891 3452 962 stelligerae

1875 984 2138 1055 sphaerae
2171 984 2453 1050 ambitum,
2487 984 2803 1056 corporibus
2829 991 3136 1039 sanctorum
3162 984 3215 1038 in
3241 997 3453 1053 posses-

1875 1076 2084 1130 sionem
2123 1086 2430 1146 segregant,
2466 1075 2795 1141 rationabili,
2824 1083 2881 1129 ut
2903 1075 2982 1130 eis
3006 1075 3238 1140 videtur,
3269 1074 3451 1130 distri-

1874 1167 2113 1231 butione,
2139 1166 2352 1220 intimas
2381 1166 2597 1236 quidem
2621 1165 3050 1237 caliginosasque
3070 1163 3250 1218 mttndi
3275 1172 3454 1233 partes

1876 1258 2051 1330 dignis
2093 1258 2386 1329 supplicio,
2424 1273 2664 1313 summas
2699 1272 2830 1313 vero
2871 1257 3180 1327 lucidasque
3218 1257 3455 1327 praemio

1878 1347 2304 1403 honorificandis
2328 1347 2598 1403 ordinare.
2632 1348 2749 1418 Ipsa
2785 1347 2949 1402 etiam
2988 1356 3297 1401 sanctorum
3334 1361 3455 1400 cor-

1876 1455 2006 1511 pora
2024 1438 2237 1503 localia,
2255 1439 2471 1508 suisque
2493 1437 2879 1508 quantitatibus
2901 1437 3257 1507 corporalium
3289 1452 3460 1491 mem-

1878 1532 2129 1598 brorum,
2173 1531 2515 1602 propriisqne
2559 1531 2780 1584 staturis
2826 1529 3270 1598 circumscripta,
3321 1543 3455 1582 sexu

1881 1640 2094 1695 quoque
2123 1623 2263 1678 virili
2291 1623 2631 1693 femineoque
2658 1622 2892 1678 discreta
2939 1620 3115 1676 futura
3159 1634 3278 1675 esse
3303 1635 3460 1688 prae-

1881 1717 2064 1798 dicare
2097 1732 2203 1771 non
2243 1716 2542 1785 trepidant;
2580 1722 2783 1768 mutata
2822 1721 3000 1767 tamen
3045 1713 3099 1766 in
3147 1710 3459 1781 spirituales

1883 1811 2170 1882 qualitates
2198 1809 2686 1879 subtilissimasth
2713 1807 3058 1869 substantias,
3084 1806 3457 1860 aethereorum

190 1922 244 1976 in
301 1935 429 1976 sexu
485 1916 777 1973 masculino
807 1955 823 1982 ,
879 1913 1108 1968 feminas
1154 1911 1208 1965 in
1273 1923 1403 1964 sexu
1445 1906 1679 1963 femineo
1729 1907 1778 1950 ’ν
1812 1895 1858 1954 Β
1887 1920 2171 1975 corporum
2201 1905 2396 1968 instar,
2422 1903 2494 1957 ita
2521 1911 2602 1968 ut,
2626 1916 2766 1971 quae
2794 1902 2882 1955 hic
2912 1910 3125 1955 terrena
3153 1908 3208 1954 et
3233 1899 3458 1962 caduca,

190 2019 539 2088 propriosque
560 2011 888 2084 singulorum
912 2009 1127 2063 habitus
1151 2011 1548 2060 resurrecturos
1564 1999 1777 2072 publice

192 2112 446 2174 clatnant,
478 2122 577 2160 nec
611 2119 714 2158 non
745 2112 798 2157 et
829 2099 1158 2169 singulorum
1193 2094 1554 2149 membrorum
1579 2089 1775 2154 cilicia,

188 2201 284 2256 sed
320 2216 424 2252 non
460 2193 786 2257 necessaria,
835 2207 943 2245 non
998 2188 1270 2249 defutura,
1322 2195 1608 2252 ceteraque
1654 2181 1781 2235 deli-

187 2299 433 2346 ramenta
479 2290 536 2352 ’,
583 2301 721 2356 quae
784 2298 911 2338 vera
959 2281 1078 2352 plus
1127 2278 1330 2333 deridet
1377 2291 1538 2346 quam
1587 2273 1781 2328 astruit

186 2386 348 2440 ratio.
415 2383 633 2437 Duobus
697 2379 839 2434 enim
913 2372 1274 2430 commatibus
1342 2367 1616 2424 concludit
1687 2381 1780 2420 eos

184 2476 480 2549 Apostolus
513 2515 527 2540 ,
571 2474 635 2527 de
672 2468 908 2541 generali
953 2465 1192 2521 omnium
1245 2463 1602 2518 humanorum
1656 2474 1778 2514 cor-

185 2582 382 2639 porum
457 2560 851 2620 resurrectione
923 2555 1244 2626 praedicans
1299 2569 1313 2605 :
1363 2550 1665 2606 Seminamr
1724 2549 1781 2601 in

188 2657 526 2721 contumelia,
555 2663 724 2723 surget
753 2652 806 2704 in
833 2648 1000 2720 gloria
1028 2662 1047 2701 :
1071 2646 1360 2701 seminatur
1380 2646 1434 2696 in
1457 2642 1779 2710 inﬁrmitate,

187 2761 366 2822 surget
409 2750 460 2804 in
500 2749 707 2802 virtute.
752 2743 808 2797 Si
839 2755 968 2809 ergo
995 2738 1177 2794 omnia
1206 2750 1432 2806 corpora
1460 2740 1681 2802 surgent
1729 2732 1781 2784 in

189 2820 363 2913 gloria
387 2851 441 2896 et
465 2839 665 2892 virtute
688 2876 702 2901 ,
735 2832 910 2886 ablata
937 2829 1082 2885 omni
1113 2825 1438 2883 contumelia
1470 2831 1526 2878 et
1565 2820 1785 2877 infirmi-

194 2946 338 2991 tate:
366 2931 538 3002 qualis
559 2928 728 3001 gloria
749 2925 853 2981 erit
875 2924 984 2989 his,
1011 2922 1100 2992 qui
1126 2920 1362 2976 aeternis
1383 2917 1784 2973 damnabuntur

192 3028 489 3100 suppliciis,
522 3024 603 3079 vel
643 3019 814 3092 qualis
860 3015 1074 3072 virtus?
1107 3012 1216 3068 Nec
1256 3012 1434 3067 obstat
1468 3009 1610 3079 quod
1658 3006 1783 3061 alibi

193 3097 340 3175 idem
368 3115 653 3188 Apostolus
681 3114 759 3165 ait
791 3129 804 3164 :
846 3111 927 3164 An
954 3125 1058 3163 non
1083 3104 1234 3159 habet
1262 3111 1565 3174 potestatem
1591 3097 1784 3170 ﬁgulus

193 3213 316 3277 luti,
356 3210 499 3264 aliud
537 3225 625 3262 vas
664 3205 833 3275 facere
867 3203 924 3256 in
962 3202 1210 3254 honorem
1234 3237 1249 3264 ,
1297 3195 1444 3250 aliud
1496 3194 1552 3248 in
1600 3202 1781 3246 contu-

1881 1998 1991 2052 illic
2021 1996 2273 2052 caelestia
2303 2004 2356 2050 et
2383 2002 2602 2049 aeterna
2625 2034 2640 2058 ,
2673 2007 2810 2063 quae
2845 1993 2934 2046 hic
2967 1991 3151 2062 gravia
3189 2000 3243 2045 et
3271 2005 3462 2045 corru-

1879 2091 2123 2164 plibilia,
2165 2089 2272 2144 illic
2311 2089 2456 2143 omni
2499 2088 2737 2157 pondere
2777 2085 3048 2150 carentia,
3090 2083 3234 2138 omni
3277 2099 3463 2138 corru-

1879 2185 2063 2255 ptione
2093 2182 2279 2246 libera,
2310 2192 2368 2235 ut
2405 2179 2634 2234 mirabili
2662 2177 2958 2243 celeritate,
2988 2189 3462 2248 quorsumcunque

1880 2275 2068 2342 velint,
2095 2282 2297 2328 motum
2326 2287 2480 2328 suum
2504 2271 2781 2326 oculorum
2814 2269 2978 2324 radiis
3006 2267 3278 2321 simillima
3308 2279 3463 2320 exer-

1883 2376 2070 2432 ceant;
2100 2365 2280 2421 omnia
2313 2374 2490 2418 tamen
2528 2362 2828 2433 corporalia
2867 2375 3091 2432 organa,
3123 2359 3175 2413 id
3205 2368 3308 2423 est,
3338 2373 3462 2413 cor-

1881 2460 2086 2531 poralia
2118 2459 2354 2513 membra
2393 2457 2505 2513 suis
2534 2457 2762 2511 discreta
2804 2454 2936 2509 locis
2967 2452 3214 2507 habitura
3243 2447 3308 2514 ¹⁰,
3337 2463 3467 2503 ocu-

1883 2550 1963 2605 los
1991 2550 2217 2613 scilicet,
2249 2556 2535 2618 ceteraque
2575 2561 2830 2602 sensuum
2872 2545 3265 2607 instrumenta,
3305 2549 3466 2612 caput

1885 2646 2229 2699 humerorum
2253 2650 2427 2703 tenus,
2453 2639 2696 2703 brachia,
2724 2639 3024 2698 thoracem,
3047 2635 3232 2706 pedes,
3261 2642 3468 2688 cetera-

1884 2751 1988 2807 que
2016 2733 2255 2788 membra
2284 2733 2396 2787 suis
2417 2731 2634 2786 sedibus
2661 2729 2939 2798 disposita.
2965 2727 3071 2782 Sed
3099 2727 3224 2780 dum
3253 2724 3378 2779 talia
3413 2725 3466 2778 in

1884 2828 2036 2882 libris
2073 2835 2384 2882 sanctorum
2425 2824 2646 2879 Patrum
2674 2821 2824 2889 lego.
2856 2819 3187 2890 stupefactus
3229 2817 3464 2880 haesito,

1885 2919 2228 2987 maximoque
2268 2916 2492 2970 horrore
2527 2927 2822 2970 concussus
2851 2912 3041 2975 titubo,
3067 2918 3136 2970 et,
3172 2910 3295 2962 dum
3326 2908 3463 2960 intra

1886 3026 1972 3066 me
2001 3011 2173 3080 ipsum
2202 3009 2398 3078 cogito,
2423 3022 2520 3061 cur
2545 3001 2962 3075 spiritualtssimi
2984 3002 3025 3033 “
3053 3000 3152 3055 viri
3184 2999 3324 3052 ultra
3348 3014 3465 3053 om-

1885 3119 1984 3158 nes
2017 3100 2356 3171 operationes
2400 3095 2649 3153 localium
2683 3091 3164 3164 temporaliumque
3188 3089 3470 3161 cogitatio-

1886 3213 2014 3251 num
2068 3195 2460 3257 ascendentes,
2516 3199 2794 3259 totumque
2849 3185 3156 3242 sensibilem
3210 3183 3466 3237 mtnnlutn

193 3301 454 3356 meliam?
509 3298 622 3353 Non
666 3297 808 3352 enim
845 3295 909 3350 de
955 3288 1354 3347 reslll'reClione
1390 3301 1675 3355 corporum
1715 3299 1781 3339 60
1809 3263 1856 3326 ο
1886 3291 2085 3345 virtute
2103 3284 2570 3355 contemplationis
2587 3293 2922 3354 superantes,
2942 3274 3240 3347 huiusmodi
3266 3275 3405 3330 dicta
3428 3273 3470 3304 ¹²

195 3394 300 3449 loci
337 3393 358 3424 ³
393 3392 674 3461 disputat,
715 3386 808 3442 sed
866 3385 1124 3440 adversus
1175 3395 1271 3435 eos
1319 3379 1438 3441 ait,
1482 3377 1574 3446 qui
1614 3375 1784 3430 Deum

195 3493 464 3540 conantur
498 3480 890 3552 reprehendere
946 3477 1108 3532 veluti
1173 3475 1414 3544 iniquum
1440 3513 1456 3539 ,
1497 3470 1630 3526 alios
1668 3471 1789 3541 qui-

196 3577 320 3632 dem
344 3575 648 3645 eligentem,
676 3571 809 3626 alios
830 3585 958 3625 vero
992 3567 1360 3638 repellentem,
1409 3573 1464 3618 et
1507 3563 1627 3617 illos
1669 3563 1786 3632 qui-

196 3669 321 3723 dem
347 3683 473 3721 vasa
511 3662 912 3720 misericordiae
947 3659 1254 3721 facientem,
1297 3655 1416 3709 illos
1455 3663 1632 3709 autem
1660 3669 1786 3708 vasa

195 3759 314 3815 irae
333 3759 667 3813 deserentem
698 3752 747 3808 ⁶.’
765 3753 822 3807 Si
849 3761 1030 3806 autem
1058 3748 1181 3818 quis
1219 3747 1437 3810 dixerit,
1466 3743 1785 3815 Apostolum

195 3869 305 3910 non
333 3853 354 3884 ⁸
399 3851 466 3906 de
502 3847 740 3921 generali
786 3847 1025 3902 omnium
1070 3845 1426 3899 humanorum
1464 3855 1783 3909 corporum,

197 3944 293 4000 sed
343 3941 408 3997 de
451 3941 667 4012 speciali
701 3938 971 4008 iustorum
1011 3935 1095 3991 his
1148 3934 1325 3990 verbis
1363 3931 1703 4003 praedicasse
1743 3931 1781 3996 ⁸,

195 4037 398 4102 videat,
433 4035 562 4106 quid
595 4035 709 4104 ipse
735 4031 1016 4096 Dominus,
1042 4031 1168 4084 dum
1193 4025 1460 4080 Lazarum
1490 4023 1784 4078 resuscita-

195 4137 374 4193 verat,
405 4130 471 4184 de
505 4127 684 4197 seipso
712 4125 929 4179 dicebat
979 4140 992 4176 :
1038 4119 1152 4191 Ego
1182 4135 1297 4173 sum
1318 4158 1333 4183 ,
1375 4117 1573 4186 inquit,
1611 4130 1784 4169 resur-

198 4222 378 4276 rectio.
427 4218 542 4275 Non
593 4218 730 4274 dixit
777 4212 1117 4286 specialiter,
1155 4227 1254 4283 ego
1289 4226 1408 4266 sum
1457 4206 1786 4264 resurrectio

190 4312 465 4384 iustorum
486 4351 500 4377 ,
531 4310 626 4366 sed
655 4305 1062 4370 universaliter,
1093 4320 1184 4374 ego
1215 4319 1330 4356 sum
1362 4300 1692 4355 resurrectio.
1727 4298 1785 4351 Si

197 4423 330 4480 ergo
363 4408 476 4478 ipse
513 4415 596 4461 est
636 4403 962 4460 resurrectio
983 4442 998 4468 ,
1029 4398 1272 4470 profecto
1304 4394 1648 4451 uniformiter
1677 4393 1782 4458 his,

198 4514 337 4569 quos
373 4498 688 4562 resuscitat,
735 4493 971 4564 seipsum
1012 4497 1291 4561 praestat,
1332 4483 1785 4556 quemadmodum

199 4592 338 4662 ipse,
370 4597 429 4644 ut
454 4588 614 4644 Pater
644 4602 804 4652 suus,
833 4585 994 4640 solem
1044 4599 1199 4637 suum
1232 4585 1253 4618 τ
1294 4580 1426 4635 oriri
1466 4578 1591 4649 facit
1633 4593 1787 4647 super
1812 4622 1864 4682 Β

201 4683 360 4736 bonos
400 4678 688 4744 et'malos,
730 4689 777 4734 et
809 4677 938 4749 pluit
978 4692 1135 4745 super
1158 4675 1334 4744 justas
1359 4683 1407 4726 et
1440 4673 1685 4741 injustas.
1721 4670 1786 4724 Et

198 4775 451 4831 fortassis
490 4776 603 4846 ipse
637 4783 724 4830 est
753 4772 863 4838 sol,
899 4771 992 4841 qui
1023 4769 1272 4824 omnibus
1310 4766 1559 4823 similiter
1587 4766 1783 4831 oritur,

199 4876 256 4924 et
283 4868 480 4938 pluvia,
513 4883 650 4938 quae
676 4865 922 4922 similiter
947 4878 1110 4933 super
1133 4876 1326 4916 omnes
1353 4858 1522 4928 pluit;
1556 4873 1783 4929 genera-

200 4962 329 5017 liter
348 4962 564 5031 quidem
590 4960 841 5016 omnibus
862 4955 1279 5012 resurrectionis
1303 4961 1360 5007 et
1383 4951 1525 5004 vitae
1553 4954 1782 5022 gratiam

200 5067 516 5129 praestans,
568 5055 875 5127 specialiter
915 5069 1043 5109 vero
1090 5053 1143 5106 in
1190 5066 1248 5107 se
1291 5047 1635 5132 credentibus
1677 5066 1781 5103 non

202 5155 379 5210 solum
406 5166 634 5210 mortem
660 5153 860 5220 carnis,
885 5154 978 5208 sed
999 5152 1159 5208 etiam
1184 5159 1410 5203 mortem
1436 5143 1654 5209 mentis,
1677 5159 1780 5214 qua

201 5245 350 5302 Deus
397 5247 676 5318 ignoratur
719 5255 776 5302 et
819 5260 958 5316 quae
999 5243 1235 5300 maxima
1276 5241 1562 5310 impiorum
1610 5253 1780 5309 poena

202 5348 354 5412 est,;
381 5340 546 5396 veluti
582 5338 854 5411 quandam
889 5337 1137 5393 umbram
1171 5333 1196 5367 ⁸
1235 5331 1508 5388 auferens.
1539 5329 1724 5400 Itaque
1759 5334 1780 5365 ο

1889 3381 2001 3437 suis
2024 3379 2241 3449 scriptis
2261 3376 2777 3431 commendaverunt
2799 3371 3204 3443 posteritatique
3232 3366 3468 3422 tradide-

1889 3482 2036 3537 runt,
2064 3471 2276 3526 facilius
2297 3470 2464 3524 ducor
2488 3467 2825 3531 existimare,
2850 3479 2954 3519 non
2977 3463 3136 3518 aliam
3163 3461 3233 3516 ob
3253 3473 3469 3516 causam

1889 3569 1956 3623 ad
1996 3567 2132 3622 haec
2164 3563 2516 3636 excogitanda
2560 3570 2616 3617 et
2650 3558 2935 3616 scribenda
2977 3562 3233 3612 attractos
3281 3551 3470 3618 fuisse,

1887 3659 1988 3714 nisi
2016 3666 2074 3713 ut
2112 3657 2304 3712 saltem
2341 3653 2425 3709 vel
2457 3653 2532 3709 sic
2565 3650 2796 3707 terrenis
2826 3646 3242 3715 carnalibusqne
3269 3644 3474 3715 cogita-

1887 3753 2124 3808 tionibus
2153 3749 2382 3813 deditos,
2413 3745 2776 3816 simplicisque
2808 3742 2931 3797 ﬁdei
2959 3737 3277 3795 rudimentis
3305 3736 3475 3791 nutri-

1888 3853 1972 3899 tos
2012 3844 2080 3898 ad
2116 3840 2414 3912 spiritualia
2461 3837 2747 3907 cogitanda
2791 3833 3158 3890 sublevarent.
3203 3827 3334 3883 Nam
3381 3827 3472 3896 qui

1887 3937 2027 3990 ultra
2070 3935 2214 3989 hunc
2259 3931 2518 3986 mundum
2560 3925 2868 3982 sensibilem
2919 3923 3052 3977 nihil
3089 3935 3209 3974 esse
3254 3916 3472 3984 excogi-

1888 4036 2025 4093 tant,
2054 4023 2416 4096 promptiores
2454 4027 2579 4074 sunt
2600 4017 2666 4072 ad
2701 4014 2997 4086 negandam
3022 4025 3183 4081 quam
3213 4008 3278 4063 ad
3308 4006 3476 4062 conli-

1886 4119 2105 4174 tendam
2151 4113 2443 4170 veridicam
2491 4117 2806 4164 naturarum
2859 4101 3304 4175 speculationem.
3366 4098 3476 4151 An-

1887 4210 2097 4265 dientes
2126 4205 2412 4278 siquidem,
2440 4213 2614 4270 neque
2639 4197 2780 4261 loca,
2803 4208 2979 4264 neque
3009 4201 3270 4259 tempora,
3302 4201 3476 4257 neque

1886 4316 2147 4373 corpora,
2182 4313 2355 4368 neque
2396 4291 2694 4364 corporalia
2732 4297 2852 4360 post
2896 4288 3056 4342 finem
3092 4283 3253 4352 hujus
3288 4281 3473 4338 mundi

1886 4409 2007 4449 esse
2034 4391 2212 4446 futura
2231 4429 2247 4455 ,
2279 4384 2564 4442 confestim
2591 4378 2908 4436 inflammati
2943 4383 3233 4447 erumpunt
3259 4384 3315 4428 et
3343 4388 3471 4443 pro-

1886 4487 2142 4550 clamant,
2171 4483 2413 4537 dicentes
2443 4493 2458 4532 :
2487 4473 2630 4531 Nihil
2670 4474 2832 4546 igitur
2861 4471 3001 4536 erit,
3039 4469 3082 4524 si
3126 4465 3260 4522 nihil
3288 4465 3470 4520 talium

1889 4580 2245 4644 remanserit;
2300 4584 2357 4630 et
2407 4571 2667 4628 insultant
2712 4568 2817 4631 his,
2869 4564 2960 4634 qui
3014 4560 3127 4618 sola
3175 4557 3473 4630 spiritualia

1887 4676 2234 4750 promittunt,
2277 4680 2570 4737 rerumque
2619 4659 2955 4718 sensibilium
3007 4655 3286 4726 opiniones
3328 4651 3473 4706 aufe-

1886 4745 2032 4824 runt.
2093 4766 2239 4820 Haec
2313 4762 2531 4829 itaque,
2577 4763 2638 4810 ut
2687 4752 2908 4823 opinor,
2961 4747 3140 4820 magni
3201 4745 3475 4813 divinique

1889 4859 2293 4918 considerantes
2319 4852 2386 4918 ¹⁸,
2420 4848 2729 4917 timidisque
2771 4841 3004 4898 fidelium
3034 4837 3355 4908 simplicium
3388 4851 3476 4889 co-

1890 4950 2240 5026 gitationibus
2284 4943 2630 5002 consulentes
2657 4940 2722 5004 ίδ,
2754 4936 2939 4992 utilius
2983 4933 3156 4988 visum
3193 4939 3276 4985 est
3310 4927 3386 4982 eis
3431 4928 3474 4965 ¹⁵

1891 5045 2205 5118 praedicare
2278 5050 2615 5094 terrenorum
2684 5029 3125 5097 sensibiliumque
3188 5037 3473 5094 corporum

1891 5134 2398 5196 transmutationem
2432 5130 2485 5183 in
2517 5125 2768 5182 caelestia
2798 5119 3203 5191 spiritualiaque
3246 5129 3472 5183 corpora

1892 5225 2254 5310 [praedicare]
2275 5227 2341 5293 ”,
2365 5238 2524 5294 quam
2551 5219 2765 5292 penitus
2783 5227 3006 5283 corpora
3030 5219 3084 5266 et
3102 5206 3399 5278 corporalia
3421 5212 3477 5259 et

1891 5297 2168 5385 sensibilia
2195 5297 2381 5376 omnia
2418 5327 2693 5384 nunquam
2727 5323 2847 5366 esse
2880 5306 3079 5360 futura.
3124 5297 3476 5356 Tolerabilior

1481 5496 1739 5553 VARIAE
1777 5487 2184 5553 LECTIONES.

279 5626 299 5660 ⁸
337 5625 429 5683 Sic
453 5623 536 5682 CF
559 5643 574 5692 ;
601 5624 645 5680 A
673 5619 976 5695 foeminino.
1006 5637 1010 5642 '

202 5696 807 5769 —faciens—deserens.

204 5760 332 5824 dam
361 5770 597 5822 umbram
626 5783 736 5823 om.
765 5764 833 5819 Α.
933 5765 953 5796 ⁹
983 5761 1027 5816 Α
1062 5760 1168 5814 Ita.

211 5912 254 5943 ¹⁶
291 5905 592 5979 praedicare
626 5905 732 5964 om.
768 5905 832 5959 A.

902 5693 923 5724 ⁸
944 5690 1144 5760 Aquod
1175 5703 1277 5743 non
1308 5685 1631 5767 (Apostolum
1660 5699 1769 5738 om.
1788 5683 1880 5753 A.)

933 5765 953 5796 ο
987 5761 1022 5807 Δ
1067 5760 1168 5807 Ita.
1271 5757 1314 5788 ¹⁰
1348 5757 1437 5807 Sic
1473 5755 1588 5807 CF:
1629 5753 1675 5807 A
1716 5755 1880 5807 habits

207 5753 332 5824 da'm
361 5770 597 5822 umbram
626 5783 736 5823 om.
765 5764 833 5819 Α.
933 5765 953 5796 ⁹
983 5753 1030 5816 Ᾱ
1062 5760 1168 5814 Ita.
1271 5753 1326 5788 ¹⁰’
1348 5753 1437 5812 Sic
1473 5755 1588 5818 CF;
1629 5753 1675 5808 A
1716 5755 2036 5807 habitatura.
2113 5753 2156 5781 υ
2188 5753 2280 5802 Sic
2307 5753 2420 5808 ur;
2448 5753 2495 5794 Α
2523 5753 2901 5813 spectatissimi.

207 5841 254 5871 ’³
277 5841 319 5892 Λ
350 5840 595 5907 auferunt
631 5835 918 5907 opiniones.
999 5832 1040 5863 ¹¹⁵
1073 5831 1163 5885 Sic
1186 5827 1302 5895 CF;
1333 5828 1375 5883 A
1408 5827 1608 5898 magnis
1652 5824 1948 5894 divinisque
1987 5814 2437 5876 considerantibus
2460 5819 2564 5866 cet.
2590 5802 2992 5861 consulentibus.

1060 5619 1080 5650 θ
1113 5617 1452 5673 deliramenta
1480 5631 1586 5668 om.
1615 5614 1677 5667 Α.
1757 5613 1779 5644 ο
1809 5612 1900 5668 Sic
1936 5610 2053 5674 CF;
2080 5608 2122 5662 A
2155 5622 2214 5661 eo
2242 5603 2376 5658 loco.
2420 5597 2472 5674 _*
2499 5596 2591 5651 Sic
2634 5595 2722 5656 A;
2775 5587 2860 5647 CF
2925 5575 3474 5674 {ligen3-3_§§rf_l"ffs

3081 5656 3105 5690 ⁸
3125 5651 3278 5709 veluti
3305 5665 3474 5718 quan-

2998 5729 3040 5758 "
3074 5727 3210 5779 dicta
3233 5717 3342 5776 om.
3367 5717 3472 5774 Cl’.

3090 5797 3135 5829 "
3159 5796 3233 5849 eis
3269 5808 3379 5847 om.
3407 5789 3470 5844 Λ.

1974 5658 2474 5750 “indicaverit:
2577 5673 2600 5707 '
2620 5676 2898 5750 εμεξεηρηῑ·
2925 5658 2992 5712 Α·

2113 5732 2156 5781 η
2188 5747 2280 5802 Sic
2307 5741 2420 5808 CF;
2448 5740 2495 5794 Α
2523 5732 2901 5808 specialissimi.
