4008 6286
556 385 663 444 osi
1388 432 1395 439 .
1978 370 2261 433 JOANNIS
2298 350 2492 433 scort
3720 372 3821 429 oss

558 494 756 564 quippe
783 489 1079 548 carnaliter
1109 488 1471 561 cogitantibus
1484 488 1698 544 videtur
1717 487 1785 543 ad
1810 485 2136 543 credendum
2165 487 2214 546 Α
2240 486 2614 560 infinitamque
2640 485 3071 550 retributionem,
3097 485 3387 543 secundum
3438 501 3603 557 quam
3628 484 3822 555 justis-

564 596 899 645 terrennrutu
932 596 1219 652 corporum
1272 582 1326 636 in
1375 580 1628 636 caelestia
1676 577 1941 644 transitio,
1978 590 2139 646 quam
2242 577 2412 634 simus
2439 576 2605 648 iudex
2645 578 2831 635 reddet
2878 576 3168 646 unicuique
3216 577 3508 635 secundum
3563 575 3610 607 “
3658 592 3821 646 opera

561 678 721 731 totius
747 674 1142 744 corporalitatis
1170 672 1402 744 negatio.
1435 670 1635 727 Eodem
1671 666 2140 726 condescensionis
2232 685 2359 737 sua,
2415 670 2664 744 egregius
2689 670 2885 727 Doctor
2915 669 3213 724 insinuans.
3251 666 3367 724 Non
3392 669 3537 724 enim
3568 666 3822 722 audiendi

560 768 721 822 modo
748 768 955 823 locutus
984 776 1069 830 est
1092 764 1416 835 Apostolus,
1456 771 1514 818 ut
1540 763 1823 830 existimo,
1856 762 1922 818 de
1960 775 2139 817 resur-
2240 769 2389 828 sunt,
2421 763 2515 832 qui
2549 769 2851 826 autumant,
2900 760 3134 816 humana
3172 774 3399 831 corpora
3424 768 3551 830 post
3586 758 3822 812 futuram

559 860 797 917 rectione
823 860 1019 917 terreni
1044 859 1288 928 corporis
1325 858 1605 928 disputans
1640 872 1655 911 :
1699 854 2020 921 Seminatur,
2057 853 2140 909 in—
2242 851 2689 908 resurrectionem
2721 853 2760 883 “
2792 851 2867 907 ita
2898 850 2952 906 in
2994 850 3260 906 aethereis
3288 852 3473 921 spatiis
3501 849 3748 915 fulsura,
3772 863 3827 904 ut

557 952 692 1022 quit,
717 968 904 1023 corpus
934 950 1193 1015 animale,
1222 959 1403 1020 surget
1448 966 1636 1020 corpus
1665 946 1954 1020 spiritualc.
1982 946 2063 1002 Ac
2092 944 2139 1002 si

557 1044 783 1101 dixisset
816 1061 829 1096 :
859 1042 1069 1113 Corpus
1099 1051 1372 1099 terrenum
1421 1051 1479 1097 et
1513 1040 1767 1107 animale,
1797 1040 1940 1110 quod
1977 1038 2139 1103 semi-e

559 1143 720 1189 natur
746 1134 797 1188 in
824 1134 1013 1191 mortis
1034 1142 1091 1189 et
1118 1133 1480 1203 corruptionis
1501 1132 1791 1196 solutione,
1818 1139 2004 1200 surget
2023 1145 2139 1186 cor-

558 1240 658 1296 pus
687 1224 965 1294 spirituale
986 1234 1041 1280 et
1060 1224 1312 1290 caeleste,
1340 1234 1550 1280 terrena
1565 1223 1815 1280 videlicet
1838 1222 2139 1293 quantitate

557 1327 611 1373 et
637 1317 895 1386 qualitate
934 1317 985 1373 iu
1019 1316 1302 1373 caelestem
1337 1317 1651 1388 qualitatem
1682 1325 1738 1372 et
1780 1318 2136 1386 quantitatem

559 1414 946 1471 transmutata;
986 1415 1061 1472 et,
1096 1414 1155 1461 ut
1187 1407 1423 1463 breviter
1452 1406 1649 1471 dicam,
1673 1405 2035 1463 sicuti‘multi
2073 1421 2139 1471 ac

2238 944 2659 1015 unumquodque
2713 951 2921 999 tantum
2952 940 3213 998 claritatis
3265 941 3517 1012 accipiat,
3561 950 3827 1013 quantum

2239 1036 2294 1093 in
2339 1036 2443 1091 hac
2464 1036 2576 1092 vita
2607 1034 3035 1092 conversationis
3075 1034 3268 1091 merito
3310 1034 3493 1106 gessit,
3534 1034 3656 1089 sive
3696 1033 3828 1088 bene

2239 1127 2356 1183 sive
2374 1126 2540 1195 male;
2560 1134 2625 1201 et
2643 1135 2702 1183 ut
2716 1126 3035 1197 "justorum
3057 1126 3350 1197 corporalis
3368 1126 3598 1183 claritas
3625 1126 3732 1183 soli
3758 1126 3828 1181 lu-

2230 1235 2451 1291 naeque
2486 1219 2917 1293 fulgentibusque
2944 1220 3133 1287 stellis,
3170 1220 3453 1290 impiorum
3481 1235 3618 1276 vem
3635 1221 3833 1276 obscu-

2238 1312 2375 1368 ritas
2398 1311 2579 1368 minus
2621 1311 3029 1384 splendentibus
3052 1320 3426 1383 comparetur;
3461 1321 3659 1369 contra
3698 1328 3830 1382 quos

2238 1418 2368 1460 vera
2404 1404 2547 1462 ratio
2592 1404 2692 1470 ait,
2731 1404 2926 1461 divinis
2962 1404 3497 1476 adjuta-Scripturis,
3542 1408 3831 1462 maniteste

2240 1494 2441 1552 docens
2488 1493 2732 1565 omnium
2770 1494 3128 1552 humanorum
3163 1510 3451 1565 corporum
3478 1511 3830 1553 communem

2238 1589 2577 1661 eandemque
2603 1587 2833 1660 gloriam
2866 1597 2923 1646 et
2941 1589 3198 1647 virtutem
3228 1593 3283 1645 in
3313 1590 3506 1645 eadem
3535 1589 3834 1662 spirituali-

557 1515 695 1572 peue
733 1515 918 1557 omnes
955 1501 1089 1556 haec
1115 1500 1276 1555 verba
1319 1500 1559 1570 Apostoli
1590 1498 1778 1554 volunt
1814 1499 2134 1572 intelligam,

557 1592 625 1647 de
654 1600 867 1647 terreno
893 1592 998 1648 erit
1032 1590 1299 1657 caeleste,
1330 1594 1397 1647 de
1421 1590 1688 1662 corporali
1717 1591 2133 1661 eritspirituale,

556 1697 767 1753 semper
800 1692 978 1739 tamen
1010 1699 1208 1753 corpus
1246 1684 1379 1751 erit;
1412 1684 1479 1741 de
1509 1683 1813 1753 ponderosa
1854 1683 1909 1738 in
1942 1683 2138 1740 subtile
2241 1689 2373 1748 tate,
2396 1680 2824 1749 immortalitate,
2859 1680 3185 1739 aeternitate
3214 1680 3477 1737 futuram.
3505 1681 3659 1738 llaec
3690 1682 3830 1737 enim

554 1775 879 1841 mutabitur;
899 1790 1173 1846 nunquam
1204 1784 1382 1831 tamen
1421 1775 1673 1832 aetherea
1699 1790 1925 1846 corpora
1963 1784 2138 1833 trans-
2238 1771 2422 1829 omnia
2443 1772 2771 1845 generaliter
2797 1772 3048 1829 omnibus
3072 1781 3127 1828 ct
3151 1771 3524 1829 iuditl‘erenter
3544 1788 3607 1828 ex
3639 1781 3831 1828 natura

554 1879 860 1933 sensurum,
902 1881 1079 1936 neque
1105 1881 1393 1937 corporeas
1422 1869 1442 1898 ²
1470 1866 1761 1938 qualitates
1781 1867 2131 1935 amissurum,
2159 1850 2210 1912 Β
2237 1863 2659 1934 praestabantur
2709 1873 2764 1925 et
2814 1862 3008 1936 gratia.
3057 1863 3123 1919 Et
3164 1864 3294 1945 quid
3342 1863 3478 1920 lucri
3539 1864 3584 1894 ”
3622 1864 3833 1919 confert

551 1955 647 2010 sed
675 1955 740 2008 a'
765 1957 993 2017 terrenis
1013 1957 1362 2026 qualitatibus
1385 1956 1437 2012 in
1465 1958 1729 2017 caelestes
1757 1958 2131 2026 transiturum,
2226 1959 2379 2032 justo
2417 1954 2692 2013 radiosum
2733 1969 2931 2035 corpus
2954 1954 3126 2012 instar
3149 1954 3310 2020 solis;
3344 1963 3438 2009 aut
3483 1955 3616 2025 quid
3647 1955 3831 2009 damni

550 2045 692 2103 sicut
738 2046 916 2105 fumus
960 2048 1186 2103 vertitur
1221 2047 1277 2102 in
1326 2047 1619 2103 ﬂammam.
1664 2047 1920 2119 Quisquis
1952 2058 2132 2106 autem
2234 2047 2400 2121 impio
2422 2046 2799 2119 caliginosum,
2820 2045 2986 2103 veluti
3004 2047 3289 2118 quaepiam
3311 2045 3831 2102 obscurissimam

551 2136 725 2192 sancti
751 2137 1021 2195 Ambrosii
1046 2137 1398 2209 Gregoriique
1428 2138 1710 2209 Theologi,
1737 2154 1838 2196 nec
1887 2155 1995 2196 non
2029 2150 2085 2197 et
2111 2139 2135 2171 ⁵
2230 2140 2528 2206 stellarum,
2561 2138 2803 2207 habere,
2828 2156 2952 2196 cum
3004 2156 3181 2210 neque
3208 2140 3339 2211 justi
3366 2138 3537 2209 gloria
3580 2139 3640 2193 in
3676 2138 3831 2194 clari-

549 2228 874 2299 expositoris
907 2230 1059 2301 ejus,
1092 2229 1309 2286 Maximi
1339 2229 1494 2298 dico,
1521 2230 1829 2302 diligentius
1868 2231 2011 2315 dicta
2036 2233 2135 2307 in-

548 2320 816 2389 spexerit,
841 2320 1078 2379 inveniet
1101 2320 1364 2391 profecto,
1389 2336 1495 2377 non
1516 2322 1868 2379 mutationem
1891 2324 2134 2396 carperis

550 2412 749 2475 terreni
769 2404 823 2467 in
851 2413 1082 2471 caeleste
1094 2429 1310 2485 corpus,
1326 2414 1418 2473 sed
1433 2415 1962 2485 omnino;transitum
1976 2416 2033 2473 in
2052 2418 2135 2489 ip-

546 2526 669 2567 sum
681 2524 876 2580 purum
899 2516 920 2549 ³
947 2510 1215 2582 spiritum,
1238 2527 1345 2568 non
1364 2512 1417 2567 in
1442 2511 1464 2543 ⁸
1502 2512 1678 2581 illum,
1698 2513 1791 2583 qui
1808 2513 2015 2580 aether,
2038 2513 2133 2571 sed

549 2602 603 2657 in
635 2600 803 2669 illum,
829 2603 922 2673 qui
954 2602 1256 2660 intellectus
1293 2605 1579 2661 vocitatur.
1610 2604 1934 2663 Ambrosius
1964 2605 2133 2677 siqui-

547 2694 668 2752 dem
693 2710 907 2751 omnem
936 2697 1381 2768 compositionem
1407 2697 1608 2764 aufert,
1634 2698 1707 2752 ita
1730 2708 1790 2753 ut
1808 2706 1933 2768 post
1952 2713 2132 2758 resur-

547 2787 840 2842 rectionem
867 2798 1063 2859 eorpus
1092 2796 1147 2844 et
1180 2788 1361 2845 anima
1382 2797 1438 2845 et
1467 2788 1770 2846 intellectus
1802 2804 1971 2846 unum
1996 2788 2127 2858 sint,

544 2883 600 2931 et
625 2892 790 2932 unum
827 2877 1075 2948 simplex,
1116 2894 1384 2949 nequeex
1424 2880 1598 2937 trihus
1624 2881 1991 2953 conjunetum,
2032 2880 2131 2938 sed

547 2967 601 3023 in
657 2984 816 3025 unam
871 2968 1196 3026 itteﬁubilem
1250 2971 1588 3027 harmoniam
1641 2980 1979 3043 compactum
2004 3013 2021 3041 ,
2073 2980 2131 3031 et

546 3075 687 3130 quae
716 3062 806 3118 hic
844 3062 946 3119 tria
977 3062 1261 3131 videntur,
1290 3065 1399 3122 illic
1430 3080 1571 3123 unus
1598 3066 1903 3124 intellectus
1928 3067 2129 3129 efﬁcie-

545 3156 633 3204 tur
673 3150 714 3204 ".
759 3150 1047 3222 Gregorius
1098 3153 1346 3212 similiter
1388 3164 1444 3212 et
1490 3156 1865 3213 incunctanter
1928 3159 2128 3215 astruit

2221 2240 2346 2302 ,tate
2372 2233 2636 2304 corporis,
2679 2233 2780 2299 sed
2806 2233 2866 2293 in
2901 2232 3138 2305 puritate
3173 2231 3695 2303 contemplationis,
3725 2247 3827 2301 qua

2224 2326 2378 2382 Deus
2424 2324 2568 2382 facie
2594 2326 2663 2382 ad
2688 2324 2882 2385 faciem
2914 2324 3207 2392 videbitur,
3231 2340 3407 2396 neque
3438 2324 3587 2396 impii
3641 2335 3833 2379 contu.

2232 2406 2397 2477 melia
2433 2416 2491 2473 in
2536 2418 2903 2474 membrorum
2951 2416 3306 2489 turpitudine,
3363 2415 3457 2472 sed
3513 2416 3567 2469 in
3612 2412 3831 2469 divinae

2232 2506 2619 2580 speculationis
2673 2508 2975 2581 privatione
3024 2506 3205 2563 futura
3258 2506 3363 2562 sit?
3391 2502 3717 2561 Praesentia
3765 2506 3832 2559 si-

2224 2601 2450 2672 quidem
2469 2599 2719 2659 veritatis
2743 2598 2910 2656 faciet
2930 2598 2977 2631 “
3001 2598 3243 2667 beatum,
3272 2599 3520 2654 absentia
3545 2599 3829 2653 miserum.

2232 2694 2480 2767 Exempli
2506 2695 2717 2768 gratia;
2769 2694 2906 2752 duos
2940 2693 3187 2751 homines
3228 2708 3515 2764 ponamus,
3541 2702 3759 2749 statura
3783 2701 3833 2747 et

2231 2794 2430 2855 aetate,
2452 2784 2627 2845 forma
2646 2793 2701 2844 et
2721 2785 3144 2859 pulchritudine,
3172 2786 3405 2844 sanitate
3435 2800 3604 2843 etiam
3643 2801 3830 2859 corpo-

2232 2881 2331 2948 ris,
2360 2881 2646 2938 nobilitate
2689 2882 2925 2954 generis,
2962 2896 3220 2939 sensuum
3248 2882 3584 2953 integritate,
3637 2884 3829 2937 virium

2231 2970 2560 3040 valetudine,
2590 2975 2955 3030 membrorum
2983 2972 3245 3045 agilitate,
3288 2974 3597 3045 ceterisque
3640 2973 3688 3005 “
3720 2991 3833 3030 cur-

2231 3064 2510 3134 poralibus
2561 3065 2719 3125 bonis
2757 3066 2977 3125 sibimet
3021 3072 3226 3140 absque
3272 3068 3378 3124 ulla
3412 3066 3732 3125 diﬂerentia
3758 3071 3832 3125 si-

2235 3160 2519 3227 mittimus;
2548 3174 2779 3231 tutorum
2806 3169 2983 3219 tamen
3010 3177 3150 3219 unus
3180 3163 3422 3234 sapiens,
3455 3164 3713 3220 moribus
3736 3166 3826 3220 ho-

867 3211 897 3222 -
1300 3211 1305 3212 κ
1410 3211 1413 3212 ν
2236 3211 2519 3227 -ψηη
2555 3211 2779 3231 rm?
2809 3211 2982 3219 mm—
3013 3211 3148 3219 -m
3180 3211 3422 3234 --τ-----.
3455 3211 3712 3220 mm---—
3738 3211 3801 3220 -—

544 3240 897 3299 mutationem
934 3244 1180 3314 corporis
1218 3254 1461 3317 tempore
1484 3247 1901 3313 resurrectionis
1933 3246 1985 3303 in
2012 3248 2129 3313 ani-
2154 3211 2203 3277 ο
2234 3263 2440 3321 aestus,
2469 3256 2721 3312 omnibus
2749 3254 3059 3322 virtutibus,
3088 3255 3287 3326 quibus
3301 3256 3485 3313 anima
3511 3258 3826 3321 decoratur,

544 3346 724 3398 mam,
755 3333 968 3411 animae
1006 3335 1059 3389 in
1102 3336 1464 3406 intellectum,
1504 3338 1807 3396 intellectus
1843 3340 1897 3399 in
1924 3341 2125 3408 Deum;

543 3434 610 3476 ac
637 3421 718 3477 sic
738 3422 918 3478 omnia
957 3423 1010 3479 in
1036 3426 1285 3481 omnibus
1312 3427 1453 3482 Deus
1488 3429 1627 3495 erit,
1667 3429 1811 3487 sicut
1840 3445 1936 3486 aer
1961 3431 2130 3488 verti-

542 3519 633 3567 tur
675 3513 729 3569 in
772 3513 967 3569 lucem.
1015 3515 1077 3571 Et
1125 3517 1226 3573 hoc
1273 3517 1667 3587 Apostolus,si
1693 3521 1816 3590 quis
1862 3520 2130 3579 subtiliter

543 3603 710 3658 verba
734 3602 902 3673 ipsius
921 3611 946 3646 ⁸
977 3604 1328 3672 intimaverit,
1352 3623 1457 3664 non
1480 3608 1632 3677 silet;
1657 3610 1734 3669 ait
1750 3611 1894 3668 enim
1922 3631 1935 3666 :
1958 3610 2130 3669 Senti-

544 3703 702 3748 natur
724 3710 910 3765 corpus
939 3696 1187 3763 animale,
1237 3708 1412 3769 surget
1438 3716 1626 3775 corpus
1672 3702 1962 3775 spirituale,
2023 3705 2128 3761 hoc

545 3793 648 3851 est,
670 3801 889 3856 corpus,
923 3786 1063 3857 quod
1092 3788 1325 3845 animale
1351 3789 1671 3859 seminatur,
1703 3792 1755 3848 id
1805 3793 1980 3864 ipsum
2005 3810 2127 3852 cor-

541 3896 643 3953 pus
667 3880 967 3950 spirituale,
989 3882 1091 3937 hoc
1120 3892 1202 3939 est
1245 3893 1538 3952 mutatum,
1561 3896 1745 3958 surget
1767 3886 1822 3943 in
1853 3888 2125 3959 spiritum,

542 3981 619 4034 et.
650 3981 710 4029 ut
738 3974 975 4043 apertius
1001 3975 1199 4041 dicam,
1227 3975 1295 4031 de
1320 3991 1547 4047 corpore
1578 3980 1680 4034 erit
1700 3980 1941 4051 spiritus.
1973 3982 2128 4052 Quod

541 4065 705 4121 etiam
735 4074 919 4135 aperte
939 4066 1199 4134 declarat,
1242 4068 1430 4125 dicens
1458 4087 1472 4123 :
1504 4069 1811 4126 Seminatur
1836 4074 1892 4126 in
1943 4084 2130 4130 contu-

542 4155 718 4222 melia,
777 4167 951 4228 surget
1003 4160 1058 4213 in
1105 4158 1306 4229 gloria;
1366 4161 1655 4216 seminatur
1689 4163 1747 4217 in
1796 4164 2124 4233 inﬁrmitate,

541 4259 717 4319 surget
766 4250 824 4304 in
871 4250 1076 4305 uirtute.
1101 4252 1252 4318 Quae
1297 4254 1442 4307 enim
1470 4253 1643 4323 gloria
1672 4262 1755 4310 est
1799 4271 1893 4311 seu
1931 4256 2125 4324 virtus,

544 4349 816 4397 terrenum
858 4356 1055 4410 corpus
1083 4342 1137 4396 in
1167 4343 1427 4412 qualitate
1469 4346 1709 4401 siderum
1734 4357 1789 4400 et
1825 4348 2128 4405 subtilitate

542 4430 792 4485 aether-ea
818 4420 1063 4502 surgere,
1093 4447 1190 4486 seu
1217 4434 1494 4488 celeritate
1526 4437 1775 4492 moveri?
1806 4436 1919 4494 Nec
1948 4440 2129 4495 obstat

542 4520 683 4588 quod
733 4519 872 4575 idem
923 4520 1212 4593 Apostolus
1252 4523 1511 4578 aitzAlia
1563 4525 1777 4582 claritas
1811 4528 1961 4595 solis,
2016 4528 2126 4589 alia

542 4608 758 4664 claritas
816 4609 990 4679 lunae,
1039 4612 1145 4667 alia
1176 4588 1390 4671 claritas
1433 4615 1738 4684 stellarum;
1769 4619 1921 4695 stella
1947 4582 2126 4685 autem
2153 4582 2207 4645 Β

541 4719 575 4754 a
598 4700 749 4755 stella
776 4702 950 4773 di/j‘ert
979 4705 1031 4761 iu
1057 4705 1325 4772 claritate;
1366 4709 1443 4763 ita
1473 4718 1519 4762 et
1546 4712 1854 4775 resurrectio
1893 4724 2127 4771 mortuo-

543 4808 681 4846 rum.
715 4791 1130 4851 Similitudinem
1156 4798 1351 4870 quippe
1393 4800 1691 4879 introduxit
1713 4816 1779 4859 ex
1808 4806 2126 4876 corporibus

542 4883 925 4942 excelsissimis
989 4887 1412 4961 clarissimisque
1478 4893 1749 4950 sensibilis
1805 4898 2013 4965 mundi,
2066 4907 2126 4955 ut

542 4978 797 5034 suaderet
822 4982 1233 5039 resurrectionis
1273 4984 1526 5055 gratiam,
1550 4993 1604 5040 et
1626 4986 1926 5043 divinarum
1956 5006 2121 5062 appa-

543 5071 799 5128 ritionum
824 5090 922 5144 per
955 5075 1196 5148 singulos
1225 5078 1651 5153 regenerationis
1696 5082 1987 5154 participes
2023 5085 2123 5141 dif-

542 5161 848 5233 ferentiam,
889 5166 995 5222 hoc
1031 5168 1174 5223 enim
1204 5175 1287 5224 est
1315 5167 1468 5224 stella
1515 5180 1690 5225 autem
1715 5190 1749 5226 a
1770 5173 1922 5228 stella
1946 5175 2123 5245 diﬂert

540 5253 596 5310 in
623 5255 880 5324 claritate,
915 5258 1139 5331 pulchre
1179 5268 1235 5315 et
1287 5258 1675 5319 convenienter
1726 5279 1791 5323 ex
1844 5281 2126 5337 compara-

544 5347 689 5403 tione
717 5349 1034 5406 caelestium
1078 5350 1384 5407 luminum'
1410 5340 1691 5409 varietatis
1738 5354 2122 5416 multiformem

2231 3354 2511 3418 comptus;
2543 3345 2680 3407 altu
2701 3361 2828 3402 vero
2862 3346 3147 3419 insipiens,
3171 3347 3413 3409 moribus
3436 3350 3635 3426 turpis,
3662 3352 3831 3405 omni-

2229 3437 2334 3496 bus
2365 3437 2529 3502 vitiis,
2559 3437 2758 3508 quibus
2789 3436 2972 3495 anima
3018 3438 3278 3509 deformis
3324 3437 3597 3507 efﬁcitur,
3642 3458 3830 3497 corm-

2230 3537 2357 3600 ptus
2382 3547 2398 3585 :
2426 3529 2557 3599 quid
2584 3528 2835 3601 utrisque
2856 3527 2901 3560 ¹⁶
2926 3538 3159 3599 prosunt
3175 3528 3315 3585 bona
3342 3529 3656 3601 corporalia
3689 3533 3833 3587 simi-

2230 3621 2357 3679 liter
2383 3636 2655 3693 possessa,
2684 3623 2812 3679 dum
2840 3638 2983 3679 unus
3025 3622 3160 3679 nihil
3188 3622 3333 3679 aliud
3362 3625 3704 3692 considerat,
3733 3627 3830 3681 nisi

2233 3720 2297 3766 ut
2340 3710 2410 3768 ad
2462 3726 2733 3767 summum
2762 3711 2983 3778 bonum,
3032 3710 3102 3767 ad
3132 3710 3273 3781 quod
3302 3712 3497 3777 tendit,
3526 3715 3826 3782 perveniat,

2232 3818 2564 3873 cognoscens
2590 3819 2698 3860 non
2728 3802 2873 3859 aliud
2901 3818 3022 3860 esse
3046 3818 3205 3859 suum
3226 3805 3270 3844 ¹¹ι
3296 3803 3524 3870 bonum,
3553 3804 3663 3860 nisi
3684 3820 3825 3860 sum-

2231 3912 2321 3952 mo
2332 3897 2476 3954 bono
2494 3897 2812 3962 adhaerere,
2841 3897 2895 3951 in
2921 3910 3093 3967 eoque
3115 3895 3420 3966 quiescere,
3448 3898 3826 3953 aeternalitcr—

2231 4004 2337 4059 que
2376 3989 2644 4063 gaudere;
2677 3989 2765 4046 hic
2793 3989 3084 4059 incipiens,
3110 3987 3221 4044 illic
3243 3988 3559 4059 perﬁcieus,
3598 3990 3829 4043 beatitu-

2232 4081 2411 4137 dinem
2459 4095 2645 4147 suam;
2679 4094 2892 4150 seraper
2920 4093 3188 4150 quaerens
3218 4087 3389 4134 totum
3419 4093 3607 4144 suum,
3636 4094 3827 4149 corpus

2232 4174 2354 4230 dico
2373 4181 2429 4230 et
2452 4174 2690 4233 animam
2722 4181 2777 4229 et
2806 4181 3068 4239 mentem,
3096 4187 3257 4247 supra
3288 4171 3332 4204 ¹³
3361 4187 3581 4227 omnem
3614 4182 3822 4228 creatu-

2233 4280 2348 4319 ram
2378 4263 2445 4319 ad
2465 4277 2614 4330 eum,
2660 4264 2751 4334 qui
2781 4278 2945 4334 super
2969 4263 3150 4320 omnia
3171 4262 3466 4329 exaltatur,
3497 4262 3819 4319 sublevare:

2233 4353 2369 4410 alter
2392 4370 2524 4411 vero
2558 4354 2735 4413 adhuc
2771 4355 2825 4410 in
2868 4369 3033 4410 carne
3081 4354 3297 4410 mortali
3345 4353 3701 4420 constitutus,
3730 4351 3825 4407 ini~

2234 4446 2370 4502 tium
2398 4454 2786 4503 tormentorum
2837 4460 3058 4502 suorum
3085 4446 3139 4500 in
3166 4455 3388 4502 aeterna
3429 4447 3678 4514 tristitia,
3701 4447 3823 4502 insi-

2231 4539 2466 4610 pientiae
2491 4554 2624 4597 suae
2649 4539 2878 4612 caligine
2908 4540 3236 4597 obcaecatus
3276 4556 3383 4596 non
3426 4541 3619 4606 sentit,
3657 4556 3823 4610 neque

2232 4632 2503 4703 cogitans,
2549 4632 2695 4703 quod
2723 4632 2885 4689 simul
2942 4640 2999 4688 et
3023 4632 3457 4703 inseparabiliter
3492 4632 3658 4701 hujus
3683 4635 3821 4690 vitae

2232 4726 2458 4782 deliciae
2504 4725 2782 4797 futurique
2812 4725 3025 4783 dolores
3052 4737 3367 4792 nascuntur,
3409 4728 3538 4783 dum
3563 4728 3743 4783 adhuc
3765 4728 3819 4782 in

2230 4835 2396 4877 carne
2428 4827 2676 4877 versatur
2720 4820 2789 4887 ¹⁹,
2839 4834 3030 4875 verum
3073 4820 3198 4876 dum
3240 4820 3293 4874 in
3333 4820 3617 4890 praesenti
3653 4820 3820 4877 stadie

2230 4918 2583 4974 concurrunt,
2618 4910 2769 4965 solae
2798 4909 3024 4966 deliciae
3060 4909 3407 4980 diligentibus
3431 4912 3529 4967 eas
3560 4913 3816 4978 arrident,

2231 5011 2287 5057 et
2308 5003 2449 5082 intra
2464 5001 2509 5036 ⁸ο
2522 5017 2615 5057 eas
2642 5001 2821 5081 futura
2846 5001 3067 5058 tristitia
3087 5002 3318 5073 seipsam
3344 5002 3559 5072 latitat;
3590 5006 3714 5061 dum
3728 5021 3817 5058 ve-

2231 5108 2294 5148 ro
2315 5093 2380 5146 ad
2414 5092 2572 5174 tinem
2594 5093 2839 5149 mortalis
2866 5108 3055 5149 cursus
3080 5095 3411 5164 pervenitur,
3444 5096 3816 5153 deficientibus

2233 5185 2441 5243 deliciis
2460 5186 2574 5244 sola
2607 5186 2696 5243 illa
2729 5187 2969 5255 tristitia,
2999 5203 3137 5258 quae
3166 5184 3489 5258 jamdudum
3520 5190 3732 5247 occulta
3758 5207 3815 5246 ac

2231 5276 2397 5335 veluti
2419 5268 2657 5363 extincta
2694 5279 3018 5363 putabatur,
3045 5276 3437 5351 inextinguibili
3464 5278 3685 5363 ardore,
3722 5281 3816 5363 hoc

2231 5375 2315 5423 est
2351 5356 2644 5438 cupiditate
2690 5354 2996 5438 libidinum,
3042 5384 3178 5440 quas
3226 5368 3560 5442 perdiderat,
3599 5354 3811 5447 lugebit.

1824 5502 2079 5581 vitulis
2116 5506 2522 5585 moriones.

615 5633 1008 5715 Menum“-
1074 5608 1794 5715 Ῐέίθβὲεξλορψοηξιξξ-
1846 5630 1950 5715 κὶα
1975 5628 2207 5715 οεηοᾸο,
2279 5644 2602 5715 ‘etom-A.

542 5703 661 5766 er;
692 5704 735 5758 Α
765 5705 998 5787 efﬁcitur.
1074 5704 1097 5736 ο
1114 5702 1212 5805 sic
1236 5703 1321 5759 er
1348 5722 1362 5769 ;
1392 5704 1431 5757 A
1465 5702 1597 5775 ejus.
1674 5707 1810 5787 ﬁsa:
1837 5708 1950 5775 er;
2003 5710 2444 5839 spernat-tum.
2524 5714 2567 5746 ιο
2600 5714 2695 5772 Sie
2713 5702 2831 5796 cr;
2889 5716 2932 5773 Α
2959 5716 3136 5787 juxta.
3217 5716 3255 5749 ιι
3281 5702 3369 5774 cr

545 5786 1002 5839 regenerattottem.
1184 5785 1238 5829 ut
1268 5791 1377 5830 ent.
1404 5775 1466 5829 A.
1567 5776 1608 5808 ’³
1640 5775 1730 5833 Ste
1756 5777 1841 5834 CF
1866 5797 1879 5839 ;
1909 5782 1952 5835 Α
1973 5800 2085 5839 tllttt
2143 5784 2370 5839 lucrum.
2477 5782 2523 5817 “
2543 5784 2628 5839 CF
2673 5787 2820 5839 facit.
2909 5787 2953 5822 ¹⁶
2982 5788 3024 5839 Α
3054 5789 3325 5839 certisaue.

548 5791 1002 5855 regeuemttonem.
1116 5791 1156 5805 ··
1184 5791 1238 5829 ut
1268 5791 1377 5830 ent.
1404 5791 1466 5856 rt.
1568 5791 1608 5808 “'
1640 5791 1730 5833 me
1756 5791 1840 5834 ων
1866 5797 1879 5846 ;
1909 5791 1952 5835 Α
1973 5791 2101 5853 quid
2143 5791 2370 5849 lucrum.
2477 5791 2523 5817 “
2543 5791 2628 5842 CF
2670 5791 2820 5857 facit.
2909 5791 2935 5818 ιλ

548 5846 587 5876 ¹¹
623 5844 712 5898 Stc
735 5844 852 5907 CF;
887 5846 926 5897 Α
949 5861 1228 5898 summum.
1308 5845 1349 5875 ’⁸
1383 5847 1471 5899 Sic
1500 5847 1582 5901 CF
1610 5866 1623 5913 ;
1677 5849 1719 5904 A
1750 5866 1921 5907 super.
2004 5853 2045 5886 ¹⁹
2074 5844 2159 5909 CF
2183 5867 2543 5912 conversatur.
2620 5856 2668 5889 ’θ
2692 5857 2739 5913 A
2777 5857 2935 5913 inter.

545 5776 1002 5845 regenerationem.
1114 5775 1156 5805 ¹¹
1184 5785 1238 5829 ut
1268 5791 1377 5830 ent.
1404 5775 1466 5829 A.

3279 5634 3371 5703 ‘in
3398 5662 3509 5704 oni.
3536 5650 3603 5706 Α.
3676 5653 3699 5683 '
3728 5651 3810 5710 Sic

3482 5730 3531 5781 st
3582 5722 3808 5779 futuram

3429 5791 3449 5819 ⁸
3474 5792 3546 5847 [ΣΡ
3590 5794 3803 5866 utrique.

2707 5651 2729 5713 ﬁ
2756 5644 2949 5713 purum
2975 5660 3087 5701 om.
3109 5645 3175 5702 Α.

2477 5782 2523 5817 ’⁵
2543 5784 2820 5861 CFufacit.
2909 5782 3024 5843 ¹⁵Ἀ
3054 5789 3325 5861 certisque.
