4008 6286
222 464 326 525 989

1072 454 1162 511 DE
1202 450 1543 511 DIVISIONE
1579 442 1930 506 NATURAE.
1971 474 2042 489 --
2078 440 2282 500 LIBER
2320 437 2646 509 QUINTUS.

3390 426 3496 484 ειυς)

222 582 362 639 Hinc
405 573 747 648 apertissime
803 569 1089 627 coniicitur
1113 572 1156 635 ⁸,
1196 571 1329 624 nihil
1371 567 1515 623 aliud
1543 573 1805 637 appeten-
1832 567 1879 626 Α
1909 562 2094 626 voluit,
2125 556 2311 617 dicens
2346 576 2359 612 :
2399 555 2615 611 Caelum
2640 532 2690 607 et
2713 559 2856 606 terra
2884 547 3198 609 transibunt,
3224 549 3378 601 verba
3406 561 3500 599 au-

220 673 373 735 dum,
402 667 507 722 nisi
558 663 812 736 gaudium
834 663 902 717 de
944 661 1191 723 veritate,
1222 673 1362 730 quae
1407 666 1493 714 est
1518 657 1794 721 Christus;

221 771 277 819 et
301 759 442 815 nihil
483 756 626 811 aliud
666 753 1003 826 fugiendum,
1034 750 1139 806 nisi
1170 750 1286 820 ejus
1311 748 1635 813 absentiam,
1669 759 1811 818 quae

221 862 309 912 est
353 864 463 907 una
514 863 579 905 ac
618 847 731 904 sola
769 856 932 901 causa
981 843 1143 899 totius
1177 843 1199 873 '
1248 850 1501 896 aetemac
1540 838 1810 894 tristitiae.

222 945 378 1003 Tolle
400 962 431 1001 a
454 957 540 1000 me
557 941 858 1005 Christum,
879 937 1083 994 nullum
1108 937 1310 992 bonum
1330 935 1464 993 mihi
1487 934 1810 999 remanebit,

226 1040 437 1098 nullum
472 1042 796 1094 tormentum
841 1045 926 1088 me
972 1040 1166 1097 terret;
1201 1031 1317 1101 ejus
1342 1028 1607 1099 siquidem
1637 1026 1811 1098 priva-

224 1134 304 1189 tio
336 1139 392 1188 et
419 1127 662 1185 absentia
690 1125 857 1181 totius
897 1121 1234 1179 rationabilis
1266 1129 1549 1176 creaturae
1579 1128 1816 1174 tormen-

225 1234 345 1279 tum
393 1229 494 1284 est,
524 1226 580 1276 et
606 1215 810 1271 nullum
843 1214 1011 1279 aliud,
1039 1212 1248 1282 opinor.
1289 1210 1396 1267 Sed
1437 1210 1503 1265 de
1533 1209 1617 1264 his
1646 1208 1817 1263 multa

227 1311 337 1368 dici
388 1315 653 1380 possunt:
682 1305 968 1361 redeamus
995 1302 1063 1357 ad
1109 1314 1197 1367 ea,
1224 1314 1367 1372 quae
1406 1307 1635 1355 restant.
1673 1297 1813 1352 MAG.

226 1405 551 1472 Priusquam
599 1398 666 1455 ad
724 1397 885 1452 linem
934 1395 1238 1467 praesentis
1265 1392 1387 1449 libri
1415 1392 1815 1464 perveniamus,

224 1510 427 1569 pauca,
455 1500 516 1548 ut
559 1489 835 1555 existimo,
866 1488 1096 1544 dicenda
1130 1496 1259 1543 sunt
1293 1484 1555 1541 adversus
1580 1494 1696 1548 eos,
1727 1481 1818 1552 qui

228 1585 393 1643 nobis
412 1580 675 1651 obiiciunt
716 1578 980 1651 quasdam
1003 1578 1221 1635 divinae
1257 1575 1574 1648 Scripturac
1599 1580 1821 1630 senten-

232 1680 362 1745 tias,
392 1675 587 1746 quibus
637 1678 902 1728 conantur
943 1678 1212 1735 astruere,
1249 1664 1522 1723 sensibilis
1568 1665 1672 1720 ista
1712 1661 1823 1719 ele-

231 1777 441 1835 menta,
470 1774 743 1837 totamque
756 1762 1064 1821 mundanae
1077 1760 1235 1818 molis
1256 1756 1665 1829 amplitudinem
1681 1762 1825 1812 seni-

229 1878 335 1938 per
357 1874 692 1927 mansuram,
720 1859 865 1914 intra
888 1871 1050 1927 quam
1067 1855 1428 1911 humanorum
1458 1863 1822 1922 quoquereer-

1915 668 2017 713 tem
2054 670 2169 712 mea
2204 669 2308 709 non
2337 649 2630 705 transibunt
2656 646 2697 699 ’⁵.
2738 643 2923 699 Potest
2953 641 3115 696 etiam
3142 642 3165 675 ⁸
3193 637 3501 708 specialiter

1916 748 2161 820 intelligi,
2190 746 2285 801 erit
2323 742 2523 798 caelum
2554 752 2743 793 novum
2770 747 2816 790 et
2853 745 2994 789 terra
3032 747 3186 799 nova,
3217 730 3284 785 de
3311 731 3504 785 huma;

1916 856 2020 897 nae
2048 848 2276 894 naturae
2306 831 2654 890 innovatione
2687 836 2741 883 et
2771 828 2826 882 in
2870 826 3102 895 seipsam
3152 822 3496 877 adunatione.

1917 933 2115 989 Nostra
2136 927 2403 1000 siquidem
2432 931 2626 979 natura
2654 919 2830 975 adhuc
2857 917 2910 971 in
2937 916 3039 971 hac
3060 914 3170 969 vita
3199 928 3269 969 ex
3298 913 3504 968 duabus

1919 1033 2234 1092 substantiis
2263 1028 2561 1101 composita
2589 1033 2692 1091 est,
2728 1028 2941 1079 constat
2988 1018 3132 1074 enim
3166 1032 3233 1073 ex
3279 1028 3505 1085 corpore

1920 1138 1975 1185 et
2003 1128 2213 1193 anima;
2243 1134 2297 1180 et
2325 1122 2580 1194 quoniam
2608 1118 2745 1173 haec
2769 1122 2916 1170 tanta
2949 1107 3328 1167 dissimilitudo
3355 1112 3377 1145 ο
3406 1119 3504 1159 no-

1921 1230 2155 1276 strarum
2199 1213 2623 1273 sulistantiarum
2652 1250 2666 1275 ,
2709 1221 2776 1262 ex
2806 1204 3001 1276 quibus
3050 1216 3192 1256 nunc
3228 1196 3509 1255 constitui-

1923 1326 2064 1376 mur,
2103 1323 2169 1364 ex
2208 1302 2675 1378 praevaricatione
2708 1294 3067 1353 humanitatis
3092 1293 3146 1347 in
3174 1291 3348 1362 prima
3378 1302 3509 1343 con-

1924 1403 2128 1459 ditione
2158 1403 2531 1471 processerat,
2576 1392 2644 1448 ad
2667 1398 2906 1447 veterem
2938 1385 3210 1443 hominem
3236 1383 3508 1456 pertinere

1926 1502 2153 1550 testatur
2197 1488 2506 1563 Apostolus,
2545 1487 2811 1555 docetque
2857 1496 2957 1537 nos
3002 1479 3220 1551 spoliari
3271 1486 3506 1533 veterem

1924 1585 2218 1649 hominem;
2250 1589 2304 1637 et
2348 1576 2498 1634 indui
2542 1588 2777 1640 novum,
2823 1571 3100 1629 ChriStum
3149 1565 3423 1631 videlicet,
3456 1566 3509 1619 in

1925 1693 2032 1750 quo
2060 1682 2242 1731 nostra
2274 1679 2487 1735 natura,
2515 1681 2713 1739 corpus
2746 1664 2868 1720 dieo
2916 1668 2974 1718 et
3028 1660 3265 1715 animam
3322 1665 3376 1712 et
3424 1655 3507 1710 iu-

1926 1748 2219 1832 tellectum,
2252 1770 2507 1820 renovata
2543 1766 2648 1825 est,
2678 1765 2733 1813 et
2762 1757 2815 1811 in
2855 1768 3020 1809 unum
3067 1748 3425 1821 simpliﬂcata,
3457 1756 3508 1800 et

1926 1862 1993 1918 de
2020 1859 2320 1929 composita
2364 1851 2723 1923 incomposita
2763 1848 2933 1914 facta;
2988 1852 3043 1900 ct
3075 1843 3217 1914 quod
3247 1843 3300 1897 in
3336 1840 3512 1910 capite

229 1933 427 2030 porum
455 1963 577 2027 post
620 1948 1087 2022 regenerationem
1111 1946 1378 2002 stationes
1422 1946 1730 2013 motusque,
1761 1946 1820 1994 ut
1850 1972 1856 1983 ι

1943 1957 2094 2012 .otius
2139 1952 2408 2009 humanae
2452 1956 2679 2004 naturae
2702 1988 2717 2013 ,
2753 1945 2808 2000 in
2854 1943 2969 2013 ipso
3006 1938 3256 1995 videlicet
3288 1933 3512 1989 Domino

232 2050 446 2113 dicunt,
492 2045 923 2109 ordinabuntur;
1005 2037 1150 2094 nulla
1197 2049 1427 2107 corpora
1482 2034 1623 2089 ultra
1678 2033 1824 2087 hunc

232 2138 496 2197 mundum
530 2148 821 2203 ascensura
847 2132 1155 2198 credentes,
1169 2129 1255 2185 vel
1280 2128 1338 2183 in
1363 2126 1613 2198 spiritum
1643 2133 1824 2180 trans-

234 2233 403 2290 itura.
439 2230 605 2286 Aiunt
640 2225 933 2299 itaque:Si
956 2223 1166 2282 caelum
1189 2229 1248 2279 et
1289 2230 1433 2277 terra
1452 2216 1727 2291 peribunt,
1751 2216 1825 2270 ita

236 2334 305 2383 ut
328 2323 463 2382 nihil
492 2324 558 2380 de
587 2319 991 2392 corporalitate,
1015 2315 1101 2372 vel
1126 2314 1419 2378 localitate,
1445 2310 1530 2366 vel
1558 2310 1625 2365 de
1650 2323 1823 2379 quan-

238 2419 420 2483 titate,
471 2414 558 2472 vel
601 2415 667 2470 de
692 2411 930 2469 motibus
965 2406 1372 2480 temporalibus,
1419 2402 1505 2459 vel
1542 2400 1825 2466 localibus,

237 2512 330 2568 vel
381 2511 451 2566 de
523 2508 717 2581 spatiis
777 2503 1255 2577 magnitudinum,
1296 2496 1381 2553 vel
1443 2496 1510 2551 de
1559 2491 1823 2549 interval-

239 2603 313 2660 lis
356 2600 682 2673 positionum
711 2598 763 2652 in
795 2597 875 2653 eis
920 2592 1245 2650 remanserit
1306 2606 1320 2644 :
1367 2587 1497 2660 quid
1542 2594 1659 2652 est,
1684 2584 1828 2655 quod

242 2697 325 2753 ait
352 2694 633 2765 Scriptura
667 2710 680 2746 :
728 2690 846 2744 Erit
878 2686 1085 2744 caelum
1136 2698 1327 2740 nouum
1380 2691 1426 2735 et
1478 2690 1621 2734 terra
1661 2676 1831 2731 noua?

244 2793 456 2861 Quibus
489 2789 671 2845 verbis
710 2801 818 2842 non
858 2784 1033 2840 solum
1074 2779 1207 2837 caeli
1252 2787 1308 2833 et
1348 2786 1526 2831 terrae
1570 2786 1679 2829 non
1710 2784 1832 2841 pro-

248 2884 486 2943 mittitur
509 2880 832 2945 destructio,
855 2888 1048 2933 verum
1074 2873 1314 2929 etiamin
1340 2868 1633 2926 novitatem
1659 2879 1837 2936 quan-

248 2978 376 3035 dam
412 2983 558 3031 certa
580 2972 896 3045 perhibetur
916 2966 1263 3025 restauratio.
1307 2961 1519 3033 Quibus
1542 2958 1834 3029 respondes

253 3083 396 3133 mus,
418 3065 562 3137 quod
582 3063 973 3120 usitatissimus
995 3059 1050 3115 in
1074 3058 1254 3113 divina
1280 3054 1560 3125 Scriptura
1580 3048 1834 3122 loquendi

253 3159 447 3217 modus
492 3166 599 3223 est,
628 3163 800 3212 totum
831 3170 861 3209 a
891 3160 1048 3224 parte
1075 3147 1392 3220 signiﬁcari,
1424 3144 1508 3200 vel
1557 3141 1836 3214 partibus,

255 3255 344 3311 vel
365 3270 432 3309 ex
460 3252 698 3308 maxima
741 3249 1004 3305 divisione
1029 3258 1313 3300 universae
1351 3246 1631 3297 creaturae
1662 3236 1838 3307 ipsam

1927 2056 2113 2105 nostro
2140 2046 2266 2103 Jesu
2310 2042 2549 2108 Christo,
2586 2040 2700 2112 jam
2741 2042 3021 2108 peractum
3049 2038 3155 2095 est,
3185 2028 3239 2083 in
3270 2033 3382 2081 tota
3412 2036 3511 2080 na-

1929 2150 2050 2198 tura
2095 2137 2428 2211 perﬁcietur,
2479 2135 2607 2189 dum
2649 2138 2791 2185 terra
2822 2138 2957 2181 nova
2985 2117 3231 2192 corporis
3255 2114 3425 2172 nostri
3457 2112 3512 2167 in

1927 2203 2137 2290 caelum
2160 2240 2381 2293 novum,
2407 2226 2511 2280 hoc
2530 2221 2704 2289 est,in
2729 2217 3024 2274 novitatem
3051 2211 3262 2268 animae
3287 2203 3517 2262 mutabi-

1930 2334 2050 2391 tur;
2106 2332 2171 2378 ac
2215 2318 2408 2375 deinde
2452 2312 2720 2386 superiori
2767 2321 2997 2365 ascensu
3037 2317 3231 2373 corpus
3274 2298 3435 2357 simul
3464 2305 3519 2352 ct

1930 2418 2136 2483 anima,
2169 2415 2222 2470 in
2254 2413 2527 2485 spiritum,
2554 2406 2777 2478 spiritus
2804 2403 2858 2457 in
2887 2401 3061 2471 ipsum
3092 2396 3260 2450 Deum
3292 2406 3307 2447 :
3336 2399 3391 2446 et
3418 2392 3519 2445 hoc

1931 2518 2105 2567 totum
2123 2480 2190 2561 vin
2220 2480 2437 2561 Christo
2487 2508 2543 2555 et
2588 2512 2687 2568 per
2724 2492 3001 2550 Christum
3052 2483 3384 2557 perﬁcietur,
3429 2480 3519 2548 qui

1935 2601 2059 2658 linis
2089 2602 2173 2655 est
2198 2603 2414 2651 nostrae
2440 2596 2669 2646 naturae
2698 2594 2754 2643 et
2778 2578 3193 2640 consummatio.
3226 2576 3292 2630 Et
3327 2574 3521 2629 iterum

1935 2706 2140 2769 dicunt,
2172 2698 2334 2755 veluti
2372 2689 2682 2752 fortissimis
2714 2684 3150 2753 acutissimisque
3181 2694 3244 2734 ac
3272 2690 3522 2733 necessa-

1934 2795 2033 2853 riis
2055 2767 2613 2863 argumentationibus
2643 2792 2740 2838 nos
2768 2777 3091 2835 convincere
3121 2782 3280 2842 posse
3303 2767 3523 2823 sibimet

1936 2885 2312 2963 promittentes
2342 2899 2354 2935 :
2387 2879 2430 2933 si
2463 2884 2605 2933 terra
2652 2872 2755 2929 ista
2796 2867 3037 2926 omnium
3081 2872 3366 2931 corporum
3397 2871 3521 2928 gra-

1937 2989 2180 3052 vissima,
2215 2982 2451 3041 medium
2486 2979 2763 3046 imumque
2793 2971 2846 3027 in
2878 2964 3145 3026 creaturis
3169 2960 3421 3018 obtinens
3447 2955 3525 3010 lo-

1941 3099 2086 3148 cum,
2111 3078 2351 3151 peritura
2393 3073 2489 3139 sit,
2521 3045 2828 3125 necessario
2856 3057 3087 3120 conﬁnis
3114 3055 3163 3111 ei
3189 3053 3315 3107 luna
3343 3045 3527 3122 proxia

1943 3141 2137 3246 meque
2159 3170 2396 3227 siderum
2425 3163 2583 3221 terris
2608 3157 2805 3231 peribit
2832 3173 2845 3210 :
2877 3151 3003 3210 etsi
3031 3147 3299 3205 luminare
3326 3141 3526 3206 minus,

1942 3235 2188 3340 proiecto
2239 3261 2401 3317 etiam
2449 3264 2504 3313 et
2545 3248 2813 3308 luminare
2858 3243 3062 3315 majus;
3116 3250 3241 3295 nam
3285 3235 3330 3292 si
3358 3241 3528 3290 totum

257 3345 667 3406 universum”
688 3332 1406 3436 S‘mPi‘°“".i99‘P'°h°l‘.‘ii
1497 3330 1687 3436 '9‘!“
1867 3350 1913 3416 Β
1942 3329 2203 3436 perierit,
2248 3352 2389 3412 nulla
2432 3366 2561 3425 pars
2601 3342 2923 3403 remanebit.
2966 3339 3035 3395 Et
3071 3336 3115 3393 si
3159 3336 3231 3391 ita
3265 3329 3529 3396 evenerit,

258 3440 406 3497 niam
452 3436 616 3493 totius
656 3432 842 3489 mundi
885 3429 1160 3488 sensibilis
1187 3424 1499 3483 constitutio
1535 3422 1678 3477 inter
1707 3418 1843 3474 duas

260 3539 534 3590 extremas
570 3528 653 3585 sui
678 3534 863 3597 partes
892 3524 994 3581 sibi
1022 3522 1255 3577 invicem
1279 3516 1558 3590 oppositas
1586 3528 1652 3569 ac
1678 3508 1844 3567 veluti

260 3621 586 3687 contrarias,
635 3618 843 3674 caelum
894 3616 1014 3671 dico
1057 3621 1111 3669 et
1159 3620 1380 3675 terram,
1426 3604 1687 3677 disposita
1739 3608 1841 3665 est,

258 3713 864 3792 spuiclire-Propheticus
891 3709 1114 3781 spiritus
1140 3707 1307 3762 totius
1329 3701 1558 3761 visibilis
1584 3696 1848 3756 conditio—

265 3790 353 3865 nis
379 3805 804 3869 innovationem,
836 3804 939 3858 hoc
965 3809 1050 3856 est
1092 3800 1147 3854 in
1176 3795 1487 3869 spirituales
1512 3790 1849 3849 substantias

266 3895 796 3959 transmutatioaem,
829 3892 963 3949 caeli
1014 3890 1138 3947 novi
1178 3898 1462 3957 terraeque
1503 3900 1678 3941 novae
1727 3893 1851 3952 typo

270 3989 614 4065 signiﬁcavit,
647 3994 707 4042 ut
749 3985 881 4042 caeli
926 3982 1183 4041 vocabulo
1208 3981 1460 4037 aetherea
1488 3975 1851 4044 caelestiaque

268 4071 455 4141 omnia
479 4094 706 4152 corpora
726 4086 992 4142 extrema,
1021 4083 1196 4130 terrae
1216 4085 1345 4127 vero
1369 4068 1628 4125 inferiora
1650 4064 1858 4122 media-

271 4162 395 4247 que
426 4173 730 4244 intelligas;
785 4186 851 4225 ac
892 4183 989 4239 per
1042 4168 1145 4222 hoc
1188 4163 1347 4220 simul
1385 4170 1555 4217 totum
1590 4156 1855 4215 visibilem

274 4246 536 4324 mundum
581 4265 637 4322 in
683 4277 812 4320 suas
838 4259 1147 4332 spirituales
1170 4271 1362 4314 causas
1395 4252 1769 4309 transiturum.
1799 4246 1859 4304 Si

274 4370 456 4417 autem
480 4359 608 4431 quis
636 4356 870 4421 dixerit,
909 4354 1013 4407 hac
1054 4349 1317 4407 divisione
1342 4345 1478 4403 caeli
1503 4343 1627 4399 novi
1656 4350 1863 4397 terrae-

274 4470 383 4527 que
414 4467 585 4509 novae
610 4448 1017 4506 universitatem
1061 4443 1291 4500 visibilis
1316 4452 1370 4496 et
1395 4435 1682 4495 invisibilis
1707 4447 1862 4489 crea-

281 4525 436 4603 turae
462 4543 821 4614 signiﬁcatam
847 4553 967 4594 esse
986 4578 1001 4602 ,
1048 4551 1155 4591 non
1193 4531 1533 4605 elongabitur
1559 4544 1590 4582 a
1616 4525 1863 4590 veritate,

281 4646 341 4695 ut
364 4637 578 4708 opinor.
630 4628 1049 4687 Rationabiliter
1090 4626 1290 4697 quippe
1330 4637 1428 4694 per
1466 4619 1868 4676 innovationem

282 4732 419 4791 caeli
450 4726 750 4800 spirilualis
777 4732 1003 4780 naturae
1026 4764 1042 4790 ,
1080 4731 1259 4778 terrae
1295 4718 1476 4775 autem
1521 4712 1867 4771 innovatione
1894 4732 1945 4793 ι)

282 4822 649 4895 corporalium
672 4834 852 4876 rerum
873 4815 1148 4871 restitutio
1169 4810 1587 4884 praeﬁguratur.
1614 4805 1868 4860 Testatur

283 4870 649 4895 W'r"'""‘""
672 4870 747 4876 "‘
768 4870 851 4874 “”“”
884 4870 887 4871 ⁷
920 4870 923 4871 ⁷
1172 4870 1186 4884 ι
1343 4870 1371 4881 υ

283 4915 553 4987 siquidem
582 4910 890 4981 Apostolus,
918 4907 1111 4969 omnia,
1136 4920 1270 4970 quae
1311 4904 1368 4955 in
1394 4911 1534 4955 terra
1575 4906 1695 4952 sunt
1738 4905 1786 4949 et
1816 4895 1871 4948 in
1975 4882 2144 4937 νίῐθιθ
2173 4876 2268 4931 Dei
2293 4870 2583 4987 Ιίδτίξᾜοη

286 4986 457 5071 casto,
478 5006 535 5058 in
555 5002 764 5057 Christo
790 5010 836 5055 et
857 5015 950 5070 per
970 4995 1240 5051 Christum
1258 4990 1568 5047 restauraﬁ.
1591 4987 1706 5042 Non
1727 4986 1870 5041 enim

1945 3433 2074 3538 quid
2104 3469 2210 3527 est,
2238 3456 2380 3532 quod
2405 3470 2501 3526 per
2531 3448 2852 3525 prophetam
2880 3440 3214 3517 promittitur
3245 3436 3259 3492 ὲ
3291 3434 3407 3490 Erit
3439 3433 3535 3488 tua:

1946 3526 2105 3617 lunae
2139 3526 2273 3611 sicui
2303 3552 2398 3607 luas
2425 3548 2573 3614 solis,
2605 3555 2652 3601 et
2683 3544 2777 3598 lux
2801 3539 2925 3596 solis
2951 3531 3369 3610 septempliciter,
3402 3526 3534 3582 sicut

1946 3634 2041 3719 ista:
2086 3658 2278 3720 septem
2324 3644 2548 3701 dierum.
2603 3636 2721 3693 Non
2767 3632 2912 3713 enim
2947 3628 3037 3685 hic
3080 3621 3424 3696 quaerimus,
3460 3616 3537 3671 in-

2190 3736 2503 3809 allegoriam
2535 3731 2692 3786 lunae
2740 3708 2964 3791 intelligi
3008 3717 3075 3774 de
3104 3710 3371 3819 Ecclesia,
3400 3704 3539 3813 quae

1951 3800 2006 3892 i‘n
2038 3800 2273 3896 Christo,
2296 3800 2398 3898 qui
2427 3834 2510 3881 est
2549 3821 2641 3878 Sol
2662 3815 2923 3891 iustitiae,
2960 3807 3201 3882 fulgebit,
3236 3815 3290 3862 et
3320 3802 3385 3859 ‘de
3423 3800 3539 3870 ipso

1953 3929 2205 3991 Christo,
2248 3892 2302 3980 in
2323 3892 2438 3991 quo
2468 3924 2672 3987 septem
2722 3912 2863 3966 dona
2902 3904 3138 3978 Spiritus
3169 3896 3342 3956 sancti
3368 3892 3543 3950 mani-

1955 4019 2247 4079 festissime
2270 4012 2541 4077 omnibus,
2569 4006 2660 4078 qui
2688 4020 2811 4061 eum
2835 3991 3246 4067 contemplaturi
3272 3995 3416 4054 sunt,
3448 4001 3542 4057 ap-

1958 4124 2269 4198 parebunt.
2318 4117 2413 4173 sed
2450 4111 2649 4169 nudam
2682 4104 2964 4164 historiam
3012 4100 3078 4155 de
3130 4089 3545 4165 ampliﬁcatione

1958 4188 2229 4277 claritatis
2251 4212 2481 4268 duorum
2507 4202 2866 4265 maximorum
2889 4188 3203 4252 caelestium
3232 4196 3540 4256 corporum.

1964 4314 2021 4370 Si
2061 4319 2240 4368 autem
2284 4308 2419 4362 haec
2449 4301 2556 4361 duo
2588 4292 2877 4353 luminaria
2920 4302 3026 4344 non
3063 4283 3235 4341 solum
3266 4294 3371 4336 non
3406 4272 3549 4346 peri-

1964 4408 2121 4468 bunt,
2148 4413 2335 4458 verum
2375 4396 2542 4453 etiam
2586 4385 2929 4447 manentibus
2968 4380 3184 4437 illorum
3228 4369 3548 4443 corporibus

1967 4462 2266 4570 splendoris
2292 4502 2481 4547 eorum
2511 4482 2687 4558 gratia
2726 4473 3088 4536 cumulabitur
3128 4464 3304 4539 :_quid
3348 4462 3547 4570 obstat,

1969 4551 2024 4648 si
2044 4587 2316 4651 similiter,
2347 4580 2489 4653 quod
2516 4551 2583 4633 de
2612 4571 2805 4632 mediis
2832 4570 2853 4601 τ
2885 4563 3071 4622 mundi
3098 4558 3343 4633 partibus
3373 4551 3552 4608 credi-

1971 4702 2113 4753 mus,
2152 4684 2221 4739 de
2249 4649 2684 4737 estreniitatibus
2732 4675 2946 4736 quoque
2975 4656 3217 4728 ejusdem
3248 4649 3553 4753 credamus,

2327 4785 2450 4827 eum
2474 4767 2667 4822 beatus
2695 4754 3027 4829 Augustinus
3056 4750 3108 4805 in
3141 4742 3342 4804 ultimis
3372 4739 3438 4794 de
3465 4735 3557 4789 Ci-

2614 4863 2729 4933 ipsa
2760 4856 2944 4913 mundi
2971 4862 3204 4921 corpora
3236 4841 3558 4899 transitura,

1978 4934 2289 5033 sedcorum
2323 4962 2615 5035 qualitates
2656 4957 2712 5010 in
2764 4950 2956 5009 melius
2987 4940 3274 5002 mutandas
3316 4934 3561 4989 videatur

287 5032 457 5071 crtew,
478 5032 535 5058 In
555 5032 764 5057 υηηοιυ
790 5032 836 5055 τι
857 5032 937 5070 per
970 5032 1066 5051 uu-
1079 5032 1240 5051 oo."-
1260 5032 1454 5047 ..ν-...ν-
1469 5032 1517 5045 ν..
1533 5032 1568 5043 ν.
1592 5032 1706 5042 -.νη
1730 5032 1850 5041 νη-..

287 5096 576 5155 sensibiles
627 5090 962 5151 solummodo
991 5130 1006 5155 ,
1047 5084 1236 5143 verum
1287 5084 1453 5140 etiam
1514 5076 1856 5150 intelligibile:

1980 5068 2212 5127 docere;
2264 5032 2721 5128 quemadmodum
2771 5051 2827 5101 et
2880 5042 3242 5097 humanorum
3275 5032 3563 5095 corporum

2210 5150 2227 5155 ‘
2729 5127 3094 5155 _,-AA.:.-.....a
3180 5133 3356 5155 nnnno
3405 5126 3563 5155 multa

288 5201 578 5250 creaturae
620 5187 880 5246 ineﬂabili
926 5182 1086 5239 modo
1136 5180 1355 5249 Deoque
1405 5175 1505 5233 soli
1563 5172 1780 5244 cognito
1819 5171 1876 5226 in
1981 5168 2159 5228 neque

290 5302 423 5345 suas
451 5296 643 5343 causas
688 5283 1025 5346 transibunt,
1074 5277 1179 5332 hoc
1207 5282 1309 5339 est,
1347 5272 1402 5326 in
1432 5282 1653 5325 suarum
1691 5278 1879 5320 causa-

292 5394 417 5437 rum
445 5376 789 5451 purissimam
828 5370 1210 5443 cognitionem,
1241 5374 1339 5436 per
1378 5368 1540 5432 quam
1568 5357 1650 5412 eis
1679 5357 1880 5411 aduna-

294 5447 507 5547 buntur.
542 5485 606 5527 ea
653 5467 887 5531 ratione,
937 5476 1043 5532 qua
1074 5459 1149 5525 id,
1188 5455 1329 5528 quod
1366 5466 1501 5523 pure
1528 5447 1801 5520 intelligit,
1826 5451 1884 5499 et

1726 5536 1882 5605 Quod

296 5603 375 5627 ’νιν
418 5603 558 5633 ιι-νν-
603 5603 737 5632 ιιι-ιν
780 5603 1118 5625 “⁵““⁷“““υ“’“--1
1168 5603 1191 5605 π
1757 5603 1767 5605 -

295 5658 487 5723 etiam,
520 5666 578 5711 ut
611 5654 868 5719 arbitror,
894 5647 1152 5707 Dominus
1180 5645 1233 5700 in
1266 5637 1553 5709 Evangelio
1577 5626 1886 5704 signiﬁcare
1991 5621 2077 5678 nis
2105 5628 2269 5689 atque
2295 5603 2561 5670 substanti

295 5563 375 5627 id,
417 5543 558 5633 quod
602 5572 737 5632 pure
779 5553 1119 5625 intelligitur,
1158 5563 1325 5605 unum
1355 5543 1679 5601 efﬁciuntur.

2202 5126 2452 5213 foratae,
2498 5156 2679 5212 neque
2719 5127 3136 5209 quantitates“,
3180 5133 3358 5213 neque
3405 5126 3566 5170 sexus

1986 5211 2325 5312 transibunt,
2366 5211 2836 5299 sedsolummodo
2863 5220 3172 5299 spirituales
3198 5211 3489 5312 qualitates
3513 5212 3569 5261 et

2355 5333 2644 5390 inducatur
2675 5344 2691 5382 :
2722 5333 2777 5379 et
2819 5322 2873 5376 in
2909 5312 3137 5387 epistola
3166 5307 3234 5364 ad
3259 5301 3566 5395 Dardanum

1990 5436 2368 5495 incunctanter
2414 5421 2648 5481 astruit,
2696 5426 2893 5483 corpus
2933 5402 3143 5462 Domini
3171 5405 3295 5470 post
3325 5388 3570 5449 resurre-

1991 5530 2227 5588 ctionem
2252 5523 2309 5578 in
2337 5516 2489 5575 caelo
2520 5509 2764 5569 localiter
2787 5517 2909 5559 esse
2943 5500 2998 5554 in
3033 5494 3223 5551 eadem
3248 5488 3423 5588 forma
3453 5495 3574 5588 cal:-

2564 5617 2596 5658 a
2616 5603 2661 5668 9,
2689 5597 2745 5654 i‘n
2772 5602 2898 5666 qua
2933 5583 3185 5659 apparuit
3226 5575 3449 5642 mundo,
3479 5570 3575 5628 ad-

1576 5722 1830 5780 VARIAE
1870 5708 2277 5774 LECTIONES,

312 5868 315 5873 '
380 5861 392 5889 ¹
432 5854 521 5911 Sic
548 5856 663 5919 CF;
731 5853 946 5923 efﬁcitur
975 5888 988 5902 .
1100 5844 1195 5923 ’ἑ
1225 5844 1595 5923 tolti‘usrausr‘t.

310 5932 327 5961 θ
366 5908 607 5992 Sie'Ci“:
697 5908 1001 5982 similitudo.
1078 5923 1097 5954 ⁷
1140 5916 1230 5972 Sic
1256 5913 1338 5971 CF
1366 5913 1429 5982 ;A
1458 5908 1635 5966 medii.

1722 5833 1742 5864 ³
1774 5829 1865 5886 Sic
1897 5826 2004 5890 AC;
2047 5823 2089 5878 F
2139 5812 2572 5890 comprehendere

1711 5903 1732 5936 ⁸
1775 5904 1865 5959 Sic
1893 5889 2007 5966 CF;
2042 5896 2086 5949 Α
2111 5889 2415 5964 qualitates.

2685 5803 2702 5835 ⁵
2745 5800 2817 5856 ιιι
2907 5794 3153 5848 amicat.
3248 5785 3271 5819 '
3309 5782 3353 5838 A
3380 5789 3574 5839 autem.

2491 5862 2527 5917 '9'
2552 5862 2643 5934 sic,
2669 5873 2743 5930 CI-
2771 5887 2787 5937 ς
2816 5871 2852 5924 Α
2893 5862 3233 5922 substantiae.
