4008 6286
521 408 621 467 991
1896 395 2139 456 ’.ΙΟΑΝΝΙ

2241 392 2426 453 SCOTI
3692 387 3789 443 993

518 523 666 595 jecta
710 521 1045 579 solummodo
1074 518 1506 585 immortalitate,
1538 532 1644 574 non
1677 516 1854 573 ablata
1886 526 2101 582 natura,
2134 517 2183 578 Α
2208 513 2363 568 vixit.
2392 510 2577 582 itaque
2600 508 2931 566 credibilius
2975 505 3347 564 arbitrandum
3373 514 3457 562 est
3485 505 3559 561 de
3603 521 3785 579 magno

526 629 590 670 ac
639 628 737 685 per
763 613 866 668 huc
896 628 1001 669 non
1032 612 1232 681 ubique
1275 625 1428 677 esse,
1466 610 1608 667 sicut
1638 609 1811 676 Deus,
1854 624 2030 680 neque
2053 607 2109 663 in
2212 603 2517 659 divinarum
2569 601 3036 671 humanarumque
3084 614 3267 655 rerum
3323 605 3378 652 et
3436 596 3787 653 solertissime

526 702 863 758 divinitatem
893 717 1214 759 conversum
1242 700 1382 756 ultra
1411 701 1594 757 omnia
1619 699 1738 756 loca
1763 708 1821 756 et
1843 708 2107 769 tempora,
2212 695 2527 765 inquisitore
2576 705 2633 750 et
2678 694 3049 765 copiosissimo
3106 693 3413 765 expositore
3437 732 3453 759 ,
3502 688 3782 747 secundum

527 795 669 850 ultra
688 810 847 852 omne
868 796 1013 867 quod
1035 795 1233 851 dicitur
1256 802 1307 851 et
1335 794 1683 865 intelligitur;
1718 794 1811 850 sed
1835 793 1902 848 de
1930 793 2111 864 aliquo
2211 787 2564 859 capacitatem
2601 784 2954 855 singulorum.
2986 783 3181 854 quibus
3209 783 3449 854 scripsit.
3490 782 3783 851 scripsisse,

528 886 648 943 loco
671 888 955 945 visibiliter
976 895 1032 943 et
1058 886 1410 958 corporaliter
1434 886 1744 952 descendet,
1760 885 2004 956 judicare
2032 886 2113 939 vi-
2213 893 2376 950 quam
2406 894 2436 933 a
2467 878 2670 934 sanctis
2691 877 2964 943 Patribus,
2991 877 3082 947 qui
3111 891 3234 932 eum
3265 883 3688 947 praecesserunt
3707 888 3786 927 ore

529 995 628 1038 vos
646 990 705 1038 et
723 990 984 1038 mortuos.
1011 979 1119 1038 Sed
1145 981 1270 1036 huic
1293 979 1745 1051 argumentationi
1773 993 1878 1034 non
1908 985 2112 1032 tantum
2214 970 2339 1025 dine
2399 977 2736 1039 temporum,
2804 969 2872 1023 ab
2932 966 3219 1024 Ambrosio
3249 966 3373 1022 dico
3428 964 3787 1036 Gregorioqoe

531 1075 801 1134 laboriose
828 1113 846 1142 ,
909 1082 1168 1144 quantum
1239 1071 1314 1127 illi
1387 1071 1708 1126 existimant
1737 1110 1753 1136 ,
1827 1082 2115 1139 possumus
2215 1062 2515 1134 Theologo,
2545 1077 2775 1133 quorum
2803 1059 3208 1119 auctoritatejn
3236 1058 3359 1115 aliis
3387 1057 3529 1113 locis
3560 1072 3667 1114 non
3694 1057 3787 1112 dis~

532 1181 839 1237 occurrere.
863 1163 1277 1227 Dicimusenim,
1300 1162 1606 1218 universam
1630 1158 1940 1217 scnsibilem
1966 1173 2117 1214 crea-
2216 1163 2434 1227 crepat,
2477 1154 2818 1211 dissensisse.
2846 1154 3169 1225 Ego.autem
3197 1151 3331 1207 nulli
3360 1153 3656 1223 derogans,
3681 1166 3784 1204 cum

534 1272 715 1316 turam
734 1259 892 1313 lunae
914 1265 1066 1328 tropo
1089 1254 1387 1321 insinuari;
1423 1270 1523 1310 nec
1552 1253 1855 1321 immerito;
1889 1262 1944 1308 ut
1971 1252 2114 1308 enim
2216 1245 2362 1301 nullo
2397 1244 2761 1311 contendens,
2792 1244 3163 1300 indubitanter
3190 1241 3451 1314 intelligo,
3500 1241 3649 1312 quod
3690 1241 3787 1311 ipse

534 1350 663 1406 luna
685 1349 1036 1405 incrementis
1057 1346 1523 1416 decrementisque
1551 1347 1569 1378 ¹
1588 1344 1822 1402 obnoxia
1843 1353 1946 1411 est,
1965 1344 2043 1400 sic
2063 1355 2119 1400 et
2218 1336 2477 1391 Dominus
2500 1335 2635 1391 dixit
2664 1352 2679 1389 ι
2730 1333 2844 1406 Ego
2872 1342 2920 1389 et
2959 1331 3123 1388 Pater
3159 1348 3321 1387 unum
3344 1348 3557 1394 sumus.
3608 1344 3709 1385 non
3733 1331 3787 1384 dc

540 1451 687 1499 totus
711 1440 942 1497 mundus
965 1441 1066 1496 iste
1091 1438 1425 1509 generationi
1447 1447 1502 1495 et
1525 1438 1854 1510 corruptioni
1880 1438 2117 1508 partium

2241 1425 2331 1481 cla
2371 1440 2468 1481 sua
2494 1425 2799 1490 divinitate,
2829 1424 2923 1479 sed
2948 1422 3017 1479 de
3046 1431 3158 1478 tota
3202 1437 3300 1479 sua
3343 1420 3672 1483 substantia,
3710 1420 3788 1476 bo-

536 1535 654 1603 sui;
707 1533 841 1590 nihil
884 1534 1027 1588 enim
1077 1533 1132 1588 in
1180 1547 1245 1589 eo
1291 1532 1505 1588 firmum
1548 1532 1633 1587 vel
1682 1531 1915 1599 stabile;
1960 1547 2120 1587 omne
2220 1524 2471 1593 mineque
2497 1520 3012 1592 Deoque'dixisse;
3044 1536 3107 1577 ac
3128 1521 3341 1593 perhoc
3367 1529 3521 1576 totus
3543 1519 3783 1585 Christus.

537 1628 758 1699 quippe,
780 1626 924 1696 quod
962 1625 1370 1697 comprehendit
1392 1665 1409 1693 ,
1443 1625 1701 1699 quoniam
1746 1625 1934 1695 incipit
1962 1624 2119 1692 oriri,
2222 1614 2462 1672 Verbum
2490 1615 2742 1671 videlicet
2767 1623 2823 1671 et
2851 1629 3003 1680 caro,
3033 1615 3236 1686 ubique
3256 1621 3363 1680 est,
3391 1611 3654 1684 nulloque
3676 1627 3785 1669 eon~

539 1698 905 1775 necessarium
939 1726 1024 1773 est
1049 1717 1298 1773 occidere
1332 1735 1345 1772 :
1389 1698 1582 1772 solaris
1615 1725 1799 1772 autem
1841 1731 2033 1771 cursus
2067 1723 2123 1770 et
2223 1707 2425 1763 ῑίηθῑυι·
2462 1706 2597 1770 1000.
2632 1721 2733 1763 nec
2757 1707 2811 1761 in
2840 1712 2977 1771 ῑοιο,
3023 1720 3126 1762 nec
3164 1706 3217 1761 in
3246 1714 3406 1776 Parte
3430 1706 3541 1771 sui.
3573 1706 3671 1762 hoc
3699 1716 3784 1771 εει,

538 1813 802 1870 claritatis
830 1820 953 1883 typo
988 1810 1347 1882 spiritualium
1378 1825 1578 1874 rerum,
1612 1824 1753 1880 quae
1782 1807 2123 1865 uniformiter
2160 1882 2163 1883 ν
2213 1818 2399 1880 neque
2435 1802 2490 1858 in
2533 1802 2839 1870 divinitate,
2884 1818 3062 1874 neque
3112 1803 3166 1858 in
3214 1802 3583 1868 humanitate,
3623 1800 3787 1871 quibus

539 1912 594 1959 et
633 1912 778 1960 stant
812 1882 870 1957 et
910 1910 1210 1966 moventur,
1254 1899 1672 1970 pulcherrimam
1712 1898 2121 1970 dispositionem
2154 1882 2199 1942 Β
2226 1896 2391 1951 veluti
2417 1896 2623 1952 duabus
2648 1898 2895 1968 partibus
2924 1907 3035 1952 tota
3067 1898 3241 1969 ipsius
3268 1896 3580 1953 substantia
3609 1897 3779 1953 eonsti~

541 1995 855 2068 significari.
886 1995 1006 2050 Erit
1023 2009 1151 2065 ergo
1172 1993 1263 2047 lux
1280 1993 1437 2049 lunae
1459 1994 1598 2049 sicut
1617 1992 1707 2049 lux
1734 1993 1881 2056 solis,
1908 1991 2123 2062 quando

541 2089 995 2145 transmutabitur
1017 2086 1379 2157 corporalium
1415 2100 1598 2141 rerum
1626 2083 1973 2141 multiformis
2009 2099 2124 2138 mu-

543 2179 830 2249 tabilisque
860 2178 1093 2233 varietas
1144 2186 1197 2233 et
1227 2175 1786 2246 incomprehensibilis
1819 2174 2084 2232 discursio
2107 2213 2124 2242 ,

542 2289 687 2330 nunc
732 2271 982 2328 sensibus
1032 2284 1343 2341 apparens,
1398 2284 1542 2324 nunc
1592 2267 1661 2323 ab
1713 2268 1794 2323 eis
1846 2267 2125 2333 recedens,

543 2381 686 2422 nunc
732 2363 1061 2436 perfectam,
1116 2377 1259 2417 nunc
1298 2361 1668 2433 imperfectam
1711 2360 1945 2431 speciem
1974 2373 2131 2431 prae-

545 2466 717 2520 stans,
774 2456 829 2510 in
884 2452 1240 2524 spiritualium
1290 2453 1712 2508 substantiarum
1764 2450 2130 2523 plenissimam

545 2545 1043 2616 immutabilemque
1082 2544 1382 2600 claritatem
1417 2543 1847 2613 uniformemque
1888 2542 2129 2614 pulchri-

545 2638 787 2692 tudinem
810 2644 865 2691 et
886 2637 1256 2703 honestatem;
1280 2636 1371 2691 lux
1392 2652 1521 2693 vero
1541 2637 1687 2700 solis,
1713 2636 1813 2692 hoc
1841 2644 1944 2701 est,
1969 2634 2132 2705 spiri-

545 2729 768 2785 tualium
797 2743 978 2785 rerum
1006 2729 1229 2801 pulchra
1266 2727 1576 2784 formositas
1627 2727 1732 2783 erit
1769 2725 2134 2797 septemplici-

547 2833 654 2890 ter,
680 2825 823 2880 sicut
858 2823 951 2879 lux
986 2832 1192 2894 septem
1236 2822 1467 2887 dierum,
1514 2821 1617 2876 hoc
1643 2832 1730 2874 est
1756 2818 2133 2890 principalium

548 2931 860 2982 causarum,
884 2930 1022 2986 quae
1045 2916 1097 2969 in
1118 2913 1535 2970 sublimissimae
1558 2910 1857 2982 sapientiae
1888 2909 2136 2965 claritate

547 3007 869 3062 substitutae
890 3015 1031 3072 sunt,
1057 3021 1197 3076 quae
1219 3006 1383 3060 etiam
1399 3003 1701 3074 septenario
1722 3018 1946 3058 numero
1960 3001 2138 3075 typice

550 3097 724 3152 solent
753 3096 995 3168 figurari,
1041 3096 1294 3167 quoniam
1328 3112 1424 3151 sex
1462 3095 1654 3167 primis
1703 3094 1943 3166 mysticis
1986 3092 2139 3149 intel-

549 3189 951 3263 ligibilibusque
981 3188 1171 3243 diebus
1197 3188 1248 3242 in
1272 3188 1448 3243 Verbo
1470 3185 1565 3241 Dei
1593 3185 1770 3241 factae
1797 3193 1944 3251 sunt,
1973 3184 2134 3255 septi-

2229 1987 2415 2041 tuitur.
2444 1986 2512 2041 Et
2540 1986 2643 2041 hoc
2659 2002 2729 2042 ex
2757 1988 3022 2043 sententia
3049 1990 3220 2043 sancti
3244 1987 3433 2043 Hilarii
3458 1988 3787 2044 Pictavieusis

2226 2078 2463 2150 episcopi
2490 2093 2781 2149 possumus
2805 2081 3135 2151 approbare;
3162 2082 3216 2136 in
3240 2082 3379 2139 libro
3410 2082 3680 2153 siquidem
3700 2093 3786 2139 ter-

2227 2173 2305 2228 tio
2327 2171 2394 2227 de
2437 2171 2705 2228 Trinitate
2754 2188 3050 2245 exponens,
3100 2175 3243 2245 quod
3292 2175 3560 2231 Dominus
3603 2175 3787 2230 Patrwi

2229 2280 2385 2321 suum
2411 2266 2660 2320 oransait
2683 2283 2697 2320 :
2719 2262 2790 2320 Et
2814 2283 2952 2320 nunc
2976 2265 3215 2338 clariﬁca
3239 2285 3321 2323 me
3353 2279 3434 2334 tu,
3462 2268 3650 2336 Pater,
3673 2268 3784 2339 apud

2230 2355 2553 2425 temetipsum
2577 2372 2637 2410 ea
2658 2354 2920 2423 claritate,
2952 2372 3110 2427 quant
3135 2358 3318 2423 habui,
3338 2358 3647 2430 priusquam
3666 2374 3787 2412 atus-

2232 2447 2332 2501 dus
2362 2456 2519 2514 esset,
2550 2447 2687 2503 haec
2727 2447 2750 2480 ⁸
2779 2447 3003 2520 protulit
3031 2465 3047 2503 :
3092 2446 3311 2504 Verbum
3335 2467 3462 2505 caro
3494 2450 3684 2521 factum
3704 2466 3785 2504 m

2233 2541 2480 2596 amiserat
2503 2541 2642 2612 quod
2673 2550 2809 2608 erat,
2843 2541 2934 2596 sed
2964 2553 3199 2613 coeperat
3228 2559 3338 2598 esse
3367 2544 3515 2614 quod
3540 2561 3643 2598 non
3666 2553 3785 2605 erat;

2233 2649 2338 2688 non
2362 2633 2427 2688 de
2453 2650 2551 2688 suo
2592 2635 2612 2666 ⁷
2640 2634 2927 2702 destiterat,
2963 2635 3079 2702 sed,
3107 2635 3248 2708 quod
3273 2645 3514 2691 nostrum
3546 2648 3638 2702 est,
3670 2653 3786 2690 acce-

2233 2732 2420 2794 perat;
2468 2722 2760 2794 profectum
2800 2725 2823 2757 ⁸
2868 2724 2936 2791 ei,
2968 2724 3107 2797 quod
3151 2726 3386 2797 accepit,
3411 2726 3531 2797 ejus
3569 2725 3786 2780 claritatis

2234 2814 2562 2887 expostulat,
2583 2817 2721 2871 unde
2764 2832 2868 2871 non
2908 2819 3121 2872 destitit.
3148 2816 3293 2888 Ergo
3320 2819 3446 2890 quia
3498 2818 3661 2874 Filius
3688 2816 3786 2871 Ver-

2236 2910 2379 2978 bum,
2404 2923 2450 2966 et
2486 2910 2711 2967 Verbum
2733 2930 2856 2967 caro
2878 2914 3097 2984 factum,
3124 2924 3171 2968 et
3203 2914 3343 2970 Deus
3385 2915 3629 2984 Verbum,
3648 2926 3692 2970 et
3711 2916 3785 2968 bac

2235 3005 2292 3061 in
2312 3006 2568 3077 principio
2595 3007 2735 3077 apud
2762 3006 2954 3073 Deum,
2989 3017 3036 3061 et
3076 3006 3300 3062 Verbum
3348 3019 3469 3064 ante
3497 3009 3785 3065 constitutio-

2238 3112 2355 3153 nem
2377 3097 2561 3153 mundi
2588 3101 2609 3132 ⁹
2639 3096 2835 3165 Filius,
2861 3115 2999 3153 nunc
3034 3116 3156 3154 cura
3187 3100 3379 3169 factus,
3405 3102 3615 3168 orabat,
3641 3111 3690 3155 ut
3712 3102 3785 3153 ιρι

2242 3187 2392 3244 Patri
2419 3206 2542 3245 caro
2562 3191 2806 3263 inciperet
2835 3208 2965 3257 esse,
2984 3193 3120 3264 quod
3143 3189 3386 3260 Verbum,
3415 3204 3475 3248 ut
3506 3195 3580 3255 id,
3602 3192 3723 3265 quod
3738 3192 3786 3245 de

550 3295 747 3352 meque
793 3280 879 3335 die
925 3293 1114 3334 earum
1161 3276 1398 3350 perfecta
1433 3277 1827 3333 consummatio
1867 3277 1918 3331 in
1964 3290 2050 3342 eo,
2084 3275 2135 3329 in
2164 3257 2211 3324 (ἶ
2241 3290 2469 3351 tempore
2489 3290 2622 3347 erat,
2654 3280 2879 3353 gloriam
2901 3257 3040 3354 ejus,
3067 3284 3156 3354 qui
3190 3284 3302 3339 sine
3346 3257 3577 3356 tempore
3604 3257 3691 3349 est,
3714 3299 3783 3337 sc-

551 3389 658 3445 quo
686 3383 901 3428 creatae
935 3381 1093 3438 sunt,
1144 3371 1430 3441 requievit.
1464 3371 1527 3425 Et
1562 3371 1667 3425 hoc
1690 3378 1774 3424 est
1803 3367 2141 3440 intelligibile

552 3463 861 3529 sabbatum,
877 3462 1019 3533 quod
1043 3471 1097 3518 et
1117 3462 1171 3516 in
1188 3461 1494 3517 conditione
1516 3476 1695 3515 rerum
1718 3462 2139 3531 praetiguratum

552 3566 639 3615 est
680 3566 734 3612 et
769 3557 1101 3619 inchoatum,
1137 3564 1191 3610 et
1237 3556 1288 3609 in
1321 3570 1504 3610 carum
1555 3555 1659 3608 line
1706 3551 2144 3607 manifestabitur

554 3655 610 3702 et
642 3645 973 3717 perficietur,
1003 3646 1219 3716 quando
1244 3645 1424 3700 omnis
1471 3644 1741 3700 sensibilis
1787 3655 2037 3699 creatura
2084 3643 2140 3699 in

558 3736 969 3807 intelligibilem,
1001 3746 1057 3792 et
1085 3737 1264 3793 omnis
1309 3734 1660 3806 intelligibilis
1706 3734 1763 3789 in
1814 3749 2039 3799 causas,
2087 3743 2146 3791 et

556 3847 756 3889 causae
791 3831 847 3887 in
874 3846 1160 3888 causarum
1204 3845 1455 3897 causam,
1485 3845 1624 3901 quae
1668 3831 1810 3885 Deus
1846 3837 1929 3885 est
1955 3830 1998 3895 ί,
2028 3844 2144 3885 mu-

555 3926 835 3992 tabuntur,
857 3935 1185 3996 aeternaque
1214 3923 1400 3993 requis
1425 3922 1755 3994 gaudebunt,
1781 3920 2143 3992 ineﬂ'abilique

556 4017 803 4074 claritate
831 4016 1109 4089 fulgebunt
1149 4024 1204 4072 et
1228 4016 1663 4072 sabbatizahuut.
1698 4015 1764 4069 Et
1791 4014 1883 4084 qui
1926 4013 1946 4045 ³
1989 4014 2144 4069 nobis

556 4108 917 4181 Augustinum
944 4116 1263 4179 opponunt,
1297 4116 1549 4177 tanquam
1599 4106 1699 4176 ipsi
1747 4106 2007 4176 majorem
2049 4105 2145 4160 do-

559 4200 768 4255 ctrinae
794 4199 935 4255 illius
965 4198 1343 4264 reverentiam,
1374 4213 1536 4268 quam
1567 4210 1666 4252 nos
1692 4237 1707 4262 ,
1752 4194 2014 4267 praebere
2052 4209 2146 4250 ve-

558 4290 662 4346 lint
679 4292 726 4358 ⁸,
752 4299 807 4347 et
831 4290 1167 4362 frequentius
1196 4289 1596 4358 studiosiusque
1617 4291 1915 4343 sententias
1936 4285 2055 4358 ejus
2076 4286 2145 4342 de

560 4382 759 4437 talibus
784 4382 1032 4454 legerint,
1061 4382 1301 4445 videant,
1336 4380 1464 4449 quid
1500 4381 1617 4450 ipse
1648 4380 1703 4435 in
1744 4380 1948 4435 eisdem
1993 4379 2145 4435 libris

562 4472 632 4526 de
664 4470 897 4527 Civitate
922 4470 1019 4526 Dei
1047 4472 1113 4526 de
1140 4470 1381 4535 interitu,
1408 4470 1582 4540 deque
1605 4469 1975 4524 destructione
2004 4467 2145 4525 illius

563 4562 833 4618 sensibilis
856 4570 911 4618 et
940 4562 1184 4634 corporei
1212 4561 1368 4628 caeli,
1396 4561 1777 4631 omniumque,
1828 4575 1967 4631 quae
2003 4560 2145 4615 intra

2242 3373 2452 3443 ciperet,
2498 3385 2555 3428 ut
2582 3374 2640 3428 in
2670 3372 2768 3428 Dei
2797 3376 3035 3430 virtutem
3056 3386 3104 3430 et
3137 3377 3194 3431 in
3236 3379 3453 3446 spiritus
3480 3376 3785 3447 incorruptio-

2242 3479 2361 3518 nem
2388 3464 2770 3535 transformata
2795 3466 2971 3520 carnis
3001 3470 3264 3537 corruptio
3294 3468 3671 3523 absorberetur.

2313 3553 2402 3610 '58.
2434 3555 2491 3610 Si
2535 3571 2663 3628 ergo
2692 3556 3075 3612 transformata
3121 3572 3247 3613 caro
3273 3557 3477 3613 Christi
3509 3568 3590 3614 est
3630 3558 3677 3613 in
3713 3554 3784 3609 Dei

2242 3646 2493 3704 virtutem
2522 3657 2578 3705 et
2623 3650 2844 3721 spiritus
2892 3652 3346 3723 incorruptionem
3375 3693 3391 3720 ,
3420 3654 3659 3724 profecto
3696 3652 3782 3722 ipsa

2244 3756 2372 3797 caro
2397 3741 2571 3798 virtus
2598 3750 2684 3799 est
2720 3752 2777 3798 et
2818 3742 3236 3815 incorruptibilis
3280 3744 3531 3816 spiritus.
3574 3749 3641 3799 At
3675 3742 3713 3775 ¹⁶
3750 3741 3784 3796 si

2243 3834 2341 3888 Dei
2365 3834 2534 3889 virtus
2560 3842 2617 3890 et
2657 3835 2879 3907 spiritus
2897 3837 3097 3907 ubique
3123 3845 3226 3903 est,
3257 3850 3365 3893 non
3396 3837 3572 3894 solum
3598 3850 3733 3907 supra
3753 3834 3781 3863 “

2244 3924 2361 3982 loca
2385 3935 2441 3983 et
2467 3935 2709 3999 tempora
2726 3969 2741 3996 ,
2766 3944 2954 3984 verum
2989 3930 3151 3985 etiam
3197 3946 3356 4002 supra
3380 3932 3422 3962 “
3465 3943 3652 3996 omne,
3674 3924 3785 3998 quod

2243 4025 2346 4083 est,
2375 4017 2504 4073 nulli
2527 4020 2768 4087 dubium,
2802 4020 2973 4093 ipsam
3005 4037 3223 4077 carnem
3250 4023 3303 4077 in
3334 4024 3589 4079 virtutem
3629 4030 3678 4077 et
3698 4018 3783 4090 spi-

2244 4111 2410 4166 ritum
2441 4111 2879 4170 transformatam
2902 4114 3050 4170 nullo
3071 4115 3188 4171 loco
3213 4116 3503 4180 contineri.
3527 4115 3666 4172 nullo
3684 4123 3784 4168 tom-

2244 4219 2377 4275 pore
2401 4205 2599 4260 mutari
2630 4208 2648 4238 ί
2678 4246 2694 4273 ,
2725 4206 2821 4262 sed
2847 4208 3005 4263 sicuti
3033 4207 3129 4264 Dei
3155 4208 3329 4265 virtus
3353 4218 3411 4265 et
3435 4210 3665 4280 spiritus,
3685 4203 3781 4258 Ver-

2243 4295 2372 4351 bum
2402 4298 2672 4366 videlicet,
2690 4301 2833 4369 quod
2854 4314 2974 4355 eam
2995 4299 3111 4370 jam
3135 4299 3178 4332 ¹³
3193 4301 3247 4356 in
3276 4300 3541 4357 unitatem
3569 4300 3661 4356 sibi
3685 4295 3783 4351 sub-

2244 4392 2477 4448 stantiae
2517 4401 2819 4464 acceperat,
2870 4394 3051 4448 omnia
3080 4393 3194 4450 loca
3229 4403 3284 4450 et
3326 4403 3591 4465 tempora,
3618 4400 3668 4447 et
3691 4386 3781 4442 uni-

2243 4485 2525 4541 versaliter
2578 4500 2793 4541 omnem
2852 4487 3410 4557 circumscriptionem
3450 4486 3694 4544 excedere
3733 4480 3781 4530 "-

2249 4572 2347 4630 Sat
2360 4584 2443 4629 est
2463 4574 2645 4647 igitur,
2665 4573 2893 4647 praefati
2906 4578 3172 4649 magistri,
3186 4577 3474 4649 Augustini
3496 4576 3719 4633 videlicet
3735 4572 3780 4631 ⁸⁸,

563 4642 825 4708 ambitum
850 4652 987 4722 ejus,
1032 4655 1085 4708 in
1112 4653 1310 4724 quibus
1336 4653 1500 4708 etiam
1525 4666 1746 4708 carnem
1790 4649 1994 4707 Christi
2025 4662 2148 4723 post
2176 4627 2225 4687 Ῑ)
2252 4682 2410 4722 “nam
2441 4627 2763 4724 ,ἆηεηὶῇηη
2781 4708 2796 4735 ,
2819 4684 2944 4727 cum
2966 4627 3172 4727 ηξυηηέ
3194 4627 3322 4736 sint,
3346 4685 3552 4742 ponere
3586 4668 3648 4725 de
3667 4663 3783 4722 caelo

567 4746 1019 4802 resurrectionem
1078 4746 1278 4802 includi
1329 4746 1504 4817 ipsum
1550 4747 1768 4802 beatum
1829 4744 2149 4816 magistrum

563 4845 755 4908 putaut
781 4837 1140 4903 existimasse,
1187 4838 1522 4904 disseruerit,
1570 4848 1625 4893 et
1652 4838 1922 4908 quomodo
1951 4836 2153 4892 acutis-

566 4927 736 4983 simae
764 4926 1152 4999 intelligentiae
1178 4927 1342 4983 homo
1375 4929 1612 4983 senserit
1643 4926 1749 4983 duo
1774 4926 1992 4982 sibimet
2018 4941 2149 4982 con-

569 5018 756 5085 traria,
787 5017 996 5075 caelum
1046 5017 1252 5073 scilicet
1291 5032 1608 5088 corporeum
1651 5017 1867 5088 penitus
1907 5015 2148 5072 interitu-

568 5126 713 5179 rum,
749 5120 804 5167 et
846 5126 1066 5169 carnem
1104 5109 1306 5167 Christi
1346 5118 1470 5181 post
1520 5111 1977 5167 resurrectionem
2004 5108 2058 5163 in
2086 5122 2152 5165 eo

570 5215 918 5273 constitutam
964 5215 1210 5273 localiter
1234 5222 1291 5271 et
1313 5213 1724 5286 circumscripte
1755 5213 1812 5269 in
1837 5227 1903 5270 ea
1937 5211 2150 5279 forma,

571 5330 676 5387 qua
700 5316 841 5374 inter
867 5317 1112 5375 homines
1142 5331 1305 5373 verus
1346 5317 1509 5373 homo
1536 5330 1605 5372 ex
1628 5315 1940 5372 hominibus
1980 5313 2153 5369 factus

2250 4768 2306 4815 et
2331 4768 2500 4827 terra,
2526 4775 2665 4831 quae
2686 4777 2830 4819 nunc
2847 4772 2993 4828 sunt,
3021 4762 3150 4832 quid
3191 4771 3314 4833 post
3351 4762 3610 4834 judicium
3643 4758 3780 4813 futura

2249 4860 2439 4919 erunt;
2475 4853 2529 4908 in
2555 4852 2816 4908 vicesimo
2857 4852 2924 4908 de
2958 4852 3189 4908 Civitate
3217 4852 3314 4908 Dei
3335 4852 3496 4919 libro,
3539 4846 3782 4907 tredecim

2252 4941 2485 5012 capitulo
2510 4961 2523 4996 :
2550 4939 2764 5010 Postea,
2790 4942 2984 5013 inquit,
3008 4951 3215 5014 peracto
3232 4942 3441 5014 judicio
3465 4951 3588 4997 tunc
3604 4954 3700 4995 esse
3717 4934 3784 4990 ἀι·

2257 5036 2391 5092 sinet
2418 5036 2513 5090 Itoc
2541 5034 2742 5090 caelum
2783 5044 2831 5089 et
2860 5035 2987 5089 haec
3027 5044 3168 5090 terra
3185 5074 3203 5101 ,
3232 5034 3443 5105 quando
3486 5033 3679 5103 incipiet
3700 5039 3781 5081 ctu

2259 5127 2459 5184 caelum
2488 5142 2680 5181 novum
2720 5135 2769 5180 et
2796 5134 2938 5180 terra
2976 5141 3146 5191 nova;
3174 5125 3461 5179 mutatione
3496 5133 3697 5187 nam
3724 5129 3783 5167 τε·

2256 5237 2395 5286 rum,
2424 5236 2529 5276 non
2577 5218 2876 5273 omnimodo
2918 5218 3133 5273 interitu
3172 5216 3412 5272 transibit
3454 5215 3538 5271 hic
3579 5208 3778 5269 mundus.

2259 5311 2413 5369 Unde
2457 5320 2514 5367 et
2568 5309 2859 5382 Apostolus
2905 5309 3080 5366 dicit:
3143 5305 3401 5364 Praeterit
3449 5307 3614 5380 ﬁgura
3657 5299 3782 5370 Itsju

1860 5453 2112 5511 VARIAE
2149 5450 2553 5511 LECTIONES.

643 5550 673 5623 ¹ν
695 5549 793 5623 ΟΕ
810 5550 1274 5623 idetrimentisque.
1373 5558 1394 5589 ³
1420 5550 1465 5623 Α
1492 5560 1566 5606 est
1595 5550 1755 5623 Deus.

573 5621 601 5693 '7
624 5620 714 5677 Sic
741 5621 855 5688 CF;
888 5623 933 5676 A
958 5625 1054 5677 hoc
1095 5620 1331 5693 protulit
1357 5621 1588 5688 verbum,
1623 5621 1854 5693 Verbum
1884 5628 1992 5675 cet.

574 5692 870 5748 destiterat.
965 5694 988 5726 ⁸
1019 5693 1113 5748 Sic
1144 5692 1265 5759 CF;
1308 5692 1352 5747 Α
1398 5692 1651 5763 profecto.

577 5780 751 5819 super.
830 5766 872 5795 “
913 5764 1006 5819 Sic
1043 5762 1165 5819 CF:
1211 5764 1257 5817 Α
1298 5764 1583 5819 auin.ipsa
1626 5780 1749 5818 caro

579 5780 751 5833 super.
831 5780 872 5795 ι·
913 5780 1006 5819 Sic
1043 5780 1165 5828 ur;
1211 5780 1257 5817 Α
1298 5780 1583 5833 quin.tpsa
1626 5780 1749 5818 caro
1775 5801 1791 5817 .
1834 5802 1850 5818 .

579 5832 683 5888 “A
708 5834 942 5889 excedat.
1017 5835 1061 5872 ¹⁸
1089 5832 1365 5901 Augustini
1391 5834 1621 5889 videlicet
1648 5851 1757 5891 om.
1789 5835 1856 5889 A.

1857 5549 1879 5580 ³
1911 5549 2001 5603 Sic
2034 5548 2074 5602 A
2103 5565 2116 5612 ;
2149 5546 2234 5602 CF
2261 5546 2414 5617 quid.

1834 5802 1850 5818 .
1895 5801 1911 5818 .
1942 5760 2324 5830 transformata
2358 5797 2372 5813 .
2401 5796 2416 5814 .
2445 5758 2795 5813 contineatur.

2509 5544 2532 5576 ‘
2556 5544 2603 5599 Α
2628 5543 2901 5616 uoluerint.
2977 5551 3030 5616 _'
3054 5540 3361 5615 homineque
3389 5541 3587 5616 Deoque
3616 5556 3705 5599 om.
3724 5534 3771 5592 Δ.

2104 5619 2124 5651 ⁷
2155 5620 2244 5673 Sic
2272 5613 2314 5670 Ᾱ
2345 5616 2462 5681 CF;
2491 5615 2584 5672 sed
2626 5614 2667 5669 F
2712 5629 2874 5685 supra
2924 5613 3102 5685 adscr.
3129 5613 3287 5685 corr;
3310 5630 3416 5685 non
3469 5613 3533 5671 de
3572 5622 3775 5685 suo

1753 5694 1776 5727 ’
1807 5692 1855 5746 A
1886 5690 2071 5745 mundi
2119 5689 2539 5744 constitutionem
2587 5686 2751 5755 ﬁlius,
2781 5683 2960 5740 illius.
3037 5683 3080 5716 ¹⁰
3121 5683 3213 5740 Sic
3259 5683 3383 5755 CF;
3439 5686 3483 5740 Α
3520 5703 3597 5740 ac.

3681 5682 3712 5713 ιι

2841 5686 2960 5740 lius.
3037 5683 3080 5716 ¹⁶
3121 5683 3213 5740 Sic
3259 5683 3383 5752 CF;
3439 5686 3483 5740 Α
3520 5703 3597 5740 ac.
3681 5682 3712 5713 "
3743 5678 3774 5730 Α

2839 5795 2853 5811 .
2892 5764 3142 5811 mutetur.
3219 5756 3263 5788 "
3299 5754 3393 5814 Sic
3419 5755 3533 5824 CF;
3559 5756 3601 5813 A
3633 5751 3770 5811 etiam.
