4008 6286
182 336 291 392 θ’δὸ

997 335 1086 391 DE
1125 334 1473 395 DIVISIONE
1509 334 1864 395 NATURAE.
1903 368 1973 380 —-
2009 338 2209 397 LIBER
2249 339 2576 411 QUINTUS.

3358 341 3466 399 99L

167 430 391 513 'munai,
427 445 544 501 volo
572 462 662 503 vos
689 462 802 503 stne
842 428 1196 505 scilicitudine
1238 465 1369 507 esse.
1414 448 1613 520 Figura
1642 464 1773 521 ergo
1798 453 1850 515 Α
1875 466 2019 523 quoa
2048 452 2195 510 aliud
2220 453 2373 521 illud,
2413 454 2558 510 aliud
2585 452 2729 525 quod
2766 460 2949 509 natum
2994 461 3081 509 est
3128 467 3193 508 ex
3232 452 3464 527 virgine,

178 538 460 609 praeterit,
489 554 595 595 non
637 548 848 596 natura.
875 540 990 607 Dic,
1038 556 1258 612 quaeso,
1308 540 1399 597 ubi
1442 538 1775 596 dissonatab

179 629 460 700 his,-quae
502 630 737 687 diximus
781 631 846 687 de
892 631 1120 687 transitu
1152 632 1335 687 mundi
1369 629 1528 701 hujus
1563 630 1617 685 in
1649 644 1775 686 suas

178 735 397 786 causas,
426 736 562 792 quas
608 721 724 793 ipse
775 732 1022 778 naturam
1061 722 1312 780 vocavit?
1356 721 1451 779 llic
1488 721 1640 788 dicit,
1671 720 1776 776 hoc

178 817 392 873 caelum
422 826 477 874 et
503 817 643 874 hanc
666 826 867 875 terram
888 829 1012 892 post
1034 820 1295 892 judicium
1322 833 1445 876 esse
1465 818 1705 875 desitura
1730 818 1770 883 ¹,

178 908 354 964 solam
382 924 515 965 vero
551 925 739 966 eorum
783 923 1033 968 naturam
1065 912 1475 969 immutabiliter
1516 925 1771 977 manere;

175 998 437 1055 similiter
480 1008 538 1055 et
565 1015 665 1057 nos
706 1000 989 1057 docuimus
1031 1001 1259 1074 vestigia
1298 1002 1418 1073 ejus
1455 1009 1510 1057 et
1545 1001 1775 1057 aliorum
1811 1041 1827 1071 ,

178 1092 443 1148 similium
471 1105 760 1165 sequentes
781 1095 821 1159 ’,
848 1110 1032 1161 omne,
1063 1096 1205 1167 quod
1231 1097 1283 1150 in
1312 1098 1416 1152 hoc
1436 1097 1635 1151 mundo
1647 1110 1772 1151 sen-

178 1184 341 1243 sibile
384 1196 439 1242 et
473 1186 645 1242 locale
674 1196 731 1243 et
774 1187 1086 1259 temporale,
1119 1202 1388 1259 omneque
1423 1188 1775 1243 mutabilitati

179 1277 479 1335 obnoxium
499 1282 825 1351 periturum,
852 1284 956 1339 hoc
998 1292 1104 1350 est,
1137 1284 1490 1339 transiturum
1516 1282 1570 1338 in
1602 1283 1772 1354 ipsam

180 1371 570 1440 substantiam,
592 1372 699 1430 hoc
724 1382 830 1443 est,
855 1384 1105 1431 naturam
1128 1376 1178 1442 ³;
1215 1385 1461 1432 naturam
1484 1391 1614 1433 vero
1637 1378 1774 1449 ejus,

180 1474 325 1531 quae
356 1462 778 1534 incorporaliter
820 1474 877 1522 et
906 1467 1320 1540 iutelligibiliter
1360 1467 1412 1523 in
1452 1468 1778 1539 primordia-

178 1550 326 1609 libus
352 1569 536 1610 rerum
558 1556 800 1611 omnium
823 1565 848 1598 δ
867 1559 1049 1614 causis
1074 1557 1484 1615 immutabiliter
1506 1568 1560 1615 et
1596 1560 1778 1615 incor-

177 1644 516 1715 ruptibiliter
535 1646 865 1715 continetur,
888 1664 1106 1721 semper
1117 1664 1451 1705 mansuram.
1476 1647 1533 1705 Si
1549 1650 1669 1719 quis
1688 1665 1781 1705 auo

175 1741 294 1790 tem
318 1736 539 1803 dixerit,
566 1735 725 1807 hujus
751 1738 937 1793 mundi
961 1748 1210 1795 naturam
1236 1749 1401 1811 atque
1418 1740 1777 1797 substantiam

1878 557 2200 615 suspensum
2246 545 2299 601 in
2346 560 2529 609 cruce,
2582 546 2962 602 resuscitatum
3003 560 3033 600 a
3072 547 3326 612 mortuis,
3366 549 3467 604 sed

1877 633 2055 706 ipsum
2080 637 2148 692 de
2172 637 2386 691 mortali
2419 637 2472 692 in
2508 636 2837 705 immortale,
2867 636 2936 693 de
2964 637 3185 692 animali
3222 638 3275 693 in
3302 638 3467 708 spiri-

1880 727 2045 792 tuale,
2100 728 2168 785 de
2212 737 2431 785 terreno
2469 730 2523 784 in
2558 729 2797 786 caeleste
2826 737 3114 785 mutatum.
3157 730 3216 787 In
3266 730 3469 788 talibus

1877 817 2199 888 corporibus
2232 818 2500 875 humanae
2527 827 2755 874 naturae
2786 821 3150 876 numerositas
3185 834 3251 875 ex
3278 812 3467 877 secre-

1877 908 1949 964 tis
1989 909 2104 964 suis
2151 908 2379 975 sinibus,
2421 909 2466 965 si
2506 924 2613 964 non
2658 917 2929 980 peccaret,
2962 910 3265 980 pullularet.
3322 912 3469 967 inest

1876 1002 2144 1074 siquidem
2176 1003 2470 1074 unicuique
2514 1002 2796 1059 hominum
2845 1003 3056 1059 occulta
3107 1005 3350 1076 corporis
3380 1004 3467 1060 sui

1876 1093 2039 1159 ratio,
2074 1094 2125 1148 in
2157 1108 2318 1164 quam
2351 1093 2765 1150 resurrectionis
2789 1101 3036 1165 tempore
3056 1093 3158 1150 hoc
3192 1105 3466 1152 terrenum

1878 1185 2215 1257 mortaleque
2241 1186 2561 1252 mutabitur,
2582 1194 2637 1242 et
2660 1187 2713 1241 in
2738 1201 2844 1257 qua
2867 1188 3127 1260 angelicis
3150 1190 3468 1260 corporibus

1878 1275 2284 1341 assimilabitur,
2303 1276 2521 1347 quando
2542 1275 2789 1333 homines
2808 1278 3052 1349 aequales
3073 1279 3272 1350 angelis
3294 1288 3471 1337 erum.

1879 1366 2036 1422 Nulla
2062 1368 2244 1439 itaque
2272 1368 2415 1424 ratio
2444 1368 2602 1426 nobis
2631 1368 2831 1437 obstat,
2857 1378 2917 1426 ut
2947 1386 3053 1426 non
3097 1372 3474 1429 incunctanter

1879 1467 1936 1514 et
1962 1458 2250 1515 credamus
2271 1469 2328 1515 et
2368 1460 2750 1533 intelligamus,
2781 1461 3069 1519 Dominum
3101 1475 3350 1520 nostrum
3385 1464 3473 1524 Je-

1881 1565 2002 1608 sum
2029 1550 2308 1608 Christum
2341 1551 2396 1608 in
2428 1552 2639 1610 duabus
2681 1556 2795 1612 suis
2826 1558 3055 1624 naturis,
3096 1558 3151 1614 in
3193 1560 3476 1631 insepara-

1877 1644 2042 1702 bilem
2067 1660 2220 1701 suam
2251 1646 2615 1702 substantiam
2639 1648 2914 1715 adunatis,
2946 1651 3146 1722 ubique
3179 1668 3322 1721 esse,
3363 1653 3479 1710 nul.

1883 1734 2104 1808 iamque
2124 1736 2210 1793 sui
2236 1745 2447 1808 partem
2469 1737 2580 1794 ullo
2599 1738 2685 1795 vel
2706 1738 2825 1796 loco
2850 1741 2936 1795 vel
2973 1751 3234 1815 tempore,
3260 1759 3359 1801 seu
3385 1745 3480 1801 ali-

178 1829 496 1887 sensibilem
530 1844 916 1902 corporeamve
961 1847 1103 1902 esse,
1146 1833 1280 1890 locis
1313 1834 1778 1905 temporibusque,
1806 1826 1857 1889 B
1883 1843 1993 1898 quo
2042 1829 2224 1896 modo.
2284 1844 2393 1900 quo
2442 1839 2692 1887 εΐθίιῑυηι
2742 1831 3021 1901 deﬁnitur.
3076 1836 3474 1893 Circumscribi-

179 1921 622 1992 generationibus
650 1931 707 1978 et
744 1924 1183 1994 corruptionibus
1212 1926 1503 1992 subditam,
1528 1941 1659 1981 vera
1690 1940 1777 1981 ra-

181 2011 337 2070 tione
367 2013 832 2086 elongatus,omni
871 2017 1170 2088 responso'
1191 2017 1445 2091 indignus
1478 2018 1713 2075 ellicitur
1728 2018 1774 2086 ⁸,

180 2105 436 2162 omnibus
469 2106 708 2179 physicis
739 2108 1076 2180 sapientibus
1097 2109 1224 2166 dum
1253 2110 1327 2166 sit
1351 2110 1656 2178 deﬁnitum,
1681 2125 1778 2167 na-

179 2204 361 2251 turam
390 2197 855 2271 substantiamque
894 2215 1184 2272 corporum
1214 2201 1587 2274 incorpoream
1635 2217 1775 2260 esse.

184 2286 249 2343 Si
279 2296 462 2345 autem
493 2290 710 2358 dixerit,
740 2307 962 2349 carnem
1008 2293 1212 2350 Christi
1256 2303 1379 2366 post
1422 2296 1779 2353 resurrectio-

179 2394 311 2435 nem
342 2380 484 2437 intra
515 2382 776 2439 ambitum
807 2384 967 2456 hujus
1011 2387 1256 2458 corporei
1305 2386 1439 2443 caeli
1496 2403 1666 2459 usque
1710 2388 1778 2445 ad

182 2471 330 2526 diem
368 2471 557 2543 judicii
607 2490 960 2545 mansuram,
1012 2493 1078 2534 eo
1131 2494 1262 2535 vero
1310 2478 1588 2537 defecturo
1635 2481 1779 2538 ultra

181 2570 367 2626 omnia
406 2571 522 2627 loca
550 2581 604 2629 et
642 2582 910 2645 tempora,
943 2575 1087 2631 ultra
1119 2591 1309 2635 omnes
1339 2578 1569 2633 virtutes
1605 2576 1780 2634 caele—

181 2670 299 2719 stes
348 2679 715 2733 ascensuram,
768 2667 1013 2738 profecto
1060 2684 1169 2726 non
1213 2670 1484 2744 intelligit,
1518 2674 1661 2742 quod
1712 2670 1780 2728 de

183 2763 305 2811 toto
354 2756 572 2815 Christo
617 2760 882 2818 catholica
922 2761 1212 2819 conﬁtetur
1254 2763 1519 2832 Ecclesia,
1550 2764 1775 2821 dicens:

182 2849 435 2905 Ascendit
461 2852 517 2906 in
550 2853 776 2920 caelum,
802 2856 944 2910 sedet
972 2857 1042 2910 ad
1066 2856 1303 2912 dextram
1329 2857 1529 2912 Patris.
1572 2856 1637 2912 Et
1659 2857 1782 2928 quis

182 2944 293 2998 nisi
344 2960 529 3002 amens
578 2946 795 3015 dixerit,
847 2949 1109 3006 caelestes
1163 2952 1393 3008 virtutes
1444 2952 1587 3007 ultra
1636 2952 1781 3008 hunc

186 3035 449 3088 mundum
474 3050 614 3102 esse,
642 3037 782 3092 intra
817 3040 990 3109 ipsum
1014 3056 1143 3097 vero
1165 3058 1383 3099 carnem
1406 3040 1634 3109 Christi,
1663 3059 1782 3100 vcr-

184 3140 305 3179 satn
327 3127 437 3197 jam
463 3128 516 3183 in
546 3129 815 3201 spiritum,
852 3134 961 3187 imo
988 3135 1040 3188 in
1083 3135 1258 3205 ipsum
1290 3135 1483 3201 Deum,
1527 3137 1778 3204 detineri,

1883 1918 2053 1977 Totus
2068 1921 2212 1976 enim
2239 1921 2384 1978 Deus
2411 1933 2495 1979 est
2527 1932 2674 1979 totus
2699 1924 2919 1994 ubique,
2939 1935 3085 1983 totus
3106 1942 3271 1999 super
3290 1942 3475 1996 omne,

1882 2012 2027 2082 quod
2054 2012 2253 2067 dicitur
2276 2021 2330 2069 et
2356 2013 2692 2085 intelligitur,
2718 2015 3011 2084 exaltatus,
3045 2026 3190 2074 totus
3216 2023 3271 2075 in
3291 2019 3475 2089 Patre,

1883 2113 2083 2161 etcum
2104 2105 2265 2162 Patre
2305 2121 2474 2162 unum
2518 2106 2767 2175 ell‘ectus,
2794 2117 2939 2166 totus
2966 2109 3108 2167 Deus
3144 2112 3197 2167 in
3231 2121 3347 2170 toto
3382 2114 3477 2171 ho-

1882 2200 2054 2265 mine,
2083 2207 2139 2254 et
2164 2207 2307 2255 totus
2345 2199 2506 2257 homo
2541 2200 2595 2257 in
2626 2209 2737 2258 toto
2770 2203 2901 2271 Deo,
2944 2204 3247 2262 rationibus
3279 2192 3478 2264 utrius-

1883 2305 1989 2361 que
2041 2300 2270 2349 naturae
2314 2293 2368 2348 in
2420 2295 2727 2366 semetipsis
2765 2298 3233 2368 permanentibus.
3285 2299 3365 2357 Ac
3393 2302 3476 2357 sic

1883 2381 2228 2439 iaeli‘abiliter
2267 2392 2324 2440 et
2367 2388 2857 2458 supernaturaliter
2899 2390 3071 2446 nostri
3111 2392 3308 2463 capitis
3352 2392 3481 2449 har-

1884 2477 2064 2532 monia
2096 2486 2348 2549 coaptala
2378 2488 2481 2544 est,
2508 2480 2565 2536 in
2595 2497 2758 2554 quam
2794 2484 2980 2539 omnia
3012 2486 3257 2540 membra
3301 2486 3476 2556 ipsius

1884 2568 1986 2622 sibi
2016 2567 2246 2624 invicem
2272 2570 2574 2627 coadunata
2624 2588 2912 2630 reversura
2959 2583 3108 2642 sunt,
3148 2577 3358 2647 quando
3391 2592 3484 2635 oo-

1885 2667 2094 2712 current
2144 2658 2199 2713 in
2231 2660 2401 2714 virum
2440 2660 2747 2731 perfectum,
2786 2663 2841 2718 in
2873 2663 3251 2734 plenitudinem
3291 2669 3481 2723 aetatis

1885 2747 2099 2813 Christi,
2133 2757 2191 2805 et
2213 2765 2353 2806 unus
2376 2750 2430 2805 in
2455 2752 2728 2819 omnibus,
2758 2765 2813 2809 et
2837 2770 3028 2811 omnes
3049 2756 3105 2812 in
3127 2772 3234 2812 uno
3253 2774 3418 2813 unum
3434 2757 3482 2792 ⁸⁸

1885 2850 1938 2896 et
1989 2841 2098 2897 erit
2127 2851 2183 2897 et
2212 2843 2515 2914 apparebit,
2540 2853 2595 2901 et
2625 2855 2785 2901 erunt
2825 2854 2881 2901 et
2904 2848 3239 2918 apparebunt
3262 2849 3326 2903 “.
3359 2848 3479 2906 Non

1884 2934 2028 2989 enim
2056 2934 2308 2990 audiendi
2350 2943 2494 3003 sunt,
2537 2938 2628 3006 qu‘i
2671 2937 2832 2993 aliter
2858 2941 3475 3012 putantaecipiendum,

1884 3028 2028 3098 quod
2055 3027 2131 3082 ait
2156 3025 2447 3098 Apostolus
2474 3048 2486 3084 :
2524 3029 2699 3085 Donec
2717 3046 3057 3087 occurramus
3086 3049 3262 3088 omnes
3284 3035 3338 3087 in
3362 3035 3482 3088 uni-

1884 3131 2046 3177 tatem
2070 3122 2195 3192 ﬁdei
2215 3133 2262 3176 et
2284 3123 2600 3193 cognitionis
2615 3121 2746 3178 Filii
2766 3125 2887 3191 Dei,
2903 3125 2957 3180 in
2982 3128 3148 3180 virum
3170 3128 3478 3197 perfectum,

186 3234 315 3273 cum
343 3221 641 3288 videamus,
686 3225 1057 3282 crassissimus
1092 3230 1263 3284 nubes
1297 3231 1460 3286 solari
1502 3230 1626 3302 igne
1651 3246 1779 3286 οοη-
1806 3230 1852 3294 C
1884 3218 1937 3272 in
1965 3234 2266 3273 mensuram
2290 3220 2479 3274 aetatis
2512 3218 2853 3289 plenitudinis
2884 3220 3100 3276 Christi.
3132 3221 3483 3278 Arbitrantur

187 3314 353 3377 sumi,
386 3314 548 3386 inque
572 3332 695 3373 eum
729 3320 1015 3375 converti?
1057 3320 1113 3376 Si
1144 3322 1366 3390 dixerit,
1397 3324 1524 3394 quid
1557 3324 1776 3390 mirum,

187 3405 234 3460 si
264 3406 537 3462 Christum
568 3411 864 3467 secundant
910 3428 1126 3468 carnem
1172 3415 1225 3470 in
1256 3416 1438 3486 aliquo
1480 3417 1598 3472 loco
1624 3417 1783 3485 hujus

188 3501 439 3569 corporei
476 3502 631 3570 caeli,
660 3503 744 3558 vel
789 3506 1094 3577 ubicunque
1128 3507 1181 3562 in
1213 3523 1279 3563 eo
1317 3508 1571 3573 voluerit,
1598 3509 1781 3565 locali-

187 3588 320 3645 ter'
343 3600 489 3648 stare
524 3595 607 3649 vel
633 3596 837 3651 moveri
861 3600 1168 3667 credamus,
1200 3601 1496 3656 secundum
1516 3617 1644 3658 vero
1665 3603 1783 3657 ani-

186 3696 339 3736 mam
383 3683 467 3737 vel
509 3684 845 3741 divinitatem
882 3689 1079 3759 ubique
1106 3705 1248 3756 esse,
1296 3693 1340 3746 si
1378 3702 1558 3748 tamen
1601 3694 1783 3749 anima

188 3772 333 3842 ejus,
375 3774 517 3829 sicut
566 3783 621 3830 et
663 3777 942 3845 divinitas,
973 3780 1175 3851 ubique
1202 3797 1463 3851 praesens
1490 3792 1574 3839 est
1622 3792 1786 3855 atque

189 3862 425 3932 diffusa,
475 3882 599 3923 cum
641 3866 910 3926 fateamur
955 3871 1000 3940 ',
1050 3874 1322 3945 angelicas
1366 3876 1592 3945 spiritus
1644 3876 1785 3932 ultra

187 3969 413 4011 omnem
467 3973 782 4030 corpoream
829 3962 1132 4019 creaturam
1165 3966 1486 4034 subsistere,
1545 3976 1601 4023 et
1642 3967 1786 4023 ultra

187 4061 417 4102 omnem
446 4047 626 4105 locum
668 4051 960 4110 illocaliter
997 4057 1225 4123 moveri,
1268 4072 1457 4113 eorum
1506 4073 1636 4114 vero
1671 4074 1789 4114 cor-

190 4155 353 4212 pora,
387 4143 582 4212 quibus
620 4145 930 4203 hominibus
964 4147 1139 4204 solent
1167 4165 1451 4221 apparere,
1499 4162 1554 4207 et
1595 4150 1786 4207 localia

191 4246 342 4298 esse,
361 4241 415 4289 et
442 4235 582 4290 intra
604 4237 864 4293 ambitum
895 4240 1164 4297 sensibilis
1186 4252 1466 4299 creaturae
1486 4246 1785 4301 contineri:

191 4326 616 4397 respondemus,
646 4343 822 4399 neque
845 4330 1115 4402 angelicos
1140 4333 1387 4402 spiritus,
1412 4349 1587 4405 neque
1635 4335 1791 4405 spiri-

191 4418 368 4473 tualia
402 4435 590 4475 eorum
619 4436 868 4492 corpora,
899 4436 1038 4493 quae
1063 4424 1351 4480 causaliter
1386 4427 1438 4481 in
1464 4426 1595 4498 ipsis
1634 4427 1793 4498 spiri-

1884 3310 2103 3380 quippe,
2134 3311 2238 3365 hoc
2277 3312 2482 3367 dictum
2524 3311 2692 3367 fuisse
2739 3313 2806 3368 de
2848 3313 3088 3382 perfecta
3120 3322 3327 3370 statura
3358 3329 3480 3371 cor-

1884 3402 2032 3474 poris
2060 3402 2261 3458 Christi
2307 3403 2583 3460 tricesimo
2624 3420 2768 3460 anno
2809 3406 3008 3461 aetatis
3036 3420 3166 3462 suae
3197 3407 3249 3461 in
3290 3422 3480 3474 carne,

1886 3496 2075 3567 inqua
2106 3506 2312 3553 statura
2359 3507 2415 3553 et
2456 3506 2637 3555 aetate
2681 3498 2951 3569 corporali
3004 3514 3195 3553 omnes
3238 3499 3486 3555 homines

1885 3598 2293 3651 resurrecturos
2354 3597 2623 3645 conantur
2668 3594 2935 3655 asserere,
2982 3588 3098 3644 sive
3136 3588 3179 3621 “
3230 3588 3483 3656 ahortivi,

1887 3683 2001 3738 sive
2018 3683 2081 3717 ¹²⁹
2108 3681 2389 3754 decrepiti,
2425 3683 2537 3739 sive
2578 3683 2630 3737 in
2654 3682 2983 3753 quibuslibet
3020 3681 3371 3737 incrementis
3392 3681 3485 3735 de-

1889 3777 2249 3831 crementisvc
2284 3778 2326 3807 "
2346 3776 2724 3846 corporalibus
2776 3776 3055 3833 solvantur
3091 3772 3138 3807 ⁸⁸
3177 3790 3210 3829 a
3236 3787 3482 3845 corpore.

1890 3863 2128 3931 Quorum
2156 3864 2446 3921 falsissima
2469 3866 2825 3923 deliramenta
2850 3866 3020 3939 ipsius
3044 3865 3293 3937 Apostoli
3319 3866 3485 3920 verba

1890 3962 2335 4019 manifestissime
2384 3964 2673 4019 destruunt
2723 3970 2888 4033 atque
2932 3962 3282 4018 convincunt.
3363 3958 3484 4014 Non

1890 4056 2034 4111 enim
2050 4055 2116 4110 de
2142 4055 2491 4112 incrementis
2506 4055 2705 4111 Christi
2727 4054 3022 4112 secundum
3050 4069 3297 4119 carnem,
3319 4067 3484 4123 quam

1892 4153 2198 4216 acceperat,
2238 4159 2333 4201 seu
2386 4159 2642 4201 mensura
2692 4143 2827 4213 ejus,
2892 4144 2977 4200 vel
3020 4152 3215 4206 aetate,
3275 4144 3369 4198 sed
3418 4142 3487 4198 de

1891 4250 2121 4306 corpore
2168 4234 2305 4307 ejus,
2335 4237 2479 4305 quod
2507 4243 2591 4291 est
2618 4234 2863 4289 Ecclesia
2909 4233 3028 4303 ejus
3053 4233 3118 4299 “,
3164 4231 3289 4287 talia
3340 4231 3484 4287 dicta

1893 4334 2038 4381 sunt.
2067 4324 2232 4395 Cujus
2259 4326 2523 4397 corporis,
2549 4324 2824 4381 Ecclesiae
2852 4324 3123 4388 videlicet,
3147 4336 3399 4377 mensura
3429 4329 3487 4377 et

1891 4417 2154 4489 perfectio
2180 4425 2236 4474 et
2265 4418 2538 4489 plenitudo
2560 4417 2758 4473 aetatis
2780 4416 3076 4487 spiritualis
3104 4415 3218 4486 ipse
3241 4424 3348 4480 est,
3386 4414 3483 4485 qui

195 4506 351 4564 tibus
393 4510 711 4579 subsistunt,
771 4513 913 4568 intra
961 4522 1113 4584 septa
1170 4531 1464 4586 corporeae
1506 4526 1791 4575 creaturae
1894 4519 1949 4566 et
1975 4520 2137 4583 caput
2166 4510 2621 4583 perfectissimum
2656 4520 2714 4567 el
2745 4509 3108 4567 iltlellectllale
3138 4516 3221 4565 εει
3255 4508 3338 4564 διιὶ
3364 4524 3489 4564 001‘-

198 4601 425 4655 omniuo
449 4603 854 4674 comprehendi.
881 4603 998 4660 Non
1036 4607 1181 4662 enim
1208 4609 1531 4676 materialia,
1562 4625 1629 4665 ex
1663 4625 1792 4681 qua-
1814 4594 1869 4656 D
1894 4606 2045 4678 poris
2074 4604 2474 4671 intellectualis,
2502 4604 2594 4675 qui
2618 4614 2704 4659 est
2740 4603 2860 4658 linis
2886 4605 3127 4658 omnium
3152 4610 3208 4657 et
3238 4616 3491 4656 consum-
3522 4607 3528 4615 '

197 4689 448 4747 litatibus
478 4694 664 4749 mundi
692 4694 850 4764 hujus
874 4696 1265 4755 elementorum
1296 4701 1593 4772 composita
1617 4702 1796 4772 possi-
1895 4698 2316 4755 matio.lntuere
2332 4697 2649 4770 Apostolum
2674 4696 2742 4750 ad
2765 4695 3026 4765 Ephesios
3046 4694 3346 4751 dicentem:
3365 4693 3493 4749 0m-

200 4784 335 4839 dent
362 4800 612 4863 corpora,
645 4789 740 4844 sed
768 4789 1090 4859 spiritualia,
1117 4793 1483 4851 intellectibus
1522 4795 1637 4850 suis
1664 4810 1792 4852 eoa.
1894 4791 1988 4846 nia
2013 4789 2154 4845 dedit
2184 4788 2279 4843 sub
2326 4788 2541 4859 pedibus
2580 4788 2623 4820 ιθ
2648 4786 2787 4857 ejus,
2813 4796 2860 4840 et
2888 4800 3007 4840 eum
3036 4785 3179 4841 dedit
3213 4795 3368 4858 caput
3398 4801 3494 4840 su-

200 4876 424 4942 dunata,
474 4880 526 4933 in
569 4876 787 4951 quibus,
812 4884 1050 4953 quando,
1073 4892 1127 4940 et
1153 4886 1266 4951 ubi,
1317 4895 1372 4943 et
1400 4889 1670 4957 quomodo
1697 4904 1792 4946 vo-

199 4970 346 5037 lunt,
379 4973 632 5029 immanis
656 4975 906 5033 sensibus
942 4978 1009 5032 ad
1059 4986 1272 5050 tempus
1314 4992 1607 5053 apparent;
1645 5000 1745 5043 nec
1767 4994 1793 5028 ⁸

199 5070 389 5119 tamen
425 5065 785 5135 phantastice,
835 5067 930 5125 sed
980 5071 1267 5127 veraciter.
1309 5072 1387 5128 Ex
1417 5075 1564 5132 veris
1594 5077 1794 5150 quippe

203 5155 511 5212 rationibus
544 5171 673 5211 vera
700 5172 928 5227 corpora
955 5160 1251 5230 procedere
1271 5172 1327 5219 et
1355 5164 1681 5235 spiritualia,
1700 5167 1795 5224 du-

202 5245 357 5301 bium
388 5262 492 5302 non
520 5255 625 5303 est.
650 5248 708 5302 In
739 5249 831 5304 tali
865 5265 1095 5321 corpore
1118 5249 1397 5309 Christum
1424 5257 1539 5313 suis
1558 5258 1794 5330 discipu-

204 5337 276 5394 lis
308 5348 430 5410 post
473 5341 928 5398 resurrectionem
976 5345 1291 5414 apparuisse
1333 5348 1637 5415 credimus,
1687 5366 1793 5407 non

1895 4901 1989 4957 per
2007 4883 2187 4939 omnia
2216 4880 2451 4938 membra
2483 4881 2523 4912 "
2557 4878 2846 4946 Ecclesiae,
2871 4896 3006 4951 quae
3034 4890 3106 4934 est
3136 4897 3323 4950 corpus
3351 4880 3486 4951 ejus,

1906 4990 1954 5037 et
1975 4978 2246 5052 plenitudo
2275 4976 2450 5032 omnia
2475 4976 2530 5031 in
2560 4976 2802 5032 omnibus
2827 4976 3111 5048 implentis.
3139 4976 3206 5031 Et
3240 4985 3363 5048 post
3390 4975 3491 5031 ali-

1898 5076 2103 5143 quanta
2142 5069 2338 5124 iterum
2387 5066 2442 5122 in
2488 5065 2677 5122 eadem
2722 5066 2960 5138 Epistola
3007 5066 3240 5132 intuere,
3293 5065 3490 5135 quibus

1898 5161 2162 5219 membris
2184 5159 2436 5216 Christus
2462 5173 2661 5229 corpus
2683 5159 2785 5215 sibi
2816 5157 3106 5214 aediﬁcare
3134 5156 3301 5213 voluit
3320 5164 3375 5211 et
3400 5171 3493 5212 ac-

1851 5240 1855 5244 .
1901 5252 2086 5310 diﬁcat
2117 5271 2131 5308 :
2164 5252 2286 5323 Ipse
2313 5252 2477 5318 dedit,
2510 5252 2711 5323 inquit,
2744 5250 3001 5322 quosdam
3039 5248 3251 5319 quidem
3283 5256 3492 5319 aposto-

1901 5344 2002 5412 los,
2046 5344 2303 5416 quosdam
2344 5360 2464 5400 vero
2505 5343 2811 5416 prophetas,
2838 5341 3095 5414 quosdam
3123 5340 3489 5413 erangelistas,

1500 5459 1756 5518 VARIAE
1792 5459 2196 5519 LECTIONES.

333 5546 424 5623 Sic
450 5547 566 5613 CF;
591 5546 942 5623 defutura.
1012 5558 1033 5588 ³
1058 5551 1101 5623 Δ
1133 5553 1473 5623 requirentes.
1548 5556 1569 5588 ³
1596 5557 1693 5611 hoc
1731 5566 1805 5611 est
1838 5566 2084 5611 naturam
2122 5571 2231 5611 om.
2262 5556 2330 5611 A.
2407 5555 2429 5587 "
2462 5557 2695 5609 omnium
2721 5569 2831 5608 om.
2859 5553 2927 5608 Α.
3002 5560 3025 5593 ⁸
3064 5551 3155 5607 Sic
3187 5551 3309 5623 CF;
3339 5538 3493 5607 Arc-

210 5620 513 5693 sponsione.
529 5690 537 5693 _
580 5618 958 5693 f‘Sic’dCF;A
1014 5618 1280 5692 eﬂicietur.
1355 5625 1376 5657 ⁷
1418 5625 1654 5682 localiter
1704 5626 1903 5682 om.A.
1980 5627 2002 5657 ⁸
2043 5626 2133 5683 Sic
2172 5625 2289 5688 CF;
2338 5627 2383 5680 A
2433 5626 2798 5693 conﬁteantur.
2875 5624 2895 5654 ⁹
2936 5624 2979 5677 Α
3040 5639 3163 5677 non.
3242 5622 3285 5653 ¹⁰
3326 5639 3492 5679 unum

211 5688 325 5765 diu.
359 5690 424 5745 A.
501 5688 667 5765 “.Sic
693 5690 809 5765 CF;
862 5701 910 5745 et
938 5688 1104 5765 erunt
1159 5704 1207 5748 et
1248 5697 1578 5765 apparebunt
1618 5714 1728 5753 om.
1758 5698 1799 5752 A

1878 5698 1919 5727 "
1958 5696 1998 5750 A
2038 5698 2161 5751 sint.
2244 5698 2309 5737 ι¹⁶
2342 5697 2383 5750 Α
2414 5698 2535 5749 sint.

2620 5697 2663 5726 ”
2704 5695 2787 5749 CF
2843 5694 3227 5748 detrimentisve
3304 5694 3344 5724 "
3386 5693 3494 5750 Pro

213 5760 489 5819 solvuntur
533 5759 577 5815 A
604 5761 814 5832 quando
867 5761 1166 5817 solvuntur.
1243 5759 1299 5796 η’
1324 5759 1438 5840 ejus
1468 5783 1577 5825 om.
1611 5767 1675 5824 A.
1753 5768 1799 5801 ¹⁶
1834 5767 1882 5824 A
1907 5767 2008 5824 sub
2032 5768 2207 5839 pedes.
2288 5768 2330 5801 "
2372 5765 2603 5822 membra
2633 5781 2744 5823 om.
2771 5764 2878 5821 CF.

541 5854 813 5918 Ριτιιοι..
864 5852 1119 5916 CXXII.

2893 5856 2972 5916 32
