4008 6286
550 385 659 446 995

1967 351 2249 431 JOANNIS
2283 350 2482 430 scen

3749 380 3847 439 ΘΜ

547 499 803 575 quosdam
823 503 1060 569 pastores
1081 499 1132 550 et
1152 463 1673 565 magistrom'Vidistt
1698 485 1975 554 membra;
2005 483 2144 542 vidi-
2171 492 2217 551 Α
2248 500 2353 542 nus
2381 486 2496 556 ipse
2520 468 2834 555 prophetat,
2865 464 3052 539 dicens
3099 500 3116 538 :
3166 482 3359 541 Statim
3386 494 3567 542 autem
3588 499 3717 560 post
3751 495 3845 545 (ri-

544 594 615 649 sti
647 599 950 649 materiem.
979 587 1254 657 interroga
1279 585 1511 643 eundem
1538 582 1880 655 Apostolum,
1914 580 1982 635 ad
2008 578 2138 650 quid

544 683 681 740 haec
704 681 947 738 membra
975 687 1258 751 parantur.
1306 675 1618 747 Respondet
1669 692 1685 729 :
1736 672 1818 727 Ad
1858 670 2137 743 perfectio-

542 792 661 832 nem
693 785 1016 839 sanctarum,
1047 774 1105 827 in
1150 787 1279 842 opus
1308 766 1808 830 administrationis,
1843 765 1900 819 in
1946 761 2135 832 aediﬁ-

540 869 801 922 cationem
826 865 1061 936 corporis
1112 861 1334 927 Christi,
1370 860 1533 915 donec
1585 872 1923 914 occurramus
1954 870 2132 911 omnes

539 959 598 1014 in
654 959 908 1013 unitatem
973 954 1103 1025 ﬁdei
1148 962 1197 1008 et
1249 951 1559 1023 cognitionis
1622 946 1753 1003 Filii
1813 947 1931 1002 Det.
1998 945 2131 1001 Vide

537 1051 754 1109 initium
826 1046 1261 1111 aediﬁcationis,
1338 1044 1599 1100 unitatem
1686 1040 1902 1112 quidem
1970 1038 2126 1104 ﬁdei;

536 1140 929 1198 aediﬁcationis
976 1138 1361 1211 perfectionem
1406 1148 1695 1205 cognosce,
1741 1131 2003 1187 unitatem
2048 1130 2130 1186 vi-

535 1234 733 1290 delicet
783 1232 1107 1303 cognitionis
1160 1229 1280 1286 Filii
1322 1228 1439 1283 Dei.
1492 1226 1592 1282 llic
1629 1226 1807 1296 igitur‘
1824 1226 2128 1280 incremen-

533 1334 589 1381 ta
649 1326 895 1397 corporis
942 1324 1145 1381 Christi
1203 1321 1514 1390 incipiunt,
1569 1317 1679 1374 illic
1731 1316 2119 1388 perﬁcientur,

529 1421 747 1491 quando
810 1418 1059 1474 Christus
1121 1430 1244 1470 cum
1298 1422 1413 1468 toto
1455 1419 1514 1468 et
1574 1410 1629 1465 in
1684 1421 1799 1465 toto
1854 1423 1955 1465 suo
2000 1422 2125 1465 cor-

526 1530 661 1588 pore
678 1514 898 1584 quidam
922 1509 1194 1583 perlectus
1220 1516 1277 1565 et
1299 1522 1441 1564 unus
1464 1506 1568 1573 vir,
1593 1514 1760 1577 caput
1780 1505 1837 1561 in
1864 1504 2123 1565 membris

524 1616 580 1663 et
609 1607 851 1663 membra
882 1604 937 1658 in
962 1603 1161 1673 capite,
1202 1598 1508 1672 apparebit,
1535 1597 1754 1669 quando
1785 1610 2042 1652 mensura
2068 1602 2123 1652 et

520 1696 797 1770 plenitudo
851 1695 1048 1767 aetatis
1094 1692 1298 1749 Christi
1351 1707 1462 1748 non
1510 1688 1882 1762 corporalibus
1923 1687 2117 1754 oculis,

519 1788 617 1845 sed
651 1788 853 1843 virtute
887 1783 1362 1857 oontentplationis
1388 1783 1446 1840 in
1489 1781 1746 1841 omnibus
1786 1781 1992 1838 sanctis
2016 1796 2117 1838 suo

2243 576 2563 632 bulationem
2586 576 2789 631 dierum
2812 575 3048 639 illorum,
3066 575 3169 632 hoc
3191 585 3295 645 est,
3318 588 3440 648 post
3455 589 3479 617 ε
3497 586 3844 650 persecutio.

2239 685 2363 727 nem
2388 668 2728 733 Antichristi,
2761 666 2842 723 sol
2866 668 3251 736 obscurabitur,
3299 680 3349 725 et
3373 671 3506 727 luna
3548 690 3664 728 non
3697 676 3839 730 dabit

2238 762 2417 819 lumen
2461 778 2640 828 suum,
2681 771 2729 816 et
2800 760 2982 817 stellae
3027 761 3213 816 cadent
3270 761 3335 816 de
3389 763 3557 818 caelo.
3630 765 3839 833 Quibus

2234 856 2417 912 verbis
2442 854 2813 926 intelligimus,
2863 853 3033 910 solem
3060 856 3116 911 et
3160 852 3341 909 lunam
3386 864 3515 926 post
3558 855 3835 915 defectum

2233 953 2317 1010 sui
2349 953 2564 1008 luminis
2587 967 2695 1009 non
2718 966 3087 1018 remansuros,
3125 965 3303 1024 neque
3327 953 3517 1012 stellas
3544 956 3837 1013 deﬁciente

2232 1048 2457 1105 aethere
2482 1055 2540 1104 et
2583 1047 2838 1119 sphaera,
2866 1046 2921 1102 in
2958 1045 3156 1119 quibus
3195 1045 3493 1121 dispositae
3534 1059 3698 1106 sunt.
3733 1048 3835 1107 Ne-

2230 1155 2337 1211 que
2381 1140 2524 1196 enim
2566 1140 2621 1195 in
2654 1139 2758 1196 hac
2803 1138 3085 1196 Dominica
3135 1141 3422 1212 prophetia
3476 1142 3831 1216 allegoria-

2227 1230 2568 1289 solummodo
2594 1245 3055 1297 sensum,.verum
3096 1230 3263 1287 etiam
3289 1232 3459 1289 totius
3502 1236 3702 1291 mundi
3742 1237 3831 1294 de-

2226 1322 2582 1379 structionem
2643 1320 3075 1392 solutionemque
3143 1303 3437 1393 corporum
3505 1325 3826 1396 accipimus.

2226 1413 2424 1484 Quam,
2448 1414 2874 1471 destructionem
2899 1414 3040 1477 dico,
3085 1414 3243 1469 multi
3282 1414 3537 1472 nolentes
3575 1418 3825 1488 credere,

2224 1508 2293 1564 ad
2314 1507 2483 1563 solius
2508 1506 2801 1578 allegoriae
2825 1506 2975 1579 leges
3002 1514 3313 1574 recurrunt,
3340 1515 3398 1564 et
3424 1523 3528 1580 per
3551 1508 3823 1567 defectu-

2222 1600 2355 1657 solis
2379 1599 2757 1656 titubationem
2785 1599 2910 1656 ildei
2932 1600 3097 1656 etiam
3123 1599 3664 1672 periectissimorum
3686 1602 3824 1659 viro-

2221 1709 2365 1763 rum,
2381 1694 2474 1766 qui
2491 1702 2620 1750 tunc
2640 1693 2920 1764 temporis,
2932 1684 3149 1764 quando
3171 1692 3314 1749 (ilius
3336 1692 3657 1763 iniquitatis
3668 1708 3827 1766 appa-

2222 1788 2386 1854 rebit,
2407 1785 2576 1843 futuri
2609 1795 2757 1853 sunt,
2772 1784 3207 1860 [intelliguntkﬁ
3230 1785 3399 1857 Cujus
3420 1787 3744 1858 persecutio
3770 1788 3822 1842 in

519 1880 683 1949 capiti
713 1879 965 1935 adunatis
993 1876 1294 1934 clarissime
1314 1874 1604 1940 videbitur,
1627 1872 1844 1944 quando
1864 1873 2120 1944 spiritua-
2147 1868 2197 1930 B
2225 1890 2434 1938 tantum
2465 1877 2715 1935 tenebras
2739 1878 2942 1935 erroris
2964 1885 3020 1933 et
3039 1877 3298 1948 perﬁdiae
3325 1878 3577 1944 inducet,
3621 1888 3685 1933 ut
3720 1893 3821 1933 non

517 1971 585 2029 lis
616 1976 785 2035 aetas,
817 1970 920 2026 hoc
940 1978 1026 2026 est
1042 1969 1305 2024 virtutum
1329 1966 1634 2037 plenitudo,
1658 1978 1799 2036 quae
1824 1964 1880 2019 in
1900 1962 2118 2021 Christo

2221 1975 2393 2032 solum
2426 1974 2479 2028 in
2525 1969 2676 2028 caelo
2709 1970 2973 2028 ecclesiae
3009 1969 3287 2038 carnales,
3323 1969 3415 2040 qui
3464 1983 3568 2040 per
3618 1968 3820 2036 lunam,

515 2073 572 2121 et
604 2064 846 2121 Ecclesia
881 2079 977 2119 sua
1022 2062 1319 2118 constituta
1371 2069 1477 2127 est,
1527 2058 2012 2123 consummabitur,
2062 2066 2105 2113 el

2218 2084 2407 2127 verum
2437 2067 2601 2125 etiam
2635 2064 3051 2136 spiritualiores,
3085 2062 3178 2134 qui
3226 2078 3325 2134 per
3366 2061 3584 2129 stellas,
3629 2063 3826 2119 summi

515 2166 723 2223 cetera,
773 2170 916 2227 quae
966 2157 1033 2212 de
1083 2164 1308 2211 aeterna
1368 2153 1627 2210 felicitate
1676 2161 1732 2208 et
1783 2150 2116 2235 perfectione
2216 2176 2433 2236 quoque
2450 2169 2508 2218 et
2528 2157 2951 2230 spiritualissimi
2975 2157 3227 2213 doctores
3245 2155 3383 2226 ejus,
3403 2155 3825 2228 quipersolem

514 2249 864 2306 beatitudinis
903 2248 959 2303 in
999 2247 1097 2303 Dei
1124 2245 1265 2301 Filio
1302 2245 1526 2317 intelligi
1564 2253 1812 2317 possunt.
1838 2244 1896 2301 ln
1926 2260 2113 2300 resur-
2215 2257 2445 2328 mystice
2465 2249 3119 2325 praeﬁgantur-Jama“
3141 2249 3481 2306 orthodoxae
3496 2249 3631 2307 ﬁdei
3647 2247 3823 2305 atad

514 2344 758 2400 rectione
789 2351 972 2398 autem
1001 2341 1362 2398 humanorum
1390 2354 1700 2410 corporum,
1754 2338 1901 2410 quod
1940 2354 2110 2395 unus-

511 2440 749 2511 quisque
794 2438 847 2492 in
893 2451 958 2492 ea
1008 2443 1217 2492 statura
1278 2443 1337 2491 et
1383 2432 1777 2506 magnitudine,
1830 2432 1897 2488 ad
1945 2445 2109 2502 quam

512 2530 756 2603 perfecto
781 2528 865 2585 sui
889 2528 1135 2600 corporis
1156 2526 1495 2583 incremento
1531 2525 1778 2597 pervenit
1803 2525 1857 2579 in
1879 2522 2106 2592 iuvenili

514 2634 714 2689 aetate,
737 2622 853 2677 sive
880 2626 1237 2692 perventurus
1262 2619 1459 2691 ‘esset,
1474 2617 1523 2673 si
1552 2625 1726 2673 morte
1749 2630 1856 2673 non
1882 2630 2107 2685 praeoc-

509 2726 825 2789 cuparetur,
868 2714 954 2771 vel
1004 2729 1167 2785 quam
1218 2712 1462 2769 deseruit
1514 2712 1571 2767 in
1614 2711 1817 2767 seniles
1862 2710 2105 2767 deiectus

508 2807 783 2871 decidens,
809 2811 1220 2873 resurrecturus
1258 2811 1280 2842 ³
1308 2802 1403 2867 sit,
1427 2802 1619 2857 beatus
1665 2800 2000 2872 Augustinus
2049 2800 2102 2855 in

507 2899 664 2955 libris
704 2901 771 2954 de
808 2897 1040 2953 Civitate
1082 2895 1180 2949 Dei
1221 2895 1602 2950 incunctanter
1654 2890 1904 2946 allirntat.
1951 2891 2105 2959 Quod

505 3006 638 3047 vero
666 2989 989 3045 immortalia
1016 2996 1073 3044 et
1099 2986 1401 3060 spiritualia
1441 3001 1666 3056 corpora
1719 2984 1879 3040 nullis
1911 2999 2103 3054 corpo~

505 3086 700 3142 ralium
733 3085 1033 3140 formarum
1070 3082 1436 3145 lineamentis,
1483 3081 1564 3136 vel
1609 3080 1983 3150 qualitatibus,
2019 3078 2101 3135 vel

502 3177 900 3250 quantitatibus
922 3174 1465 3240 circumscribentur,
1510 3182 1732 3243 propter
1773 3169 2098 3227 inell‘abilem

501 3286 690 3327 eorum
731 3268 1015 3340 spiritibus
1054 3263 1542 3336 incircumscriptis
1583 3262 1964 3317 adunationcm
2011 3262 2097 3316 in-

499 3363 903 3431 discretamque
968 3357 1371 3427 simplicitatem
1401 3396 1417 3422 ,
1485 3356 1705 3411 beatum
1775 3353 2095 3421 Gregorium

499 3453 857 3522 Theologum,
891 3458 1139 3506 sanctum
1179 3462 1396 3519 quoque
1441 3445 1807 3509 Ambrosium,
1851 3460 1951 3499 nec
1986 3461 2094 3500 non

498 3554 554 3605 et
590 3545 883 3600 Maximum
916 3541 1282 3598 venerabilem
1311 3539 1631 3611 magistrum
1666 3537 1831 3593 certis
1869 3537 2097 3593 rationi-

497 3638 601 3693 bus
635 3636 939 3708 approbare
961 3647 1127 3703 saepe
1146 3631 1403 3688 diximus.
1446 3630 1679 3686 Causam
1720 3638 1898 3684 tamen
1939 3645 2092 3684 erro-

498 3729 576 3785 ris
605 3743 817 3794 eorum,
853 3725 951 3798 qui
987 3726 1044 3781 in
1087 3731 1297 3781 statura
1337 3722 1585 3794 corporis
1614 3721 1878 3777 Dominici
1908 3722 2092 3777 omnia

496 3823 738 3880 humana
801 3826 1029 3892 corpora
1090 3828 1461 3876 resurrectura
1534 3819 1922 3889 dogmatizant,
1981 3829 2099 3875 non

496 3915 830 3987 ignoramus.
898 3911 1075 3968 Minus
1131 3912 1277 3967 enim
1333 3908 1732 3981 intelligentes,
1815 3911 1958 3980 quod
2034 3911 2089 3965 in

498 4005 709 4063 Graeco
751 4012 837 4062 est
872 4004 1159 4075 scriptum,
1181 4005 1254 4068 si;
1282 4003 1465 4081 μέτρον
1495 4003 1709 4069 ἡλικίας,
1748 4002 1853 4057 hoc
1880 4011 1986 4067 est,
2033 4002 2088 4057 in

496 4114 809 4156 mensuram
840 4101 1057 4164 aetatis,
1101 4100 1506 4163 existimabant,
1539 4100 1731 4158 ἡλικίαν
1774 4098 1992 4168 proprie
2019 4098 2088 4153 ad

494 4191 796 4265 perlectam
840 4192 1086 4263 corporis
1137 4200 1371 4246 aetatem
1414 4191 1711 4261 pertinere,
1750 4206 1874 4246 cum
1925 4191 2089 4250 ἡλικία

493 4284 615 4356 plus
640 4285 854 4339 animae
882 4284 939 4339 in
964 4282 1279 4349 virtutibus,
1301 4294 1461 4353 quam
1498 4282 1744 4352 corporis
1769 4295 1866 4353 per
1892 4284 2083 4338 loealia

494 4386 549 4432 et
593 4376 907 4447 temporalia
974 4376 1313 4431 incrementa
1379 4375 1677 4445 perfectam
1737 4377 2003 4446 signiﬁcet
2063 4376 2085 4409 ³

494 4483 828 4522 mensuram.
861 4466 1000 4520 lliuc
1021 4474 1124 4531 est,
1150 4468 1288 4536 quod
1324 4467 1623 4537 pltilosOplti
1651 4467 1887 4522 animum
1920 4468 2081 4524 ratio-

494 4559 672 4613 nalem
725 4558 1047 4631 ἄνδιλὶχεξας
1073 4558 1258 4625 tiliam,
1290 4560 1395 4614 hoc
1442 4568 1548 4624 est,
1578 4560 1853 4629 perfectae
1890 4563 2084 4618 aetatis

496 4651 551 4705 in
597 4652 890 4707 virtutibus
931 4661 1182 4708 asserunt
1229 4667 1372 4718 esse,
1416 4652 1579 4708 veluti
1607 4651 1744 4711 ἔνδον
1784 4655 1999 4718 ἡλικίας,
2030 4657 2082 4713 id

488 4752 578 4799 est
613 4743 761 4798 intus
805 4744 998 4800 aetatis
1040 4744 1083 4798 ⁸.
1126 4744 1207 4800 Ac
1255 4759 1352 4816 per
1393 4745 1497 4801 hoc
1527 4761 1686 4802 nemo
1714 4762 1846 4803 sane
1886 4748 2084 4804 intelli-

493 4852 627 4909 gens
652 4835 893 4909 praefata
926 4836 1170 4906 Apostoli
1197 4837 1364 4893 verba
1408 4838 1485 4893 de
1517 4838 1853 4909 perfectione
1887 4841 2083 4897 aetatis

495 4927 763 4998 corporis,
789 4928 881 4983 sed
908 4928 975 4984 de
1012 4926 1646 4998 plenitudineEcclesiae
1673 4929 1731 4984 in
1756 4930 1936 5002 capite
1960 4946 2078 4999 sne,

2212 2355 2427 2419 tempus
2468 2344 2827 2409 abscondent,
2870 2351 2964 2397 aut
3004 2341 3179 2398 territi
3210 2340 3485 2406 minuent,
3519 2353 3628 2396 aut.
3665 2344 3738 2397 ah
3760 2355 3823 2397 eo

2210 2440 2428 2511 penitus
2467 2436 2741 2493 labentur.
2786 2434 2975 2502 Quam,
3006 2433 3272 2489 theoriam
3298 2446 3481 2502 neque
3514 2446 3626 2487 nos
3660 2430 3821 2487 refel-

2209 2532 2391 2589 limus.
2425 2529 2812 2587 Verumtamen
2859 2525 3114 2583 audiendi
3158 2539 3269 2582 non
3316 2532 3467 2590 sunt,
3518 2525 3620 2594 qui
3679 2524 3823 2581 hunc

2208 2628 2384 2683 locum
2436 2623 2805 2697 evangelicum
2852 2619 3118 2676 violenter
3170 2617 3474 2677 secundum
3528 2618 3818 2673 historiam

2207 2726 2476 2779 conantur
2523 2724 2770 2772 astruere
2796 2753 2813 2779 ,
2857 2722 3134 2786 putantes,
3164 2713 3306 2781 quod
3353 2726 3645 2782 nunquam
3689 2724 3807 2766 eae-

2208 2814 2425 2871 leatiutn
2448 2825 2738 2883 corporum
2777 2820 2940 2864 casus
2969 2799 3189 2862 luminis
3216 2805 3273 2859 in
3319 2804 3427 2859 line
3452 2803 3648 2858 mundi
3675 2802 3819 2855 tutn-

2206 2922 2302 2962 rus
2365 2906 2458 2970 sit,
2519 2901 2614 2959 sed
2677 2899 2891 2956 illorum
2950 2897 3207 2970 splendor
3232 2896 3587 2967 superabitur
3644 2892 3815 2949 nimia

2205 3000 2455 3056 claritate
2499 2994 2933 3067 supervenientis
2968 2991 3188 3064 iudicis,
3245 2990 3682 3059 caclcstiumque
3738 3002 3817 3042 es-

2206 3094 2502 3150 sentiarum
2535 3104 2659 3146 cum
2690 3088 2809 3159 ipso
2836 3085 3301 3150 descendentium,
3349 3084 3575 3152 quando
3614 3089 3814 3137 rentu-

2206 3203 2302 3242 rus
2327 3195 2411 3240 est
2470 3183 2717 3254 judicare
2761 3182 2914 3237 vivos
2964 3188 3021 3235 et
3067 3187 3331 3235 mortuos.
3385 3178 3615 3233 Addunt
3641 3178 3812 3231 etiam

2203 3277 2519 3352 paradigma
2551 3291 2619 3331 ex
2652 3274 2883 3330 orientis
2926 3272 3060 3329 solis
3100 3272 3288 3337 radiis,
3323 3270 3418 3342 qui
3460 3270 3673 3341 impetu
3712 3283 3812 3325 suo

2201 3367 2465 3440 fulgorem
2492 3367 2721 3423 aliorum
2746 3366 2986 3437 siderum
3013 3362 3318 3421 obtundunt
3339 3363 3384 3428 ⁷,
3412 3363 3523 3418 imo
3547 3364 3718 3417 etiam
3744 3361 3812 3416 ah

2198 3462 2370 3519 oculis
2400 3462 2602 3519 nostris
2627 3460 2910 3525 auferunt;
2944 3458 2998 3514 in
3042 3473 3102 3514 se
3141 3473 3378 3528 namque
3408 3456 3543 3528 ipsis
3591 3457 3678 3511 sui
3734 3454 3812 3509 lu-

2198 3554 2364 3610 minis
2421 3553 2697 3609 vibratum
2752 3551 3138 3607 indiminutum
3185 3564 3403 3619 semper
3460 3548 3808 3613 custodiunt,

2196 3646 2453 3717 quoniam
2480 3644 2582 3711 sol,
2611 3660 2642 3699 a
2666 3659 2777 3716 quo
2827 3641 3007 3697 lumen
3049 3640 3344 3712 accipiunt,
3387 3653 3606 3709 semper
3646 3652 3809 3708 prae

2196 3755 2324 3797 setis
2363 3739 2444 3795 eis
2501 3747 2606 3795 est.
2660 3736 2773 3792 Nec
2819 3737 3024 3801 obstat,
3070 3735 3221 3806 quod
3268 3732 3565 3804 aliquoties
3620 3730 3805 3785 lunari

2194 3832 2354 3904 globo
2377 3830 2696 3902 interiectus
2724 3838 2902 3885 terrae
2932 3828 3137 3884 solares
3180 3825 3359 3883 aufert
3403 3826 3612 3882 radios.
3638 3825 3805 3881 Erro-

2193 3925 2271 3980 ris
2293 3932 2473 3979 autem
2515 3938 2727 3988 eorum,
2772 3921 2864 3992 qui
2910 3920 3038 3976 talia
3066 3919 3362 3984 somniant,
3393 3933 3562 3974 causa
3603 3924 3723 3982 est,
3748 3924 3803 3971 ut

2191 4016 2385 4086 opinor
2430 4033 2445 4071 :
2520 4015 2860 4071 arbitrantur
2917 4013 3064 4068 enim
3112 4010 3377 4080 judicium
3431 4008 3686 4064 futurum
3746 4007 3797 4063 in

2192 4108 2376 4177 aliquo
2400 4106 2519 4163 loco
2550 4106 2690 4160 intra
2727 4112 2881 4175 septa
2924 4104 3084 4174 hujus
3113 4102 3300 4158 mundi
3344 4101 3620 4172 agendum
3659 4099 3798 4167 fore,

2184 4198 2421 4269 iudicem
2449 4212 2666 4269 quoque
2707 4211 2833 4252 cum
2875 4195 2988 4251 suis
3024 4192 3229 4249 salictis
3280 4190 3490 4262 angelis
3520 4190 3591 4245 de
3640 4204 3799 4261 supe~

2189 4290 2427 4346 rioribus
2448 4287 2722 4344 sensibilis
2750 4295 2979 4342 naturae
3010 4283 3258 4356 partibus
3304 4281 3558 4337 localiter
3580 4290 3641 4337 et
3675 4295 3798 4335 eor-

2187 4382 2447 4455 poraliter
2514 4382 2924 4438 descensurum.
2996 4376 3135 4432 llinc
3190 4383 3296 4442 est,
3356 4373 3506 4445 quod
3571 4371 3794 4443 quidam

2187 4476 2371 4533 «dem
2417 4472 2610 4544 iudicii
2674 4472 2730 4527 in
2793 4468 3030 4527 conﬁnio
3100 4466 3243 4522 aéris
3287 4473 3341 4521 ct
3386 4465 3657 4528 aetheris,
3689 4475 3791 4535 quo

2185 4565 2398 4639 physici
2441 4563 2685 4620 lunarem
2714 4559 2981 4618 circulum
3027 4557 3368 4623 describunt,
3411 4554 3667 4625 quidam,
3695 4551 3789 4607 Ju-

2186 4658 2338 4716 daeis
2366 4656 2793 4721 consentientes,
2835 4654 2891 4708 in
2921 4650 3058 4707 valle
3084 4647 3347 4720 Josapltat
3384 4645 3654 4713 delirant,
3685 4657 3787 4698 non

2186 4749 2687 4809 animadvertentes
2727 4745 2988 4801 virtutem
3024 4740 3283 4807 nominis,
3320 4738 3469 4810 quod
3498 4747 3583 4794 est
3628 4734 3785 4791 .losa-

2184 4846 2346 4916 phat;
2373 4841 2731 4913 compositum
2775 4838 2975 4910 quippe
3002 4842 3183 4893 estex
3226 4835 3325 4890 ἰαώ
3367 4843 3423 4889 et
3476 4832 3672 4906 σαφὰτ.
3720 4827 3788 4883 Et

2182 4942 2279 4997 ius:
2328 4936 2550 5009 quidem
2594 4933 2793 4991 multas
2840 4931 3005 4987 habet
3050 4925 3573 5000 interpretationes;
3621 4923 3787 4977 inter-

494 5019 641 5089 qttod
668 5027 752 5075 est
777 5018 1057 5086 Christus,
1090 5019 1194 5075 hoc
1236 5026 1342 5086 est,
1369 5019 1435 5076 de
1472 5020 1804 5091 perfectione
1822 5032 1843 5064 ⁸
1872 5022 2080 5093 gratiae

2207 5038 2429 5087 trctatur
2464 5029 2611 5086 enim
2642 5025 2919 5083 invisibilis
2944 5026 2989 5093 ⁸,
3013 5031 3109 5079 aut
3145 5021 3435 5086 Dominus,
3463 5027 3564 5073 aut
3588 5016 3785 5089 gloria,

493 5119 550 5166 et
600 5112 950 5168 beatitudinis
1007 5119 1064 5167 et
1113 5112 1689 5184 incomprehensibilis
1738 5116 2080 5173 adunationis
2183 5134 2279 5182 aut
2303 5124 2549 5189 existens,
2580 5130 2678 5177 aut
2714 5130 2845 5186 erat,
2876 5127 3050 5185 etest,
3095 5126 3143 5171 ot
3175 5114 3389 5186 [taurus
3435 5121 3565 5176 est;
3612 5111 3785 5182 σαφές

496 5204 747 5274 accipiat-
776 5204 844 5259 Ει
878 5204 1047 5260 miror
1082 5205 1151 5261 de
1175 5205 1281 5272 his.
1312 5205 1406 5277 qui
1432 5204 1557 5261 talia
1596 5205 1753 5265 nobis
1803 5215 2083 5280 opponunt
2182 5226 2368 5275 autem
2390 5216 2619 5272 vertitur
2639 5216 2694 5271 in
2713 5213 3003 5286 judicium.
3051 5209 3316 5279 Josaphat
3359 5206 3532 5278 igitur
3576 5207 3599 5239 ν
3645 5203 3786 5259 invi-

496 5298 564 5352 άθ
589 5297 1009 5369 ampliﬁcatione
1037 5297 1399 5370 corporalium
1431 5299 1617 5356 mundi
1660 5299 1944 5365 luminum,
1983 5315 2080 5356 cur
2184 5308 2342 5366 sibile
2371 5306 2653 5376 iudiciuin,
2681 5305 2764 5360 vel
2800 5303 3009 5359 Domini
3042 5301 3331 5372 judicium,
3359 5298 3446 5353 vel
3480 5296 3782 5369 gloriosum

496 5404 604 5445 non
632 5390 938 5458 intendunt,
972 5396 1114 5463 quod
1139 5395 1195 5450 in
1226 5394 1519 5467 Evangelio
1555 5397 1622 5453 de
1664 5396 1874 5454 defectu
1917 5397 2080 5453 totius
2176 5399 2464 5471 judicium,
2494 5398 2577 5453 vel
2602 5405 2741 5463 erat,
2774 5404 2828 5452 et
2860 5403 2967 5462 est,
2996 5402 3048 5450 et
3094 5392 3310 5446 iuturus
3345 5396 3455 5452 est,
3496 5387 3592 5458 qui
3628 5383 3779 5455 judio

499 5486 682 5563 mundi
716 5486 986 5545 sensibilis
1024 5503 1123 5560 per
1151 5489 1423 5547 defectum
1446 5490 1683 5562 partium
1709 5491 1876 5563 ipsius
1902 5491 2081 5547 Domi-
2185 5500 2292 5548 cat.
2320 5484 3188 5558 Vidensitaaueloel,prophetico
3209 5480 3404 5553 spiritu
3417 5477 3781 5553 illumipatus,

1788 5599 2045 5659 VARIAE
2080 5601 2371 5659 LECTlO’N
2380 5601 2483 5655 ES.
3602 5616 3623 5652 ο

575 5718 715 5789 ξὸἰο
756 5718 876 5786 CF;
938 5724 981 5775 A
1030 5719 1145 5775 sive
1192 5720 1377 5774 robore
1431 5727 1841 5789 perventurus.‘
1894 5722 1931 5789 ’ί
1964 5728 2092 5772 esset
2161 5733 2206 5770 st
2236 5746 2299 5789 _-—
2348 5711 2747 5789 resurrecturus
2795 5726 2906 5789 om.
2943 5708 3021 5789 Ἀ.
3052 5717 3143 5789 m8
3179 5706 3218 5762 A
3264 5705 3550 5789 significat:
3596 5676 3651 5789 ξς

496 5787 616 5855 CF;
652 5791 696 5844 Α
725 5757 987 5844 interiori;
1030 5757 1200 5846 25:23.
1221 5757 1334 5820 ww"
1350 5757 1464 5843 Ito:
1468 5757 2205 5858 "£31"???'521ecii07f53ni'
2225 5787 2291 5858 ᾼᾼ,
2349 5757 2908 5858 'FV",Jé£t"8iii"Lt.""3‘
2937 5757 3231 5837 iit-(vellicant
3266 5757 3549 5832 δῆλον
3583 5757 3774 5827 abdidi

501 5873 573 5917 ex
596 5860 739 5933 conj.
815 5862 833 5892 "
857 5863 903 5915 A
932 5860 1198 5915 obtundet.
1321 5859 1344 5890 '
1375 5859 1465 5914 Sic
1498 5859 1616 5916 CF:
1642 5858 1687 5917 Α
1712 5855 1949 5914 visibilis.
2044 5861 2064 5892 ⁸
2101 5857 2191 5919 Sic
2221 5856 2337 5926 CF;
2370 5855 2411 5913 A
2436 5855 2628 5910 autem.
