4008 6286
190 440 299 541 ὸθπ

1037 472 1128 530 DE
1166 470 1512 530 DIVISIONE
1549 469 1905 557 narcara.
1942 500 2012 514 -
2049 452 2252 528 LIBER
2293 470 2618 543 QUINTUS.

3376 484 3478 545 998

191 593 363 655 divini
393 590 583 663 iudicii
607 588 1030 663 profunditatem
1058 596 1113 644 et
1146 558 1468 644 invisibilem
1499 585 1781 651 virtutem,
1810 564 1857 646 λ
1886 558 2190 655 apparebit.
2224 579 2281 640 In
2304 582 2596 655 Evangelia
2626 599 2840 657 quoque
2868 586 3004 644 suo‘:
3033 574 3242 665 Ignem,
3267 591 3481 669 inquit,
3530 599 3535 603 .

190 702 557 758 omnibusque
588 694 876 749 remotam,
909 684 1085 754 typice
1112 681 1317 751 vallem
1354 678 1654 739 introduxit
1696 677 1781 733 Jo-

191 782 406 852 saphat,
435 791 491 835 et
514 792 802 849 personam
834 775 1072 843 Domini,
1117 774 1270 845 cujus
1309 773 1478 846 gloria
1526 773 1579 826 in
1608 771 1786 826 altitu-

191 873 320 929 dine
339 880 359 912 ι
376 870 565 941 judicii
615 869 697 924 sui
724 867 1026 938 apparebit,
1052 865 1144 937 qui
1172 874 1311 931 erat,
1336 873 1392 920 et
1422 872 1528 930 est,
1566 872 1620 918 et
1644 864 1785 937 futu-_

189 981 290 1024 rus
317 974 420 1030 est,
438 964 710 1034 accipiens
725 963 848 1027 etin
865 962 1103 1031 seipsum
1130 958 1422 1015 infundens
1448 958 1781 1029 proclamat:

189 1058 526 1129 Consurgunt
562 1067 610 1113 et
645 1056 931 1112 ascendant
968 1064 1143 1124 gentes
1186 1053 1242 1107 in
1285 1051 1471 1107 vallem
1501 1051 1783 1120 Iosophat,

188 1151 318 1222 quia
349 1151 421 1204 ibi
446 1149 657 1214 sedebo,
697 1158 750 1203 ut
783 1147 1020 1218 judicent
1045 1162 1222 1206 omnes
1249 1156 1423 1216 gentes
1452 1145 1508 1198 in
1534 1144 1783 1199 circuitu.

188 1241 274 1297 Ac
319 1243 365 1297 si
412 1241 673 1306 dixisset,
724 1247 1056 1310 conatrgant
1099 1252 1288 1294 omnes
1325 1253 1391 1292 ex
1431 1237 1681 1302 mortuis,
1734 1244 1790 1319 et

189 1333 493 1390 ascendant
530 1334 584 1389 in
619 1333 810 1404 judieii
851 1333 957 1389 mei
994 1330 1366 1395 altitudinem,
1417 1341 1787 1398 arcanumque

188 1422 519 1496 profundum
543 1465 556 1487 ,
600 1424 745 1494 quod
772 1432 992 1494 superat
1018 1437 1233 1479 onmem
1274 1421 1627 1478 intellectum.
1678 1420 1786 1477 llos

188 1515 401 1586 itaque,
428 1516 521 1586 qui
552 1516 678 1573 talia
708 1518 1002 1582 somniant,
1034 1515 1182 1573 clara
1208 1529 1446 1586 veraque
1468 1516 1674 1571 deridet
1702 1530 1787 1571 ra-

190 1606 292 1663 tio.
336 1608 618 1675 Quomodo
656 1609 801 1663 enim
833 1608 1095 1665 Dominus
1120 1620 1309 1667 noster
1329 1607 1489 1664 Jesus
1511 1607 1783 1674 Christus,

191 1699 279 1753 cui
320 1698 483 1755 Pater
508 1699 657 1756 dedit
688 1700 977 1770 judicium,
1025 1699 1271 1756 localiter
1315 1708 1369 1755 et
1414 1700 1786 1770 temporaliter

189 1790 520 1856 movebitur,
550 1799 839 1860 postquam
871 1791 1267 1847 humanitatem
1296 1806 1450 1847 suam
1481 1806 1643 1862 super
1662 1807 1788 1853 om-

189 1880 285 1937 nia
317 1880 434 1936 loca
462 1891 519 1938 et
544 1891 818 1951 tempora,
864 1897 1030 1953 super
1069 1898 1251 1949 omne,
1301 1883 1445 1954 quod
1489 1884 1686 1939 dicitur
1729 1893 1785 1940 et

192 1970 538 2043 intelligitur,
586 1972 641 2027 in
673 1973 936 2028 unitatem
982 1988 1114 2029 suae
1156 1975 1454 2031 divinitatis
1491 1975 1786 2043 cxaltavit;

191 2063 286 2117 ubi
306 2062 457 2118 sedet
478 2062 826 2120 aeternaliter
846 2073 901 2119 et
922 2064 1437 2120 incommutabiliter
1457 2066 1524 2120 ad
1547 2067 1791 2123 dextram

190 2155 307 2211 suis
350 2155 553 2223 Patris,
593 2168 647 2212 et
692 2172 946 2217 sessurus
972 2167 1095 2224 est;
1134 2158 1276 2215 unde
1316 2158 1454 2229 regit
1492 2167 1545 2214 et
1578 2159 1795 2229 judicat

191 2246 400 2312 omnia,
443 2257 502 2327 et
546 2257 795 2305 recturus
834 2257 891 2305 et
922 2248 1261 2317 iudicaturus
1285 2250 1408 2306 est!
1467 2250 1598 2306 Nam
1651 2250 1796 2321 quod

191 2337 250 2395 in
283 2340 653 2398 ecclesiastico
701 2342 950 2415 symbolo
997 2342 1131 2400 fides
1173 2344 1441 2401 catholica
1480 2344 1794 2411 confitetur,

191 2430 383 2488 dicens
407 2450 420 2486 :
454 2431 589 2488 Inde
614 2443 861 2489 venturus
881 2434 1132 2504 judicare
1162 2436 1298 2490 viros
1327 2444 1375 2491 et
1402 2444 1660 2502 mortuos,
1685 2450 1794 2490 non

192 2522 271 2579 ita
297 2524 557 2581 debemus
582 2527 843 2597 cogitare,
880 2535 941 2582 ut
974 2527 1200 2584 localem
1228 2535 1433 2583 motum
1463 2527 1658 2597 ipsius,
1699 2544 1794 2584 seu

191 2630 264 2672 ex
292 2616 499 2675 intimis
534 2630 764 2676 naturae
794 2621 1004 2677 sinibus
1031 2622 1083 2676 in
1112 2622 1257 2678 hunc
1282 2622 1542 2678 mundum
1571 2639 1790 2694 proces-

191 2707 403 2764 sionem
461 2710 735 2780 quandam
794 2711 1203 2783 intelligamus,
1264 2712 1438 2769 donec
1490 2713 1793 2771 visibilibus

190 2802 456 2858 membris
505 2804 786 2875 corporeis
831 2805 1084 2861 sensibus
1149 2804 1569 2876 iudicandorum
1623 2821 1782 2877 appa-

190 2902 352 2959 reat;
394 2896 487 2951 sed
518 2896 813 2952 adventum
842 2897 1009 2968 ipsius
1036 2897 1409 2967 unusquisque
1435 2898 1701 2953 bonorum
1738 2906 1794 2954 et

191 2987 464 3043 malorum
504 2989 645 3044 intra
678 2991 918 3061 seipsum
956 2989 1162 3046 videbit
1201 2991 1254 3046 in
1294 3006 1391 3046 sua
1430 2990 1789 3057 conscientia,

188 3079 415 3148 quando
445 3080 762 3150 aperientur
788 3081 954 3147 libri,
1005 3091 1062 3137 ct
1101 3080 1367 3137 revelabit
1390 3081 1534 3137 Deus
1561 3082 1792 3138 abscon-

192 3171 309 3227 dita
342 3173 721 3238 tenebrarum,
763 3182 817 3230 et
859 3175 1234 3244 unusquisque
1259 3188 1481 3230 suarum
1514 3175 1789 3231 actionum

192 3273 255 3321 et
278 3265 667 3335 cogitationum
703 3266 871 3333 judex
914 3267 1045 3321 erit.
1099 3267 1237 3324 Hinc
1282 3268 1617 3338 Augustinus
1648 3269 1791 3323 vice-

1889 675 2002 739 ινιηὶ
2041 676 2244 732 mittere
2282 678 2336 733 in
2373 688 2610 740 terram;
2653 688 2702 734 et
2728 678 2772 710 ¹⁰
2807 681 2934 752 quid
2970 682 3106 749 volo,
3139 686 3266 751 nisi,
3298 698 3355 744 ut
3391 707 3483 748 ar.

1887 768 2004 823 deat
2033 770 2057 821 ?
2084 779 2263 827 terrae
2287 769 2550 826 vocabulo
2571 770 2787 829 omnem
2813 775 3133 837 sensibilem
3150 792 3481 853 creaturam,

1886 857 2029 931 ignis
2059 874 2189 915 vero
2226 861 2493 926 ardentis,
2522 877 2653 917 suae
2691 864 3149 924 manifestationis
3173 871 3483 935 claritatem

1890 949 1942 1009 in
1971 951 2224 1006 omnibus
2252 952 2512 1019 futuram,
2540 955 2732 1025 suique
2753 954 2943 1026 iudicii
2969 958 3285 1021 fervctttiam
3310 968 3488 1040 typice

1884 1044 2220 1115 significans.
2276 1046 2374 1101 Cui
2420 1048 2604 1102 sensui
2644 1047 2832 1104 beatus
2865 1051 3204 1125 Augustinus
3239 1059 3484 1130 adstipu-
3556 1130 3559 1133 _

1886 1133 2032 1193 latur
2061 1136 2114 1191 in
2146 1137 2484 1209 expositione
2510 1139 2944 1213 quinquagesimi
2971 1144 3166 1215 psalmi
3195 1161 3209 1201 :
3242 1147 3383 1215 Quid
3410 1161 3487 1207 est

1886 1228 2028 1283 enim
2060 1228 2425 1286 holocaustum
2455 1240 2621 1287 totum
2651 1233 2769 1303 igne
2806 1240 3221 1307 consumptum?
3259 1240 3487 1308 Quando

1888 1327 2058 1373 totum
2104 1336 2262 1389 pecus
2312 1322 2680 1391 imponebatur
2710 1340 2838 1381 arae
2883 1326 2999 1399 igne
3046 1313 3523 1401 consumendum,’

1887 1408 2249 1469 holocaustum
2283 1413 2579 1470 dicebatur.
2633 1414 2791 1471 Totos
2820 1433 2914 1472 nos
2942 1419 3079 1491 ignis
3108 1420 3199 1477 ille
3225 1427 3490 1495 absumet,

1888 1510 1935 1555 et
1959 1500 2129 1571 fervor
2153 1504 2240 1560 ille
2262 1506 2501 1585 arripiet.
2533 1504 2664 1573 Quis
2690 1508 2904 1577 feruor?
2930 1509 3043 1566 Nec
3063 1523 3160 1582 est,
3183 1516 3273 1584 qui
3292 1533 3348 1572 se
3371 1518 3492 1583 abs-

1889 1602 2080 1651 condat
2125 1615 2159 1652 a
2212 1599 2385 1654 calore
2433 1600 2571 1671 ejus.
2631 1599 2763 1667 Quis
2825 1603 3044 1672 fervor?
3090 1605 3171 1663 De
3214 1624 3316 1679 quo
3362 1610 3491 1671 dicit

1888 1686 2215 1759 Apostolus:
2270 1690 2475 1763 Spiritu
2522 1692 2803 1764 ferventes.
2871 1692 2997 1750 Non
3049 1706 3255 1755 tantum
3312 1703 3493 1757 animi

1890 1790 2071 1835 nostra
2112 1780 2423 1837 absumatnr
2450 1782 2637 1837 abillo
2675 1784 2853 1841 diuino
2896 1788 3013 1857 igne
3050 1791 3361 1859 sapientiae,
3404 1794 3493 1849 sed

1889 1877 1936 1936 et
1970 1886 2158 1941 corpus
2190 1883 2425 1949 nostrum
2453 1874 2518 1928 ab
2551 1876 2973 1934 immortalitate.
3007 1878 3095 1934 Sic
3123 1880 3321 1938 leuetur
3347 1886 3491 1941 holoo

1822 1976 1865 2035 Β
1894 1971 2155 2029 caustum,
2200 1975 2252 2017 ut
2287 1965 2631 2023 absorbeatur
2659 1984 2798 2023 mors
2827 1969 2882 2025 in
2912 1971 3186 2039 victoriam
3216 1974 3257 2006 ¹¹
3285 1993 3298 2028 :
3325 1984 3381 2031 et
3407 1992 3491 2035 cev

1898 2058 2046 2116 tera,
2097 2068 2238 2123 quae
2287 2056 2462 2126 lypice
2512 2057 2577 2112 de
2608 2056 2810 2139 futuro
2854 2060 3063 2131 judicio
3101 2063 3285 2121 divina
3330 2067 3493 2127 tradit

1896 2142 2168 2209 historia;
2236 2147 2301 2202 de
2354 2148 2551 2211 artibus
2608 2166 2753 2207 nunc
2814 2162 3055 2211 tractare
3108 2155 3331 2227 longum
3386 2168 3493 2219 est.

1897 2234 2042 2290 DISC.
2089 2236 2332 2309 Longum
2372 2240 2626 2309 quidem;
2671 2243 2861 2299 vellem
2905 2255 3086 2303 tamen
3125 2249 3367 2308 breviter
3402 2269 3479 2311 an

1897 2323 2034 2391 dire,
2064 2341 2205 2396 quae
2236 2329 2345 2382 sint
2369 2330 2543 2385 nubes
2593 2330 2738 2399 illac,
2769 2333 2825 2389 in
2851 2336 3053 2406 quibus
3081 2341 3257 2411 sancti
3285 2345 3493 2414 rapicn-

1897 2425 1987 2473 tur
2031 2418 2245 2479 obviam
2292 2419 2509 2478 Christo
2540 2424 2594 2479 in
2626 2427 2783 2499 aéra;
2836 2437 2893 2484 et
2939 2431 3250 2501 quisqille“
3281 2438 3399 2504 aer,
3443 2438 3498 2496 in

1894 2526 2003 2581 quo
2031 2526 2153 2566 cum
2185 2512 2405 2571 Christo
2430 2515 2482 2569 in
2510 2517 2645 2587 ipsis
2670 2520 2910 2576 nubibus
2937 2537 3160 2596 semper
3188 2539 3370 2586 erunt.
3408 2531 3501 2589 Ait

1895 2602 2041 2681 enim
2069 2602 2400 2677 Apostolus:
2449 2603 2563 2661 Nos
2610 2619 2811 2675 autem,
2861 2613 2953 2681 qui
3002 2614 3374 2688 relinquimur,
3410 2623 3501 2693 qui

1896 2691 2092 2747 residui
2137 2709 2340 2759 sumus,
2369 2694 2471 2751 hoc
2508 2705 2615 2763 est,
2651 2699 2745 2769 qui
2782 2702 3020 2757 nondum
3062 2704 3117 2759 in
3156 2691 3500 2769 altitudinem

1894 2782 2256 2839 deiﬁcationis
2296 2788 2673 2855 ascendimus,
2719 2786 2990 2862 rapiemur
3031 2794 3090 2849 in
3132 2798 3355 2854 nubibus
3404 2801 3499 2857 ob-

1893 2879 2031 2933 uium
2061 2878 2270 2936 Christo
2308 2884 2364 2937 in
2397 2888 2548 2949 aera,
2582 2895 2633 2940 et
2672 2887 2747 2941 sic
2781 2904 2986 2959 semper
3011 2907 3132 2955 cum
3158 2892 3253 2948 illo
3276 2898 3499 2957 erimus.

1876 2969 2035 3033 ΜΝ.
2070 2972 2145 3028 De
2175 2973 2260 3029 his
2290 2977 2526 3034 nubibus
2565 2986 2619 3032 et
2657 2979 2712 3034 in
2743 2981 3019 3051 prioribus
3048 2984 3214 3056 hujus
3239 2987 3281 3020 ⁸³
3314 2989 3499 3061 δᾶερ..

1896 3065 2120 3121 talionis
2169 3066 2326 3124 libris
2366 3070 2588 3127 beatum
2636 3072 2934 3131 Maximum
2981 3088 3277 3149 sequentes
3323 3098 3500 3155 pauca

1892 3161 2124 3232 praefati
2149 3162 2194 3196 “
2235 3180 2443 3232 sumus,
2493 3175 2549 3221 et
2592 3183 2738 3224 nunc
2776 3169 2976 3227 iterum
3018 3176 3194 3232 sancti
3220 3176 3501 3238 Ambrosii

1893 3266 2113 3307 sensum
2130 3253 2392 3311 addentes
2407 3255 2671 3313 dicemus.
2688 3256 3073 3332 Unusquisque
3091 3264 3257 3335 igitur
3278 3266 3503 3327 Sancto-

192 3358 338 3415 sima
362 3357 382 3390 ³
409 3358 548 3414 libro
569 3360 633 3416 de
655 3359 890 3417 Civitate
939 3362 1056 3425 Dei,
1083 3361 1295 3417 decimo
1321 3362 1484 3417 tertio
1510 3361 1787 3432 capitulo:
1818 3348 1864 3412 C
1897 3359 2037 3408 rum.
2062 3355 2122 3400 ιιι
2147 3346 2224 3401 ait
2244 3345 2532 3416 Maximus.
2556 3364 2711 3406 suam
2735 3351 2959 3410 habebit
2981 3357 3201 3426 nubem.
3222 3364 3501 3435 propriam

197 3451 500 3518 Quaedam,
531 3454 727 3524 inquit,
752 3454 827 3510 vis
852 3465 925 3510 est
956 3454 1294 3525 intelligenda
1323 3456 1516 3519 divina,
1549 3472 1652 3527 qua
1679 3456 1788 3526 ﬁet,

193 3551 259 3597 ut
288 3542 568 3614 unicuique
606 3560 765 3613 opera
794 3562 915 3611 sua,
948 3544 1024 3601 vel
1055 3547 1192 3601 bona
1221 3546 1298 3601 vel
1326 3547 1491 3610 mala,
1521 3558 1710 3603 cuneta
1735 3549 1792 3603 in

195 3635 508 3689 memoriam
535 3645 861 3703 revocentur,
901 3647 951 3692 et
990 3638 1178 3693 mentis
1209 3640 1402 3693 intuitu
1438 3640 1575 3693 mira
1610 3638 1795 3694 celeri-

197 3732 311 3778 tate
337 3734 621 3781 cernantur
644 3729 685 3790 ‘,
726 3738 782 3781 ut
812 3738 1019 3785 accuset
1048 3728 1127 3784 vel
1177 3739 1385 3783 excuset
1414 3730 1633 3782 scientia
1668 3742 1794 3783 con-

197 3815 508 3882 scientiam,
546 3830 700 3889 atque
735 3820 809 3874 ita
850 3830 897 3875 et
939 3837 1115 3877 omnes
1153 3830 1200 3875 et
1239 3820 1432 3892 singuli
1459 3822 1792 3891 judicentur.

181 3906 355 3975 Quae
400 3908 655 3964 nimirum
701 3912 786 3967 vis
831 3911 1013 3967 divina
1065 3912 1187 3968 libri
1227 3926 1421 3968 nomen
1453 3913 1697 3984 accepit;
1736 3913 1793 3968 in

197 4014 269 4055 eo
297 4000 498 4073 quippe
526 4002 924 4071 quodammodo
950 4003 1166 4074 legitur,
1188 4004 1445 4076 quicquid
1473 4022 1536 4060 ea
1563 4005 1796 4061 faciente

202 4093 488 4159 recolitur,
520 4094 661 4149 sicut
686 4095 764 4149 ait
788 4095 1082 4165 Apostolus
1112 4113 1125 4151 :
1161 4094 1355 4151 Omnes
1378 4096 1515 4151 enim
1539 4097 1794 4151 stabimus

199 4193 327 4238 ante
354 4184 587 4239 tribunal
621 4184 853 4251 Domini,
881 4195 937 4241 ut
968 4186 1106 4256 {erat
1134 4187 1510 4259 unusquisque,
1537 4203 1672 4259 quae
1704 4205 1797 4259 per

200 4293 395 4346 corpus
432 4280 609 4349 gessit,
647 4280 755 4334 sive
794 4281 987 4335 bonum
1021 4280 1128 4336 sive
1161 4279 1382 4345 malum,
1418 4281 1654 4336 tribunal
1683 4280 1793 4336 Do-

202 4368 340 4424 mini
365 4368 642 4438 appellans
668 4369 971 4439 majestatis
999 4369 1115 4439 ejus
1142 4370 1617 4439 excelsitudinem,
1655 4386 1797 4442 quae

201 4460 462 4516 omnibus
508 4462 705 4531 ubique
756 4463 809 4518 in
854 4462 1107 4519 omnibus
1150 4463 1469 4535 apparebit,
1523 4479 1627 4535 qua
1674 4474 1730 4520 et
1776 4463 1798 4496 ⁸

204 4550 557 4607 manifestata
601 4552 845 4609 uidebunt
888 4554 1072 4624 impii,
1104 4555 1159 4609 in
1187 4571 1342 4626 quem
1397 4565 1728 4627 pupugerunt
1753 4555 1796 4623 ⁸,

201 4654 256 4701 et
286 4645 539 4717 plangent
575 4664 630 4702 se
663 4664 841 4703 omnes
886 4648 1053 4703 tribus
1102 4658 1292 4704 terrae.
1346 4651 1427 4706 Ac
1463 4650 1543 4705 sic
1580 4650 1796 4720 signum

202 4738 306 4795 ﬁlii
344 4739 604 4805 hominis,
644 4741 749 4795 hoc
784 4748 901 4806 est,
942 4741 1119 4796 honor
1157 4750 1213 4796 et
1250 4742 1420 4811 gloria
1459 4744 1638 4798 crucis
1675 4742 1795 4812 ejus

203 4832 421 4888 cunctis
448 4832 693 4904 fulgebit.
732 4834 799 4888 Et
826 4834 1075 4890 fortassis
1102 4834 1191 4888 illa
1219 4843 1304 4891 est
1330 4833 1548 4890 ﬂamma
1579 4836 1790 4904 ultima,

205 4939 349 4997 quae
395 4932 566 4982 totum
612 4928 872 4983 mundum
920 4935 979 4982 et
1021 4926 1267 4997 implebit
1313 4935 1369 4982 et
1417 4912 1701 4983 consumet
1746 4928 1792 4995 ',

206 5018 479 5089 apparitio
524 5017 777 5074 videlicet
827 5019 923 5074 Dei
970 5016 1135 5073 Verbi
1190 5018 1244 5072 in
1300 5019 1446 5074 omni
1497 5026 1791 5085 creatura,

207 5109 430 5181 quando
479 5111 554 5165 nil
600 5111 742 5166 aliud
786 5118 843 5165 et
885 5112 907 5144 ⁸
956 5112 1114 5166 bonis
1158 5112 1212 5165 et
1256 5110 1416 5167 malis
1456 5112 1507 5166 in
1545 5111 1795 5168 omnibus

202 5199 553 5272 splendebit,
582 5201 687 5258 nisi
719 5201 1072 5271 intelligibilis
1100 5200 1220 5269 lux,
1268 5215 1410 5271 quae
1438 5218 1584 5257 nunc
1610 5203 1798 5276 implet

204 5292 394 5349 omnia
424 5292 652 5358 occulte,
685 5302 741 5348 et
767 5303 895 5363 tunc
924 5303 1110 5365 aperte
1137 5292 1424 5366 impletura
1456 5303 1559 5350 est.
1594 5294 1686 5349 illa
1714 5309 1797 5352 est

208 5389 464 5452 flamma,
511 5394 570 5440 ut
613 5386 828 5458 opinor,
877 5400 1018 5456 quae
1069 5387 1136 5442 de
1183 5386 1362 5457 seipse
1407 5385 1635 5457 loquens
1682 5387 1795 5442 ait:

212 5476 329 5549 Ego
367 5494 482 5532 sum
521 5478 655 5549 ignis
694 5494 1040 5544 consumens;
1081 5487 1364 5534 consumet
1401 5478 1547 5533 enim
1582 5478 1797 5546 omnia,

212 5569 430 5639 quando
459 5570 639 5624 omnia
668 5570 722 5625 in
750 5569 999 5626 omnibus
1024 5570 1160 5637 erit,
1199 5578 1254 5625 et
1288 5569 1435 5627 solus
1464 5571 1518 5625 in
1548 5571 1799 5627 omnibus

1896 3437 2151 3495 videlicet
2189 3453 2323 3496 suae
2352 3443 2834 3513 contemplationis
2863 3446 3122 3509 virtutem
3159 3462 3219 3509 et
3251 3453 3500 3514 altitudi-

1895 3546 2041 3586 nem.
2070 3531 2128 3586 lu
2150 3541 2413 3603 quantum
2437 3534 2638 3606 quippe
2657 3537 2890 3609 quisque
2912 3543 3227 3612 cogitationi
3249 3550 3498 3608 veritatis

1895 3624 2373 3696 appropinquabit,
2416 3625 2471 3680 in
2515 3634 2725 3683 tantum
2759 3632 3003 3702 rapietur
3036 3636 3252 3701 obviam
3280 3640 3500 3700 Christo

1896 3716 1949 3771 in
1981 3716 2129 3782 aéra,
2163 3716 2269 3772 hoc
2299 3725 2415 3781 est,
2451 3719 2506 3773 in
2538 3721 2870 3790 purissimae
2899 3725 3288 3801 intelligentiae
3313 3734 3499 3793 altitu-

1897 3808 2077 3864 dinem
2108 3818 2165 3864 et
2190 3809 2529 3880 claritatem,
2578 3829 2646 3870 ac
2691 3816 2774 3872 sic
2815 3833 3034 3891 semper
3076 3823 3131 3878 in
3181 3828 3324 3884 nube
3361 3844 3502 3887 σοι·

1899 3900 2264 3970 templationis
2300 3918 2433 3960 suae
2470 3904 2526 3960 in
2562 3905 2764 3965 divinis
2806 3910 3153 3983 tbeOpbaniis
3197 3927 3254 3976 et
3294 3922 3403 3978 erit
3441 3932 3499 3981 et

1897 3991 2174 4064 gaudebit.
2228 3992 2364 4049 Item
2411 3997 2713 4054 secundum
2752 3999 3104 4060 Ambrosium
3151 4009 3324 4067 nubes
3369 4023 3499 4079 sunt

1895 4082 2266 4154 patriarchae,
2296 4084 2448 4141 verbi
2479 4086 2656 4172 gratia
2684 4088 2987 4160 Abraham,
3023 4093 3177 4153 Isaac
3214 4108 3272 4155 et
3303 4100 3497 4172 Jacob,

1897 4174 1955 4230 in
1988 4189 2221 4246 quorum
2250 4174 2356 4232 fide
2394 4183 2449 4233 et
2477 4178 2695 4236 actione
2721 4189 2779 4236 et
2804 4183 3063 4252 scientia,
3099 4188 3261 4259 veluti
3293 4194 3347 4248 in
3376 4194 3498 4264 qui-

1898 4266 2128 4322 busdam
2166 4266 2404 4324 nubibus
2440 4267 2795 4339 clarissimis,
2848 4274 3114 4343 haeredes
3141 4277 3278 4349 Novi
3308 4283 3497 4349 Testa-

1900 4357 2067 4414 meuti
2098 4357 2314 4414 obviam
2345 4358 2567 4417 Christo
2598 4361 2896 4433 rapientur.
2932 4364 3194 4426 Similiter
3217 4369 3498 4444 legislator

1900 4451 2077 4510 Moses
2126 4453 2407 4524 ceterique
2456 4456 2779 4526 prophetae,
2831 4461 3058 4530 apostoli
3108 4479 3348 4538 quoque,
3401 4472 3499 4542 qui

1900 4550 2074 4621 ipsius
2111 4550 2327 4609 Domini
2353 4550 2590 4607 virtutes
2623 4560 2680 4607 et
2718 4552 3025 4610 doctrinam
3062 4562 3499 4627 praesentialiter

1900 4656 2252 4713 perspexere,
2280 4644 2457 4699 nubes
2487 4652 2636 4708 sunt,
2664 4642 2720 4698 in
2750 4659 2982 4714 quorum
3013 4647 3137 4707 ﬁdei
3163 4660 3220 4708 et
3243 4656 3494 4726 actionis,

1822 4715 1875 4775 Ι)
1900 4737 2016 4807 spei
2061 4751 2282 4806 quoque
2324 4744 2381 4790 et
2427 4736 2708 4801 caritatis,
2757 4738 3020 4796 scientiae
3065 4752 3123 4798 et
3167 4715 3493 4817 sapientiae,

1897 4836 2317 4898 ceterarumque
2350 4827 2610 4882 virtutum
2649 4828 2933 4899 exemplis,
2962 4833 3128 4889 veluti
3166 4824 3488 4906 quibusdam

1900 4919 2156 4986 nubibus,
2186 4921 2279 4991 qui
2310 4921 2364 4975 in
2396 4921 2500 4976 hac
2525 4922 2884 4995 vita‘illorum
2910 4929 3140 5002 vestigia
3166 4945 3491 5003 sequuntur,
3522 4992 3525 5003 λ

1897 5010 2177 5080 rapientur
2199 5010 2415 5067 obviam
2440 5010 2678 5080 Christo,
2705 5014 2845 5071 sicut
2876 5025 2929 5071 et
2955 5017 3075 5087 ipsi,
3107 5021 3221 5077 sive
3248 5024 3491 5085 viventes
3519 5019 3524 5023 ’

1898 5106 2075 5160 adhuc
2100 5104 2155 5158 in
2182 5118 2368 5170 carne,
2393 5105 2560 5175 rapti,
2582 5106 2697 5162 sive
2719 5122 2887 5164 carne
2905 5109 3090 5166 soluti.
3119 5111 3239 5178 Dic,
3262 5130 3489 5186 quaeso,
3522 5114 3531 5126 ‘

1898 5211 2006 5266 quo
2049 5204 2238 5265 raptus
2282 5203 2368 5251 est
2410 5196 2620 5263 Enoeh,
2660 5213 2769 5269 quo
2799 5199 2967 5266 Elias,
3004 5202 3096 5271 qui
3127 5204 3169 5238 ³³
3214 5206 3392 5262 adhuc
3437 5210 3493 5266 in

1900 5306 2065 5346 carne
2091 5288 2395 5356 constituti,
2423 5290 2562 5362 rapti
2587 5292 2757 5346 sunt?
2787 5290 2977 5346 Nonne
3003 5293 3216 5348 obviam
3247 5294 3488 5366 Christo,

1900 5397 2060 5453 quem
2099 5382 2294 5452 spiritu
2333 5391 2706 5453 cognoverunt
2742 5390 3032 5436 venturum
3071 5397 3195 5438 esse
3231 5385 3284 5440 in
3326 5403 3486 5442 mun-

1903 5477 2074 5532 dum?
2125 5475 2245 5543 Quo
2274 5474 2580 5540 Abraham,
2623 5476 2687 5531 de
2724 5489 2833 5544 quo
2865 5475 3124 5533 Dominus
3160 5477 3277 5549 ipse
3314 5480 3489 5537 dicit:

1913 5569 2053 5624 Vidit
2079 5569 2348 5623 Abraham
2369 5568 2508 5624 diem
2534 5581 2725 5631 meum,
2748 5576 2795 5621 et
2821 5568 3032 5638 gavisus
3058 5581 3131 5623 est
3156 5571 3181 5624 .9
3206 5571 3345 5638 Quid
3373 5586 3483 5628 mo-

1513 5681 1769 5741 VARIAE
1805 5683 2207 5741 LECTIONES.

335 5784 384 5832 A
428 5790 493 5832 In
517 5779 869 5833 anitudinem.

212 5848 236 5883 '
256 5847 362 5920 ASic
388 5847 511 5914 CF;
548 5850 594 5903 A
620 5850 1033 5920 cansummabit.
1094 5850 1116 5880 ⁸
1142 5859 1188 5903 et
1216 5866 1325 5904 om.
1359 5849 1423 5904 A.
1501 5847 1636 5920 iainq

992 5794 1075 5833 sui
1100 5792 1208 5833 om.
1244 5780 1309 5834 A.
1387 5778 1406 5812 '
1432 5777 1479 5833 Α
1507 5780 1563 5832 in
1590 5778 1870 5834 vicesimo.
1945 5778 1967 5809 ⁸
1994 5778 2079 5832 CF
2111 5786 2409 5832 cernentur.
2489 5782 2512 5814 ⁸
2539 5784 2587 5828 et
2630 5788 2740 5829 om.
2772 5774 2838 5829 A.
2915 5779 2938 5812 ⁸
2963 5773 3047 5830 CF

1640 5850 1715 5903 uit
1743 5862 1852 5903 om.
1883 5848 1949 5903 A.
2025 5846 2073 5891 ιν
2097 5857 2146 5902 et
2175 5862 2285 5901 om.
2312 5847 2397 5903 A-
2454 5847 2492 5878 “
2524 5844 2623 5900 Cui
2649 5844 2824 5900 sensui
2854 5843 3033 5901 beatus

3167 5789 3487 5847 patuerunt.

3112 5850 3392 5918 ttgltstintts
3421 5880 3488 5891 —-

214 5918 491 5977 uictoriam
508 5934 616 5975 om.
638 5919 701 5974 Α.
782 5921 824 5951 ⁸⁸
850 5920 937 5975 Sic
953 5919 1069 5986 CF;
1105 5922 1215 5974 Aet
1231 5920 1351 5989 quis
1380 5930 1452 5974 est
1480 5919 1588 5976 ille.
1616 5916 1626 5920 ’
1669 5920 1712 5952 ¹³
1732 5918 1892 5989 hujus
1920 5936 2026 5976 om.
2049 5919 2111 5973 A.
2193 5918 2234 5949 “
2263 5918 2307 5971 A
2338 5916 2563 5985 praefati
2591 5932 2760 5974 vauca
2790 5931 2996 5972 sumus.
3074 5918 3118 5951 “
3135 5916 3346 5988 quiom.
3375 5919 3485 5977 CF.
