4008 6286
652 389 757 447 999
2049 386 2331 447 JOANNIS
2366 388 2564 446 SCOTI
3724 397 3816 457 tam

650 509 783 563 ror?
809 506 926 577 Quo
946 507 1066 575 Job,
1088 508 1181 580 qui
1202 508 1342 565 dixit
1366 525 1380 563 :
1404 508 1603 564 Audita
1625 508 1771 564 auris
1798 508 1976 563 audivi
2000 517 2068 574 te,
2091 524 2227 562 nunc
2256 515 2305 572 Α
2333 523 2440 563 non
2468 507 2845 573 deseruerant,
2875 512 2931 562 et
2962 505 3019 562 in
3045 519 3207 577 quem
3242 505 3400 563 ﬁnito
3432 507 3735 579 apparitionis
3762 529 3818 569 sa-

648 609 826 653 autem
848 598 1028 654 oculus
1048 616 1194 655 meus
1216 600 1352 654 videt
1376 600 1464 655 te?
1490 599 1608 667 Quo
1630 599 1827 666 Moses,
1850 599 2150 654 ascendens
2177 596 2232 652 in
2330 606 2616 654 cramento
2652 598 2859 653 reversi
2893 604 3040 662 sunt,
3070 611 3175 652 non
3202 597 3479 663 aliorsum,
3508 599 3592 655 sed
3616 600 3661 654 in
3682 602 3816 672 ipsum,

646 700 887 747 montem
921 691 1113 749 Sinai?
1160 692 1277 761 Quo
1306 694 1470 749 ceteri
1502 694 1822 766 prophetae,
1854 691 2233 764 praevidentes
2331 687 2388 744 in
2422 703 2534 758 quo
2578 697 2636 743 et
2682 703 2808 744 cum
2841 702 2950 758 quo
2977 703 3148 743 unum
3185 696 3333 744 sunt.
3376 688 3525 757 Quod
3568 695 3819 763 apertissime

650 782 891 840 Verbum
917 784 1013 841 Dei
1044 785 1099 840 in
1121 800 1285 842 carne
1306 794 1616 853 venturum,
1642 785 1801 857 eique
1829 784 2021 856 spiritu
2043 796 2234 838 occur-
2331 782 2695 855 signiﬁcatum
2741 792 2826 837 est
2859 797 2959 853 per
3004 782 3126 837 illos
3151 789 3261 838 tres
3293 781 3499 839 electos
3538 785 3767 856 discipulos
3784 791 3818 846 in

647 876 878 930 rentes?
912 874 1031 943 Quo
1058 876 1251 932 Petrus
1279 884 1468 948 raptus
1499 885 1604 942 est,
1628 876 1856 933 Domino
1881 889 1979 931 suo
2006 888 2234 944 respon-
2331 887 2530 929 arcana
2556 870 3058 929 transformationis
3077 871 3120 939 ’,
3147 873 3237 942 qui
3286 872 3511 931 elevatis
3537 875 3683 932 oculis
3706 881 3818 934 nemi-

647 966 820 1021 uciis:
861 965 940 1020 Tu
962 981 1020 1023 es
1044 967 1281 1022 Christus
1311 966 1481 1024 Filius
1508 967 1608 1023 Dei
1633 968 1736 1024 vivi
1758 967 1785 1022 ε
1811 966 1928 1034 Quo
1951 965 2151 1021 Paulus
2175 952 2245 1021 in'
2333 981 2459 1022 nem
2482 966 2759 1031 viderunt,
2787 966 2892 1021 nisi
2921 965 3105 1022 Jesum
3147 965 3322 1022 solum
3352 967 3397 1022 ο.
3429 967 3494 1022 Et
3518 978 3574 1023 ut
3594 969 3817 1028 credibilius

646 1056 868 1110 tertium
889 1055 1094 1111 caelum
1120 1058 1453 1114 ascendens?
1476 1057 1664 1113 Nonne
1686 1072 1875 1113 omnes
1897 1057 2008 1125 isti,
2028 1071 2236 1113 eorum-
2335 1057 2472 1112 haec
2494 1059 2516 1091 '
2546 1071 2866 1128 cognoscas,
2888 1055 3006 1126 lege
3030 1062 3275 1111 sanctum
3303 1055 3629 1113 Ambrosium
3650 1058 3694 1112 in
3713 1073 3818 1131 expo-

648 1159 754 1214 que
784 1144 986 1200 similes
1010 1147 1221 1202 obviam
1246 1147 1462 1204 Christo
1479 1146 1636 1217 juxta
1666 1147 2084 1219 uniuscujusque
2106 1161 2235 1219 pro-
2334 1144 2532 1201 sitione
2560 1145 2613 1201 in
2642 1144 2867 1201 Lucam.
2895 1143 3179 1216 Cognosce,
3210 1145 3410 1216 inquit,
3434 1146 3608 1201 nubem
3623 1150 3817 1205 iussisse

646 1237 824 1306 puiam
854 1253 1261 1294 communemve
1290 1240 1551 1295 tbeoriam
1583 1241 1723 1312 rapti
1747 1256 1870 1297 cum
1895 1241 1987 1297 illo
2014 1248 2138 1297 sunt
2182 1249 2237 1296 et
2334 1236 2708 1308 fumigantium
2735 1253 2846 1292 esse
2884 1239 3142 1292 montium
3180 1236 3432 1293 nebuloso
3459 1238 3652 1294 humore
3680 1257 3818 1295 conat-

647 1327 704 1383 in
737 1327 849 1395 illo,
875 1328 928 1383 in
958 1330 1221 1400 spirituali
1268 1332 1394 1386 aére
1440 1333 1700 1388 virtutum
1729 1342 1786 1390 et
1827 1333 2238 1403 contemplatio-
2334 1339 2465 1395 tam,
2502 1339 2550 1383 et
2576 1329 2743 1383 coacti
2785 1329 2926 1383 aeris
2952 1327 3232 1400 caliginem
3275 1331 3502 1401 piceam,
3544 1348 3658 1402 quae
3685 1332 3816 1386 caelus

649 1419 826 1473 num?
874 1419 987 1475 Has
1029 1434 1218 1476 omnes
1246 1430 1565 1493 ceterasque
1590 1423 1798 1480 similes
1832 1433 1889 1479 et
1925 1425 1942 1456 ί
1988 1422 2238 1493 intelligi—
2335 1418 2665 1474 tenebrarum
2720 1419 2938 1475 horrare
2978 1421 3249 1486 subnatat,
3301 1421 3395 1477 sed
3435 1421 3645 1477 lucidam
3681 1423 3815 1489 sua,

645 1508 785 1566 biles
814 1511 984 1567 nubes
1012 1511 1099 1566 illa
1130 1513 1402 1570 sensibilis
1427 1515 1596 1571 nubes
1639 1516 2061 1589 praefigurabat,
2095 1527 2237 1586 quae
2334 1527 2469 1581 quae
2493 1527 2586 1566 nos
2617 1526 2721 1565 non
2747 1509 3063 1580 pluvialibus
3093 1513 3267 1585 aquis,
3296 1522 3348 1568 et
3374 1514 3620 1568 humentis
3640 1514 3816 1569 allusion

648 1611 893 1673 tempore
938 1604 1272 1661 ascensionis
1323 1604 1610 1662 Dominum
1674 1606 1881 1677 accepit
1949 1608 2018 1661 ab
2065 1604 2238 1661 oculis
2335 1602 2519 1658 imbris
2543 1603 2873 1670 immadidet,
2911 1604 3005 1659 sed
3043 1604 3110 1660 de
3132 1622 3238 1677 qua
3275 1616 3474 1662 mentes
3514 1607 3815 1660 amissum

648 1692 1056 1764 discipulorum,
1098 1695 1310 1764 quando
1356 1695 1596 1752 elevatus
1638 1706 1723 1753 est
1763 1697 1819 1751 in
1858 1696 2085 1753 caelum.
2119 1694 2237 1752 Non
2335 1693 2433 1748 Dei
2464 1695 2832 1766 omnipotentis
2859 1696 3052 1752 emissa
3091 1697 3220 1767 ﬁdei
3256 1714 3346 1754 ros
3384 1700 3580 1770 rigavit,
3610 1710 3649 1754 et
3671 1700 3758 1752 dus
3780 1700 3813 1766 ﬁt

644 1784 788 1840 enim
836 1785 1108 1857 indigebat
1138 1787 1252 1857 ipse
1297 1786 1574 1857 cujusdam
1622 1786 1853 1844 vehiculi
1899 1803 1967 1844 ex
2006 1786 2238 1843 nubibus
2334 1801 2456 1852 vos,
2483 1787 2718 1842 inuentus
2738 1796 2814 1842 est
2847 1786 3008 1844 Jesus
3031 1788 3196 1845 solus.
3227 1789 3426 1861 Itaque
3458 1807 3568 1844 cum
3593 1800 3813 1853 insessas,

608 1876 947 1949 'conglobati
1004 1878 1071 1933 ad
1124 1895 1183 1935 se
1218 1874 1603 1957 sublevandam
1651 1882 1706 1937 in
1744 1882 1889 1938 aéria
1943 1881 2229 1937 aetherea-
2256 1875 2306 1937 B
2332 1891 2467 1931 unus
2509 1886 2585 1931 est
2614 1877 2786 1949 factus
2809 1894 2829 1932 :
2860 1887 2966 1934 tres
3005 1881 3062 1935 in
3102 1881 3365 1952 principio
3409 1882 3647 1947 videntur,
3671 1884 3813 1937 Iussit

642 1985 751 2040 que
775 1970 969 2041 Spatia,
994 1985 1115 2026 cum
1142 1971 1409 2039 fueritille
1430 1984 1553 2045 post
1575 1975 2027 2031 resurrectionem
2046 1973 2234 2045 purior
2331 1969 2472 2039 ﬁne;
2507 1970 2765 2039 perfectae
2800 1971 2938 2025 enim
2980 1972 3106 2041 ﬁdei
3142 1987 3310 2026 unum
3369 1984 3507 2028 sunt.
3554 1972 3732 2043 Denique
3756 1974 3814 2026 lue

641 2061 923 2134 leviorque
954 2065 1099 2119 omni
1144 2064 1344 2121 visibili
1395 2073 1449 2125 et
1474 2066 1747 2122 invisibili
1796 2076 2067 2132 creatura,
2114 2064 2236 2120 nul—
2330 2063 2492 2118 etiam
2513 2063 2771 2119 Dominus
2793 2074 2909 2119 orat
2926 2065 3142 2121 Patrem
3166 2067 3234 2133 “,
3263 2077 3325 2121 ut
3351 2069 3813 2130 omnes'umansinss;

643 2152 865 2224 lumque
906 2155 1133 2212 localeni
1165 2166 1371 2213 motum
1416 2157 1468 2213 in
1499 2158 1935 2229 spiritualitatcm
1985 2157 2070 2214 sui
2112 2172 2233 2213 cor-
2332 2168 2427 2208 nec
2455 2152 2627 2208 solum
2648 2152 2857 2225 Moyses
2883 2165 2932 2210 et
2975 2156 3126 2210 Elias
3154 2157 3210 2211 in
3239 2155 3453 2212 Christo
3481 2174 3624 2211 unum
3643 2156 3812 2220 sunt,“

641 2246 793 2316 poris
842 2257 967 2316 post
1010 2251 1478 2319 regenerationem
1526 2251 1810 2320 receperit,
1853 2258 1947 2305 aut
1985 2248 2173 2305 siverit
2210 2249 2232 2282 ³
2332 2244 2493 2299 etiam
2535 2260 2629 2299 nos
2659 2261 2824 2300 unum
2870 2262 3058 2317 corpus
3091 2246 3291 2302 Christi
3335 2264 3531 2302 sumus.
3557 2246 3674 2318 Ergo
3702 2244 3815 2300 etilli

641 2353 960 2405 remanere;
1001 2340 1174 2411 typice
1204 2351 1385 2397 autem
1412 2342 1584 2398 voluit
1612 2343 1724 2398 suis
1746 2342 2024 2412 discipulis
2048 2340 2236 2397 visibi-
2334 2345 2587 2407 tanquam
2605 2337 2780 2391 inuno
2796 2355 3009 2409 corpore
3027 2340 3070 2370 ιι
3096 2339 3487 2411 recipiunturin
3499 2338 3667 2395 Christi
3677 2353 3811 2407 corpu.

642 2428 773 2484 liter
796 2428 1083 2484 ostendere
1115 2431 1351 2496 modum,
1378 2446 1487 2501 quo
1515 2431 1858 2488 invisibiliter
1885 2431 1998 2502 ipse
2029 2430 2084 2485 in
2114 2444 2237 2484 cor-
2333 2426 2460 2496 quia
2486 2433 2536 2480 et
2580 2442 2673 2481 nos
2715 2443 2881 2481 unum
2908 2429 3101 2483 erimus
3130 2430 3187 2484 in
3214 2428 3430 2485 Christo
3470 2429 3605 2485 less.
3636 2428 3743 2483 Duc.
3768 2427 3813 2481 De

616 2518 809 2573 Idibus
849 2518 1186 2590 diligentium
1237 2522 1684 2592 sequentiumque
1716 2535 1776 2578 se
1811 2522 2071 2577 ascendit.
2118 2522 2237 2592 Ipso
2338 2517 2595 2585 nubibus,
2620 2519 2676 2574 in
2699 2520 2898 2590 quibus
2914 2520 3098 2576 Sancti
3125 2522 3349 2577 obviam
3380 2522 3584 2578 Christo
3604 2521 3810 2590 rapiuntur.

616 2602 913 2680 isiquidem
965 2611 1209 2666 ascendit
1258 2612 1310 2666 in
1353 2612 1897 2683 contemplationibus
1940 2614 2238 2670 ascenden-
2336 2616 2471 2672 satis
2510 2625 2596 2674 est
2627 2624 2829 2672 actum.
2883 2618 2989 2672 Sed
3028 2618 3217 2689 quales
3257 2628 3392 2675 sunt
3432 2619 3587 2673 nubes
3619 2617 3711 2672 illae
3739 2629 3812 2670 cso-

616 2704 783 2758 Atium
830 2705 1013 2770 ad-se;
1056 2704 1234 2760 nullus
1278 2705 1473 2776 quippe
1510 2706 1576 2760 ad
1617 2704 1765 2762 illum
1807 2706 1925 2760 sine
1949 2705 2042 2762 illo
2062 2713 2241 2777 potest
2338 2706 2524 2772 testes,
2555 2722 2677 2763 cum
2706 2708 2904 2778 quibus
2924 2707 3095 2765 Filius
3117 2709 3362 2767 hominis
3390 2720 3628 2766 venturus
3650 2717 3811 2772 δῃωθ-

614 2796 959 2852 'ascendere.
986 2795 1153 2850 Nemo
1174 2796 1341 2863 enim,
1366 2805 1423 2850 ut
1444 2797 1558 2867 ipse
1574 2796 1665 2863 ait,
1684 2796 1916 2852 ascendit
1936 2798 1992 2853 in
2011 2796 2236 2864 caelum,
2342 2799 2450 2854 rito
2492 2799 2794 2870 quaeritur.
2827 2800 2908 2856 Ac
2936 2816 3035 2872 per
3066 2802 3169 2858 bac
3201 2817 3301 2859 eas
3336 2802 3543 2868 vellem,
3573 2798 3811 2871 qualessiﬂ.

610 2887 746 2942 misi
774 2888 867 2958 qui
887 2887 950 2942 de
990 2886 1134 2941 caelo
1162 2887 1450 2954 descendit,
1485 2903 1585 2943 nec
1609 2889 1818 2944 caelum
1854 2890 2078 2955 deserit,
2111 2889 2239 2945 dum
2341 2888 2545 2945 cursim
2599 2889 2886 2946 edisseras.
2939 2889 3083 2948 MAG.
3131 2891 3316 2949 Nubes
3366 2892 3514 2956 caeli,
3558 2905 3659 2947 cum
3689 2887 3812 2958 quibus

612 3002 621 3010 -
642 2977 701 3032 in
723 2979 928 3033 sanctis
957 2977 1324 3036 in’tellectibus
1351 2993 1445 3035 eos
1473 2993 1657 3036 secum
1690 2981 1980 3038 sublevans
2008 2982 2076 3037 ad
2099 2981 2241 3052 seip-
2342 2980 2512 3037 Filius
2532 2981 2766 3036 hominis
2786 2990 3042 3039 venturus
3064 2992 3149 3040 est
3169 2984 3235 3051 ³⁸,
3261 3000 3372 3041 non
3390 2986 3518 3041 alias
3532 2998 3633 3040 esse
3646 2980 3810 3039 dixerim.

646 3082 783 3131 sum;
810 3072 1076 3127 ascendit.
1106 3072 1398 3142 Propterea
1432 3073 1752 3129 subsecutus
1780 3090 1794 3128 :
1824 3073 2021 3140 Filius,
2046 3073 2238 3144 inquit.
2344 3074 2450 3131 nisi
2493 3075 2640 3146 ipsas
2675 3075 2937 3132 caelestes
3000 3073 3384 3146 substantias,'
3405 3092 3537 3150 quae
3569 3071 3811 3144 seniperrir

643 3165 895 3231 hominis,
919 3166 1011 3236 qui
1039 3174 1113 3219 est
1137 3166 1194 3218 in
1222 3164 1386 3232 caelo,
1404 3165 1612 3221 caelum
1636 3165 1912 3237 appellans
1937 3166 2174 3229 Patrem,
2201 3178 2235 3219 a
2270 3230 2307 3238 Δ
2346 3174 2461 3223 tute
2481 3167 2947 3238 contemplationis
2969 3169 3114 3224 circa
3142 3169 3421 3226 Christum
3446 3170 3701 3226 volvuntur.
3722 3164 3811 3229 Quo-

610 3286 615 3289 -
646 3272 756 3328 quo
799 3250 970 3312 exivit
1005 3272 1103 3327 per
1132 3258 1586 3324 incarnationem,
1617 3267 1669 3314 et
1697 3258 1764 3313 ad
1793 3275 1953 3331 quem
1983 3270 2237 3314 reversus
2260 3230 2308 3295 (ἶ
2339 3257 2487 3312 niam
2516 3272 2647 3314 vero
2686 3259 3293 3330 incomprehensibilem
3327 3263 3570 3331 omnique
3609 3250 3810 3321 intellectui

643 3356 771 3419 post
801 3347 822 3379 ³
855 3348 1328 3402 resurrectionem.
1382 3347 1700 3418 Ubicunque
1743 3351 1886 3405 enim
1932 3352 1956 3382 ⁸
2004 3352 2234 3419 legimus
2337 3348 2661 3405 inViSibilem
2711 3365 2975 3406 summam
3003 3367 3067 3406 ac
3114 3362 3365 3408 SﬁnClam
3408 3353 3812 3416 Τΐίηίωῑθωοφκ

614 3439 704 3494 ⁸ἰη
726 3436 1038 3509 Evangelio,
1065 3439 1353 3493 Dominum
1380 3439 1689 3495 sublevasse
1707 3441 1893 3496 oculos
1921 3442 1974 3496 in
1999 3445 2234 3513 caelum,
2336 3453 2557 3513 superat
2596 3457 2810 3499 omnem
2861 3444 3207 3511 intellectum,
3239 3463 3352 3502 non
3383 3463 3474 3517 per
3513 3438 3811 3515 seipsamaspi-

614 3535 865 3589 έΡεὶιΓθιη
906 3549 1063 3587 suum
1106 3533 1408 3604 intelligere
1441 3533 1725 3600 debemus,
1753 3536 1844 3605 qui
1888 3536 2035 3592 solus
2063 3540 2236 3609 major
2336 3536 2507 3601 ciunt,
2538 3536 2631 3591 sed
2664 3537 2719 3590 in
2749 3537 3090 3607 tlicophaniis
3110 3533 3811 3609 comprehensibilibussibiqtc

611 3640 624 3667 ε
648 3623 744 3678 illo
767 3632 874 3688 est,
898 3638 962 3678 ea
985 3618 1215 3690 ratione,
1237 3639 1340 3692 qua
1362 3624 1521 3678 Pater
1540 3626 1817 3693 praecedit
1833 3641 1995 3682 causa
2018 3629 2231 3686 Filium.
2334 3626 2800 3693 connaturalibus,
2831 3636 3121 3699 propterea
3150 3631 3327 3687 nubes
3356 3632 3486 3687 caeli
3521 3632 3735 3685 dicuntur.
3763 3622 3809 3674 Et

611 3747 623 3755 -
657 3718 857 3775 Tribus
891 3724 1069 3771 autem
1106 3717 1281 3772 modis
1322 3716 1509 3771 Sancti
1550 3718 1603 3771 in
1632 3717 1869 3787 puritate
1897 3722 2232 3793 contempla-
2336 3719 2471 3790 ipsis
2520 3720 2785 3791 siquidem
2837 3723 3266 3793 apparitionibus
3322 3725 3517 3780 divinis
3540 3765 3553 3788 ,
3604 3723 3646 3776 in
3684 3717 3812 3787 quibus

632 3814 814 3870 ‘tionis
840 3830 962 3871 cum
987 3809 1203 3870 Christo
1246 3819 1297 3869 el
1330 3810 1383 3870 in
1414 3809 1629 3871 Christo
1678 3810 1793 3867 ﬁeri
1839 3812 2233 3885 intelliguntur.
2334 3812 2503 3868 Deum
2537 3813 2737 3879 vident,
2767 3814 3030 3871 caelestes
3054 3817 3392 3872 substantias
3421 3817 3617 3872 nubium
3637 3805 3810 3867 vocabuli

647 3906 812 3964 Fiunt
840 3908 985 3962 enim
1019 3917 1074 3963 et
1111 3908 1286 3963 adhuc
1317 3907 1371 3961 in
1407 3921 1572 3961 carne
1610 3906 1838 3971 detenti,
1872 3905 2009 3962 fiunt
2051 3923 2081 3962 a
2112 3924 2234 3963 cor—
2335 3904 2597 3960 Dominus
2625 3905 2741 3976 ipse
2768 3905 3113 3976 significavit,
3162 3922 3284 3962 cum
3318 3910 3512 3979 quibus
3541 3916 3588 3962 et
3625 3906 3665 3959 in
3685 3900 3811 3965 quibus
3902 3958 3903 3961 η

647 4013 783 4070 pore
814 4000 996 4065 soluti,
1030 3999 1165 4055 liunt
1191 3999 1510 4069 corporibus
1543 4000 1795 4069 receptis.
1831 3998 2033 4055 Horum
2069 4001 2232 4056 trium
2332 3998 2598 4053 adventus
2644 3998 2783 4069 ejus,
2815 3999 2919 4054 hoc
2959 4009 3065 4067 est,
3088 4001 3395 4072 niajestatis
3436 4003 3565 4057 illius
3605 3993 3809 4053 clarissima

647 4093 931 4148 modorum
954 4092 1392 4148 manifestissima
1412 4091 1657 4161 exempla
1681 4093 1734 4147 in
1758 4090 2236 4149 transformatione
2334 4089 2585 4144 omnibus
2614 4090 2770 4145 bonis
2791 4099 2846 4145 et
2873 4091 3029 4146 malis
3053 4093 3352 4162 amplitudo
3375 4091 3705 4148 declarabitur.
3725 4081 3807 4136 Νειι

650 4184 866 4240 Domini
931 4186 985 4240 in
1043 4193 1227 4241 monte
1291 4183 1638 4240 manifestata
1701 4192 1869 4251 sunt;
1939 4185 2235 4240 viventium
2334 4189 2390 4235 et
2416 4180 2679 4237 caelestes
2713 4184 3047 4238 substantias
3090 4184 3340 4241 localiter
3377 4183 3569 4241 moveri
3605 4170 3809 4249 spiritualis

649 4280 917 4350 siquidem
948 4281 1001 4333 in
1028 4294 1192 4334 carne
1226 4279 1395 4344 Elias,
1422 4278 1721 4334 solutorum
1752 4293 1979 4349 corpore
1998 4278 2229 4350 Moyses,
2335 4287 2466 4327 suae
2512 4282 2737 4326 naturae
2773 4273 2911 4327 ratio
2957 4289 3061 4328 non
3110 4276 3346 4343 patitur;
3405 4279 3655 4328 moventur
3692 4271 3807 4317 autem

651 4370 1053 4441 resurgentium
1084 4370 1198 4439 ipse
1229 4369 1489 4422 Dominus
1519 4377 1703 4440 typum
1735 4369 2002 4438 gestabat.
2034 4367 2238 4423 Resur-
2335 4363 2894 4434 spiritualiter,.cum,
2937 4366 3081 4433 quod
3134 4365 3188 4419 in
3235 4379 3399 4420 causa
3430 4363 3643 4419 omnium
3677 4354 3809 4408 facien-

650 4462 913 4515 rectionis
947 4459 1214 4528 siquidem
1244 4458 1487 4511 omnium
1528 4458 1754 4512 formam
1795 4459 1850 4512 in
1884 4458 2239 4530 transﬁgura-
2337 4455 2464 4510 dum
2496 4467 2617 4509 esse
2650 4454 3007 4523 perspiciunt,
3059 4454 3111 4508 in
3142 4455 3256 4524 ipsa
3282 4464 3498 4520 natura,
3521 4462 3640 4521 quae
3664 4452 3808 4515 pereas

648 4551 799 4603 tione
814 4547 1163 4615 suicorporis
1185 4547 1461 4616 discipulis
1478 4546 1731 4601 ostendit.
1757 4547 1824 4600 Et
1844 4562 1911 4601 ne
1931 4547 2226 4613 existimes,
2257 4586 2312 4646 Β
2337 4542 2767 4607 administratur,
2816 4552 2871 4597 et
2914 4546 3000 4597 cui
3032 4544 3364 4613 praesident,
3408 4548 3644 4614 peragunt
3676 4532 3807 4596 αδειιηε

649 4636 821 4692 Eliam
847 4638 1021 4693 adhuc
1046 4638 1097 4691 in
1122 4651 1348 4707 corpore
1373 4651 1472 4691 suo
1495 4635 1764 4690 viventem
1785 4636 1851 4689 de
1878 4634 2032 4690 locali
2053 4634 2234 4705 aliquo
2259 4634 2306 4646 ”
2334 4650 2440 4691 suo
2470 4634 2626 4690 locali
2651 4646 2705 4690 et
2736 4637 3015 4705 temporali
3050 4646 3222 4703 motu,
3254 4638 3395 4702 loca,
3429 4646 3480 4692 et
3505 4643 3716 4701 tempora.
3736 4635 3809 4677 ω’

652 4726 931 4795 paradiso,
956 4743 1051 4782 seu
1080 4726 1304 4798 Moysen
1335 4726 1402 4781 de
1423 4727 1551 4781 sede
1574 4724 1754 4796 aliqua
1782 4725 2109 4792 animarum,
2137 4741 2233 4782 seu
2341 4727 2559 4796 niaque,
2589 4741 2728 4795 quae
2770 4726 2824 4781 in
2852 4727 2932 4781 eis
2969 4728 3504 4792 circumscribuntur,
3540 4722 3805 4791 disponemﬂ‘

651 4827 871 4887 recepto
894 4833 1121 4889 corpore
1142 4819 1207 4871 ad
1236 4818 1507 4873 Christum
1533 4826 1660 4872 tunc
1680 4816 2019 4883 convenisse,
2046 4833 2234 4888 perac-
2338 4815 2601 4871 Dicuntur
2628 4816 2794 4872 etiam
2826 4816 3031 4882 venire,
3060 4818 3275 4887 quando
3298 4818 3351 4872 in
3375 4817 3545 4887 aliquo
3570 4804 3723 4866 visibili
3738 4800 3804 4899 his.

651 4918 817 4980 toque
858 4910 1346 4981 transiignrationis
1390 4910 1649 4981 mysterio
1681 4909 1748 4963 ad
1792 4908 1907 4963 loca
1939 4896 2053 4974 illa,
2090 4909 2232 4966 unde
2334 4910 2427 4980 qui
2449 4910 2592 4980 digni
2619 4919 2764 4976 sunt,
2787 4919 3068 4981 apparent,
3090 4911 3342 4966 recedere
3359 4924 3506 4971 vero,
3524 4896 3805 4976 quandam!Ili

651 5013 934 5070 venerant,
963 5018 1211 5059 reversos
1234 5001 1399 5057 fuisse
1430 5020 1444 5056 :
1477 5016 1663 5057 verum
1691 5002 2071 5056 incunctanter
2098 5001 2233 5057 iide-
2345 5014 2507 5056 sensu
2532 5015 2794 5069 corporeo
2824 5001 3045 5055 omnino
3070 5009 3434 5056 removentur.
3461 4998 3561 5052 Nec
3584 5005 3627 5048 te
3651 4988 3808 5045 ωοῐαιν

653 5097 883 5166 literqne
913 5095 1075 5152 crede
1099 5106 1154 5151 et
1192 5095 1452 5166 intellige,
1485 5111 1591 5150 non
1617 5095 1833 5149 aliunde
1875 5094 2225 5165 processisse,
2343 5093 2487 5163 quod
2509 5093 2638 5157 dixi,
2662 5093 2972 5163 spirituales
2991 5094 3322 5149 substantias
3344 5088 3657 5161 temporalem
3674 5087 3809 5135 motum
3902 5156 3903 5159 η

664 5189 766 5242 nisi
794 5189 861 5241 ab
896 5203 984 5252 eo,
1016 5203 1140 5243 cum
1170 5203 1277 5256 quo
1330 5194 1693 5257 apparuerunt
1732 5188 1753 5219 ⁸
1788 5187 1841 5241 in
1878 5195 2085 5252 monte,
2136 5187 2241 5244 hoc
2344 5202 2450 5241 non
2479 5186 2611 5255 pati,
2645 5187 2769 5239 dum
2798 5194 3017 5242 sanctus
3042 5187 3373 5257 Augustinus
3407 5181 3681 5255 proclamat.
3698 5167 3808 5225 ‘0’"
3902 5184 3903 5247 ζ

657 5289 760 5346 est,
817 5280 870 5333 in
920 5279 1248 5335 sublimitate
1297 5279 1591 5349 spiritualis
1634 5280 1879 5346 visionis,
1929 5294 2068 5348 quae
2114 5288 2241 5335 tunc
2340 5275 2511 5332 Deum
2544 5278 2655 5331 sine
2692 5276 2804 5330 loco
2856 5286 2902 5330 et
2952 5287 3179 5347 tempore
3220 5294 3254 5331 a
3307 5277 3469 5346 seipse
3523 5269 3809 5329 inovereim‘
3902 5278 3903 5349 ξ

660 5370 799 5425 facta
824 5381 908 5425 est
933 5380 1087 5427 extra
1116 5385 1307 5425 sensus
1328 5385 1616 5439 corporeos
1648 5370 1692 5435 ⁸,
1722 5379 1776 5424 et
1806 5370 1860 5424 in
1899 5384 2028 5440 quo,
2055 5370 2235 5440 prius-
2341 5372 2508 5425 ditum
2566 5386 2685 5424 vero
2745 5370 2989 5440 spiritum
3042 5385 3136 5439 per
3193 5378 3391 5441 tempus
3438 5367 3544 5422 sine
3579 5360 3696 5422 locoi
3736 5360 3808 5403 “"

661 5477 820 5530 quam
850 5468 1195 5531 apparerent,
1227 5470 1404 5522 erant,
1442 5468 1496 5513 et
1523 5474 1709 5529 quem,
1737 5474 1860 5513 cum
1888 5468 2232 5529 apparerent,
2337 5479 2434 5533 pus
2473 5469 2648 5516 autem
2702 5475 2795 5530 per
2847 5458 3020 5515 locum
3055 5468 3105 5515 et
3141 5469 3339 5530 tempus
3371 5456 3438 5514 ab
3470 5470 3555 5521 eo.
3604 5447 3676 5521 σαί
3703 5444 3808 5497 ’ποκ’

1944 5574 2194 5629 VARIAE
2234 5572 2640 5631 LECTIONES.

740 5687 753 5714 ι
795 5696 839 5735 ιιι
896 5702 1002 5738 mn.
1050 5687 1094 5740 A
1189 5688 1213 5721 ί
1251 5686 1292 5740 Α
1326 5687 1532 5740 sineret.
1610 5687 1631 5717 ³
1668 5684 1759 5739 Sic
1814 5682 1887 5747 A;
1943 5683 2026 5737 CF
2080 5701 2172 5753 per
2232 5685 2705 5740 resurrectionem.
2785 5682 2809 5716 ⁵
2843 5684 2982 5737 enim
3028 5698 3136 5738 om.
3187 5682 3253 5736 A.
3321 5682 3345 5716 '
3379 5673 3612 5753 δίς-αξξ
3635 5669 3807 5753 Αλθξξτ

658 5731 1002 5811 ηενάὶιι.”“ὂ’
1023 5731 1120 5811 [ι’ἇε
1149 5768 1222 5811 est
1251 5731 2041 5823 ἐἷςἒὲἱῦὶεῖὶὲειαιεῖεόἷ-ῥονὲὀε
2080 5731 2188 5809 Sin.
2214 5731 2379 5810 Af“;
2394 5731 2708 5812 sister:
2783 5755 2807 5789 ο
2841 5731 3308 5812 natantis.
3380 5731 3409 5782 ί
3437 5731 3521 5806 Sic
3540 5731 3642 5807 CF;
3665 5736 3697 5791 Α
3724 5731 3802 5783 ’δι’

663 5824 713 5861 ⁸⁸
748 5825 831 5882 CF
868 5825 1075 5881 Patrem
1099 5836 1237 5881 orat.
1317 5828 1358 5858 “
1397 5828 1579 5880 inuno
1611 5841 1823 5893 corpore
1852 5840 1961 5882 om.
1987 5824 2091 5880 CF.
2174 5827 2216 5859 “
2253 5836 2327 5884 est
2362 5841 2471 5881 om.
2500 5824 2583 5882 CF

2982 5994 3009 6011 κ
