4008 6286
155 301 285 359 1001

962 294 1052 357 ne
1088 292 1431 357 DlVlSlONE
1470 282 1935 355 NATURAEJ;
1970 295 2172 353 LIBER
2210 294 2536 365 QUINTUS.

3284 297 3427 355 1002

155 411 353 475 omnia,
403 416 604 464 motum
645 408 772 480 pati.
808 408 921 467 Hoc
961 412 1107 466 enim
1133 411 1244 467 dixi
1282 411 1615 467 Graecorum
1645 424 1741 464 au-
1765 412 1820 474 Α
1842 424 2032 467 omnes
2053 410 2381 466 unanimiter
2401 425 2467 466 ex
2495 411 2609 479 ipsa
2637 405 2862 479 fugisse,
2885 418 2939 465 et
2960 408 3175 466 nemine
3198 420 3427 481 excepto

154 502 461 561 ctoritatem
490 516 747 573 sequens,
767 518 907 575 quae
927 504 1302 560 incunctanter
1321 505 1536 570 astruit,
1556 518 1739 572 omne,

154 597 297 669 quod
324 593 570 652 localiter
601 604 872 661 movetur,
907 595 1277 667 temporaliter
1310 597 1546 663 moveri;
1582 609 1744 652 omne

154 698 335 746 autem
356 729 373 756 ,
399 688 542 759 quod
578 688 736 745 locali
772 698 928 744 motu
966 697 1146 758 caret,
1179 690 1423 760 sequitur
1461 686 1743 759 temporali

155 781 319 837 etiam
362 793 571 836 carere.
611 779 758 836 Haec
804 780 950 837 enim
990 780 1125 847 duo,
1178 781 1353 837 locum
1382 781 1504 838 dico
1527 788 1581 837 et
1608 789 1746 835 tem-

154 893 276 949 pus,
304 884 401 933 aut
430 876 594 932 simul
617 884 799 943 erunt,
826 883 921 932 aut
939 874 1100 932 simul
1129 872 1460 938 auferentur,
1484 871 1742 943 quoniam

154 984 184 1023 a
211 984 272 1025 se
302 968 532 1025 invicem
572 966 869 1040 disgregari
898 981 1006 1023 non
1033 966 1330 1036 patiuntur.
1358 964 1507 1021 DISG.
1545 965 1623 1021 De
1647 980 1747 1020 au-

153 1061 396 1117 ctoribus
431 1061 712 1131 utriusque
736 1059 952 1132 linguae
977 1072 1083 1115 non
1113 1065 1198 1114 est
1240 1066 1484 1113 nostrum
1527 1065 1746 1114 conten-

154 1151 285 1209 dere
315 1169 329 1208 :
363 1161 624 1225 sequatur
663 1154 787 1224 quis
819 1167 981 1224 quem
1005 1151 1142 1217 vult,
1175 1150 1303 1206 nulli
1347 1150 1632 1223 derogans.
1675 1150 1745 1208 Et

154 1248 412 1320 quoniam
440 1252 507 1306 de
534 1250 767 1306 nubibus
802 1248 1257 1320 intelligibilibus,
1284 1248 1533 1319 quamvis
1562 1247 1745 1304 brevi-

151 1347 259 1406 ter,
289 1349 373 1396 est
400 1341 631 1407 dictum,
672 1341 809 1407 redi,
838 1354 1060 1412 quaeso,
1087 1340 1153 1396 ad
1189 1340 1443 1405 reditum,
1472 1347 1744 1396 nostram-

153 1447 260 1501 que
296 1431 644 1488 lluetuantem
674 1447 866 1489 navem
897 1431 1182 1502 fessosque
1201 1441 1395 1487 nautas
1433 1432 1501 1486 ad
1525 1439 1743 1501 portum

150 1522 347 1596 dirige.
376 1524 516 1581 ΜΑο.
542 1524 796 1581 Reditum
829 1524 845 1556 ⁸
877 1525 1153 1590 omnium,
1202 1539 1342 1595 quae
1375 1524 1430 1578 in
1458 1538 1585 1579 suas
1614 1537 1743 1579 cau-

151 1628 245 1670 sas
293 1629 578 1671 reversura
619 1625 769 1681 sunt,
815 1615 1030 1685 quando
1068 1615 1301 1672 mundus
1340 1616 1442 1671 iste
1470 1614 1742 1671 sensibilis

151 1704 413 1772 solvetur,
443 1714 501 1761 et
531 1707 763 1762 mundus
803 1705 892 1763 ille
923 1705 1294 1777 intelligibilis,
1332 1707 1422 1776 qui
1454 1722 1614 1777 super
1644 1720 1742 1762 nos

1843 505 1910 560 de
1939 505 2187 560 manibus
2215 503 2619 561 crudelissimae
2646 505 2931 575 potestatis
2955 505 3213 561 liberatos
3236 504 3422 562 fuisse.

1842 597 1995 666 Quod
2024 609 2205 655 autem
2243 598 2422 654 nullus
2450 614 2658 665 eorum,
2685 599 2780 669 qui
2828 600 2894 655 de
2931 599 3177 672 Aegypto
3220 600 3428 657 reversi

1842 698 1989 756 sunt,
2019 691 2246 745 obrutus
2277 698 2362 746 est
2394 689 2648 747 ﬂuctibus
2685 690 2771 745 vel
2816 706 3047 757 mersus,
3080 691 3176 748 sed
3214 706 3426 759 omnes,

1842 789 1903 836 ut
1930 780 2008 836 ait
2033 779 2339 849 Apostolus,
2374 780 2470 836 sub
2510 779 2643 835 nube
2669 780 2903 850 fuerunt,
2934 781 3034 837 sub
3064 780 3244 837 divina
3273 781 3426 837 vide-

1842 873 1971 930 licet
1994 873 2352 943 protectione,
2380 882 2431 928 et
2468 888 2645 929 omnes
2684 888 2829 927 mare
2867 873 3211 941 transierunt,
3244 882 3292 929 et
3318 889 3429 930 ont-

1845 981 1933 1020 nes
1959 965 2053 1020 sub
2079 964 2259 1036 Moyse
2282 963 2528 1035 baptismi
2552 972 2673 1020 sunt
2700 963 2755 1018 in
2777 963 2910 1018 nube
2929 973 2977 1018 et
3002 965 3058 1018 in
3079 964 3238 1031 mari,
3263 979 3427 1036 prae-

1843 1056 2112 1129 ﬁgurabat
2158 1055 2409 1129 generale
2461 1056 2591 1112 illud
2653 1056 2948 1127 baptisma,
3009 1057 3152 1127 quod
3213 1057 3267 1114 in
3320 1058 3431 1116 line

1845 1150 2029 1205 mundi
2055 1150 2385 1221 perﬁcietur,
2406 1151 2624 1221 quando
2644 1151 2912 1222 mysticus
2941 1150 3150 1224 Moyses
3169 1152 3428 1224 populum

1847 1256 2024 1309 suum,
2041 1241 2349 1297 universum
2363 1240 2615 1297 videlicet
2637 1257 2806 1314 genus
2831 1243 3148 1310 humanum,
3167 1245 3429 1315 sanguine

1845 1346 1942 1387 suo
1981 1333 2348 1403 redemptum,
2395 1332 2653 1403 omnique
2700 1332 2978 1404 impietate
3020 1342 3184 1406 atque
3227 1335 3436 1393 malitia
3475 1356 3486 1406 ;

1848 1422 2141 1490 detersum,
2171 1424 2239 1479 de
2266 1432 2443 1480 morte
2462 1423 2624 1483 ducet
2648 1424 2715 1479 ad
2742 1424 2928 1485 vitam,
2954 1425 3168 1495 quando
3195 1425 3252 1482 in
3283 1425 3434 1483 nullo

1846 1512 2064 1570 homine
2102 1514 2235 1570 nihil
2261 1522 2479 1586 praeter
2507 1514 2904 1585 simplicitatem
2945 1524 3171 1572 naturae
3208 1531 3461 1588 apparey

1846 1605 1943 1672 ltit,
1977 1606 2170 1662 merito
2207 1606 2395 1676 ipsius,
2427 1607 2518 1677 qui
2549 1622 2669 1662 eam
2708 1616 2873 1664 totam
2898 1610 3125 1680 accepit,
3156 1618 3438 1681 totamque

1847 1698 2078 1764 sanavit,
2106 1699 2322 1770 quando
2366 1700 2717 1773 intelligibilis
2756 1718 2846 1758 rex
2889 1702 3138 1774 Aegypti,
3182 1703 3438 1776 princeps

151 1806 256 1862 est,
285 1798 340 1853 in
368 1796 586 1855 Christo
612 1798 943 1869 implebunt,
972 1798 1260 1869 dupliciter
1285 1798 1620 1871 intelligitur,
1642 1800 1740 1856 Es;
1764 1781 1815 1843 B
1840 1790 2086 1861 profecto
2135 1793 2294 1864 hujus
2342 1794 2548 1861 mutuli,
2579 1810 2700 1851 cum
2756 1796 3132 1853 innumerabili
3191 1800 3437 1856 exercitu

151 1889 299 1944 enim
329 1890 616 1961 generalis,
645 1899 702 1945 et
723 1900 807 1946 est
827 1889 1077 1962 specialis
1106 1907 1118 1943 :
1147 1890 1416 1963 generalis
1439 1890 1656 1961 quidem
1686 1890 1743 1945 in

152 1980 432 2048 omnibus,
471 1981 562 2051 qui
605 1981 671 2036 ad
718 1981 1042 2052 principium
1084 1980 1409 2037 conditionis
1444 1995 1577 2038 suae
1622 1980 1745 2036 red-

152 2071 285 2127 ituri
313 2082 469 2138 sunt;
513 2072 763 2144 specialis
790 2058 924 2129 vero
959 2073 1012 2127 in
1055 2073 1169 2140 his,
1210 2074 1299 2143 qui
1336 2088 1443 2128 non
1473 2072 1645 2128 solum
1674 2072 1744 2129 ad

150 2161 447 2233 primordia
490 2174 718 2220 naturae
764 2164 1194 2232 revocabuntur,
1246 2166 1341 2221 sed
1388 2165 1551 2221 etiam
1604 2165 1745 2221 ultra

152 2268 373 2310 omnem
411 2255 713 2311 naturalem
753 2256 1103 2328 dignitatem,
1137 2257 1192 2312 in
1220 2272 1438 2313 causam
1478 2258 1743 2323 omnium,

153 2361 297 2417 quae
325 2348 465 2405 Deus
496 2357 601 2415 est,
636 2350 842 2407 reditus
865 2350 947 2408 sui
978 2352 1138 2407 linem
1167 2353 1519 2408 constituent.
1550 2352 1747 2408 Exem-

152 2437 247 2508 pla
273 2446 453 2494 autem
484 2455 550 2495 ac
573 2440 956 2498 similitudines
1002 2442 1284 2514 utriusque
1323 2442 1650 2498 reversionis
1677 2457 1745 2498 ex

156 2529 357 2586 divinis
390 2530 689 2602 Scripturis
721 2547 1039 2605 comparare
1064 2533 1343 2590 debemus.
1395 2534 1461 2588 Et
1487 2535 1746 2603 quoniam

155 2622 398 2678 naturali
435 2624 627 2679 ordine
670 2639 840 2695 genus
885 2627 1161 2697 praecedit
1204 2628 1471 2697 speciem,
1503 2627 1652 2698 prius
1681 2627 1748 2682 de

155 2716 399 2787 generali
433 2716 608 2772 reditu
639 2716 947 2773 dicendum.
981 2718 1296 2790 Exemplum
1326 2719 1507 2790 itaque
1534 2721 1748 2791 generis

153 2809 455 2879 praecessit
482 2809 534 2865 in
558 2809 758 2882 populo
780 2810 896 2877 Dei,
924 2811 1015 2882 qui
1047 2812 1112 2866 de
1134 2811 1262 2883 jugo
1289 2813 1565 2868 servitutis
1592 2813 1751 2869 intel-

153 2903 377 2976 ligibilis
404 2904 635 2973 Pharao,
666 2906 769 2961 hoc
812 2913 896 2961 est
938 2904 1172 2969 diaboli,
1203 2904 1603 2976 satellitumque
1633 2907 1750 2978 ejus

154 2996 444 3064 liberatus,
459 2998 595 3053 duce
616 2996 880 3069 spirituali
900 2995 1101 3069 Moyse,
1116 2997 1334 3054 Christo
1352 2998 1625 3062 videlicet,
1644 3000 1749 3056 sie-

155 3090 242 3146 cis
269 3090 288 3120 ’
318 3090 543 3161 pedibus
580 3104 730 3146 mare
754 3089 998 3145 Rubrum
1032 3090 1318 3157 transiens,
1346 3090 1572 3147 solidam
1602 3092 1748 3148 vide-

158 3181 288 3237 licet
306 3181 327 3213 ⁸
353 3181 624 3238 humanae
669 3189 893 3236 naturae
920 3180 955 3212 δ’
971 3182 1111 3235 viam
1138 3181 1380 3238 discissis
1405 3182 1749 3239 irrationabi-

155 3269 293 3326 lium
320 3279 343 3313 ⁸
370 3283 613 3327 motuum
657 3271 856 3328 cerulis
903 3272 925 3303 ⁸
966 3271 1371 3338 deambulans',
1410 3272 1749 3344 rebellesque

155 3371 367 3433 gentes,
416 3364 670 3419 vitiorum
716 3363 921 3418 scilicet
957 3363 979 3395 ⁸
1031 3374 1237 3421 turmas
1278 3379 1543 3435 superans
1588 3375 1750 3438 atque

153 3461 534 3525 prosternens,
582 3453 852 3509 defunctis
886 3454 999 3509 suis
1047 3455 1402 3526 corporibus,
1440 3456 1749 3513 carnalibus

155 3546 285 3603 dico
312 3547 745 3618 cogitationibus,
776 3548 830 3603 in
858 3548 1075 3605 deserto
1112 3549 1371 3605 virtutum
1391 3590 1407 3616 ,
1444 3566 1551 3622 quo
1587 3565 1751 3609 omne

156 3636 393 3693 mortale
414 3645 473 3692 et
495 3638 849 3709 corruptibile
876 3640 1242 3709 consumitur,
1273 3640 1632 3712 spiritualiter
1660 3659 1751 3702 so-

159 3728 437 3785 lummodo
467 3729 522 3784 in
554 3728 680 3785 ﬁliis
703 3731 967 3787 bonorum
996 3746 1221 3803 operum
1248 3733 1304 3789 in
1331 3741 1533 3789 terram
1562 3750 1751 3806 repro-

155 3818 437 3876 missionis
464 3834 716 3876 reversus
737 3830 842 3877 est.
871 3820 1024 3890 Quod
1052 3830 1232 3879 autem
1260 3823 1367 3880 duo
1386 3839 1454 3880 ex
1474 3825 1747 3895 omnibus,

156 3910 255 3979 qui
293 3920 557 3966 venerunt
585 3914 608 3947 ⁹
634 3912 700 3967 de
740 3914 1005 3985 Aegypto,
1037 3914 1144 3969 vivi
1178 3914 1355 3970 adhuc
1392 3914 1446 3970 in
1475 3931 1642 3972 carne
1692 3917 1748 3974 in

157 4009 364 4069 terram
402 4002 724 4071 promissam
763 4003 1103 4059 intraverunt
1144 4004 1210 4072 ³⁸,
1249 4005 1478 4077 mystice
1512 4006 1752 4063 insinuat

154 4089 429 4160 duplicem
455 4100 696 4148 nostram
739 4102 1018 4161 naturam,
1047 4110 1244 4167 corpus
1273 4097 1523 4154 videlicet
1556 4108 1612 4153 et
1632 4099 1751 4154 ani-

154 4197 329 4248 mam,
357 4184 411 4238 in
441 4182 724 4241 Salvatore
748 4194 960 4252 nostro,
990 4203 1148 4258 quem
1171 4188 1571 4261 praeﬁgurabat
1591 4189 1751 4248 Jesus

1845 1882 2085 1939 malitiae
2122 1899 2287 1951 suae,
2318 1885 2674 1956 omnibusque
2704 1886 2868 1953 vitiis,
2910 1890 3105 1958 quibus
3143 1889 3436 1961 imaginem

1845 1975 1941 2031 Dei
1978 1976 2033 2031 in
2072 1976 2291 2033 homine
2329 1986 2568 2033 creatam
2599 1979 2871 2050 captivam
2907 1979 3237 2047 detinuerat,
3261 1980 3439 2038 ﬂucti-

1844 2064 1946 2123 bus
1968 2065 2139 2122 Rubri
2168 2067 2367 2135 maris,
2403 2069 2505 2124 hoc
2530 2077 2637 2135 est,
2666 2070 3088 2140 profundissima
3116 2072 3435 2143 copiosissi-

1845 2174 2041 2230 maque
2067 2168 2231 2231 atque
2264 2160 2474 2215 infinita
2510 2161 2771 2218 ell'usione
2808 2164 3036 2235 gratiae,
3065 2179 3205 2235 quae
3232 2165 3285 2221 in
3313 2180 3440 2236 pre-

1848 2252 1980 2306 tium
2013 2252 2290 2323 sanguinis
2319 2250 2519 2308 Christi
2561 2253 2830 2310 humanae
2857 2264 3083 2312 naturae
3111 2255 3303 2313 dill‘usa
3330 2269 3436 2324 est,

1845 2340 2123 2397 obruetur.
2166 2342 2237 2397 Ut
2286 2342 2430 2398 enim
2471 2342 2784 2400 hominibus
2819 2346 3039 2416 sanguis
3077 2346 3279 2404 Christi
3310 2363 3441 2419 pro.

1847 2431 1947 2488 fuit
1975 2434 2027 2488 in
2067 2433 2525 2503 redemptionem,
2555 2444 2611 2490 ct
2650 2436 2895 2506 proficiet
2933 2438 3000 2492 ad
3029 2436 3311 2507 pristinam
3342 2453 3457 2499 ηδ’,

1848 2532 2000 2579 turae
2024 2538 2152 2579 suae
2180 2518 2651 2593 restaurationem,
2677 2524 2750 2579 ita
2777 2525 2989 2582 diabolo
3013 2537 3068 2583 et
3093 2527 3302 2599 angelis
3321 2527 3440 2597 ejus

1848 2617 2031 2670 nocuit
2058 2616 2126 2670 ad
2152 2630 2340 2670 eot‘tim
2371 2615 2753 2673 destruendum
2790 2617 3076 2688 imperium
3093 2659 3110 2684 ,
3137 2629 3193 2674 et
3221 2620 3443 2677 nocebit

1847 2708 1916 2762 ad
1956 2708 2259 2778 augendum
2297 2707 2638 2779 supplicium.
2682 2708 2970 2766 lnundatio
2998 2710 3262 2782 siquidem
3295 2712 3438 2785 Ery-t

1849 2799 2026 2856 thraei
2057 2799 2101 2830 ίδ
2130 2800 2316 2866 maris,
2362 2801 2466 2856 hoc
2512 2809 2597 2856 est
2640 2800 2855 2858 dill‘usio
2898 2802 3163 2859 Dominici
3200 2806 3437 2872 cruoris,

1848 2892 2300 2963 quemadmodum
2328 2894 2619 2948 humanam
2648 2904 2897 2949 naturam
2918 2896 2990 2951 ab
3015 2903 3270 2953 aeternae
3291 2911 3439 2952 mor-

1850 2986 1920 3044 tis
1949 2984 2216 3056 profundo
2241 2986 2294 3041 in
2328 2986 2490 3041 vitam
2516 2987 2740 3044 emersit
2773 2996 3070 3054 aeternam,
3104 2988 3177 3044 ita
3206 2989 3438 3045 diaboli-

1848 3094 1969 3136 cam
1996 3077 2257 3134 malitiam
2288 3078 2344 3134 in
2373 3087 2684 3149 perpetuam
2706 3078 2986 3136 suilecavit
3011 3080 3440 3140 damnationem.

1772 3149 1820 3215 ο
1850 3172 2065 3228 Nullam
2099 3173 2297 3243 quippe
2340 3172 2598 3241 majorem
2628 3188 2859 3245 poenam
2904 3174 3166 3232 diabolica
3204 3178 3445 3247 patietur

1852 3264 2127 3335 superbia,
2153 3263 2461 3334 nullamque
2487 3265 2791 3335 graviorem
2821 3265 3120 3333 tristitiam,
3145 3282 3309 3337 quam
3342 3269 3448 3324 hu-

1851 3373 2044 3416 manae
2066 3358 2226 3415 saluti
2254 3356 2531 3425 invidiam,
2554 3358 3013 3430 pedisequamque
3036 3358 3154 3430 ejus
3179 3361 3441 3432 desperas

1851 3453 2074 3511 tionem.
2114 3450 2233 3508 Non
2268 3452 2413 3524 quod
2456 3461 2512 3509 et
2557 3451 2675 3519 ille,
2711 3452 2757 3508 si
2797 3452 2988 3518 vellet,
3022 3455 3092 3510 ad
3119 3454 3442 3512 Creatorem

1849 3553 2075 3600 naturae
2102 3558 2234 3600 suae
2258 3544 2501 3601 converti
2530 3559 2635 3600 nun
2670 3554 2877 3616 posset,
2907 3546 3003 3602 sed
3033 3547 3174 3617 quod
3204 3547 3447 3605 malevoa

1849 3634 2048 3691 lentiae
2077 3650 2207 3692 suae
2247 3635 2479 3692 nexibus
2504 3635 2701 3707 ligatus
2726 3636 3063 3693 dulcedinem
3088 3638 3441 3698 beatitudinis

1849 3728 2240 3800 perpetualiter
2286 3728 2341 3783 in
2388 3728 2514 3785 odio
2562 3728 2805 3795 habebit,
2854 3728 3031 3801 lapsos
3071 3731 3139 3789 de
3191 3733 3440 3792 manibus

1851 3819 1964 3874 suis
1994 3818 2225 3875 assiduis
2260 3818 2592 3874 cruciatibus
2621 3817 2825 3874 dolens.
2868 3818 3035 3877 lsaias
3061 3837 3274 3892 quoque
3304 3837 3438 3892 pro-

1849 3911 2010 3981 pheta
2052 3912 2283 3968 salutem
2329 3910 2549 3965 humani
2588 3908 2801 3982 generis
2838 3913 3161 3984 generaliter
3192 3914 3243 3967 in
3278 3912 3441 3969 Chri-

1849 4012 1936 4060 sto
1962 4018 2068 4058 non
2100 4010 2264 4066 tacet,
2295 4001 2390 4056 sed
2418 4000 2620 4056 clamat
2646 4001 2832 4057 dicens
2858 4021 2869 4055 :
2908 4000 3069 4057 Terra
3100 4001 3359 4068 Zabulon,
3387 4011 3441 4059 et

1850 4102 1993 4148 terra
2023 4090 2359 4164 Neptltalim,
2386 4092 2474 4146 ria
2498 4091 2660 4146 maris
2686 4102 2830 4146 trans
2860 4092 3147 4148 Iordanem
3180 4093 3438 4150 Galileae.

1852 4182 2095 4239 Gentium
2122 4183 2379 4255 populus,
2417 4184 2506 4254 qui
2541 4182 2747 4237 sedebat
2776 4184 2830 4239 iu
2858 4185 3111 4250 tenebris,
3150 4184 3319 4241 tricem
3359 4186 3439 4241 vi-

156 4272 308 4328 tilius
343 4271 523 4340 Nave,
562 4275 664 4331 hoc
698 4285 783 4332 est
828 4276 1243 4348 pulchritudinis
1280 4294 1468 4336 eorum
1496 4321 1510 4347 ,
1542 4280 1595 4336 in
1637 4290 1747 4337 ter-
1852 4278 1925 4332 dit
1954 4293 2220 4349 magnam,
2245 4287 2292 4331 et
2320 4276 2616 4332 sedentibus
2649 4278 2704 4330 in
2756 4277 2961 4348 regione
2995 4277 3211 4333 umbrae
3252 4279 3437 4334 mortis

158 4378 302 4429 ram,
331 4378 493 4434 quam
519 4366 792 4435 peccando
816 4367 1176 4435 deseruimus,
1199 4382 1554 4435 reversurum,
1585 4359 1748 4429 Caleb
1852 4371 1945 4425 tua:
1971 4380 2085 4425 orta
2119 4379 2191 4425 est
2225 4370 2320 4425 eis.
2362 4369 2430 4425 Et
2458 4370 2580 4441 quis
2608 4378 2692 4425 est
2733 4369 2820 4425 ille
2858 4370 3103 4441 populus,
3152 4372 3242 4441 qui
3279 4371 3438 4427 sede-

152 4459 478 4528 comitante,
508 4461 612 4517 hoc
635 4471 738 4527 est,
763 4461 934 4518 libero
958 4471 1145 4518 nostro
1169 4462 1349 4518 cordis
1370 4463 1615 4519 arbitrio.
1644 4464 1749 4520 Ca-
1775 4521 1820 4533 _
1851 4462 1945 4519 bat
1997 4464 2052 4519 in
2109 4463 2346 4519 tenebris
2369 4504 2384 4527 ,
2440 4473 2494 4519 et
2546 4463 2598 4518 in
2658 4462 2875 4533 regione
2930 4464 3151 4520 umbrae
3212 4466 3434 4531 mortis,

156 4552 248 4609 leb
272 4554 472 4625 quippe
505 4554 890 4626 interpretatur
933 4556 1074 4612 sicut
1120 4572 1218 4613 eor
1247 4557 1290 4589 “
1322 4557 1407 4613 vel
1436 4573 1598 4616 ontne
1629 4574 1744 4615 cor.
1775 4552 1826 4582 ν
1856 4553 1960 4610 nisi
2002 4553 2210 4609 inﬁnita
2255 4554 2463 4625 solique
2505 4555 2615 4610 Deo
2662 4554 2875 4626 cognita
2928 4554 3282 4610 humanitatis
3331 4571 3437 4612 nu-

163 4646 235 4703 Ut
260 4646 406 4702 enim
434 4647 855 4719 uniuscujusque
891 4651 1071 4706 cordis
1108 4650 1323 4707 devotio
1360 4651 1540 4708 divina
1571 4654 1746 4724 gratia
1853 4646 2141 4703 mel'05ilas
2164 4686 2181 4714 ν
2241 4662 2416 4717 Quae.
2478 4656 2762 4717 ροδιίιιιιιηι
2816 4646 2989 4704 lucem
3049 4650 3284 4719 Pamdisi
3342 4651 3438 4705 de-

156 4737 344 4808 adjuta
373 4736 573 4805 fuerit,
600 4738 674 4794 ita
705 4739 1037 4796 Salvatorem
1076 4755 1231 4796 suum
1266 4742 1319 4797 in
1360 4746 1634 4814 regionem
1661 4759 1750 4801 se...
1850 4738 2061 4801 seruit,
2103 4738 2156 4792 in
2200 4737 2438 4793 tenebris
2484 4736 2823 4807 ignorantiae
2862 4745 2918 4791 et
2961 4738 3013 4791 in
3057 4740 3276 4809 regione
3316 4756 3437 4794 um-

153 4840 362 4901 quetur
396 4830 691 4887 viventium
716 4872 732 4897 ,
777 4832 1218 4903 naturalibusque
1257 4834 1412 4890 bonis
1452 4836 1742 4892 utentium.
1850 4830 1983 4885 brae
2004 4828 2194 4885 mortis
2222 4828 2461 4892 sedebat,
2502 4843 2610 4882 non
2650 4828 2821 4883 solum
2868 4830 3053 4899 ipsius,
3103 4846 3204 4900 qua
3254 4831 3435 4886 anima

154 4922 279 4978 Hac
305 4930 486 4979 autem
524 4924 731 4979 ratione
759 4924 1009 4979 ducimur
1034 4923 1102 4977 ad
1149 4923 1550 4993 intelligendum
1581 4926 1745 4983 totius
1842 4929 2158 4992 segregatur
2178 4935 2207 4974 a
2228 4934 2453 4990 corpore
2475 4933 2571 4989 per
2590 4920 3009 4990 corruptionem,
3039 4936 3222 4976 verum
3246 4921 3432 4984 etiam,

156 5013 519 5070 humanitatis
570 5014 798 5070 reditum
840 5016 906 5070 ad
950 5014 1236 5085 pristinum
1285 5025 1512 5072 naturae
1546 5025 1742 5074 statum
1847 5025 1955 5095 gua
1998 5012 2141 5067 Deus
2185 5009 2420 5065 animum
2463 5009 2665 5095 deserit
2705 5025 2803 5080 per
2841 5010 3161 5080 peceatum?
3201 5008 3277 5063 Ex
3326 5025 3434 5078 qua

156 5120 260 5175 per
288 5102 562 5160 lsraelitici
596 5104 751 5176 plane
779 5106 824 5142 ³⁸
861 5105 1038 5176 populi
1066 5106 1133 5162 de
1169 5106 1496 5177 Aegyptiaca
1521 5109 1745 5178 captivi-
1850 5102 2047 5173 ‘luplici
2078 5109 2253 5177 morte
2283 5109 2451 5156 totum
2473 5117 2642 5174 genus
2670 5102 2959 5157 humanum
2990 5101 3182 5157 liberat
3210 5101 3295 5155 lux
3320 5101 3433 5166 illa,

160 5204 275 5250 tate
305 5197 698 5251 revocationem
727 5195 792 5261 ",
824 5196 1078 5265 quoniam
1122 5196 1401 5268 Scriptura
1451 5198 1651 5255 nullum
1680 5201 1759 5269 de}
1852 5209 1988 5265 ,‘uae
2014 5194 2263 5253 omnibus
2286 5205 2405 5251 orta
2445 5206 2545 5263 est,
2593 5212 2734 5269 quae
2780 5199 2845 5252 de
2891 5197 3065 5266 scipsa
3111 5195 3281 5250 dicit:
3318 5193 3432 5264 Ego

154 5285 363 5356 populo
393 5286 490 5343 Dei
522 5288 575 5343 in
602 5288 846 5359 Aegypto
872 5288 1196 5346 remansisse
1218 5299 1627 5357 commemorat,
1652 5285 1760 5347 sec‘
1846 5289 1967 5346 'sum
2019 5290 2112 5344 tua:
2163 5288 2368 5345 mundi.
2428 5289 2582 5345 Nunc
2642 5289 2857 5360 quidem
2910 5287 3102 5359 partim
3166 5285 3430 5342 idolorum

1454 5426 1539 5483 VA
1549 5427 1710 5483 RIAE
1746 5425 2151 5486 LECTIONES.

237 5536 254 5567 ’
289 5534 527 5609 SicCF;
576 5535 621 5609 ᾼ
658 5537 904 5609 βάζω.-
959 5540 981 5573 ³
1010 5539 1053 5609 A
1093 5537 1203 5593 suis
1245 5537 1490 5609 pedibus.
1552 5538 1588 5609 γ’
1615 5537 1660 5592 Α
1688 5538 1904 5609 scilicet.
1978 5536 2005 5570 ‘
2033 5538 2125 5595 Sic
2150 5537 2265 5609 CF;
2296 5536 2337 5592 A
2378 5539 2648 5594 humanae
2704 5538 2857 5609 vitae.
2909 5535 3097 5609 LSic‘
3124 5532 3242 5599 CF;
3266 5535 3307 5588 A
3340 5550 3429 5589 ra-

158 5606 515 5669 riurmbilium.
591 5605 614 5638 ⁸
653 5606 745 5662 Sic
768 5607 842 5673 F;
880 5607 1123 5664 Aeoelis.
1198 5610 1219 5642 "
1250 5605 1291 5665 Ε
1317 5608 1659 5664 deambulans
1698 5608 1908 5663 cerulis.
1982 5609 2005 5640 ⁸
2049 5609 2140 5665 Sic
2176 5608 2291 5675 CF;
2335 5610 2379 5663 A
2406 5609 2658 5664 videlicet.
2732 5609 2755 5644 ⁸
2781 5606 2871 5663 Sic
2896 5606 3021 5673 CF;
3071 5605 3112 5660 A
3164 5613 3428 5660 uenerant.

160 5676 212 5718 ιθ
251 5676 344 5752 Sic
370 5676 453 5735 CF
480 5694 495 5745 ;
521 5676 583 5752 31
600 5678 935 5752 intrauerint.
960 5748 983 5752 _V
1041 5681 1083 5711 “
1114 5680 1208 5738 Sic
1236 5679 1321 5738 CF
1341 5697 1355 5747 ;
1385 5694 1484 5752 pro
1512 5680 1668 5735 corA
1697 5695 1867 5736 omne.
1972 5680 2016 5713 ¹¹
2046 5679 2199 5736 oleae
2231 5694 2341 5736 om.
2374 5680 2438 5735 Δ.
2520 5680 2563 5712 ¹⁸
2597 5681 2638 5736 A
2680 5680 3079 5737 revocationem
3112 5675 3427 5739 intelliqere,

156 5750 440 5819 quoniam.
517 5748 561 5782 “
594 5746 689 5806 Sic
710 5747 795 5806 CF
814 5766 829 5817 ;
859 5749 908 5807 Δ
944 5748 1130 5807 Rubri.
