4008 6286
552 224 553 227 η
612 187 754 242 1005

2001 182 2286 241 JOANNIS
2324 183 2520 241 SCOTI

3694 177 3791 235 1004

611 299 892 357 servilium
918 299 1223 365 destruens,
1250 298 1302 354 in
1334 300 1438 365 his,
1471 315 1607 371 quos
1631 302 1697 356 ad
1722 298 1925 353 cultura
1953 310 2007 355 et
2044 302 2195 373 agni-
2228 301 2273 360 Α
2305 297 2370 352 Et
2393 309 2447 351 tu
2475 308 2521 352 et
2551 295 2695 365 filiae
2728 303 2850 349 tuae
2880 281 3200 349 revertemini
3224 291 3281 345 in
3304 289 3557 360 antiquum
3574 298 3792 356 statuam

613 392 811 447 tionem
840 392 953 445 veri
985 392 1076 445 Dei
1108 392 1392 457 convertit,
1426 393 1722 463 sortlesque
1749 394 2005 450 vitiorum
2047 396 2199 452 inun.

611 482 831 538 datione
890 482 1231 553 baptismatis
1281 483 1453 541 deluit
1512 486 1530 516 ι
1578 525 1593 550 ,
1655 495 1710 541 et
1782 486 2201 544 inﬂammatione

609 572 974 643 poenitentiae
999 575 1217 631 exurit:
1251 575 1305 630 in
1326 576 1433 632 line
1455 579 1475 609 ²
1497 586 1678 632 autem
1705 594 1809 634 non
1841 580 2010 634 solum
2039 595 2199 651 gene-

610 665 798 721 raliter
847 681 996 723 mors
1042 668 1311 738 corporis,
1364 684 1550 725 verum
1610 670 1773 726 etiam
1820 688 1968 729 mors
2006 675 2202 731 mentis

611 757 938 825 destruetur,
961 776 1025 816 ac
1043 762 1260 831 penitus
1280 762 1615 820 idololatriae
1634 766 1825 822 ritibus
1845 768 2204 839 omnibusque

610 852 1166 909 omnium-nationum
1196 858 1672 926 superstitionibus
1718 861 2203 932 iniquitatibusque

609 942 882 1001 ventilatis
913 946 1072 1002 unius
1102 947 1214 1002 veri
1236 947 1331 1004 Dei
1369 951 1606 1020 cognitio
1630 953 1913 1009 universae
1961 964 2206 1024 praesta-

609 1034 758 1090 bitur
807 1047 1109 1095 creaturae.
1178 1039 1367 1097 Cuncti
1426 1044 1688 1114 siquidem
1752 1046 1875 1102 boni
1926 1058 1979 1103 et
2027 1050 2202 1117 mali,

610 1126 826 1195 quando
867 1129 1085 1193 stabunt
1130 1142 1256 1188 ante
1301 1135 1532 1192 tribunal
1578 1137 1809 1204 Domini,
1855 1154 2202 1214 cognoscent,

611 1222 735 1291 quia
765 1239 901 1277 unus
925 1225 1065 1281 Deus
1087 1238 1179 1293 est,
1212 1238 1261 1283 et
1299 1245 1401 1285 non
1441 1232 1578 1286 alius
1618 1244 1825 1302 praeter
1862 1253 2000 1292 eum.
2054 1237 2205 1294 Tunc

610 1316 809 1387 quippe
835 1319 940 1373 erit
967 1321 1235 1391 generalis
1280 1324 1531 1380 omnibus
1573 1325 1733 1382 unius
1777 1326 1870 1382 Dei
1916 1328 2202 1396 confessio,

610 1410 827 1477 quando
864 1410 1005 1466 nulla
1046 1413 1150 1468 erit
1195 1415 1439 1493 veritatis
1478 1419 1712 1488 negatio.
1771 1419 1906 1475 Nam
1957 1432 2010 1476 et
2059 1425 2205 1479 caeci

609 1498 809 1568 lucem,
838 1519 999 1573 quam
1028 1520 1133 1561 non
1156 1507 1359 1571 vident,
1393 1525 1595 1580 negare
1623 1526 1726 1566 non
1764 1524 1990 1582 possunt
2021 1516 2205 1571 viden-

609 1591 756 1648 tibus
792 1593 990 1649 lucere.
1034 1595 1185 1663 Quod
1229 1608 1408 1653 autem
1438 1599 1489 1654 in
1521 1599 1740 1658 Christo
1787 1604 1949 1660 totius
1990 1614 2206 1661 nostrae

2301 399 2594 444 convertam
2624 389 2897 442 restituens
2916 402 3004 441 ϐω
3031 384 3358 441 οοηυεηίοιω
3387 380 3694 437 δοόοιωηιηι
3713 399 3794 439 ιιι

2301 482 2512 552 ﬁliabus
2541 482 2672 544 suis,
2693 490 2741 535 et
2767 478 3095 534 conuersione
3125 474 3400 547 Samariae
3421 483 3465 529 et
3485 471 3684 542 [illam
3697 474 3793 542 ejus,
3882 490 3883 493 η

2300 583 2349 626 et
2389 583 2680 627 convertam
2737 570 3076 625 reversionem
3120 577 3263 621 tuam
3305 565 3347 596 ¹²
3382 565 3436 619 in
3473 563 3620 616 medio
3650 579 3793 627 cursu.

2302 661 2382 717 Ex
2413 678 2537 732 quo,
2570 672 2626 718 ut
2656 663 2733 717 ait
2761 668 2981 733 sanctus
3003 658 3390 728 Hieronymus,
3410 655 3705 724 perspicuum
3725 662 3790 718 est,

2301 769 2410 810 non
2440 770 2561 809 esse
2599 753 2893 809 naturalem
2925 752 3059 813 iram
3088 751 3206 815 Dei,
3236 748 3335 807 sed
3366 748 3551 807 nostris
3580 746 3700 809 vitiis
3730 746 3795 801 cle‘

2304 845 2697 903 mentissimum
2734 856 2789 901 et
2829 842 3325 905 mansuetissimam
3356 840 3518 905 Deum
3552 838 3612 892 ad
3650 838 3796 907 itania-

2305 938 2446 993 diam
2477 938 2777 1007 provocari.
2827 936 3082 1007 Sequitur
3114 953 3127 989 :
3156 932 3223 995 Et
3262 948 3417 999 soror
3451 942 3537 987 tua
3565 929 3744 999 Sodoma
3764 938 3795 987 at

2303 1030 2447 1100 ﬁliae
2465 1031 2579 1101 ejus
2603 1041 2920 1086 revertentur
2941 1030 3009 1085 ad
3036 1028 3402 1099 αυιίᾳιῆιαιεηι
3423 1040 3585 1090 suam,
3605 1032 3643 1078 et
3665 1021 3793 1089 Suu-

2305 1125 2390 1179 ria
2419 1131 2469 1177 et
2496 1123 2639 1192 ﬁliae
2668 1123 2783 1194 ejus
2810 1132 3128 1178 reuertentur
3150 1118 3219 1179 ad
3249 1119 3596 1197 antiquitatem
3612 1131 3743 1178 suam,
3765 1119 3794 1166 et

2306 1227 2363 1272 tu
2403 1227 2450 1273 et
2492 1216 2637 1286 ﬁliae
2664 1227 2785 1271 tuae
2827 1215 3149 1277 reuertemini
3175 1214 3245 1269 ad
3273 1212 3612 1282 antiquitatem
3633 1220 3795 1267 vestrm.

2308 1309 2660 1379 Septuaginta
2693 1324 2708 1363 :
2740 1308 2809 1367 Et
2834 1324 3039 1366 sorores
3064 1315 3186 1363 tntae
3208 1305 3253 1337 ³³
3280 1303 3509 1360 Sodoma
3536 1312 3578 1358 et
3603 1300 3712 1370 ﬁliae
3726 1300 3795 1371 θέει

2308 1402 2660 1464 restituentur,
2697 1401 2829 1455 sicut
2856 1399 3065 1469 fuerunt
3093 1415 3125 1453 a
3145 1397 3402 1468 principio
3418 1412 3437 1461 ;
3474 1405 3517 1449 et
3556 1393 3743 1449 Samaria
3768 1402 3794 1443 et

2307 1492 2450 1563 ﬁliae
2476 1491 2590 1561 ejus
2615 1491 2964 1554 restituentur,
2998 1491 3131 1545 sicut
3158 1497 3308 1542 erant
3337 1504 3368 1539 a
3392 1483 3623 1555 principio
3643 1482 3697 1549 *ἡ
3716 1492 3794 1534 em

2309 1595 2354 1638 et
2377 1584 2521 1654 ﬁliae
2549 1593 2670 1641 tuae
2697 1583 3039 1638 restituemini
3054 1621 3071 1647 ,
3094 1583 3229 1636 sicut
3251 1579 3457 1650 fueritis
3476 1579 3526 1633 in
3548 1574 3739 1646 principio
3756 1572 3794 1623 ⁸³.

609 1690 836 1738 naturae
859 1683 1137 1753 salusjam
1167 1698 1381 1758 peracta
1426 1688 1519 1756 sit,
1562 1706 1629 1745 ex
1671 1692 2209 1762 interpt'elationihlts

2313 1676 2459 1733 Haec
2490 1679 2654 1732 verba
2708 1676 3021 1747 prophetae,
3054 1675 3162 1733 imo
3197 1672 3413 1728 Domini
3455 1685 3544 1742 per
3576 1666 3794 1762 prophetam

608 1772 1008 1841 praedictorum
1041 1777 1338 1845 nominum,
1382 1780 1633 1851 quisquis
1668 1782 1920 1850 voluerit,
1952 1784 2208 1840 facillime

609 1877 916 1937 cognoscet.
958 1868 1196 1928 Zabulon
1240 1874 1437 1944 quippe
1476 1875 1836 1931 habitaculum
1881 1879 2086 1933 virtutis
2129 1879 2209 1934 in-

608 1968 962 2031 terpretatur.
1029 1964 1118 2019 llla
1172 1966 1351 2036 itaque
1407 1968 1493 2022 lux
1529 2011 1542 2032 ,
1601 1985 1739 2039 quae
1798 1971 2109 2029 sedentibus
2154 1970 2208 2028 in

609 2054 851 2110 tenebris
877 2064 996 2110 orta
1025 2064 1128 2122 est,
1158 2058 1332 2113 virtus
1369 2068 1424 2114 et
1471 2061 1735 2129 sapientia
1775 2060 1954 2118 Patris
2001 2070 2102 2117 est.
2144 2061 2213 2117 Et

609 2144 753 2211 Quod
804 2154 887 2201 est
914 2146 939 2187 δ
969 2148 1086 2218 ejus
1114 2149 1527 2205 habitaculum?
1561 2151 1748 2208 Nonne
1780 2164 1961 2208 nostra
1992 2164 2205 2219 natura,

611 2236 666 2292 in
714 2253 819 2308 qua
876 2255 974 2311 per
1036 2243 1468 2299 incarnationem
1514 2245 1759 2301 habitare
1807 2246 2020 2301 voluit?
2073 2247 2209 2302 Audi

610 2331 1012 2401 Evangelistam
1046 2331 1154 2387 :Et
1202 2333 1451 2399 Verbum,
1491 2338 1687 2406 inquit,
1723 2354 1846 2391 caro
1887 2338 2083 2407 factum
2115 2348 2209 2406 est,

610 2433 660 2476 et
711 2424 968 2480 habitavit
1019 2427 1076 2481 in
1121 2428 1288 2481 nobis.
1353 2426 1587 2484 Proinde
1636 2431 1929 2499 spiritualis
1972 2430 2210 2487 Zabulon

612 2513 925 2571 humanitas
953 2515 1152 2572 Christi
1189 2527 1288 2583 est,
1322 2518 1377 2575 in
1405 2536 1508 2591 qua
1539 2537 1637 2577 nos
1667 2538 1855 2577 omnes
1905 2523 2037 2578 salvi
2086 2506 2211 2579 facti

612 2616 818 2670 sumus,
841 2614 897 2661 et
926 2607 1118 2662 salvati
1146 2608 1471 2675 habitamus,
1504 2620 1556 2665 et
1586 2611 1641 2665 in
1678 2622 1957 2666 aeternum
2002 2614 2213 2669 habita-

610 2696 828 2764 bimus;
887 2700 1002 2770 ipse
1054 2711 1141 2757 est
1191 2702 1335 2758 enim
1379 2704 1552 2759 virtus
1599 2714 1781 2761 nostra
1833 2714 1885 2761 et
1931 2705 2208 2762 fortitudo.

613 2783 919 2858 Nepthalim
948 2789 971 2823 ⁸
1001 2807 1218 2862 quoque
1269 2793 1492 2848 latitudo
1522 2795 1739 2850 dicitur.
1795 2797 1861 2851 Et
1905 2812 2044 2867 quae
2077 2806 2160 2854 est
2192 2798 2215 2831 ⁸

616 2885 800 2933 nostra
860 2878 1086 2937 latitudo
1135 2882 1179 2949 ⁸,
1236 2883 1339 2938 nisi
1390 2883 1658 2951 Christus,
1713 2885 1866 2953 cujus
1909 2888 2109 2944 caritas
2158 2899 2213 2944 et

614 2970 908 3026 clementia
942 2981 1113 3028 totum
1154 2990 1324 3045 genus
1361 2977 1707 3047 amplectitur
1747 2981 2042 3034 hmnanum
2069 3020 2084 3046 ,
2117 2982 2210 3051 qui

2312 1769 2503 1825 beatus
2534 1768 2892 1839 Hieronymus
2929 1781 3206 1838 exponens
3229 1782 3243 1819 :
3268 1763 3480 1829 Iudaei.
3526 1761 3682 1829 inquit.
3714 1759 3795 1811 iuta

2310 1869 2507 1916 ceteras
2537 1858 2745 1928 fabulas
2776 1870 2824 1914 et
2850 1857 3264 1919 interminabiles
3290 1853 3602 1928 genealogias
3625 1847 3795 1907 etdclite

2311 1961 2501 2015 menta,
2534 1967 2670 2021 quae
2696 1950 2921 2021 ﬁngunt,
2958 1952 3116 2005 etiam
3143 1950 3242 2005 hoc
3277 1946 3532 2007 somniant
3564 1945 3619 1999 de
3651 1941 3796 2007 adrasti

2313 2046 2507 2103 Christi
2533 2048 2639 2112 sui,
2661 2063 2814 2118 quem
2845 2063 2939 2100 nos
2960 2046 3154 2100 scimus
3180 2040 3570 2102 Antichristum,
3594 2046 3631 2091 et
3651 2036 3691 2088 in
3710 2030 3795 2085 milia

2313 2154 2573 2194 annorum
2599 2152 2756 2208 regno
2785 2134 3073 2193 Sodomam
3114 2131 3487 2187 restituendam
3529 2130 3575 2183 in
3614 2124 3794 2191 antiquus

2311 2241 2531 2297 statum,
2563 2231 2641 2285 ita
2666 2238 2720 2283 ut
2745 2228 2814 2283 sit
2839 2227 2989 2297 quasi
3022 2226 3064 2258 “
3084 2223 3370 2295 paradisus
3398 2220 3509 2285 Dei,
3530 2228 3569 2272 et
3591 2214 3794 2279 Samaria

2311 2327 2586 2397 pristinam
2613 2323 2838 2393 recipere
2858 2319 3183 2390 felicitatem,
3223 2325 3280 2371 ut
3306 2316 3371 2371 de
3394 2312 3600 2383 Assyriis
3622 2314 3793 2362 remulo

2313 2428 2402 2474 tur
2434 2420 2489 2473 in
2511 2428 2706 2472 terram
2729 2415 3025 2479 Judaeum;
3067 2410 3372 2468 Jerusalem
3407 2420 3591 2476 quoque
3625 2410 3794 2455 tuatua

2314 2514 2701 2584 fabricandum.
2750 2510 2815 2565 Et
2850 2509 3012 2580 paulo
3039 2514 3159 2578 post
3184 2524 3198 2560 :
3238 2504 3354 2559 Nos
3380 2514 3558 2564 autem,
3582 2490 3794 2584 inquisit-

2315 2579 2431 2661 rum
2455 2606 2736 2676 perfectam
2771 2579 3041 2656 scientiam
3086 2599 3187 2669 Dei
3216 2596 3427 2669 judicio
3465 2592 3734 2676 relinquam
3755 2579 3793 2643 "t

2308 2708 2422 2761 imo
2448 2674 2646 2763 liquido
2665 2693 2988 2761 conﬁtentes.
3007 2690 3253 2751 dicimus,
3278 2696 3394 2758 post
3412 2681 3658 2745 secundum
3672 2674 3791 2737 sdul-

2314 2794 2425 2841 tum
2475 2785 2685 2840 Domini
2731 2781 3023 2839 Saluatoris
3055 2779 3185 2841 nihil
3224 2777 3446 2843 humile,
3495 2774 3605 2856 nihil
3631 2771 3794 2865 μιν

2314 2896 2424 2935 esse
2453 2888 2737 2941 terrenum,
2765 2876 2855 2930 sed
2898 2891 3058 2945 regna
3108 2872 3381 2937 caelestia,
3414 2884 3538 2945 quae
3572 2863 3794 2955 primunt!

2315 2968 2602 3040 Evangelia
2629 2969 3003 3038 promittuntur
3024 2966 3089 3020 ³⁸.
3122 2966 3320 3022 Cetera
3347 2972 3537 3025 autem,
3558 2970 3667 3027 quae
3687 2952 3731 3005 de

616 3077 716 3132 pro
747 3063 929 3135 impiis
956 3075 1206 3123 mortuus
1234 3077 1339 3133 est,
1380 3086 1496 3123 cum
1522 3086 1617 3140 pro
1650 3070 1782 3126 bona
1825 3071 2053 3141 forsitan
2094 3049 2211 3143 quis
2240 3059 2285 3121 C
2317 3062 2594 3134 praefatus
2638 3060 2681 3093 ¹⁹
2721 3061 2991 3130 ἱιιιοτρτεε
3032 3057 3281 3128 θκνοηίιι
3302 3049 3794 3143 ρτονιθνθθξξιιεηῖιθτ

617 3156 809 3210 audeat
843 3158 1019 3213 mori?
1041 3160 1132 3229 qui
1156 3161 1175 3191 ⁷
1198 3174 1388 3215 omnes
1410 3161 1658 3217 homines
1679 3161 1980 3232 aequaliter
1999 3162 2211 3228 dilexit,

617 3248 836 3317 quando
856 3264 960 3320 pro
988 3251 1237 3306 omnibus
1257 3252 1493 3323 seipsum
1523 3254 1763 3309 tradidit.
1794 3252 1938 3309 Haec
1959 3262 2043 3309 est
2067 3254 2212 3309 enim

620 3342 954 3412 amplissima
994 3344 1081 3399 lex
1117 3354 1369 3415 naturae,
1415 3360 1576 3417 quam
1628 3348 1682 3402 in
1733 3349 1910 3418 seipse
1948 3348 2210 3419 implevit,

619 3442 848 3489 mortem
887 3449 986 3503 pro
1025 3436 1276 3491 omnibus
1323 3438 1560 3493 subiens.
1602 3438 1711 3494 Lex
1753 3441 1949 3508 quippe
1987 3448 2213 3494 naturae

620 3535 707 3580 est
748 3527 1050 3603 communis
1105 3529 1346 3584 omnium
1396 3531 1675 3585 hominum
1735 3530 1951 3587 dilectio
2010 3533 2213 3602 absque

620 3616 729 3672 ulla
761 3633 1112 3689 personarum
1140 3624 1452 3694 acceptione
1481 3664 1495 3689 ,
1523 3638 1668 3694 quae
1696 3626 1748 3679 in
1777 3624 1993 3680 Christo
2035 3626 2211 3694 perfe-

621 3711 864 3767 ctissime
896 3713 1111 3783 impleta
1142 3724 1244 3782 est,
1268 3724 1332 3771 et
1366 3732 1394 3771 a
1427 3713 1585 3771 Patre
1615 3718 1898 3786 processit,
1947 3715 2041 3786 qui
2091 3732 2217 3786 pro»

620 3803 738 3869 prio
760 3803 873 3873 ﬁlio
909 3821 1011 3861 non
1037 3809 1281 3878 pepercit,
1307 3810 1397 3863 sed
1419 3822 1515 3877 pro
1552 3810 1699 3863 nobis
1727 3825 1806 3863 om
1817 3809 1965 3864 nibus
1992 3808 2212 3863 tradidit

621 3909 759 3949 eum.
804 3894 899 3950 Est
951 3897 1115 3953 etiam
1164 3899 1267 3954 alia
1312 3901 1472 3966 ratio,
1524 3914 1629 3971 qua
1678 3900 1928 3957 Christus
1982 3899 2212 3956 latitudo

620 3985 961 4060 intelligitur.
1014 3990 1267 4047 Latitudo
1309 3991 1503 4063 quippe
1533 4002 1618 4048 est
1644 3995 1912 4064 apparitio
1939 4003 1994 4048 et
2025 4007 2213 4064 super-

621 4079 793 4146 ﬁcies,
829 4080 1057 4151 ideoque
1087 4084 1233 4154 graia
1258 4084 1652 4155 significatione
1686 4087 1968 4156 epipltania
1991 4084 2207 4139 dicitur.

622 4169 870 4227 Christus
900 4173 1081 4243 itaque
1116 4185 1199 4230 est
1238 4185 1420 4231 nostra
1449 4177 1730 4247 epiphania
1757 4218 1770 4241 ,
1803 4180 1907 4231 hoc
1935 4185 2018 4231 est
2048 4191 2211 4248 appa-

626 4265 752 4319 ritio
782 4274 837 4319 et
864 4267 1197 4337 superﬁcies,
1228 4270 1352 4339 quia
1383 4285 1506 4325 cum
1550 4279 1663 4327 tres
1693 4271 1801 4326 sint
1826 4280 1849 4312 ⁸
1874 4272 2211 4327 substantiae

622 4360 821 4415 summi
847 4361 995 4424 boni,
1023 4378 1128 4415 una
1155 4362 1367 4416 illarum
1397 4363 1449 4417 in
1479 4364 1698 4420 homine
1736 4364 1986 4430 Christo,
2032 4364 2210 4421 Verbo

2317 3131 2455 3220 inus,
2487 3155 2612 3224 quia
2644 3151 2871 3209 moralia
2896 3159 3043 3215 sunt,
3074 3157 3130 3204 et
3157 3147 3227 3203 de
3264 3147 3437 3205 reditu
3470 3138 3695 3239 gentilium
3720 3131 3795 3239 hat:

2317 3248 2719 3316 retieorumque
2754 3254 2811 3302 et
2850 3243 3209 3315 peccatricum
3247 3235 3568 3297 solummodo
3590 3234 3793 3295 animum

2315 3342 2383 3398 ad
2433 3341 2755 3397 catholicam
2806 3339 2966 3394 tidem
3017 3335 3322 3405 disputant.
3381 3328 3627 3402 Nysticant
3661 3323 3795 3387 om

2315 3434 2648 3506 ῙθΒειίειηιιιιθ
2685 3432 3065 3502 septimanam,
3105 3441 3269 3498 quam
3313 3414 3795 3511 quinquagesima-sute-

2316 3503 2586 3600 quebatur
2604 3541 2795 3589 annus,
2825 3526 2916 3595 qui
2940 3524 2986 3559 ³ο
3015 3523 3269 3579 hebraice
3304 3534 3490 3581 JOBEL,
3516 3515 3603 3573 hoc
3622 3503 3793 3600 est

2315 3631 2396 3677 tes
2415 3622 2732 3685 vocabatur,
2747 3618 3002 3689 quoniam
3025 3618 3077 3671 iu
3100 3616 3214 3684 ipso
3234 3626 3431 3669 omnes
3449 3606 3796 3666 libertath

2314 3714 2559 3785 piebaat,
2579 3719 2635 3765 et
2653 3708 3023 3779 unusquisque
3044 3706 3112 3761 ad
3133 3704 3421 3775 pristinam
3433 3694 3796 3785 habitationum

2312 3777 2645 3869 vertebatur,
2659 3777 2957 3870 omniilege,
2971 3814 3073 3868 qua
3088 3795 3398 3861 detinebatu
3407 3810 3450 3856 r,
3463 3786 3700 3882 absolutus.
3708 3777 3794 3882 διιῆ

2315 3899 2581 3964 reditum,
2608 3899 2674 3951 de
2697 3910 2804 3965 quo
2829 3894 3006 3963 agitur
3025 3933 3041 3955 ,
3063 3897 3247 3962 aperte
3267 3885 3562 3960 signiﬁcare
3580 3879 3795 3975 noniqu

2314 4005 2446 4062 grue
2458 3987 2812 4059 quisdixerit,
2847 3986 2994 4041 (inita
3014 3982 3320 4054 scptenaria
3345 3971 3616 4051 praesentis
3633 3969 3795 4062 vitasu-

2316 4059 2604 4139 volutione.
2640 4080 2805 4135 Davitl
2834 4094 2927 4134 rex
2945 4087 3000 4133 et
3023 4076 3285 4146 propheta
3318 4067 3674 4128 renovatiouetn
3689 4059 3791 4108 ιηω·

2316 4192 2407 4232 rae
2435 4175 2724 4247 promittit,
2745 4173 2930 4227 dicens
2954 4189 2966 4224 :
2998 4170 3189 4225 Emitte
3215 4166 3470 4236 Spiritum
3492 4155 3793 4253 nuntiauit:

2315 4230 2528 4332 buntur,
2577 4276 2625 4322 et
2668 4230 2940 4320 renovabis
2988 4261 3176 4331 faciem
3225 4268 3420 4317 terrae.
3466 4230 3793 4350 Quid

2315 4359 2643 4433 evangelieis
2686 4357 2979 4429 parabolis,
3022 4354 3088 4409 de
3127 4352 3357 4425 prodigo
3378 4346 3602 4403 videlicet
3620 4334 3713 4393 tilio,

623 4449 874 4503 videlicet
922 4450 1203 4505 incarnato
1242 4491 1257 4516 ,
1314 4453 1468 4507 nobis
1519 4454 1809 4524 apparuit,
1859 4456 2216 4527 sensibusque
2244 4452 2294 4519 D
2319 4454 2376 4508 in
2407 4429 2550 4508 terra
2580 4450 2753 4506 aliena
2780 4456 2987 4519 partem
3013 4443 3369 4508 substantiae,
3392 4451 3545 4527 quam
3564 4448 3589 4487 ³
3612 4429 3793 4527 tum?

625 4543 902 4613 corporeis
946 4545 1487 4614 comprehensibilem
1537 4562 1594 4602 se
1641 4547 1788 4603 fecit.
1861 4548 2028 4603 Nemo
2069 4549 2214 4603 enim

2322 4551 2561 4613 ceperat,
2606 4518 2892 4612 dissipans,
2939 4545 3179 4610 egestate
3220 4542 3439 4589 coactus
3481 4518 3793 4613 seipsum”:

624 4610 862 4701 Patrem,
903 4610 1084 4692 nemo
1104 4637 1362 4708 Spiritum
1387 4646 1633 4694 sanctum
1654 4639 1711 4693 in
1734 4638 1941 4694 unitate
1968 4639 2220 4695 substan-
2296 4634 2595 4708 'gnoscens
2617 4677 2630 4701 ,
2676 4632 3119 4705 poeuitentiaque
3153 4629 3366 4691 ductus,
3390 4625 3456 4681 ad
3482 4627 3656 4692 patrem

628 4726 735 4781 tiae
783 4742 905 4781 cum
950 4738 1200 4784 creatura
1227 4729 1248 4760 ⁹
1279 4730 1432 4785 vidit.
1479 4730 1547 4785 Et
1583 4729 1835 4786 Ezechiel
1863 4746 2080 4801 quoque
2118 4730 2218 4786 sub

626 4819 797 4888 ﬁgura
863 4818 1022 4874 trium
1090 4820 1368 4876 civitatum
1434 4821 1667 4877 reditum
1725 4823 1889 4877 totius
1954 4823 2224 4877 humanae

624 4918 857 4965 naturae
893 4910 1208 4981 prophetice
1244 4912 1546 4968 denuntiat.
1607 4913 1816 4969 Dicitur
1855 4914 1999 4969 enim
2029 4928 2042 4967 :
2070 4913 2225 4968 Jeru-

623 4999 787 5055 salem
817 5001 884 5066 ⁸⁸,
910 5011 957 5056 et
981 5012 1038 5056 tu
1063 5002 1403 5072 confundere,
1434 5013 1482 5060 et
1501 5014 1653 5075 porta
1686 5005 2028 5076 ignominiam
2054 5015 2222 5085 tuam,

624 5106 759 5160 quae
771 5091 1081 5162 justiﬁcasti
1101 5109 1306 5150 sorores
1328 5105 1480 5162 tuas;
1501 5110 1564 5151 ac
1584 5094 1837 5166 deinceps
1859 5096 2108 5152 subditur
2137 5095 2179 5127 ¹¹
2208 5110 2220 5145 :

2322 4706 2581 4785 reversus
2606 4736 2709 4793 est,
2743 4742 2771 4783 a
2803 4740 2911 4798 quo
2932 4726 3173 4796 piissime
3199 4717 3683 4779 clementissimum

2327 4830 2451 4891 ptus
2475 4836 2579 4876 non
2602 4820 2777 4875 solum
2792 4796 3075 4889 pristinam
3098 4817 3320 4887 adeptus
3340 4805 3655 4881 estgratism.
3671 4796 3794 4891 νθςαξ

2326 4884 2495 4966 etiam
2521 4926 2632 4982 pro
2668 4884 2974 4966 reverentia
3019 4908 3103 4962 sui
3142 4905 3344 4961 vitulus
3386 4884 3793 4983 saginatum???s

2327 5005 2448 5060 est?
2479 4977 2614 5071 Quis
2642 5015 2725 5059 est
2758 5018 2888 5073 ergo
2934 5001 3077 5057 ﬁlius
3104 5000 3243 5056 iste?
3279 4996 3462 5054 Nonne
3488 4993 3626 5047 homo
3645 4977 3793 5073 θύμ’

2326 5097 2505 5167 ginem
2534 5096 2625 5151 Dei
2651 5070 2861 5151 factus?
2893 5093 3056 5149 Pater
3082 5090 3343 5162 siquidem
3368 5080 3596 5143 caelestis
3616 5073 3717 5127 du”
3735 5070 3793 5114 ³³⁸

1914 5231 2171 5303 VARIAE
2228 5230 2631 5288 LECTIONES.

705 5348 716 5376 '
755 5346 845 5402 Sic
870 5347 986 5422 CF;
1020 5352 1067 5406 Δ
1102 5353 1281 5411 diluit.
1357 5354 1378 5385 ²
1411 5352 1502 5410 Sic
1534 5353 1651 5419 CF;
1682 5353 1725 5408 A
1774 5352 2009 5422 Inﬁnite.
2089 5310 2208 5408 iest
2242 5367 2352 5409 om.
2404 5351 2469 5405 A.
2542 5348 2570 5422 Αδ
2598 5348 2681 5422 ρξ’
2717 5346 3034 5422 Neptaleim.
3063 5416 3076 5422 _
3110 5345 3131 5377 ⁸
3154 5351 3227 5398 est
3264 5327 3614 5422 9m;.A-m'_§

629 5427 827 5498 nostra.
866 5420 927 5498 __"
955 5420 1047 5498 Sic
1073 5423 1158 5480 CF
1181 5444 1195 5492 ;
1222 5427 1267 5481 A
1296 5425 1442 5498 quia».
1516 5425 1537 5456 ⁸
1569 5425 1659 5481 Sic
1685 5424 1805 5491 CF;
1906 5433 2046 5498 sunt_.
2122 5423 2143 5455 ⁸
2239 5432 2434 5477 creata.
2500 5420 2556 5498 _“
2724 5421 2779 5473 ἱη

581 5526 604 5535 -
629 5490 797 5563 gitur.
819 5488 909 5563 _“
939 5491 993 5563 A7
1015 5488 1250 5552 tuarum.
1308 5488 1373 5528 ⁷¹³
1403 5496 1447 5551 Δ
1476 5513 1628 5553 soror
1651 5505 1764 5561 tua.
1791 5488 1800 5491 ⁷
1842 5494 1888 5526 ιι
1920 5505 1968 5550 et
2000 5492 2246 5563 Samaria
2266 5525 2336 5535 -—-
2358 5512 2389 5549 (ι

955 5562 1176 5638 ηλικιδί
1203 5584 1314 5625 om.
1344 5567 1451 5633 CF.
1529 5568 1569 5602 "
1599 5567 1696 5634 δίς
1721 5565 1837 5635 CFi
1866 5566 1907 5623 Α
1942 5562 2309 5638 Τθίίηηαεεῖῖαδη

629 5556 739 5615 om.
772 5556 877 5621 CF.

632 5629 831 5695 beatus.
909 5631 955 5675 ”
984 5629 1068 5694 CF
1102 5629 1248 5709 quia.

2830 5384 3222 5473 ἰίἲξὲἱὶἒέιιρηῖῗ
3265 5384 3425 5464 ἷῖὲίο
3453 5401 3557 5465 CF;
3583 5396 3616 5450 Α
3639 5388 3789 5473 ubi

2430 5457 2686 5564 principio
2726 5457 3110 5546 omn-CFW“;
3131 5473 3260 5540 sicut
3301 5476 3502 5585 [ueritis
3532 5472 3580 5525 in
3614 5457 3791 5575 primi;

2430 5570 2431 5586 1
2469 5564 2556 5586 οε-
2581 5562 2694 5586 nn.
2737 5560 2759 5586 Α
2814 5561 3184 5586 -..νηηιηηηιηυ
3281 5553 3295 5585 ι
3372 5549 3467 5586 Dm
3511 5533 3722 5586 irradia!“
3774 5582 3777 5586 .

2391 5533 2696 5636 nisi???
2726 5533 3255 5633 "p-Siniuuaii'.”
3281 5533 3467 5615 1“Pro
3510 5533 3722 5615 ρταιίαῖκδ
3738 5533 3777 5587 “-
