4008 6286
178 210 317 266 1005

1026 221 1114 278 DE
1150 223 1492 281 DIVISIONE
1532 224 1884 282 NATURAE.
1926 220 1994 269 -έὲ
2032 229 2232 286 LIBER
2271 231 2585 300 QUINTUS.

3307 235 3446 294 1000

178 335 329 392 turns
357 322 425 380 ad
447 339 507 382 se
540 329 970 400 cognoscendum
1009 337 1234 402 creavit,
1284 338 1582 406 angelicam
1613 341 1760 396 vide-
1787 349 1838 406 Α
1862 342 1930 398 de
1953 359 2054 398 ove
2080 348 2371 402 centesima
2400 347 2657 420 Intelligo,
2683 363 2822 420 quae
2851 360 3129 408 erraverat
3154 351 3444 410 caelestem

174 417 301 474 licet
324 427 379 476 et
407 421 723 500 humanam,
772 425 968 500 quibus
1006 427 1216 496 duabus
1251 431 1265 462 ‘
1301 432 1581 488 ﬁliolitatis
1630 451 1756 506 gra-

174 509 305 584 tiam
335 513 567 578 donavit.
607 515 711 582 Sed
752 517 913 580 homo
939 521 1333 592 adolescentior
1368 524 1508 590 illius
1539 527 1755 596 dicitur,

172 606 399 686 angelus
422 624 554 686 vero
577 611 752 686 nmjor
783 623 980 682 aetate,
1009 618 1264 689 quoniam
1289 621 1439 690 prius
1475 621 1758 692 Scriptura

171 700 539 780 conditionem
565 706 762 782 angeli,
785 709 1057 778 posterius
1085 711 1318 768 hominis
1345 723 1756 780 commemorat.

169 790 388 856 Partem
436 794 618 868 itaque
658 799 934 871 angelicae
983 804 1410 873 numerositatis,
1450 821 1588 876 quae
1619 824 1758 877 nun-

167 897 334 958 quam
377 887 713 965 conditorem
749 877 904 964 suum
949 895 1204 962 deseruit,
1241 897 1412 968 major
1434 897 1596 965 ﬁlius,
1624 901 1756 964 adoe

165 972 462 1056 lescentior
488 987 658 1066 toturn
687 981 959 1054 hominem
990 984 1194 1058 lapsum
1235 998 1290 1057 et
1317 1005 1346 1042 a
1373 989 1631 1048 Creatorc
1657 1008 1761 1052 sne.

161 1074 604 1149 peregrinantem
651 1078 917 1150 insinuat;
963 1083 1303 1149 postmodum
1357 1093 1532 1146 tamen
1562 1087 1627 1141 ad
1649 1086 1754 1142 Pa-

165 1172 306 1220 trem
360 1181 517 1230 suum
562 1184 922 1244 reversurus,
986 1182 1042 1228 et
1096 1175 1325 1244 primam
1396 1177 1631 1243 stolam,
1701 1178 1756 1240 id

160 1263 270 1320 est,
317 1257 554 1330 primum
597 1259 842 1336 habitum
883 1273 1110 1338 naturae
1142 1276 1480 1337 recepturus.
1530 1268 1755 1339 Insuper

157 1346 328 1430 etiam
364 1350 628 1428 ambitum
665 1353 903 1423 virtutis,
944 1373 1083 1429 quae
1113 1375 1208 1430 per
1235 1360 1453 1428 anulum
1481 1362 1758 1432 signiﬁca-

159 1447 272 1516 tur,
323 1443 623 1510 praemium
677 1462 892 1518 quoque
941 1451 1130 1520 mortis
1175 1452 1402 1519 Christi,
1435 1455 1626 1523 quod‘
1653 1471 1751 1525 per

158 1531 530 1614 calceameuta
571 1536 626 1592 in
669 1541 894 1614 pedibus
944 1541 1237 1613 formatur,
1281 1547 1528 1615 accipiet,
1575 1559 1752 1605 aeter-

158 1640 283 1696 nam
335 1625 592 1706 videlicet
639 1631 839 1706 vitam,
893 1649 1034 1706 quae
1085 1636 1464 1708 universaliter
1510 1639 1752 1708 humano

1864 453 2080 510 gregem
2111 439 2387 507 deserens,
2422 457 2584 510 quam
2619 443 2792 502 bonus
2827 453 3032 514 pastor,
3067 445 3158 515 qui
3185 453 3267 504 est
3287 444 3474 510 Chria

1862 538 1996 598 stus,
2039 531 2308 601 quaesivit
2337 539 2392 586 et
2429 533 2649 602 reperit,
2691 543 3070 606 repertamque
3117 537 3170 606 iu
3200 536 3220 567 '
3251 537 3442 602 hume-

1861 645 1955 690 rns
1977 645 2104 690 suos
2143 639 2422 701 acceptam
2466 630 2535 686 ad
2569 645 2808 702 gregem,
2837 647 2996 702 quem
3025 633 3256 694 errando
3282 633 3442 687 dese-

1861 734 2069 790 ruerat,
2100 733 2360 796 reportat.
2400 724 2552 794 Quae
2587 734 2870 795 propterea
2900 727 3195 788 centesima
3237 741 3446 790 connu-

1861 825 2120 880 meratur,
2155 816 2427 886 quoniam
2477 825 2599 887 post
2643 815 2854 888 lapsum
2903 817 3172 878 humanae
3217 827 3446 878 naturae

1860 907 2144 977 perfectio,
2171 923 2312 977 quae
2335 923 2432 978 per
2457 908 2830 964 centenarium
2859 923 3145 972 numerum
3177 909 3444 974 innititur,

1861 999 2110 1060 caelestis
2135 998 2456 1066 Jerusalem,
2505 1015 2645 1070 quae
2685 1008 2770 1062 est
2819 1011 2997 1062 mater
3043 1009 3250 1070 nostra,
3284 999 3446 1065 dimi-

1863 1101 1991 1154 nuta
2017 1103 2124 1157 est,
2175 1093 2330 1164 cujus
2376 1094 2760 1158 numerositas,
2800 1093 2965 1150 veluti
3009 1093 3308 1150 centenarii
3345 1108 3450 1154 nu-

1861 1187 1994 1244 meri
2026 1185 2272 1253 latitudo,
2323 1189 2390 1242 ad
2436 1186 2704 1257 integrum
2739 1187 3064 1258 iluplehitnr,
3099 1187 3225 1246 dum
3254 1186 3447 1246 huma—

1859 1293 1988 1332 num
2015 1291 2184 1346 genus
2208 1278 2260 1342 in
2291 1277 2470 1347 capite
2491 1293 2613 1343 suo,
2641 1280 2783 1356 quod
2811 1287 2894 1340 est
2924 1277 3193 1344 Christus,
3245 1276 3298 1332 in
3325 1290 3448 1338 eam

1862 1378 2182 1432 revertetur.
2211 1370 2328 1436 Quo
2353 1369 2406 1424 in
2431 1370 2552 1430 loco
2589 1370 2676 1434 illa
2709 1387 2816 1433 non
2851 1386 3018 1441 parva
3051 1369 3298 1439 quaestio
3329 1368 3447 1426 ori-

1860 1467 1964 1523 tur,
1991 1459 2102 1529 jam
2128 1459 2421 1530 divulgata,
2449 1461 2544 1518 sed
2569 1477 2674 1528 non
2697 1461 2927 1540 januut
2952 1460 3208 1525 arbitror,
3235 1460 3445 1528 soluta;

1858 1559 1914 1605 et
1947 1551 1993 1610 si
2032 1550 2228 1616 soluta,
2277 1552 2514 1615 nondum
2562 1553 2616 1631 in
2666 1562 2880 1620 nostras
2931 1568 3126 1616 manus
3167 1552 3188 1582 ⁸
3230 1551 3448 1615 venisse

1859 1642 2113 1707 fatemur.
2145 1644 2439 1712 Quaeritur
2463 1645 2630 1712 enim,
2671 1647 2718 1704 si
2747 1654 2928 1706 tantus
2969 1661 3227 1710 numerus
3271 1645 3446 1710 homi-

155 1714 344 1797 generi
387 1719 582 1796 merito
622 1723 810 1800 inertis
857 1725 1070 1781 Domini
1119 1731 1450 1800 rependitur.
1505 1731 1572 1786 Et
1617 1741 1748 1790 tunc
1779 1719 1826 1778 Β
1855 1751 1982 1791 num
2011 1736 2064 1798 in
2092 1737 2424 1792 consortium
2452 1737 2704 1796 caelestis
2728 1737 2986 1802 civitatis,
3013 1737 3115 1806 hoc
3137 1745 3244 1802 est,
3273 1735 3445 1792 socie-

154 1804 360 1880 vitnlus
410 1809 689 1884 saginatus
732 1814 1030 1892 adducetur
1076 1827 1132 1874 et
1168 1820 1464 1880 occidetur.
1511 1822 1578 1877 Et
1627 1824 1752 1894 quis

153 1907 242 1950 est
293 1897 380 1956 ille
425 1901 644 1982 vitulus,
678 1905 782 1962 nisi
821 1907 983 1962 homo
1008 1907 1278 1976 Christus,
1313 1922 1534 1983 septena
1571 1917 1748 1972 sancti

155 1989 391 2060 Spiritus
416 1994 589 2066 gratia
627 1995 836 2070 plenus,
878 2000 963 2056 vel
991 2013 1139 2057 certe
1183 2003 1509 2075 pinguedine
1550 2005 1749 2064 literae

152 2083 494 2162 visibilisque
531 2095 757 2146 naturae
790 2089 1167 2150 incrassatus?
1203 2093 1299 2150 llis
1340 2096 1483 2172 enim
1513 2097 1744 2167 duobus,

155 2174 313 2236 litera
361 2177 610 2246 videlicet
656 2189 712 2236 et
744 2181 943 2239 visibili
974 2194 1248 2251 creatura,
1281 2187 1448 2243 veluti
1478 2189 1748 2259 quaedam

151 2266 490 2341 corpulentia
518 2269 724 2326 Christi
749 2277 774 2313 ³
806 2283 1052 2346 apparet,
1084 2277 1338 2346 quoniam
1384 2277 1439 2332 iu
1467 2278 1548 2334 eis
1573 2289 1628 2334 et
1650 2294 1748 2350 per

150 2373 248 2438 eas
294 2360 628 2434 intelligitur,
677 2374 936 2435 quantum
977 2367 1205 2439 intelligi
1253 2378 1450 2439 potest.
1512 2371 1747 2443 Spiritus

151 2433 299 2516 enim
327 2450 459 2522 legis
474 2433 573 2508 Sest
595 2433 866 2522 Christus,
892 2467 937 2512 et
958 2433 1240 2513 invisibilia
1264 2458 1360 2514 Dei
1391 2477 1483 2530 per
1507 2433 1587 2526 ea,
1611 2479 1748 2533 quae

150 2541 296 2610 facta
333 2553 475 2610 sunt,
520 2545 783 2601 intellecta
812 2549 1227 2616 conspiciuntur,
1253 2552 1570 2622 sempiterna
1607 2571 1743 2624 quo—

146 2653 250 2705 que
271 2637 384 2707 ejus
409 2639 573 2693 virtus
595 2652 641 2694 et
668 2642 984 2708 aeternitas;
1020 2658 1134 2706 seu,
1167 2651 1226 2697 ut
1249 2641 1443 2700 beatus
1473 2643 1743 2702 Maximus

149 2728 303 2796 dicit,
331 2732 940 2806 exponensGregorinm
972 2737 1301 2809 Theologum
1326 2740 1380 2795 in
1403 2754 1653 2797 sermone
1677 2743 1742 2800 de
1771 2763 1777 2768 ·

147 2820 446 2883 Nativitate
473 2827 743 2892 dicentem
781 2849 798 2884 ‹
837 2831 1071 2889 Verbum
1097 2845 1375 2891 crassatur
1395 2856 1413 2888 ι
1445 2854 1457 2891 :
1494 2836 1738 2904 Verbum,

147 2915 347 2988 inquit,
368 2919 493 2974 dum
515 2921 579 2976 sit
596 2922 814 2994 simplex
837 2935 882 2980 et
906 2927 1290 3000 incorporeum,
1306 2940 1354 2985 et
1371 2947 1546 3002 omnes
1563 2950 1742 2988 conse-

144 3023 364 3080 quenter
379 3031 442 3067 ac
461 3015 804 3088 spiritualiter
825 3021 1082 3088 nutriens,
1103 3023 1309 3079 divinas
1332 3025 1384 3080 in
1401 3025 1542 3082 caelo
1557 3038 1737 3098 poten-

1859 1829 1985 1886 tatis
2030 1828 2221 1888 beatae
2262 1829 2624 1886 multitudinis
2660 1831 2758 1888 sub
2799 1846 2904 1887 uno
2939 1831 3050 1885 Deo
3080 1829 3324 1897 degentis
3353 1843 3444 1884 re-

1856 1935 2114 1984 versurus
2159 1929 2270 1984 est,
2327 1929 2564 1991 quantus
2611 1920 3099 1992 praevaricantinm
3129 1918 3444 1991 angelorum

1855 2010 1980 2068 inde
2009 2011 2211 2082 lapsus.
2252 2011 2532 2083 Sequitur,
2561 2021 2742 2080 utaut
2771 2011 3132 2082 numerositas
3173 2011 3446 2076 humanae

1852 2102 2318 2174 multiplicationis
2357 2119 2386 2158 a
2432 2105 2609 2176 primo
2663 2103 2881 2170 homine
2936 2119 3108 2174 usque
3156 2103 3228 2176 ad,
3277 2101 3444 2158 ﬁnem

1851 2196 2038 2254 mundi
2069 2204 2214 2252 tanta
2240 2196 2330 2264 sit,
2370 2206 2573 2268 quanta
2607 2206 2978 2266 apostatarum
3004 2195 3340 2267 angelorum,
3368 2195 3444 2252 ita

1850 2298 1912 2345 ut
1955 2289 2170 2359 illorum
2213 2291 2480 2347 caelestes
2520 2289 2702 2359 sedes,
2746 2305 2883 2361 quas
2918 2289 3282 2361 superbieudo
3311 2284 3441 2353 reli-

1852 2392 2108 2450 querant,
2139 2383 2207 2438 ad
2243 2391 2412 2438 totum
2452 2397 2623 2454 genus
2651 2383 2949 2449 humanum
2981 2380 3301 2451 capiendum
3333 2379 3442 2447 illic

1850 2474 2126 2536 redeundo
2165 2476 2520 2532 sull‘ecerint:
2552 2484 2670 2539 aut,
2706 2476 2752 2543 si
2785 2476 2961 2532 minor
3007 2482 3092 2530 est
3131 2473 3442 2540 cadentium

1851 2567 2167 2637 angelorum
2203 2570 2586 2636 numerositaS,
2621 2585 2785 2638 quam
2816 2567 3037 2631 humani
3061 2566 3276 2638 generis
3305 2563 3444 2630 mulo

1852 2658 2125 2728 tiplicilas,
2157 2675 2282 2730 pars
2309 2660 2578 2714 humanae
2599 2668 2828 2714 naturae
2851 2673 2956 2720 non
2983 2657 3310 2722 necessaria,
3333 2669 3444 2724 qua

1851 2747 2144 2806 labentium
2195 2750 2509 2820 angelorum
2557 2764 2848 2820 numerum
2876 2756 3443 2818 exuperat,remane-

1845 2841 1926 2898 bit
1955 2851 2110 2896 extra
2142 2857 2370 2914 superae
2408 2844 2427 2874 ⁷
2457 2841 2696 2911 civitatis
2719 2840 3131 2911 consortium—
3151 2855 3255 2908 non
3295 2836 3442 2898 enim

1847 2931 1972 2992 illuc
2015 2932 2214 3003 poterit
2265 2933 2584 2997 ascendere.
2636 2947 2742 3007 qua
2775 2931 2959 3003 sedem
2989 2945 3100 3002 non,
3130 2929 3325 2986 sinitur
3351 2927 3440 2981 iu-

1843 3029 2032 3094 veuire
2049 3060 2115 3068 —
2136 3045 2261 3100 pars
2288 3038 2491 3096 autem,
2517 3041 2658 3098 quae
2679 3029 2778 3096 eis,
2810 3027 2978 3097 lapsis
3009 3025 3150 3089 dico,
3183 3023 3444 3094 aequipa-

147 3105 254 3160 tias
285 3120 376 3174 per
400 3122 550 3160 suam
581 3109 634 3162 in
670 3126 828 3165 carne
852 3116 1203 3182 praesentiam
1235 3132 1299 3172 ea;
1321 3118 1490 3187 nobis,
1525 3130 1738 3190 propter
1767 3088 1812 3149 Ο
1848 3130 2016 3188 ratur,
2064 3139 2348 3180 rcversura
2391 3133 2505 3189 est;
2559 3139 2622 3177 ac
2659 3139 2755 3192 per
2793 3123 2892 3180 hoc
2928 3122 3315 3180 incuuclalllcl'
3338 3118 3435 3181 da.-

149 3211 264 3260 nos,
292 3199 576 3252 secundum
605 3216 720 3276 nos,
757 3201 867 3256 sine
896 3215 1108 3274 peccato
1143 3207 1427 3282 incrassari
1461 3208 1735 3280 dignatum

145 3296 245 3344 est.
297 3287 447 3354 Quod
489 3299 670 3347 autem
706 3293 807 3368 iste
846 3294 989 3352 illius
1017 3297 1244 3374 ﬁguram
1269 3301 1482 3372 generis
1515 3302 1737 3358 humani

145 3391 341 3456 gestat,
372 3393 430 3438 ut
456 3399 563 3440 non
592 3386 766 3460 dicant
792 3386 1017 3464 Joannis
1038 3391 1412 3463 Chrysostomi
1439 3396 1738 3452 sententias

145 3473 214 3544 de
247 3475 349 3546 hac
384 3475 663 3548 parabole.
703 3481 960 3558 quoniam
1007 3484 1247 3555 prolixae
1290 3493 1437 3558 sunt,
1494 3487 1737 3544 testimo-

144 3566 300 3634 nium
347 3567 492 3640 beati
544 3571 819 3647 Ambrosii
861 3575 913 3630 in
946 3577 1283 3648 expositione
1332 3579 1384 3634 iu
1414 3578 1616 3634 Lucam
1651 3588 1736 3636 sat

142 3666 232 3732 est
264 3674 482 3731 ponere.
513 3661 708 3740 Potest,
735 3665 928 3744 inquit,
959 3670 1011 3724 in
1039 3687 1162 3735 uno,
1188 3671 1300 3726 ﬁlio
1327 3672 1578 3728 videlicet
1608 3689 1733 3744 pro-

142 3749 290 3822 digo,
336 3753 528 3832 species
578 3757 745 3828 accipi
766 3759 971 3829 generis
1002 3761 1240 3816 humani.
1287 3761 1414 3816 Fuit
1448 3765 1641 3830 Adam,
1686 3774 1734 3820 et

141 3839 198 3892 in
224 3838 315 3894 illo
340 3841 535 3909 fuimus
563 3861 776 3912 omnes;
799 3833 950 3917 peri-it
981 3852 1173 3918 Adam,
1203 3864 1250 3907 et
1275 3856 1326 3909 in
1353 3854 1444 3909 illo
1468 3856 1734 3926 perierunt

142 3945 344 3984 omnes.
377 3929 546 3988 Homo
575 3935 736 4006 igitur
777 3939 830 3993 in
858 3939 949 3994 illo
990 3943 1218 4010 homine,
1251 3946 1339 4015 qui
1367 3949 1616 4018 perierat,
1647 3965 1733 4002 re-

140 4021 428 4093 formatur,
454 4036 502 4080 et
531 4027 638 4094 ille,
666 4031 734 4084 ad
763 4032 1162 4090 similitudinem
1186 4039 1281 4092 Dei
1321 4040 1494 4109 factus
1521 4050 1569 4095 et
1600 4043 1734 4096 ima-

139 4113 340 4181 ginem,
381 4117 556 4174 tlivina
589 4122 842 4190 patientia
873 4136 919 4178 et
953 4130 1387 4197 magnanimitate
1432 4144 1730 4202 reparatur.

138 4205 378 4264 Videsne
408 4209 590 4282 igitur,
616 4215 759 4284 quod
790 4215 890 4272 ista
915 4218 1170 4289 parabola
1194 4239 1299 4278 non
1323 4233 1532 4295 partem
1566 4241 1731 4295 gene-

139 4297 222 4354 ris
247 4299 486 4376 humani,
517 4305 612 4361 sed
643 4317 812 4364 totum
839 4315 1254 4370 restanrandum
1288 4332 1407 4372 esse
1437 4318 1490 4372 in
1511 4317 1732 4374 Christo

142 4394 326 4465 typice
365 4395 590 4464 doceat?
623 4400 824 4458 Eadem
856 4405 1232 4476 interpretatio
1261 4420 1343 4464 est
1374 4410 1440 4465 de
1472 4411 1731 4466 drachma

137 4477 376 4557 perdita,
407 4499 460 4546 et
485 4501 608 4563 post
644 4497 982 4554 eversionem
1017 4500 1174 4569 hujus
1209 4503 1413 4570 mundi,
1446 4503 1610 4558 veluti
1638 4519 1733 4561 cu-

130 4579 352 4649 jusdam
398 4583 608 4652 domus,
653 4586 867 4644 inventa
891 4605 920 4658 a
951 4592 1198 4660 muliere,
1239 4595 1330 4654 Dei
1369 4596 1618 4651 videlicet
1645 4614 1732 4652 sa-

136 4673 370 4753 pientia,
407 4693 544 4746 quae
586 4694 704 4734 eam
749 4681 876 4750 iecit
918 4693 972 4738 et
1020 4689 1276 4756 possedit.
1319 4689 1534 4746 Decima
1566 4692 1730 4745 etiam

140 4765 269 4842 ideo
315 4778 676 4839 computatur,
719 4775 972 4843 quoniam
1007 4777 1241 4832 humana
1275 4792 1467 4835 natura
1506 4799 1610 4836 non
1643 4798 1734 4838 so-

137 4855 252 4936 lum
280 4873 470 4914 novem
501 4863 777 4920 ordinibus
808 4867 1118 4937 angelorum
1166 4873 1404 4940 aequalis
1451 4872 1588 4927 facta
1623 4883 1726 4942 cst,

135 4963 333 5004 verum
356 4952 516 5022 ctiam
549 4955 724 5024 nullus
763 4959 1036 5036 angelicus
1069 4963 1202 5017 ordo
1233 4975 1336 5029 est,
1372 4967 1457 5020 cui
1489 4967 1724 5022 humana

136 5048 338 5094 natura
382 5053 502 5113 post
547 5050 999 5107 restaurationem
1036 5051 1054 5083 ⁸
1084 5070 1235 5124 suam
1281 5055 1430 5124 juxta
1476 5058 1733 5132 intelligi.

134 5131 280 5200 biles
307 5135 502 5203 gradus
539 5154 644 5210 non
683 5141 1060 5214 interseratur,
1099 5147 1268 5201 donrc
1301 5146 1594 5217 perfectura
1635 5152 1729 5206 de-

136 5215 357 5300 narium
391 5227 639 5286 caelestis
677 5235 946 5312 compleat
987 5238 1242 5308 civitatis,
1298 5250 1429 5294 teste
1470 5240 1725 5314 Dionysio

131 5315 465 5388 Areopagita
521 5322 573 5376 in
627 5323 764 5381 libro
817 5328 883 5383 de
936 5331 1154 5386 caelesti
1221 5331 1511 5387 lerarchia.
1570 5335 1724 5402 Quod

132 5410 306 5465 etiam
333 5412 380 5467 ei
405 5413 648 5473 futurum
674 5434 816 5488 erat,
843 5423 886 5478 si
919 5439 1024 5478 non
1055 5436 1325 5494 peccaret.
1356 5426 1530 5481 Simili
1563 5419 1725 5484 modo

1840 3215 2005 3281 bitur,
2053 3233 2158 3271 non
2201 3233 2390 3272 omnes
2435 3218 2685 3274 homines
2720 3217 3026 3286 redemptos
3062 3213 3230 3282 fuisse
3261 3213 3315 3266 iu
3345 3226 3433 3279 eo,

1841 3308 2070 3377 quivult
2096 3325 2281 3364 omnes
2327 3311 2576 3365 homines
2604 3309 2626 3340 ⁸
2658 3309 2835 3366 salvos
2864 3309 3003 3373 ﬁeri,
3034 3315 3084 3374 et
3121 3306 3173 3372 iu
3207 3304 3434 3376 agnitio-

1843 3417 1966 3456 nem
1983 3401 2224 3469 veritatis
2242 3403 2447 3466 venire.
2465 3402 2530 3458 Et
2545 3401 2952 3472 quidemjpaene
2977 3414 3168 3455 omnes
3187 3406 3440 3460 auctores

1841 3495 2122 3566 utriusque
2161 3497 2373 3567 linguae
2397 3496 2766 3552 indubitanter
2788 3504 3057 3564 astruunt,
3091 3501 3170 3548 tot
3192 3490 3438 3546 homines

1842 3586 1894 3643 in
1931 3581 2213 3644 caelestem
2243 3590 2520 3644 civitatem
2552 3589 2872 3656 intraturos,
2933 3596 3066 3660 quot
3096 3584 3268 3658 angeli
3301 3582 3440 3656 fugi-

1844 3676 1937 3730 tivi
1960 3679 2027 3734 ab
2056 3693 2118 3734 ea
2157 3680 2360 3752 egressi
2391 3689 2534 3735 sunt.
2567 3680 2701 3736 Etsi
2743 3679 2818 3734 ita
2847 3687 2952 3743 est,
2972 3669 3142 3733 unum
3166 3692 3196 3732 e
3227 3675 3437 3732 duobus

1840 3766 2040 3837 eligere
2078 3783 2353 3838 cogemur,
2397 3778 2491 3824 aut
2531 3769 2812 3840 aequalem
2841 3767 3284 3836 numerositatem
3311 3779 3436 3822 esse

1840 3858 2080 3914 omnium
2140 3859 2418 3915 hominum
2471 3861 2847 3917 numerositati
2900 3861 3164 3915 malorum
3210 3858 3435 3930 angelo-

1840 3964 1984 4014 rum,
2008 3958 2100 4004 aut
2123 3950 2546 4026 numerosiorem
2567 3953 2789 4007 humani
2804 3952 3017 4022 generis
3032 3951 3432 4024 multitudinem

1839 4052 2118 4116 apostatae
2165 4043 2524 4101 multitudinis
2566 4046 2956 4101 numerositate
2984 4086 2998 4111 ,
3049 4061 3113 4099 ac
3176 4059 3273 4114 per
3327 4042 3430 4096 hoc

1838 4149 1946 4188 non
1969 4150 2155 4192 omnes
2182 4136 2534 4193 humanitatis
2554 4139 2846 4209 participes
2865 4137 2932 4192 ad
2953 4135 3274 4212 principium
3299 4147 3430 4189 suae

1840 4227 2164 4284 conditionis
2193 4229 2479 4294 redituros,
2509 4230 2654 4299 quod
2681 4229 3069 4302 praecedentes
3098 4227 3334 4280 rationes
3358 4225 3429 4279 de

1840 4321 2013 4379 salute
2061 4324 2224 4380 totius
2269 4325 2623 4382 humanitatis
2677 4326 2728 4380 in
2779 4323 2997 4382 Christo
3055 4324 3430 4378 incunctanter

1759 4451 1814 4513 D
1839 4416 2126 4471 roboratae
2162 4417 2382 4472 omnino
2402 4417 2687 4488 prohibent
2711 4416 2934 4472 assumi.
3077 4413 3328 4513 quoniam
3360 4411 3430 4513 de

1839 4505 1944 4561 hac
1978 4506 2205 4572 ratione,
2262 4507 2363 4563 hoc
2403 4517 2502 4573 est,
2546 4507 3004 4564 restituendorum
3042 4505 3320 4560 hominum
3369 4509 3425 4558 et

1841 4597 2112 4668 lapsorum
2141 4598 2453 4669 angelorum
2501 4599 2922 4670 comparatione,
2974 4605 3284 4652 sanctorum
3322 4593 3422 4648 Pa-

1840 4699 1980 4743 trum
2032 4692 2326 4746 sententias
2371 4690 2710 4745 introducere
2759 4689 3044 4758 prolixum,
3088 4703 3194 4741 uno
3248 4683 3425 4740 sancti

1839 4781 2019 4837 Patris
2067 4782 2353 4852 Augustini
2406 4782 2715 4836 testimonio
2771 4781 3007 4835 contenti
3057 4780 3226 4835 simus
3274 4780 3317 4830 ⁸.
3363 4776 3422 4831 lu

1836 4873 2013 4944 primo
2034 4874 2269 4944 capitulo
2290 4873 2529 4929 vicesimi
2561 4873 2780 4930 secundi
2813 4873 2933 4929 libri
2961 4874 3027 4928 de
3049 4872 3278 4928 Civitatc
3302 4869 3422 4934 Dei,

1841 4966 1907 5020 de
1944 4976 2139 5020 natura
2191 4967 2516 5022 daemonum
2565 4981 2858 5034 eorumque
2914 4964 3062 5034 lapsu
3112 4963 3423 5031 disputans‘

1843 5059 2078 5126 Natura,
2111 5061 2302 5132 inquit,
2338 5077 2469 5128 quae
2509 5059 2769 5129 frueretur
2808 5059 2932 5122 Deo,
2978 5059 3225 5128 optimam
3257 5071 3309 5107 se
3340 5056 3421 5106 in-

1838 5153 2076 5208 stitutam
2108 5153 2254 5207 docet
2295 5153 2453 5206 etiam
2500 5153 2612 5221 ipso
2659 5152 2804 5216 vitio,
2837 5150 2974 5222 quod
3017 5149 3059 5179 ¹⁰
3089 5149 3202 5202 ideo
3232 5146 3418 5200 miser-

1835 5255 1931 5311 est,
1963 5248 2087 5316 quia
2116 5261 2220 5300 non
2257 5243 2454 5312 fruitur
2490 5242 2621 5310 Deo,
2661 5243 2748 5314 qui
2778 5259 2956 5296 casum
2999 5239 3302 5310 angelorum
3334 5254 3390 5289 ro

1835 5321 2127 5397 (antarium
2178 5342 2475 5412 justissima
2510 5358 2673 5412 poena
2714 5340 3056 5410 senuiiternae
3097 5335 3416 5405 infelicitatis

1835 5433 2137 5499 obstrinxit,
2186 5444 2340 5505 atque
2390 5436 2445 5488 in
2495 5450 2556 5489 eo
2601 5449 2801 5488 summo
2841 5432 2970 5486 bono
3003 5427 3424 5501 permanentibus

1477 5543 1732 5600 VARIAE
1767 5545 2062 5622 LECTION
2069 5548 2175 5604 ES.

214 5645 231 5676 ¹
264 5646 307 5700 Α
353 5647 575 5705 duobus.
653 5650 924 5732 ’ἔφερε
983 5653 1093 5732 fit
1127 5655 1323 5711 Christi
1367 5658 1711 5732 cprpulentia.
1791 5659 1812 5690 ⁸
1856 5661 1941 5716 CF
2002 5673 2125 5732 post
2177 5663 2605 5718 resurrectionem
2658 5659 2945 5732 $11391..ka
2969 5658 3037 5732 Α
3071 5673 3240 5727 mque.
3321 5655 3341 5686 ⁸

131 5733 330 5775 manus
363 5732 585 5778 nostras.
660 5733 680 5764 ⁷
706 5723 796 5781 Sic
822 5723 905 5783 CF
923 5743 939 5794 ;
969 5725 1012 5781 A
1039 5745 1310 5798 supernae.

1389 5729 1411 5761 ⁸
1431 5729 1666 5785 homines
1687 5746 1796 5788 om.
1830 5733 1894 5786 A.

1983 5729 2102 5790 θἈ.
2135 5735 2377 5796 contenti
2401 5749 2600 5790 sumus.
2681 5732 2723 5764 ¹⁰
2747 5729 2837 5787 Sic
2862 5729 2982 5795 CF;
3017 5731 3058 5783 Α
3086 5746 3206 5787 ano.
