4008 6286
529 321 670 389 1607

1902 316 2193 383 JOANNIS
2230 321 2432 381 SCOTI

3673 324 3824 383 toea

527 442 729 507 ceteris,
762 448 820 495 ut
849 440 916 496 de
953 452 1052 495 sua
1101 434 1215 495 sine
1241 432 1348 509 ﬁne
1365 437 1731 511 permansione
1771 438 1899 494 certi
1926 446 2111 504 essent,
2141 440 2196 500 Α
2219 451 2351 492 vero
2396 434 2632 504 uberior,
2693 434 3001 494 uberiorem
3028 433 3295 508 'prot'ecto
3341 435 3555 493 laudem
3606 440 3830 510 gratiae

527 542 777 603 tanquam
816 532 987 604 ipsum
1028 530 1319 601 praemium
1357 531 1628 586 scientiam
1673 531 1691 561 ί
1730 530 2115 603 permansionis

528 624 691 688 dedit,
732 623 824 695 qui
864 623 985 693 fecit
1015 623 1279 678 hominem
1334 623 1493 678 etiam
1540 623 1714 694 ipsum
1751 632 1949 677 rectum
1996 637 2115 676 cum

525 715 708 771 eodem
733 714 897 770 libero
932 715 1173 782 arbitrio,
1217 723 1483 770 terrenum
1519 716 1732 787 quidem
1772 715 1994 783 animal,
2024 715 2114 772 sed

528 808 675 864 caelo
724 809 962 880 dignum,
1002 809 1049 863 si
1107 823 1206 863 suo
1266 807 1563 864 cohaereret
1612 809 1854 877 auctori,
1902 809 2117 865 miseria

524 900 790 968 similiter,
819 902 865 956 si
883 917 1003 956 eum
1042 901 1321 969 desereret,
1351 901 1524 973 qualis
1550 913 1772 957 naturae
1805 901 2116 973 ltujusmodi

526 993 858 1059 conveniret;
893 1009 1047 1064 quem
1092 993 1330 1048 uidelicet
1377 994 1823 1065 praevaricatione
1849 993 1976 1065 legis
2015 992 2117 1048 Dei

521 1100 618 1153 per
653 1084 749 1138 Dei
774 1084 1120 1139 desertionem
1148 1094 1486 1155 peccaturum
1521 1087 1542 1117 ³
1568 1102 1682 1141 esse
1730 1088 2048 1158 praescierat
2069 1085 2111 1142 ³.

527 1171 642 1229 Nec
664 1173 747 1230 illi
775 1176 970 1231 ademit
993 1176 1147 1232 liberi
1169 1178 1375 1233 arbitrii
1392 1186 1717 1249 potestatem,
1742 1177 1900 1233 simul
1912 1179 2119 1249 praeui-

528 1267 679 1334 dens,
715 1269 843 1340 quid
866 1269 988 1324 boni
1029 1270 1093 1324 de
1128 1268 1268 1325 malo
1291 1269 1407 1341 ejus
1446 1281 1579 1326 esset
1601 1272 1712 1343 ipse
1740 1273 1999 1341 facturus,
2026 1269 2119 1342 qui

525 1360 594 1415 de
618 1362 831 1416 mortali
843 1363 1108 1433 progenie,
1132 1362 1318 1419 merito
1344 1365 1590 1436 justeque
1612 1364 1886 1430 damnata,
1912 1373 2118 1418 tantum

522 1451 774 1523 populum
796 1453 972 1524 gratia
1010 1470 1112 1509 sua
1147 1453 1377 1526 collegit,
1409 1455 1549 1509 unde
1579 1453 1817 1525 suppleat
1842 1463 1890 1508 et
1915 1454 2119 1509 instau-

523 1553 602 1598 ret
621 1553 840 1614 partem,
867 1561 1000 1616 quae
1040 1546 1191 1616 lapsa
1220 1555 1316 1614 est,
1358 1545 1689 1618 angelorum,
1716 1563 1779 1600 ac
1801 1544 1877 1601 sic
1901 1544 1996 1600 illa
2027 1545 2120 1600 de-

525 1634 659 1690 lecta
682 1645 730 1691 et
757 1653 986 1709 superna
1013 1639 1198 1694 civitas
1238 1656 1455 1695 numero
1482 1640 1675 1695 civium
1712 1655 1816 1694 non
1842 1637 2121 1709 fraudare-

526 1739 636 1799 tur,
663 1732 790 1803 quin
829 1733 988 1789 etiam
1023 1734 1266 1805 fortassis
1290 1744 1339 1791 et
1365 1735 1604 1791 uberiore
1624 1735 1929 1790 laetaretur.
1967 1733 2117 1802 Quae

526 1819 641 1876 sola
686 1823 965 1880 conclusio
1003 1826 1334 1882 sanctissimi
1390 1826 1634 1898 magistri
1660 1823 1936 1880 suffecerit
1962 1822 2121 1879 nobis

527 1914 598 1968 ad
626 1913 1059 1988 intelligendum,
1104 1919 1409 1974 uberiorem
1440 1933 1726 1974 numerum
1774 1916 1997 1972 humani
2026 1931 2121 1987 ge-

526 2007 677 2063 neris
706 2008 760 2063 in
790 2018 1035 2065 sanctam
1066 2010 1343 2067 civitatem
1366 2010 1654 2067 caelestem
1678 2025 2024 2066 reversurum
2052 2023 2119 2064 eo

527 2113 781 2166 numero,
812 2100 903 2169 qui
931 2116 996 2155 ex
1038 2116 1100 2156 ea
1138 2101 1320 2173 lapsus
1362 2111 1465 2159 est.
1493 2102 1562 2158 Et
1589 2102 1641 2157 id
1683 2105 1854 2173 ipsum
1884 2103 2121 2159 arbitror

524 2189 696 2246 David
722 2193 1041 2264 prophetam
1090 2196 1289 2252 dixisse
1318 2211 1332 2250 :
1364 2196 1707 2262 Annuntiavi,
1737 2197 1930 2267 inquit,
1962 2208 2008 2251 et
2040 2196 2118 2251 lo-

526 2294 679 2340 cutus
717 2303 855 2353 sum,
888 2287 1229 2359 multiplicati
1257 2299 1380 2344 sunt
1424 2307 1580 2362 super
1600 2306 1895 2345 numerum.
1930 2291 2007 2347 De
2033 2290 2120 2347 his

526 2376 672 2430 enim
705 2376 855 2441 dixit,
885 2378 975 2448 qui
1003 2392 1103 2448 per
1130 2378 1457 2435 sacriﬁcium
1487 2380 1732 2451 corporis
1761 2381 1970 2436 Domini
1995 2396 2123 2452 pur-

528 2467 637 2538 gati
681 2475 735 2522 et
760 2471 1024 2540 redempti
1060 2480 1206 2537 sunt,
1248 2473 1340 2544 qui
1393 2474 1732 2545 multiplicati
1784 2483 1911 2530 sunt
1957 2491 2121 2547 super

525 2571 814 2613 numerum
858 2561 1184 2632 angelicum,
1232 2577 1331 2633 per
1354 2564 1661 2634 superbiam
1708 2566 1867 2620 unius
1900 2565 2121 2637 refugae

528 2655 596 2709 de
647 2651 992 2711 beatitudinis
1047 2655 1217 2728 gloria
1259 2667 1526 2714 ruentem.
1580 2658 1734 2727 Quod
1780 2661 2123 2731 apertissime

526 2762 764 2818 sequens
813 2763 1003 2804 versus
1057 2749 1337 2807 insinuat:
1401 2750 1754 2823 Sacriﬁcium,
1815 2754 2012 2823 inquit,
2070 2762 2120 2809 et

528 2838 846 2896 oblationem
877 2842 1129 2909 noluisti;
1152 2859 1341 2915 corpus
1373 2854 1550 2898 autem
1572 2844 1835 2915 perfecisti
1867 2846 2000 2899 mihi
2027 2846 2123 2899 ho-

525 2933 843 2990 locaustum.
872 2936 954 2992 Ac
982 2937 1027 2992 si
1058 2937 1264 2993 diceret
1291 2951 1309 2993 :
1357 2937 1685 2994 sacriﬁcium
1722 2938 1855 3009 legis
1884 2946 1938 2993 et
1964 2938 2118 2994 obla-

524 3028 729 3083 tionem
755 3044 854 3100 pro
878 3029 1197 3101 purgatione
1221 3037 1276 3086 et
1323 3031 1693 3100 redemptione
1720 3031 1927 3101 peccati
1960 3044 2124 3100 gene-

521 3118 602 3174 ris
651 3120 876 3175 humani
946 3120 1077 3177 dare
1144 3121 1387 3189 noluisti,
1442 3138 1640 3193 corpus
1690 3132 1867 3179 autem
1919 3122 2121 3178 Christi

520 3210 799 3281 perfecisti
831 3213 985 3279 mihi,
1018 3214 1122 3269 hoc
1167 3223 1272 3281 est,
1316 3229 1415 3285 pro
1462 3231 1550 3271 me
1587 3215 1959 3271 holocaustum
2000 3215 2122 3279 igne

522 3306 794 3376 passionis
833 3308 886 3362 in
915 3307 1087 3363 altare
1131 3308 1339 3372 crucis;
1379 3323 1445 3363 ac
1483 3321 1580 3379 per
1609 3308 1712 3364 hoc
1759 3321 1858 3379 pro
1897 3315 2122 3378 peccato

525 3408 716 3455 nostro
769 3399 903 3455 nihil
951 3400 1097 3456 aliud
1156 3400 1462 3471 postulasti.
1519 3400 1937 3471 Superabundat
1977 3400 2120 3456 enim

526 3493 702 3562 gratia
728 3492 983 3548 delictum
1011 3510 1025 3559 ;
1058 3494 1563 3565 incomparabiliter
1596 3496 1793 3566 quippe
1824 3494 1942 3562 plus
1965 3494 2124 3551 nobis

526 3584 757 3639 contulit
794 3583 997 3640 Christi
1018 3586 1204 3657 passio
1228 3586 1294 3642 ad
1320 3586 1509 3653 vitam,
1548 3600 1713 3655 quam
1742 3586 1912 3642 Adam
1938 3594 2121 3642 trans-

525 3678 736 3749 gressio
764 3678 830 3733 ad
857 3689 1110 3734 mortem.
1145 3679 1272 3735 Sive
1298 3680 1484 3751 itaque
1511 3680 1755 3752 aequalis
1777 3680 1847 3737 sit
1866 3695 2124 3736 numerus

523 3770 1022 3840 praevaricantium
1064 3773 1348 3828 hominum
1379 3781 1435 3829 et
1477 3773 1814 3846 angelorum,
1849 3773 1965 3829 sive
1994 3774 2121 3829 ube-

524 3859 640 3916 rior
664 3869 720 3917 et
748 3861 1116 3934 multiplicior,
1160 3864 1235 3919 nil
1266 3864 1445 3922 obstat
1477 3866 1725 3932 credere,
1758 3874 1930 3922 totum
1956 3878 2127 3937 genus

524 3955 822 4009 humanum
851 3964 906 4010 et
934 3955 988 4011 iu
1016 3955 1236 4014 Christo
1271 3958 1636 4029 redemptum,
1672 3967 1728 4013 et
1751 3957 1804 4012 in
1836 3956 2127 4012 caelestem

522 4045 824 4104 Jerusalem
887 4064 1256 4107 reversurum.
1301 4049 1358 4106 Si
1406 4053 1552 4108 enim
1606 4050 1848 4123 aequalis
1890 4050 1962 4107 sit
1991 4048 2034 4117 ‘,
2067 4058 2129 4106 ut

524 4139 733 4206 multis,
776 4140 868 4211 qui
895 4141 961 4197 de
1002 4142 1200 4199 talibus
1238 4152 1494 4210 tractant,
1526 4143 1763 4211 videtur,
1794 4144 1861 4200 ad
1910 4144 2124 4201 laudem

526 4231 885 4304 redemptoris
936 4235 1107 4291 nostri
1154 4237 1175 4269 ⁸
1217 4236 1523 4303 sull‘ecerit,
1574 4238 1726 4308 cujus
1786 4240 2126 4309 providentia

527 4329 739 4378 tantum
763 4326 1036 4384 humanae
1060 4331 1467 4386 numerositatis
1492 4332 1917 4402 praeordinavit,
1952 4349 2124 4405 quan-

526 4420 642 4469 tum
675 4426 860 4486 posset
908 4420 1092 4474 mundi
1141 4419 1301 4490 hujus
1342 4421 1578 4493 Principi
1633 4424 1917 4492 insultare,
1958 4441 1988 4480 a
2019 4442 2128 4497 quo

2217 519 2390 598 ipsius
2426 528 2685 584 debemus
2712 529 2733 561 ⁷
2767 529 2997 596 solvere,
3042 529 3135 600 qui
3165 544 3274 585 non
3305 527 3480 586 solum
3507 531 3831 600 possessio-

2217 634 2317 678 nes
2334 621 2543 693 antiqui
2566 622 2737 678 nostri
2769 622 2942 679 hostis
2967 622 3123 679 nobis
3145 622 3200 677 in
3226 621 3382 679 caelo
3400 620 3611 688 divisit,
3627 637 3828 678 verum

2217 712 2384 770 etiam
2426 715 2830 771 numerosiores
2874 730 2975 771 nos
3008 715 3075 771 ad
3120 714 3516 771 habitationem
3564 715 3832 773 caelestis

2217 807 2428 879 patriae
2451 809 2797 879 praeparavit
2823 806 2928 874 bis,
2952 807 3043 878 qui
3080 824 3142 864 ea
3187 808 3324 879 lapsi
3362 818 3513 864 sunt.
3543 807 3631 865 De
3660 822 3832 881 gene-

2219 897 2318 952 rali
2368 898 2543 953 reditu
2580 899 2631 953 in
2687 898 2994 970 paradisum
3040 898 3289 971 praefata
3346 897 3628 956 suﬂlciunt
3658 914 3828 971 para.

2220 989 2475 1059 digmata,
2511 997 2567 1045 ut
2608 990 2821 1061 opinor.
2849 989 2996 1047 Dtsc.
3043 988 3329 1047 Sufﬁciunt
3380 989 3587 1062 plane;
3640 990 3830 1047 omnia

2220 1082 2362 1137 enim
2385 1082 2569 1137 talium
2589 1082 2852 1154 symbola,
2874 1097 3015 1154 quae
3040 1083 3270 1155 sparsim
3288 1098 3479 1140 sacrae
3497 1081 3833 1153 Scriptum

2220 1175 2383 1232 insita
2414 1184 2558 1242 sunt,
2582 1176 2636 1232 in
2662 1194 2827 1233 unum
2862 1178 3115 1250 colligere
3152 1187 3209 1234 et
3236 1178 3455 1251 longum
3486 1189 3598 1244 est,
3625 1188 3685 1234 et
3714 1178 3828 1233 for-

2221 1270 2382 1325 tassis
2408 1269 2771 1326 fastidiosum.
2799 1269 3004 1327 Vellem
3031 1280 3212 1328 tamen
3239 1273 3396 1338 scire,
3431 1272 3568 1343 quid
3591 1272 3829 1328 senioris

2222 1361 2319 1417 ﬁlii
2371 1362 2573 1419 invidia
2629 1363 2889 1421 adversus
2937 1363 3423 1421 adolescentiorem
3488 1364 3559 1420 ad
3612 1372 3828 1435 patrem

2223 1468 2383 1508 suum
2412 1463 2795 1524 revertentem,
2835 1455 3113 1527 vituloque
3164 1456 3411 1529 saginato
3464 1455 3661 1511 occiso
3694 1470 3828 1526 epu-

2224 1542 2424 1599 lantem
2446 1545 2705 1603 insinuat.
2730 1546 2954 1602 Multum
2989 1547 3257 1617 siquidem
3292 1562 3381 1603 me
3404 1555 3622 1613 movet,
3652 1547 3699 1603 si
3726 1546 3828 1602 duo

2223 1637 2298 1692 illi
2327 1637 2525 1694 fratres
2563 1639 2857 1695 humanam
2886 1640 3296 1712 angelicamque
3332 1649 3596 1695 naturam
3628 1638 3828 1711 signiﬁ-
3925 1678 3945 1691 .

2224 1741 2372 1798 cant,
2405 1732 2582 1803 qualis
2630 1733 2831 1789 invidia
2862 1733 3129 1789 bonorum
3174 1731 3495 1804 angelorum
3539 1731 3617 1786 de
3658 1730 3829 1786 salute

2146 1803 2445 1878 Bhumani
2503 1825 2717 1895 generis
2764 1823 3103 1897 intelligitur,
3156 1803 3330 1895 deque
3379 1822 3503 1894 ejus
3550 1820 3735 1878 reditu
3762 1821 3828 1875 ad

2222 1917 2437 1973 Patrem
2469 1933 2647 1986 suum,
2680 1919 2833 1990 cujus
2860 1918 3241 1983 substantiam,
3293 1917 3398 1974 hoc
3421 1926 3530 1985 est,
3576 1915 3829 1988 imaginis

2222 2009 2450 2082 gratiam
2503 2010 2556 2064 in
2607 2009 2732 2065 villa
2770 2010 3017 2067 mortalis
3062 2010 3221 2079 hujus
3248 2009 3395 2065 vitae
3427 2008 3690 2084 serviens
3715 2007 3825 2061 dia-

2222 2103 2346 2160 bolo
2372 2103 2650 2174 dissipavit
2675 2117 2722 2158 ει.
2754 2103 3010 2177 Legimus
3039 2104 3206 2168 enim,
3245 2111 3469 2159 sanctos
3506 2101 3736 2173 angelos
3762 2100 3827 2156 de

2223 2196 2445 2252 interitu
2496 2197 2729 2252 hominis
2776 2196 3089 2264 condolere,
3124 2196 3174 2251 ei
3227 2205 3411 2251 autem
3452 2194 3709 2250 invidere
3738 2208 3827 2248 ue-

2223 2303 2534 2359 quaquam;
2589 2289 2843 2345 concivcs
2888 2290 3033 2345 enim
3082 2297 3209 2345 sunt
3255 2288 3513 2344 caelestis
3569 2286 3821 2350 civitatis,

2222 2388 2590 2450 paternaeque
2615 2381 2951 2437 substantiae
2979 2391 3033 2437 et
3080 2381 3437 2437 haereditatis
3459 2389 3822 2449 possessores.

2222 2474 2301 2532 De
2376 2485 2591 2546 reperta
2670 2478 2868 2548 quippe
2929 2488 3050 2541 ove,
3128 2474 3290 2545 inque
3346 2473 3599 2528 humeris
3654 2479 3825 2542 pasto-

2225 2569 2300 2625 ris
2369 2568 2453 2624 sui
2525 2569 2748 2625 reducta
2782 2610 2796 2635 ,
2875 2567 3148 2641 angelicas
3188 2566 3418 2621 virtutes
3479 2562 3824 2634 congratula-

2224 2665 2270 2720 ri
2329 2664 2588 2719 Dominus
2631 2665 2746 2734 ipse
2802 2671 3067 2729 testatur,
3118 2674 3219 2734 per
3260 2676 3433 2715 unum
3484 2666 3824 2729 peccatores

2224 2756 2517 2812 humanum
2579 2771 2750 2828 genus
2796 2755 2820 2788 ⁸
2882 2756 3184 2814 insinuans.
3244 2755 3314 2809 Et
3358 2753 3405 2809 si
3452 2751 3646 2808 senior
3692 2748 3825 2803 ﬁlius

2223 2849 2629 2905 universitatem
2710 2849 2974 2904 bonorum
3060 2845 3374 2919 angelorum
3454 2840 3826 2915 symbolizat,

2224 2940 2496 3011 quomodo
2545 2938 2616 2994 de
2653 2953 2783 3010 agro
2829 2938 3029 3010 legitur
3063 2937 3299 3000 venisse,
3344 2933 3697 3002 haedumque
3736 2943 3826 3000 po-

2223 3033 2432 3089 stulans
2457 3032 2599 3103 patri
2629 3033 3042 3096 succensuisse,
3088 3037 3381 3099 ceteraque
3422 3024 3709 3096 angelicae
3734 3036 3823 3077 ca-

2227 3124 2377 3180 ritati
2408 3123 2810 3197 repugnantia?
2840 3122 2978 3180 MAG.
3028 3120 3241 3178 Nodum
3286 3117 3447 3189 hujus
3486 3112 3825 3186 quaestionis

2150 3196 2195 3261 (ἶ
2228 3220 2295 3275 ad
2327 3196 2643 3275 solvendum
2674 3217 2942 3274 dimcilem
2990 3232 3099 3272 uno
3146 3215 3308 3270 modo
3337 3213 3579 3269 arbitror
3602 3206 3825 3265 enodari

2224 3327 2413 3384 posse,
2442 3311 2534 3382 qui
2565 3310 2945 3381 parabolarum
2977 3308 3238 3365 transitus
3275 3305 3461 3362 vocari
3488 3310 3696 3375 potest.
3730 3299 3827 3355 Pa~

2228 3406 2538 3461 rabolarum
2566 3404 2835 3475 siquidem
2864 3403 3005 3459 duae
3030 3402 3242 3473 species
3263 3407 3411 3456 sunt.
3443 3396 3691 3467 Quarum
3721 3406 3827 3447 una

2227 3505 2342 3563 est,
2372 3512 2512 3567 quae
2537 3496 2859 3552 continuum
2885 3495 3130 3567 vigorem
3162 3490 3601 3559 unilormemque
3624 3488 3700 3541 de
3722 3497 3829 3540 una

2227 3588 2525 3659 eademque
2554 3603 2613 3643 re
2642 3588 2846 3659 absque
2891 3586 3011 3641 ullo
3040 3584 3274 3641 transitu
3301 3584 3357 3638 in
3400 3581 3563 3636 aliam
3592 3578 3827 3648 ﬁguram

2228 3685 2474 3752 obtinet,
2507 3684 2710 3751 altera,
2740 3697 2879 3754 quae
2908 3682 3197 3739 transitum
3232 3680 3285 3734 in
3324 3678 3571 3734 diversas
3600 3671 3826 3729 confor-

2228 3786 2342 3833 mat
2371 3777 2573 3847 ﬁguras
2592 3817 2605 3842 ,
2636 3790 2742 3846 qua
2774 3774 2956 3845 specie
2983 3772 3183 3828 multos
3209 3778 3522 3827 sanctorum
3563 3764 3826 3829 Patrum,

2228 3874 2577 3944 maximeque
2630 3872 2847 3928 beatum
2901 3871 3248 3928 Ambrosium
3306 3870 3449 3925 hanc
3504 3864 3829 3939 parabolae:

2230 3966 2552 4036 exposuisse
2603 3966 2989 4037 comperimus.
3056 3965 3240 4021 Prima
3295 3963 3477 4033 itaque
3529 3957 3829 4030 parabolae

2229 4075 2390 4133 pars,
2443 4076 2584 4132 quae
2637 4061 2689 4116 in
2737 4060 3003 4117 divisione
3050 4069 3312 4132 paternae
3353 4051 3736 4117 substantiae,
3779 4058 3830 4106 et

2230 4156 2464 4211 senioris
2505 4155 2600 4210 ﬁlii
2632 4170 2754 4211 cum
2783 4165 2937 4224 patre
2964 4151 3396 4226 perseverantia,
3432 4144 3828 4204 adolescentio-

2231 4248 2416 4320 risque
2463 4246 2901 4318 peregrinatione
2931 4287 2948 4313 ,
2999 4245 3171 4317 partis
3221 4256 3436 4315 quoque
3481 4236 3828 4295 substantiae

2231 4356 2393 4407 suae,
2427 4354 2590 4411 quam
2623 4355 2651 4392 a
2682 4347 2836 4410 patre
2880 4345 3231 4410 susceperat,
3261 4332 3646 4405 dissipatione,
3682 4334 3828 4384 cete-

2231 4434 2416 4505 risque
2444 4431 2836 4496 incommodis,
2865 4444 3005 4499 quae
3031 4443 3217 4485 casum
3246 4422 3603 4483 humanitatis
3635 4425 3828 4476 secuta

533 4521 638 4561 non
668 4510 840 4563 solum
887 4520 1056 4565 totum
1104 4528 1327 4581 regnum
1371 4524 1591 4571 nostrae
1630 4526 1856 4575 naturae
1882 4520 2128 4597 abstulit,
2157 4561 2212 4621 D
2239 4537 2397 4596 sunt,
2442 4525 2829 4597 complasmata
2870 4531 2989 4589 est,
3017 4521 3285 4593 duplicem
3327 4519 3713 4574 incuncunlel'
3736 4529 3829 4568 1³³-

538 4616 726 4656 verum
754 4603 915 4657 etiam
950 4603 1067 4673 ejus
1097 4605 1509 4673 haereditatem,
1541 4622 1607 4662 ex
1638 4623 1743 4677 qua
1790 4609 2004 4667 inﬂatus
2029 4627 2120 4667 su-

535 4692 722 4765 perbia
750 4693 990 4764 dejectus
1033 4695 1052 4726 ⁸
1082 4708 1185 4761 est,
1220 4696 1374 4753 nobis
1418 4698 1470 4752 in
1525 4707 1799 4754 aeternam
1829 4703 2125 4772 possessio-

528 4801 655 4841 nem
681 4786 976 4855 distribuit,
1014 4799 1074 4844 ut
1102 4790 1330 4860 duplicis
1378 4791 1633 4848 tristitiae
1684 4807 1854 4863 poena
1905 4802 2124 4865 torque-

529 4887 701 4947 retur,
751 4897 854 4936 una
904 4882 1141 4953 quidem,
1193 4899 1297 4954 qua
1348 4885 1498 4956 regni
1556 4886 1658 4950 sui.
1709 4887 1850 4956 quod
1886 4887 2120 4958 primum

532 4973 805 5029 hominem
853 4974 1158 5030 seduceudo
1208 4977 1432 5046 adeptus
1480 4985 1584 5043 est,
1624 4976 1769 5046 iuste
1830 4979 2124 5038 amissione

530 5064 827 5119 secundum
872 5066 1145 5121 hominem
1184 5067 1481 5123 occidendo
1521 5067 1749 5138 injuste;
1782 5069 1977 5137 altera,
2015 5087 2123 5143 qua

531 5155 765 5215 inimicis
802 5161 915 5216 suis
959 5162 1248 5217 caelestem
1289 5176 1442 5216 suam
1498 5162 1909 5230 hacredilatem,
1959 5180 2122 5235 quam

531 5248 865 5318 deseruerat,
915 5254 1314 5326 possidentibus
1361 5255 1648 5311 invidendo
1685 5256 1978 5313 cruciatur.
2025 5256 2123 5314 Sin

2238 4632 2414 4677 turam
2436 4661 2449 4683 ,
2480 4615 2904 4674 intellectualem
2929 4614 3048 4671 dico
3076 4614 3132 4668 in
3158 4610 3366 4681 angelis
3408 4618 3462 4664 et
3503 4605 3827 4663 rationale-

2232 4714 2288 4769 in
2317 4711 2632 4768 hominibus
2652 4751 2666 4777 ,
2698 4708 2974 4779 speciﬁcat
3001 4725 3016 4775 ;
3047 4708 3100 4763 in
3132 4706 3447 4763 reversione
3470 4710 3661 4758 autem
3702 4714 3828 4773 pro-

2231 4802 2342 4875 digi
2369 4800 2464 4857 ﬁlii
2492 4799 2748 4871 parabola
2782 4800 3009 4855 inchoat
3038 4796 3325 4854 transitum
3353 4794 3555 4851 facere.
3583 4790 3716 4863 Ipsa
3755 4790 3828 4847 εἰ·

2231 4894 2450 4965 quidem
2480 4894 2720 4949 reversio
2744 4891 3032 4947 bilormem
3061 4887 3460 4960 interpretandi
3491 4885 3695 4955 recipit
3716 4898 3830 4939 nro-

2230 4988 2357 5042 dum
2392 5000 2406 5039 :
2455 4985 2775 5056 intelligitur
2819 4984 2965 5039 enim
2994 4980 3321 5054 generaliter
3351 4980 3420 5035 de
3448 4978 3626 5034 reditu
3662 4976 3828 5032 totius

2229 5079 2456 5134 humani
2486 5077 2702 5150 generis
2736 5084 2961 5148 propter
2998 5074 3151 5131 vituli
3187 5072 3419 5144 saginati
3457 5069 3827 5131 occisionem,

2232 5171 2437 5229 Christi
2465 5171 2715 5228 videlicet
2740 5187 2839 5242 pro
2869 5170 3042 5226 salute
3064 5168 3235 5225 totius
3260 5166 3449 5223 mundi
3474 5164 3823 5237 passionem;

2232 5272 2289 5321 et
2318 5263 2649 5335 specialiter,
2677 5263 2773 5321 ubi
2812 5261 3074 5320 transitus
3108 5259 3456 5332 parabolicae
3499 5257 3713 5329 ﬁgurae
3750 5252 3829 5309 iu-

1823 5395 2082 5453 VARIAE
2120 5397 2528 5456 LECTIONES.

531 5572 579 5631 Δ
619 5577 721 5632 sui.

601 5505 624 5538 ⁸
659 5506 935 5609 scientiam
982 5522 1093 5562 om.
1146 5508 1235 5591 Α..
1288 5511 1309 5541 ⁷
1363 5507 1447 5564 CF
1502 5517 1827 5592 peccatorem
1869 5511 2008 5567 ess‘e.
2085 5509 2108 5543 ³
2149 5510 2242 5595 Sic
2293 5512 2419 5577 CF;
2470 5512 2517 5567 A
2535 5511 2867 5638 fraesciret.
2942 5510 3065 5567 "sit
3116 5525 3228 5568 om.
3296 5509 3406 5566 CF.
3482 5508 3507 5541 '
3544 5504 3640 5563 Sic
3701 5501 3826 5573 CF,

619 5594 721 5632 sui.
853 5576 1047 5634 StcA:
1075 5578 1378 5638 Cadrectus
1401 5586 1521 5638 est:
1560 5578 1600 5634 F
1634 5581 1868 5638 abiectus
1917 5591 2022 5637 est.
2100 5582 2123 5616 ⁷
2151 5581 2242 5637 διο
2292 5582 2377 5638 CF
2404 5600 2418 5615 ’
2461 5582 2506 5638 Α
2571 5584 2857 5638 eberemus.
2934 5583 2959 5618 ⁸
2987 5583 3221 5638 Aaenus
3251 5583 3564 5638 humanum.

801 5577 822 5609 ‘
853 5576 944 5633 Sic
968 5580 1047 5634 A:
1075 5578 1117 5635 C
1140 5578 1378 5650 adjectus
1401 5576 1521 5647 est;
1560 5578 1600 5634 F
1634 5581 1868 5650 abjectus
1917 5591 2022 5637 est.
2100 5582 2123 5616 ⁷
2151 5581 2242 5637 Sic
2292 5582 2377 5638 CF
2404 5576 2418 5615 4
2461 5582 2506 5639 A
2535 5576 2598 5667 de

2600 5584 2857 5640 beremus.
2934 5583 2959 5618 ⁸
2987 5583 3035 5641 Δ
3056 5598 3221 5656 genus
3251 5583 3564 5638 humanum.

2056 5692 2308 5752 NOTAE.

599 5798 628 5831 ⁸
658 5790 894 5851 Verbis:
939 5795 994 5853 in
1053 5794 1179 5850 villa
1224 5792 1462 5849 mortalis
1509 5792 1670 5863 hujus
1715 5793 1854 5849 vitae
1899 5793 2125 5848 serviens
2162 5792 2371 5848 diabolo
2409 5794 2888 5865 dissiparitﬁuitur
2910 5791 3031 5849 cod.
3062 5789 3126 5847 C.
