4008 6286
213 304 363 370 1009
772 304 776 306 Ὗ
1042 311 1134 371 DE
1168 312 1510 372 DIVISIONE
1547 312 1905 375 NATURAE.
1945 318 2016 362 '—-
2049 314 2250 376 LIBER
2290 318 2614 389 QUINTUS.
3363 322 3503 385 lOiO

210 433 378 504 cipit,
419 431 488 489 de
528 429 953 507 reditugentilis
992 433 1207 505 populi,
1239 436 1394 507 quasi
1416 435 1651 506 junioris
1692 436 1810 506 ﬁlii,
1838 441 1890 501 Α
1917 437 2367 509 philosophorum
2418 441 2642 497 semitas
2689 439 2967 513 carpentis
3017 439 3087 509 ιθ,
3116 441 3384 514 exposita,
3434 443 3502 499 de

212 541 316 598 per
344 524 511 580 ﬁdem
541 524 745 581 Christi
775 526 843 582 ad
872 525 1090 584 Patrem
1130 529 1450 595 caelestem,
1477 528 1631 598 cujus
1676 531 1810 585 ima-
1913 530 2175 600 symbolis
2203 531 2452 602 specialis
2482 533 2755 588 humanae
2780 540 3008 589 naturae
3035 533 3240 588 reditus
3263 532 3514 603 breviter,

211 617 396 689 ginem
422 615 766 673 idololatriae
804 617 1058 674 sordibus
1101 620 1573 692 monstruosisque
1615 620 1809 693 imagi-
1913 626 2278 696 tractandum.
2313 626 2458 682 DISC.
2493 625 2727 697 Tempus
2755 625 2923 697 exigit
2962 627 3035 683 ita
3068 626 3217 693 ﬁeri,
3249 635 3509 724 nostrae-i

209 713 525 770 nationibus
550 714 963 780 contaminavit,
1016 723 1240 787 propter
1287 716 1546 772 invidiam
1599 717 1811 775 Judaici
1912 732 2018 789 que
2048 719 2432 790 disputationis
2457 735 2654 777 cursus
2677 719 2996 790 jamdudum
3028 720 3188 778 ﬁnem
3224 730 3497 793 expectat.

208 804 433 877 populi,
461 805 891 861 veluti'senioris
920 805 1014 861 ﬁlii
1038 847 1053 875 ,
1082 807 1149 863 de
1180 808 1539 865 conversione
1566 811 1809 881 gentium
1912 809 1983 866 Et
1999 810 2131 866 mihi
2153 811 2305 867 valde
2326 812 2531 868 arridet
2555 810 2749 883 duplex
2766 812 2871 868 ista
2885 812 3504 885 Evangelicarumpara-

208 898 280 953 ad
306 896 466 953 ﬁdem
491 913 589 969 per
608 899 960 969 apostolicam
981 901 1465 970 praedicationem.
1492 902 1595 970 Qui
1622 901 1812 958 videli-

208 997 297 1044 cet
341 989 596 1061 populus,
622 991 873 1060 quamvis
919 992 1236 1063 saepissime
1283 993 1430 1048 cultu
1482 992 1808 1050 daemonum

209 1077 382 1135 fuerit
406 1089 698 1152 corruptus
724 1090 779 1137 et
802 1083 1251 1153 praevaricatus,
1298 1099 1577 1155 nunquam
1623 1092 1806 1140 tamen

206 1173 433 1229 omnino
463 1173 634 1229 Deum
667 1174 891 1230 Patrum
921 1192 1182 1245 suorum,
1211 1185 1273 1233 ut
1298 1178 1349 1233 ei
1376 1177 1610 1243 videtur,
1644 1177 1810 1234 abne-

204 1268 397 1337 gavit;
425 1269 712 1340 abnegavit
752 1279 934 1325 autem
963 1279 1018 1326 et
1044 1271 1220 1327 adhuc
1246 1273 1481 1342 abnegat
1526 1271 1805 1330 Christum

203 1356 408 1414 Filium
440 1359 533 1416 Dei
561 1374 715 1426 esse,
760 1377 824 1417 ac
861 1378 958 1433 per
1006 1363 1110 1420 hoc
1156 1372 1211 1420 et
1259 1363 1476 1419 Patrem
1518 1363 1654 1433 ejus.
1700 1364 1807 1433 Qui

205 1451 356 1507 enim
404 1451 602 1506 Filium
644 1462 839 1524 negat,
883 1464 1046 1526 negat
1087 1463 1142 1512 et
1186 1456 1435 1519 Patrem,
1480 1456 1571 1526 qui
1606 1456 1623 1487 ¹
1664 1455 1806 1513 Filio

202 1550 406 1614 negato
453 1541 617 1598 Pater
670 1559 777 1600 non
832 1553 936 1601 est.
990 1544 1232 1601 Haedum
1276 1562 1307 1601 a
1354 1547 1517 1602 Patre
1564 1547 1803 1613 Christi,

202 1647 368 1702 quem
412 1643 608 1705 negat,
654 1635 895 1706 perﬁdus
932 1636 1292 1708 ﬁagitat:sed
1334 1654 1365 1693 a
1403 1636 1563 1694 Patre
1602 1637 1806 1695 Christi

199 1723 436 1779 haedum
468 1742 575 1782 non
604 1730 833 1798 accipiet
861 1730 911 1797 ';
968 1731 1201 1802 accipiet
1229 1740 1412 1787 autem
1437 1748 1468 1787 a
1493 1732 1656 1788 Patre
1681 1748 1805 1800 suo,

1909 903 2156 961 bolarum
2181 904 2414 977 species.
2445 904 2562 963 Non
2584 906 2729 962 enim
2760 906 3097 963 solummodo
3120 906 3174 961 in
3205 905 3500 978 parabolis,

1911 1011 2100 1052 verum
2126 997 2291 1053 etiam
2320 998 2372 1053 in
2403 997 2590 1054 multis
2614 997 2827 1055 divinae
2853 996 3168 1070 Scripturae
3193 997 3329 1055 locis
3376 997 3501 1058 talis

1910 1085 2119 1145 formae
2142 1088 2431 1145 locutionis
2454 1089 2693 1145 divinum
2720 1099 2912 1147 nectar
2930 1096 3163 1157 eructat,
3178 1090 3503 1161 facilemque

1913 1181 2380 1253 interpretationis
2412 1182 2551 1236 viam
2596 1182 2856 1239 studiosis
2897 1183 3252 1255 mysticorum
3295 1197 3500 1239 sermo-
3544 1246 3547 1251 λ

1912 1288 2042 1327 num
2069 1273 2314 1329 theoriae
2338 1280 2640 1343 praestant.
2667 1272 2781 1327 Non
2803 1272 2946 1329 enim
2973 1272 3081 1328 alio
3101 1272 3263 1331 modo
3285 1280 3500 1329 sancto-

1911 1378 2034 1418 rum
2061 1364 2448 1435 prophetarum
2476 1364 2757 1436 multiplex
2787 1364 2843 1420 in
2887 1365 3086 1421 divinis
3130 1365 3500 1422 intellectibus

1912 1463 2200 1510 contextus
2228 1462 2409 1525 potest
2455 1454 2724 1521 discerni,
2757 1453 2861 1510 nisi
2892 1470 2991 1526 per
3019 1453 3495 1525 frequentissimos

1911 1560 2021 1601 non
2071 1545 2244 1602 solum
2284 1560 2384 1617 per
2422 1547 2707 1617 periodos,
2736 1560 2925 1601 verum
2977 1545 3141 1601 etiam
3174 1561 3273 1616 per
3299 1543 3414 1601 cola
3445 1551 3502 1600 et

1913 1649 2183 1695 commata
2224 1640 2488 1696 transitus
2511 1654 2579 1695 ex
2609 1637 2838 1695 diversis
2866 1637 3112 1695 sensibus
3141 1636 3192 1692 in
3224 1636 3501 1703 diversos,

1915 1731 2051 1787 etab
2063 1731 2267 1788 eisdem
2286 1732 2480 1787 iterum
2500 1731 2551 1786 in
2565 1732 2783 1788 eosdem
2801 1745 2898 1801 per
2913 1730 2953 1761 ¹¹
2973 1728 3370 1785 occultissimas
3383 1743 3502 1789 cre-

201 1815 273 1870 de
301 1833 408 1887 quo
435 1816 594 1874 Jesus
621 1819 871 1877 Christus
889 1862 902 1887 ,
936 1837 1097 1893 quem
1124 1823 1320 1878 Filium
1349 1823 1529 1881 Patris
1554 1839 1678 1881 esse
1706 1839 1805 1881 ne-
1832 1811 1885 1871 Β
1912 1824 2305 1895 brissimasque
2328 1824 2392 1856 ¹¹⁴
2420 1824 2783 1880 reversiones.
2811 1821 3143 1892 Saepissime
3168 1822 3314 1878 enim
3336 1834 3500 1875 unam

202 1917 333 1979 gat,
359 1909 437 1965 ait
464 1929 478 1965 :
514 1909 620 1966 Vos
645 1929 711 1968 ex
738 1923 887 1983 patre
913 1914 1124 1969 diabolo
1151 1916 1276 1971 estis
1294 1957 1308 1982 ,
1337 1917 1511 1987 deque
1540 1918 1645 1974 ﬁde
1681 1933 1811 1990 gen-

204 2001 325 2057 tilis
364 2003 546 2073 populi
597 2005 649 2059 in
691 2020 815 2061 eum
851 2016 1152 2078 torquetur.
1186 2010 1416 2080 Ideoque
1441 2027 1548 2066 non
1578 2012 1810 2069 vitulum

203 2094 561 2165 saginatum,
594 2097 645 2151 id
671 2107 787 2165 est,
832 2099 1106 2156 Christum
1144 2100 1356 2157 Domini
1397 2104 1532 2174 petit
1570 2118 1600 2158 a
1645 2103 1809 2161 Patre

199 2186 275 2242 ad
302 2187 624 2258 epulandum
647 2229 662 2254 ,
691 2191 785 2244 sed
812 2190 1045 2245 haedum
1086 2191 1346 2249 foetidum
1387 2194 1804 2266 petulcumque,

201 2276 261 2331 in
290 2292 613 2348 omnemque
638 2279 916 2336 libidinem
942 2298 1171 2353 pronum
1193 2324 1207 2349 ,
1237 2285 1633 2341 Antichristum
1660 2288 1805 2354 dico,

199 2366 262 2422 in
314 2384 420 2438 quo
467 2385 525 2424 se
567 2369 589 2401 ⁸
625 2371 967 2441 epulaturum
1015 2382 1072 2429 et
1113 2385 1461 2445 regnaturum
1512 2377 1807 2435 vanissime

200 2463 480 2529 somniat,
508 2465 746 2535 postulat
772 2476 827 2521 et
853 2476 1144 2538 expectat:
1178 2485 1243 2524 ac
1269 2471 1338 2524 de
1379 2486 1511 2540 agro
1549 2471 1805 2538 veniens,

202 2553 314 2608 hoc
339 2562 422 2609 est
446 2553 512 2610 de
539 2557 770 2612 terrenis
791 2558 1065 2628 operibus,
1095 2558 1472 2632 laboriosoque
1500 2560 1522 2591 ‘
1549 2561 1807 2618 colendae

200 2643 341 2714 legis
365 2647 668 2703 secundum
696 2648 914 2704 literam
970 2651 1195 2706 servitio
1223 2651 1265 2719 ⁵,
1295 2653 1473 2709 audivi
1505 2654 1526 2686 ⁸
1554 2656 1808 2727 sympho-

199 2738 350 2793 niam
373 2746 431 2794 et
448 2741 696 2809 chorum,
718 2743 821 2799 hoc
834 2752 937 2808 est,
953 2758 1249 2800 consonam
1274 2745 1618 2826 undiqueque
1631 2748 1653 2781 "
1669 2763 1804 2804 con-

200 2831 515 2887 venientem
548 2834 768 2905 gentilis
798 2835 980 2906 populi
1012 2837 1063 2891 in
1092 2835 1312 2893 Christo
1343 2839 1613 2908 epulantis
1638 2849 1694 2896 et
1734 2843 1807 2895 ad

199 2920 422 2979 Patrem
452 2940 607 2980 suum
637 2927 918 2982 redeuntis
947 2929 1268 3005 catholicam
1300 2930 1353 2985 in
1387 2931 1489 2987 ﬁde
1524 2931 1801 3000 perfecta,

201 3013 372 3083 inque
396 3015 418 3045 "
445 3015 708 3086 spirituali
737 3018 1045 3087 cognitione
1068 3019 1313 3076 veritatis
1339 3021 1711 3088 harmoniam,
1739 3035 1807 3076 ac

200 3104 275 3161 de
304 3121 435 3162 suae
465 3107 731 3163 libertatis
756 3117 813 3163 et
846 3111 1235 3180 redemptionis
1257 3126 1481 3167 munere
1510 3111 1800 3167 laetitiam.

1914 1920 2253 1991 eandemque
2275 1919 2632 1990 expositionis
2655 1917 2891 1989 speciem
2911 1916 3118 1987 absque
3135 1915 3244 1970 ullo
3271 1914 3501 1971 transitu

1914 2011 1968 2067 in
2013 2011 2255 2067 diversas
2297 2009 2649 2082 ﬁgurationes
2687 2008 3044 2079 sequentibus
3084 2014 3175 2063 aut
3217 2020 3372 2062 error
3409 2010 3504 2060 aut

1913 2106 2155 2159 maxima
2204 2101 2493 2159 difﬁcultas
2543 2101 2850 2157 innascitur
2897 2097 3330 2170 interpretandi;
3377 2109 3503 2151 con-

1914 2203 2201 2251 catenatus
2230 2193 2429 2265 quippe
2456 2201 2540 2250 est
2576 2193 2794 2249 divinae
2825 2190 3143 2261 Scripturae
3175 2196 3463 2244 contextus
3484 2225 3502 2253 ,

1914 2286 2323 2358 Daedalicisque
2373 2285 2713 2342 diverticulis
2748 2292 2805 2341 et
2838 2282 3249 2354 obliquitatibus
3293 2279 3505 2351 perple-
3584 2282 3593 2291 ’
3676 2346 3690 2356 _

1913 2395 2036 2435 xus.
2070 2378 2257 2448 Neque
2285 2378 2392 2433 hoc
2420 2376 2660 2448 Spiritus
2687 2383 2910 2432 sanctus
2938 2372 3140 2429 invidia
3170 2370 3341 2426 voluit
3360 2370 3402 2401 ¹¹
3421 2368 3504 2424 in-

1914 2469 2229 2540 telligendi,
2257 2469 2401 2537 quod
2457 2467 2603 2524 absit
2650 2466 2996 2532 existimari,
3045 2464 3139 2521 sed
3182 2462 3362 2519 studio
3406 2476 3504 2517 no-

1914 2571 2083 2619 stram
2131 2560 2553 2632 intelligentiam
2601 2560 2913 2624 exercendi,
2954 2556 3273 2625 sudorisque
3322 2563 3376 2611 et
3420 2555 3504 2612 in-

1912 2650 2185 2707 vcntionis
2206 2649 2435 2719 praemii
2464 2648 2759 2715 reddendi;
2792 2648 3094 2719 praemium
3123 2648 3320 2719 quippe
3341 2653 3424 2703 est
3449 2645 3506 2701 in

1913 2758 2069 2799 sacra
2102 2740 2386 2813 Scriptura
2417 2738 2776 2796 laborantium
2807 2755 2942 2811 pura
2971 2739 3320 2812 perfectaque
3347 2737 3507 2795 intel-

1911 2833 2158 2907 ligentia.
2189 2833 2233 2888 Ο
2263 2832 2487 2888 Domine
2529 2831 2692 2900 Jesu,
2739 2832 2942 2887 nullum
2988 2831 3134 2887 aliud
3176 2829 3502 2902 praemium,

1911 2925 2115 2981 nullam
2145 2924 2308 2980 aliam
2354 2922 2746 2980 beatitudinem
2771 2963 2787 2990 ,
2826 2922 3029 2978 nullum
3063 2921 3211 2978 aliud
3248 2920 3506 2992 gaudium

1912 3032 1944 3071 a
1973 3025 2024 3073 te
2058 3015 2289 3088 postulo,
2324 3015 2430 3070 nisi
2462 3024 2522 3071 ut
2565 3016 2635 3072 ad
2682 3029 2879 3085 purum
2931 3014 3133 3084 absque
3177 3011 3285 3068 ullo
3313 3023 3505 3067 errore

1913 3109 2123 3165 fallacis
2152 3107 2395 3164 theoriae
2429 3107 2594 3162 verba
2637 3114 2749 3174 tua,
2775 3120 2916 3177 quae
2943 3118 3041 3176 per
3072 3116 3222 3160 tuum
3253 3109 3503 3158 sanctum

203 3196 277 3252 Et
303 3197 375 3253 ob
399 3199 502 3254 hoc
531 3199 730 3254 invidia
762 3174 1066 3257 commotus
1108 3200 1263 3257 fratri
1302 3216 1401 3258 suo
1447 3202 1801 3259 similitudine
1832 3174 1879 3237 C
1911 3200 2172 3271 Spiritum
2206 3200 2469 3269 inspirata
2500 3206 2655 3265 sunt,
2699 3174 3013 3268 intelligam.
3060 3194 3207 3251 Haec
3236 3204 3321 3251 est
3354 3193 3504 3250 enim

206 3299 478 3357 naturae,
514 3290 734 3348 inimico
764 3307 897 3347 vero
925 3294 1362 3352 dissimilitudine
1389 3293 1649 3354 Judaieae
1678 3313 1804 3368 per—

203 3380 369 3437 ﬁdiae
417 3393 472 3438 et
500 3382 845 3439 Christianae
872 3385 1151 3457 religionis
1178 3388 1452 3456 irascitur,
1483 3399 1803 3462 patremque

202 3487 365 3527 suum
395 3473 460 3529 de
491 3475 803 3545 receptione
827 3476 954 3543 ﬁlii,
984 3478 1074 3548 qui
1103 3479 1243 3533 bona
1271 3488 1499 3537 naturae
1529 3496 1661 3537 suae
1684 3498 1803 3553 per-

1909 3307 2121 3348 summa
2162 3290 2440 3346 felicitatis
2481 3304 2657 3355 meae,
2691 3287 2920 3357 ﬁnisque
2956 3285 3230 3360 perfectae
3260 3292 3346 3340 est
3375 3298 3504 3340 cono

1913 3382 2362 3454 templationis“,
2397 3382 2653 3453 quoniam
2691 3380 2826 3436 nihil
2855 3379 2996 3436 ultra
3020 3377 3355 3435 rationabilis
3387 3374 3505 3433 ani-

1910 3491 2000 3532 ma
2029 3476 2194 3531 etiam
2232 3473 2524 3546 purissima
2571 3471 2855 3539 inveniet,
2906 3471 3036 3541 quia
3066 3469 3201 3525 nihil
3229 3469 3372 3524 ultra
3398 3474 3507 3521 est.

201 3562 372 3629 didit,
404 3564 679 3639 increpa},
714 3569 840 3622 dum
870 3568 990 3638 plus
1019 3569 1137 3639 ipse
1164 3578 1392 3626 naturae
1423 3588 1555 3629 suae
1580 3574 1803 3631 divitias
1910 3570 1985 3628 Ut
2009 3571 2153 3625 enim
2202 3585 2309 3624 non
2351 3568 2478 3625 alibi
2508 3567 2687 3638 aptius
2713 3565 3016 3638 quaereris,
3044 3579 3206 3634 quam
3237 3562 3292 3618 in
3321 3558 3505 3617 verbis

201 3652 465 3723 dissipat,
495 3656 587 3725 qui
617 3656 834 3712 unicum
864 3658 960 3725 Dei
990 3657 1187 3713 Filium
1223 3658 1539 3716 Creatorem
1581 3670 1637 3717 et
1675 3661 1825 3727 Sal:
1908 3664 2041 3729 tuis,
2073 3664 2147 3719 ita
2175 3677 2282 3719 non
2323 3661 2451 3719 alibi
2480 3661 2722 3733 apertius
2744 3658 2789 3691 “‘
2814 3657 3093 3722 inveniris,
3122 3671 3285 3726 quam
3316 3655 3369 3711 in
3395 3653 3497 3711 eis.

202 3754 448 3800 vatorem
476 3747 720 3803 omnium
748 3757 930 3821 negat.
962 3748 1161 3805 Perﬁdi
1195 3750 1462 3822 siquidem
1491 3750 1679 3808 Judaei
1704 3770 1806 3824 per
1906 3753 1985 3810 lbi
2005 3754 2203 3825 quippe
2224 3753 2668 3821 habitas,etilluc
2685 3757 3012 3823 quaerentes
3027 3741 3504 3819 etdiligentcste"

200 3837 757 3903 invidiam,nationcs
779 3849 960 3895 autem
986 3840 1297 3899 incredulae
1314 3856 1412 3913 per
1436 3843 1803 3915 ignorantiam
1908 3843 2240 3910 introducis;
2291 3843 2365 3898 ibi
2417 3842 2727 3913 spirituales
2776 3841 2964 3914 epulas
2989 3855 3151 3897 verae
3180 3836 3504 3909 cognitionis

199 3926 446 3985 Verbum
492 3929 588 3987 Dei
618 3932 884 3988 abnuunt.
917 3932 983 3987 Et
1009 3932 1264 4004 quoniam
1301 3934 1637 3992 tolerabilius
1675 3952 1804 4008 pec-
1908 3934 2100 3990 electis
2142 3935 2249 3989 tuis
2290 3949 2603 4005 praeparas,
2645 3933 2753 3989 illic
2788 3934 3061 3988 transiens
3091 3929 3370 3993 ministras
3396 3926 3563 4017 eisi,»

200 4030 387 4078 catum
417 4032 503 4079 est
534 4025 874 4096 ignorantiae
898 4041 1064 4099 quam
1096 4027 1332 4084 invidiae
1352 4069 1368 4095 ,
1412 4029 1594 4085 minus
1624 4032 1804 4103 genti-

200 4111 335 4168 lium
381 4130 544 4185 quam
583 4116 911 4174 Judacorum
961 4119 1192 4190 populus
1239 4122 1515 4178 naturales
1559 4123 1803 4193 perdidit

200 4205 514 4264 thesauros.
568 4210 1106 4283 ldeoque,receptae
1155 4221 1280 4268 sunt
1323 4224 1531 4286 gentes,
1560 4217 1804 4273 tenebris

201 4298 547 4370 ignorantiae
590 4303 905 4372 absolutae,
951 4314 1006 4361 et
1047 4305 1100 4360 in
1144 4305 1321 4363 lucem
1359 4308 1606 4364 veritatis
1645 4324 1804 4366 revo—

199 4404 397 4451 catae:
427 4394 617 4454 Judaei
650 4414 780 4455 vero
806 4398 1027 4470 perﬁdi,
1058 4399 1256 4456 Filium
1285 4410 1561 4473 negantes,
1596 4403 1652 4458 in
1676 4418 1803 4475 pas-

200 4493 448 4550 sionibus
473 4495 802 4567 ignominiae
842 4496 1185 4567 invidiaeque
1221 4497 1560 4569 gravissimis
1594 4498 1800 4554 dolori-

198 4583 308 4640 bus
336 4585 510 4641 relicti
542 4594 704 4653 sunt,
734 4588 906 4644 donec
954 4588 1009 4643 in
1052 4589 1159 4647 ﬁne
1201 4589 1389 4645 mundi
1431 4589 1690 4646 ineﬂ'abili
1718 4591 1805 4646 di-

198 4674 363 4730 vinae
391 4676 653 4732 bonitatis
696 4678 1142 4750 magnanimitate
1185 4680 1541 4750 recipiantur,
1581 4682 1804 4752 quando

203 4778 571 4824 convertentur
596 4771 665 4826 ad
692 4788 955 4843 vesperam
974 4812 989 4839 ,
1022 4782 1068 4827 et
1097 4772 1291 4842 [amem
1313 4776 1598 4843 patientur,
1625 4785 1684 4831 ut
1710 4793 1800 4832 ca-

199 4875 330 4925 nes,
372 4870 418 4916 et
456 4862 801 4920 circumibunt
846 4866 1139 4932 civitatem,
1188 4865 1508 4922 societatem
1548 4867 1802 4925 videlicet

198 4952 507 5010 catholicae
548 4956 671 5011 ﬁdei
698 4996 714 5021 ,
756 4956 1001 5013 volentes
1045 4958 1100 5011 in
1139 4972 1259 5012 eam
1304 4957 1507 5028 recipi,
1538 4966 1625 5025 et,
1654 4960 1800 5030 quod

199 5041 333 5097 alibi
362 5045 500 5100 idem
529 5046 605 5103 ait
623 5048 886 5118 propheta
909 5090 923 5113 ,
950 5048 1259 5120 implebitur
1280 5064 1294 5104 :
1318 5046 1730 5119 Confundantur
1748 5060 1802 5106 et

200 5146 538 5190 revereantur
562 5138 584 5171 '
613 5155 790 5192 omnes
817 5139 1017 5193 inimici
1042 5139 1143 5193 mei
1161 5179 1177 5204 ,
1210 5149 1584 5194 convertantur
1614 5150 1808 5196 retror-

199 5239 353 5289 sum,
387 5235 435 5281 et
466 5228 863 5297 confundantur
890 5229 1042 5286 valde
1073 5227 1338 5286 velociter.
1374 5229 1487 5285 Hac
1516 5229 1683 5302 igitur
1709 5246 1807 5300 pa-

202 5315 395 5372 rabola
423 5334 523 5390 pro
550 5331 875 5392 paupertate
901 5324 1155 5396 ingenioli
1185 5325 1395 5393 nostri,
1436 5324 1802 5397 spiritualium

1910 4028 1977 4083 Et
2005 4029 2129 4099 quis
2165 4037 2249 4085 est
2287 4028 2388 4084 iste
2411 4027 2479 4094 η,
2511 4028 2759 4093 Domine,
2790 4025 3055 4082 transitus
3087 4033 3241 4089 tuus,
3275 4021 3379 4077 nisi
3403 4034 3506 4091 per.
3586 4026 3601 4087 τη

1910 4121 2152 4178 inﬁnitos
2202 4121 2675 4192 contemplationis
2749 4128 2875 4175 tuae
2941 4117 3139 4190 gradus
3195 4110 3502 4170 ascensus?

1912 4214 2141 4286 Semper
2163 4214 2309 4270 enim
2336 4213 2390 4268 in
2409 4213 2452 4246 ¹¹¹
2480 4211 2843 4269 intellectibus
2862 4208 3241 4282 quaerentium
3270 4215 3325 4261 et
3352 4206 3503 4261 inve-

1909 4306 2177 4363 nientium
2210 4314 2262 4360 te
2292 4304 2583 4360 transitum
2627 4303 2786 4359 facis.
2815 4300 3109 4370 Quaereris
3138 4298 3283 4354 enim
3325 4296 3394 4351 ab
3419 4293 3502 4351 eis

1910 4413 2147 4471 seraper,
2178 4406 2234 4455 et
2273 4411 2486 4468 semper
2512 4396 2793 4463 inveniris,
2838 4402 2894 4451 et
2920 4409 3030 4477 non
3070 4390 3330 4449 inveniris
3357 4402 3501 4445 sem-

1911 4507 2007 4563 per
2033 4509 2045 4545 :
2079 4489 2339 4547 inveniris
2365 4489 2581 4560 quidem
2606 4487 2661 4543 in
2694 4487 2800 4544 tuis
2828 4484 3189 4559 theophaniis,
3218 4483 3271 4540 in
3301 4479 3500 4552 quibus

1911 4584 2302 4655 multipliciter,
2333 4582 2497 4640 veluti
2529 4583 2583 4638 in
2605 4581 2928 4653 quibusdam
2969 4578 3221 4651 speculis,
3252 4571 3498 4632 occurris

1908 4678 2183 4733 mentibus
2229 4675 2643 4747 intelligendum
2679 4683 2754 4742 te,
2790 4688 2857 4731 eo
2901 4672 3097 4738 modo,
3144 4684 3252 4741 quo
3282 4678 3333 4725 te
3362 4665 3498 4725 sinis

1908 4766 2157 4839 intelligi,
2183 4783 2288 4823 non
2316 4766 2445 4838 quid
2471 4780 2551 4836 cs,
2585 4767 2680 4822 sed
2707 4765 2837 4836 quid
2862 4780 2967 4821 non
2993 4778 3069 4829 es,
3101 4772 3156 4818 et
3183 4762 3309 4833 quia
3337 4775 3398 4816 es
3412 4759 3493 4827 i';

1909 4875 2017 4917 non
2064 4860 2324 4916 inveniris
2365 4868 2544 4915 autem
2590 4859 2646 4913 in
2704 4865 2797 4912 tua
2840 4852 3396 4928 superessentialitate
3427 4850 3492 4917 ⁸ο,

1908 4966 2014 5023 qua
2043 4951 2245 5007 transis
2285 4959 2338 5006 et
2368 4965 2636 5021 exuperas
2681 4964 2898 5006 omnem
2945 4947 3276 5004 intellecmm
3309 4942 3495 4999 volen-

1911 5053 2022 5101 tem
2071 5053 2126 5101 et
2171 5046 2552 5102 ascendentem
2605 5042 3063 5116 comprehendere
3118 5048 3188 5094 te.
3225 5035 3499 5091 Ministras

1911 5139 2076 5211 igitur
2099 5139 2206 5194 tuis
2232 5139 2592 5210 praesentiam
2623 5146 2770 5193 tuam
2793 5132 3049 5201 ineil‘ahili
3075 5128 3307 5202 quodam
3337 5125 3499 5181 modo

1909 5232 2266 5305 apparitionis
2303 5241 2456 5299 tuae;
2504 5231 2707 5287 transis
2745 5231 2813 5285 ab
2852 5228 2933 5285 eis
2968 5215 3513 5293 incomprehensibili

1907 5324 2301 5381 excelsitudine
2353 5332 2408 5380 et
2457 5324 2723 5379 inﬁnitate
2770 5317 3035 5377 essentiae
3084 5310 3498 5414 tuaeyiQuaeso

1504 5456 1763 5515 VARIAE
1802 5456 2214 5515 LECTIONES.

277 5564 299 5642 ξ
330 5563 421 5622 Sic
447 5565 527 5642 F_;
556 5567 601 5622 Α
623 5568 766 5640 quia.
840 5571 865 5642 γ’
889 5567 933 5624 F
983 5570 1224 5642 accipiat.
1302 5571 1325 5603 ³
1348 5586 1407 5642 se
1430 5584 1538 5626 om.
1573 5570 1635 5625 F.
1714 5574 1737 5601 ⁵
1762 5570 1810 5625 Α
1829 5569 2211 5641 laborioseque.
2291 5571 2313 5603 '
2339 5569 2380 5624 A
2408 5570 2622 5642 servitii.
2680 5569 2702 5602 ⁸
2729 5568 2771 5642 F
2798 5568 3043 5642 audiunt.
3065 5637 3076 5642 _
3096 5566 3145 5642 _"
3166 5562 3214 5619 A
3239 5564 3491 5642 undique.

204 5634 230 5669 ⁸
256 5633 365 5691 Pro
388 5640 617 5708 perfecta
634 5633 798 5711 inque
822 5641 863 5695 A
895 5633 1299 5713 perfectamque.
1341 5641 1363 5672 ’
1389 5643 1434 5696 A
1462 5657 1569 5695 reve

204 5723 330 5782 qui;
351 5708 395 5762 A
496 5708 540 5741 “
572 5711 617 5782 A
649 5710 920 5782 perfectae
950 5722 1026 5768 est
1075 5713 1569 5782 contemplationis.

388 5640 617 5708 perfecta
644 5642 798 5711 inque
822 5641 863 5695 A
895 5640 1299 5713 perfectamque.
1341 5641 1363 5672 ’
1389 5643 1434 5696 A
1462 5650 1809 5695 revertantur.
1868 5642 1912 5673 ¹⁰
1945 5642 1985 5696 F
2011 5640 2302 5712 carpentes.

388 5749 395 5762 ι
496 5708 540 5741 ⁸³
572 5711 617 5763 Α
650 5710 920 5767 perfectae
950 5722 1026 5767 est
1075 5713 1569 5767 contemplationis.
1674 5710 1719 5743 ιδ
1752 5712 1801 5767 Α
1829 5713 2025 5767 aptius.
2129 5714 2172 5745 ¹⁸
2206 5721 2255 5766 te

1829 5728 2025 5781 aptius.

2385 5641 2428 5672 “
2454 5657 2547 5708 per
2574 5655 2682 5697 om.
2716 5640 2781 5695 Α.
2838 5639 2903 5673 ¹¹”
2930 5637 3023 5692 Sic
3050 5635 3160 5693 AF.
3208 5636 3282 5708 7“
3332 5635 3497 5708 voluit

2129 5714 2172 5745 ¹⁸
2206 5721 2255 5766 te
2303 5726 2413 5767 om.
2448 5707 2511 5765 F.
2615 5709 2660 5742 ¹⁶
2698 5712 2795 5766 iste
2822 5725 2932 5767 om.
2966 5708 3030 5766 Ρ.
3117 5708 3163 5743 ¹⁷
3197 5707 3255 5763 in
3280 5707 3491 5765 om..A.

206 5774 257 5815 ⁸⁸
290 5777 331 5833 F
358 5795 467 5850 quo
499 5789 550 5837 te
573 5774 705 5838 sinis
734 5781 988 5858 intelligi,
1015 5800 1118 5840 non
1143 5784 1271 5856 quid
1294 5774 1380 5852 'es,
1405 5784 1497 5839 sed
1525 5785 1652 5855 quia
1678 5799 1754 5841 es.
1833 5774 1876 5817 ιδ
1912 5784 2039 5840 Ain
2069 5790 2159 5839 tua
2186 5798 2389 5853 semper
2423 5781 2818 5840 essentiatitate.
2874 5800 2881 5809 ί
