4008 6286
449 186 577 244 illi!

1854 190 2139 279 toANNts
2175 189 2369 281 SCO'l‘l

3585 197 3727 253 [012

451 312 631 374 Itaque
660 305 726 359 ad
755 303 1004 374 specialis
1051 305 1252 362 reditus
1293 305 1782 361 considerationem
1815 306 2025 362 accele-
2053 310 2102 370 Α
2130 308 2325 371 sident,
2365 314 2472 363 non
2510 310 2686 365 autem
2736 300 3095 382 ipso'l'uminc
3142 311 3521 367 illuminantur
3547 323 3609 369 et
3634 330 3732 369 or-

451 412 594 463 rare,
626 405 684 451 ut
727 398 781 453 in
811 412 874 452 ca
905 406 1121 453 nostrae
1157 398 1536 469 disputationis
1577 398 1799 453 limitem
1828 398 2031 454 consti-

452 498 685 544 tuamus.
715 485 832 541 Non
874 487 1018 542 enim
1057 488 1257 544 diutius
1290 496 1374 544 est
1404 488 1797 551 immorandum
1839 489 1890 542 in
1923 487 2028 556 his,
2093 492 2096 501 ’

449 593 589 648 quae
626 576 994 650 multipliciter
1023 578 1314 649 apertioris
1346 579 1716 649 persuasionis
1742 581 1917 651 gratia
1946 594 2033 636 re-

451 671 619 743 petita
644 681 792 738 sunt,
818 688 886 728 ne
916 670 1056 728 torte
1088 672 1211 743 plus
1242 672 1295 729 in
1324 674 1524 739 verbis,
1553 688 1715 743 quam
1748 674 1798 729 in
1828 676 1846 707 ⁸
1877 673 2035 729 intel-

451 765 682 831 lectibus
708 776 951 824 nostram
994 766 1412 837 disputationem
1452 768 1705 839 implesse
1729 767 2030 824 videamur.

452 862 592 919 MAG.
637 863 827 919 Totius
853 862 1193 919 rationabilis
1219 871 1525 929 creaturae,
1552 878 1694 934 quae
1725 863 2035 933 specialiter

453 952 506 1007 in
542 952 762 1008 homine
793 963 978 1009 creata
1005 962 1108 1019 est,
1139 962 1195 1009 et
1242 954 1328 1009 cui
1374 955 1692 1011 naturaliter
1726 956 1872 1010 inest
1905 953 2037 1010 ate-

453 1052 572 1101 ctus
592 1045 965 1111 beatitudinis,
985 1053 1041 1100 et
1060 1045 1383 1115 cognitionis
1405 1047 1599 1102 summi
1631 1047 1754 1102 boni
1784 1046 2032 1113 facultas,

452 1136 556 1192 hoc
576 1144 662 1193 est
686 1136 1083 1193 excelsissimae
1109 1139 1412 1203 Trinitatis,
1445 1156 1510 1194 ex
1538 1155 1642 1211 qua
1669 1148 1855 1195 manat
1874 1150 2037 1197 omne

452 1231 678 1297 bonum,
700 1230 817 1301 ipse
840 1231 1098 1289 Dominus
1124 1233 1175 1287 in
1200 1233 1494 1306 Evangelia
1522 1234 1705 1288 decem
1736 1232 2036 1304 virginibus

453 1320 772 1378 assimilavit
788 1323 1226 1390 universitatem;
1249 1340 1387 1395 quae
1411 1326 1740 1396 accipientes
1761 1324 2037 1394 lampadas

453 1426 617 1477 suas,
664 1413 768 1468 hoc
810 1422 894 1470 est
939 1414 1296 1483 capacitatem
1342 1424 1596 1471 aeternae
1649 1416 1784 1471 lucis
1840 1431 2036 1485 cogno-

454 1502 706 1571 scendae,
728 1505 981 1561 exierunt
1007 1507 1222 1562 obviam
1251 1523 1447 1578 sponso
1468 1516 1524 1562 ct
1545 1523 1796 1577 sponsae,
1818 1506 2038 1563 Christo

453 1598 703 1654 videlicet
725 1609 780 1654 et
811 1599 1105 1667 Ecclesiae,
1137 1617 1277 1671 quae
1301 1600 1413 1670 jam
1441 1602 1496 1656 in
1524 1602 1677 1656 caelo
1710 1611 1811 1665 est,
1840 1601 2035 1671 partim

2133 409 2332 457 nantur
2356 403 2399 469 ³,
2422 390 2637 461 Obviam
2659 390 2875 461 Christo
2895 401 3320 477 procedent,boc
3340 415 3445 471 est,
3475 422 3587 461 non
3608 407 3730 462 sole

2131 493 2450 550 naturaliter
2478 496 2638 552 insito
2662 498 2685 531 ⁹
2719 498 2976 567 appetitu,
3007 499 3103 553 sed
3140 498 3301 554 etiam
3333 498 3515 566 reipsa
3546 506 3603 551 et
3629 513 3732 552 ex-

2131 586 2435 655 perimento
2459 587 2526 642 ad
2556 588 2669 644 sola
2698 588 2964 643 naturalia
3002 587 3351 643 humanitatis
3378 589 3549 652 bona,
3586 604 3732 658 quae

2132 677 2188 733 in
2225 674 2444 734 Christo
2494 678 2811 746 subsistunt,
2861 678 3235 744 ascenderit“,
3272 694 3382 735 non
3429 687 3617 732 autem
3665 679 3733 733 ad

2133 771 2601 840 supernaturalem
2632 771 2989 827 deiﬁcationis
3025 771 3080 827 in
3116 786 3183 827 eo
3210 771 3441 843 gratiam
3483 780 3540 826 et
3570 769 3734 824 laeti-

2135 864 2265 919 tiam
2294 865 2630 935 pcrvenient.
2671 865 2736 920 Et
2774 865 2878 921 hoc
2903 870 3007 931 est,
3043 866 3186 935 quod
3216 860 3475 920 denariae
3502 863 3734 933 quanti-

2135 957 2266 1011 tatis
2302 957 2495 1013 divisio
2521 956 2778 1013 insinuat.
2821 957 2913 1013 Ait
2947 958 3093 1013 enim
3123 976 3136 1011 :
3171 956 3413 1027 Quinque
3443 962 3631 1009 autem
3671 970 3738 1008 ea:

2135 1051 2210 1105 eis
2235 1059 2384 1104 erant
2411 1048 2614 1118 fatuae,
2647 1049 2700 1104 id
2725 1058 2809 1106 est
2840 1049 3230 1120 imprudentes,
3263 1059 3311 1104 et
3338 1051 3574 1121 quinque
3602 1065 3734 1117 pru-

2136 1144 2332 1199 dentes.
2366 1142 2472 1200 Sed
2508 1142 2687 1200 fatuae
2709 1144 2852 1201 solas
2877 1145 3174 1216 lampadas,
3197 1161 3304 1202 non
3330 1156 3519 1201 autem
3553 1143 3735 1198 oleum

2138 1251 2321 1293 secum
2349 1247 2730 1308 sumpserunt;
2774 1238 3070 1310 prudentes
3095 1253 3222 1294 vero
3252 1254 3359 1294 non
3384 1237 3568 1293 solum
3597 1236 3736 1290 lam—

2138 1330 2324 1400 padas,
2355 1345 2544 1385 verum
2580 1331 2743 1385 etiam
2771 1330 2947 1386 oleum
2980 1331 3033 1384 in
3062 1330 3405 1400 lampadibus
3439 1330 3560 1384 suis
3586 1342 3739 1383 nece»

2138 1431 2352 1490 perunt.
2400 1421 2539 1477 Vasa
2580 1422 2763 1492 itaque
2793 1422 2988 1478 similia
3020 1434 3147 1478 sunt
3172 1422 3527 1493 prudentium
3556 1430 3616 1476 et
3638 1421 3739 1475 im-

2138 1511 2482 1581 prudentium
2531 1513 2821 1584 virginum,
2854 1513 3107 1584 quoniam
3156 1514 3328 1580 ratio,
3375 1528 3526 1583 quae
3572 1510 3741 1568 veluti

2142 1602 2405 1657 naturalis
2472 1602 2639 1657 divini
2709 1603 2930 1660 luminis
2981 1605 3134 1659 sedes
3205 1612 3319 1670 est,
3384 1601 3741 1658 uniformiter

454 1690 506 1744 in
534 1692 738 1748 sanctis
764 1693 987 1764 angelis,
1020 1695 1216 1776 partim
1244 1694 1298 1749 in
1327 1694 1724 1765 purgatissimis
1755 1694 2032 1749 hominum
2067 1681 2111 1742 Β
2142 1692 2440 1764 integritati
2493 1694 2655 1748 veluti
2713 1694 2946 1765 cuipiam
3007 1684 3305 1765 virginitati
3360 1702 3602 1749 naturae
3662 1693 3741 1747 iu-

452 1782 755 1850 animabus,
786 1784 843 1840 in
882 1786 1077 1855 quibus
1121 1786 1392 1855 primitiae
1437 1796 1663 1842 naturae
1694 1786 1961 1842 humanae
1989 1787 2032 1854 ³,

454 1888 592 1944 quae
623 1875 799 1932 adhuc
841 1876 895 1931 in
942 1877 1257 1948 captivitate
1295 1887 1398 1943 est,
1430 1877 1675 1934 mortalis
1699 1877 1844 1937 vitae
1871 1876 2035 1948 fragi-

454 1966 691 2040 linmque
735 1971 1097 2028 membrorum
1135 1972 1384 2029 caelestis
1426 1973 1632 2045 patriae
1659 1971 1866 2028 civibus
1896 1972 2038 2027 inse-

454 2069 665 2116 runtur.
691 2062 797 2119 Sed
820 2078 990 2134 quare
1010 2066 1265 2121 obviam?
1286 2065 1425 2133 Quia
1451 2065 1700 2122 videlicet
1730 2065 2040 2135 redemptor

454 2163 508 2207 et
543 2155 773 2224 sponsus
812 2157 1092 2214 rationalis
1138 2165 1365 2213 naturae
1414 2157 1664 2215 ineli‘abili
1719 2157 2039 2212 clementiae

456 2261 584 2300 suae
611 2248 1070 2304 condescensione
1096 2258 1151 2305 et
1179 2249 1396 2304 solertia
1439 2264 1653 2319 semper
1681 2248 1746 2303 ad
1774 2248 2039 2318 recipien-

456 2337 554 2391 dos
581 2355 677 2393 nos
703 2339 1057 2408 spiritualiter
1080 2341 1247 2407 venit,
1276 2341 1599 2397 caelestibus
1627 2340 1916 2397 virtutibus
1942 2347 1995 2397 et
2017 2340 2039 2373 ³

456 2428 739 2484 animabus
763 2430 966 2488 sanctis
990 2432 1041 2487 ei
1065 2434 1514 2499 commeantibus,
1543 2434 1826 2489 affectione
1853 2433 2044 2490 salutis

457 2528 677 2575 nostrae
705 2530 1028 2580 commotae.
1082 2523 1175 2580 Ille
1215 2525 1477 2597 siquidem
1524 2540 1754 2594 sponsus
1804 2525 1858 2579 in
1913 2539 2043 2579 aure

460 2611 639 2667 cordis
666 2614 989 2685 generaliter
1035 2607 1286 2673 universo
1332 2616 1512 2688 generi
1564 2616 1802 2670 humano
1847 2615 2045 2670 clamat

459 2704 645 2762 dicens
676 2724 688 2758 :
729 2703 909 2763 Venite
938 2708 1006 2764 ad
1035 2724 1116 2764 me
1146 2725 1345 2776 omnes,
1372 2709 1462 2780 qui
1491 2707 1740 2764 laboratis
1768 2718 1815 2763 et
1844 2707 2045 2761 onerati

459 2797 611 2863 estis,
652 2806 700 2852 et
727 2812 819 2868 ego
846 2797 1079 2868 reﬁciam
1112 2816 1219 2856 vos.
1264 2798 1452 2855 Tollite
1473 2800 1661 2871 jugunt
1686 2815 1858 2853 meum
1890 2813 2047 2866 super

461 2902 567 2956 vos,
604 2901 651 2946 et
682 2891 866 2948 discite
897 2912 930 2948 a
955 2908 1054 2958 me,
1086 2894 1210 2963 quia
1242 2892 1383 2947 mitis
1410 2908 1527 2947 sum
1557 2901 1603 2946 et
1629 2890 1841 2945 humilis
1867 2889 2043 2956 corde,

460 2991 507 3037 et
529 2983 794 3039 invenietis
815 2986 1043 3057 requiem
1062 2985 1338 3040 animabus
1368 2985 1569 3039 vestris.
1602 2982 1761 3038 Venit
1789 2996 1921 3053 ergo
1945 2981 2044 3035 ob-

461 3074 603 3128 viam
632 3056 889 3133 omnibus
906 3090 1031 3133 cum
1056 3091 1252 3147 sponsa
1277 3091 1374 3131 sua
1402 3116 1417 3143 ,
1461 3074 1760 3131 Jerusalem
1798 3073 2050 3129 videlicet
2074 3056 2120 3121 C

465 3167 720 3237 caelesti,
772 3170 863 3240 qui
906 3170 1151 3242 recipere
1192 3183 1382 3227 omnes
1421 3169 1645 3226 devotus
1692 3177 1775 3225 est
1820 3169 1876 3224 in
1924 3183 2051 3225 con-

466 3263 691 3317 sortium
721 3277 851 3319 suae
879 3262 1134 3319 civitatis.
1178 3263 1246 3319 Et
1289 3263 1662 3319 animadverte
1688 3303 1704 3329 ,
1751 3263 1895 3333 quod
1941 3270 2051 3318 tota

467 3351 774 3408 lnnnanitas
824 3350 1045 3409 denario
1096 3369 1325 3411 numero
1379 3365 1749 3427 comparatur,
1794 3354 2051 3425 quoniam

471 3442 736 3498 decimam
760 3445 813 3498 in
839 3444 1214 3501 aediﬁcatione
1240 3461 1469 3517 superae
1497 3448 1519 3478 ⁵
1549 3445 1786 3501 civitatis
1814 3446 2054 3516 possidet

474 3534 771 3615 regionem.
813 3536 1008 3592 Decem
1048 3537 1230 3607 itaque
1257 3538 1514 3610 virgines,
1547 3538 1651 3594 hoc
1679 3546 1784 3604 est,
1816 3546 1925 3594 tota
1952 3538 2054 3594 hu-

475 3648 666 3709 manae
703 3643 930 3692 naturae
974 3637 1338 3693 numerositas
1384 3635 1615 3691 naturali
1668 3634 1906 3705 appetitu
1952 3633 2051 3689 oh-

474 3720 615 3780 viam
662 3726 992 3796 diligenti'se
1020 3737 1075 3783 et
1103 3728 1168 3783 ad
1196 3743 1315 3784 eam
1351 3728 1582 3782 venienti
1613 3727 1748 3791 exit,
1778 3742 1881 3781 non
1907 3740 2055 3797 gres-

473 3819 623 3876 sibus
654 3819 931 3891 corporis,
961 3821 1055 3877 sed
1099 3819 1377 3877 aﬂ’ectibus
1407 3821 1621 3875 mentis.
1671 3815 2055 3890 Sed«qua'mvis

471 3912 715 3983 aequalis
741 3922 917 3969 motus
940 3913 1010 3968 sit
1037 3912 1316 3968 rationalis
1343 3925 1566 3968 naturae
1596 3897 1659 3967 ad
1690 3912 1849 3968 linem
1875 3928 2050 3981 suum,

474 3994 565 4085 qui
599 4014 684 4059 cst
712 4005 977 4072 Christus,
1007 4004 1354 4077 aequalisque
1394 4006 1601 4061 aeterni
1652 4004 1888 4071 luminis,
1916 4020 2056 4076 quae

474 4109 570 4168 per
606 4096 878 4168 lampades
924 4097 1275 4171 signiﬁcatur,
1328 4097 1629 4171 appetitio,
1676 4113 1782 4152 non
1830 4096 2055 4151 tamcn'

479 4190 775 4261 aequaliter
798 4191 970 4248 lucem
993 4191 1161 4260 illam,
1191 4208 1329 4263 quae
1354 4192 1617 4247 illuminat
1645 4206 1858 4246 omnem
1884 4190 2060 4247 homi-

475 4292 597 4335 t.em
621 4280 922 4337 venientem
948 4282 1000 4336 in
1022 4282 1165 4337 hunc
1190 4281 1211 4314 ‘
1239 4283 1517 4347 mundum,
1546 4280 1854 4352 participat.
1884 4278 2057 4336 Unum

476 4380 548 4428 est
575 4374 717 4428 enim
744 4415 758 4439 ,
800 4384 858 4428 ut
883 4375 1072 4429 beatus
1100 4374 1387 4445 Dionysius
1415 4372 1736 4444 Are0pagita
1770 4374 1879 4440 ait,
1921 4372 2059 4443 quod

479 4452 677 4535 omnia
720 4463 1033 4517 naturaliter
1082 4463 1400 4536 participare
1455 4472 1746 4534 appetunt;
1818 4462 1907 4516 sed
1959 4479 2063 4517 non

479 4552 768 4623 aequaliter
791 4554 965 4608 omnia
992 4569 1151 4608 unum
1174 4553 1510 4625 participant.
1536 4551 1748 4607 Nullum
1776 4560 1954 4607 tamen
1981 4560 2062 4608 est

479 4645 534 4700 in
568 4653 759 4700 natura
802 4661 1005 4712 rerum,
1041 4647 1183 4718 quod
1231 4647 1347 4717 ejus
1388 4645 1797 4717 participatione
1841 4645 2061 4701 omnino

479 4738 746 4810 privetur,
779 4740 1004 4810 ideoque
1032 4736 1137 4796 non
1165 4741 1462 4812 aequaliter
1500 4740 1710 4796 obviam
1734 4740 1756 4771 '
1779 4754 1975 4810 Sponsa
2007 4747 2063 4795 et

482 4845 715 4902 Sponsae
740 4832 977 4903 virgines
1004 4834 1247 4889 exibunt.
1281 4833 1415 4889 Nam
1452 4834 1541 4905 qui
1568 4850 1672 4888 non
1707 4833 1875 4888 solum
1908 4848 2065 4903 capa-

484 4920 702 4977 citatem
733 4924 850 4980 veri
877 4923 1116 4989 luminis,
1147 4939 1333 4979 verum
1376 4924 1537 4979 etiam
1569 4931 1622 4979 et
1653 4924 1824 4993 ipsum
1857 4922 2061 4989 lumen,

483 5015 626 5085 quod
656 5016 835 5072 oleum
867 5016 1191 5085 conformat,
1228 5017 1527 5088 possident,
1570 5018 1635 5073 ad
1683 5019 1855 5088 ipsum
1902 5032 2063 5087 spon-

483 5118 603 5183 sum
648 5111 1003 5180 pervenient,
1045 5121 1097 5168 et
1126 5127 1248 5167 cum
1279 5112 1395 5182 ipso
1432 5110 1825 5182 inSpirituales
1853 5109 2067 5180 nuptias

2088 4420 2139 4480 D

2139 1784 2546 1855 corruptibilis,
2594 1800 2734 1856 quae
2798 1787 2851 1840 in
2902 1785 3075 1841 -nullo
3124 1793 3349 1857 augetur
3400 1785 3490 1841 vel
3545 1786 3741 1841 minui-

2141 1884 2229 1931 tur
2251 1876 2316 1941 υ,
2367 1874 2656 1933 distributa
2708 1886 2833 1943 est,
2886 1878 3133 1948 quamvis
3158 1878 3200 1911 ⁸⁸
3228 1893 3336 1933 non
3391 1876 3742 1932 uniformiter

2141 1968 2381 2024 divinum
2419 1968 2599 2023 lumen
2646 1968 2895 2039 accipiat.
2948 1967 3056 2025 Nec
3104 1969 3206 2025 hoc
3253 1969 3307 2023 in
3358 1968 3523 2040 culpa
3574 1969 3743 2038 ipsius

2139 2061 2377 2130 luminis,
2402 2071 2496 2118 aut
2515 2063 2739 2131 invidia,
2767 2072 2859 2118 aut
2886 2064 3061 2134 in0pia
3082 2062 3455 2127 constituitur,
3481 2060 3742 2131 quoniam

2141 2153 2391 2210 omnibus
2413 2168 2672 2224 praesens
2694 2161 2801 2220 est,
2827 2153 3182 2224 omnibusque
3209 2150 3521 2223 aequaliter
3550 2166 3743 2222 super-

2140 2245 2379 2318 fulgens,
2414 2255 2470 2302 et
2504 2247 2825 2303 inexhausta
2859 2244 3121 2302 eﬂ'usione
3157 2244 3413 2301 omnibus
3439 2242 3747 2315 aequaliter

2142 2340 2414 2411 profluens
2444 2358 2458 2395 :
2487 2340 2581 2396 sed
2613 2339 2869 2411 quoniam
2896 2354 3002 2395 non
3028 2338 3215 2395 eadem
3247 2337 3429 2392 virtus
3448 2344 3539 2392 est
3564 2334 3747 2391 oculo-

2144 2447 2297 2498 rum,
2339 2431 2535 2501 quibus
2560 2432 2650 2487 lux
2684 2432 2947 2487 mentium
2977 2429 3307 2502 percipitur,
3350 2428 3645 2498 sequitur,
3693 2436 3749 2480 ut

2144 2525 2233 2580 alii
2268 2524 2420 2595 plus,
2455 2525 2543 2579 alii
2585 2525 2767 2579 minus
2795 2537 2858 2580 ea
2897 2522 3172 2589 fruantur,
3210 2520 3302 2576 alii
3332 2519 3563 2592 penitus
3593 2518 3662 2571 ab
3688 2531 3751 2570 ea

2145 2616 2538 2682 excludantur;
2576 2624 2635 2670 ut
2661 2614 2927 2671 immundi
2960 2613 3212 2685 spiritus,
3257 2611 3351 2682 qui
3389 2612 3459 2666 ad
3493 2626 3616 2667 eam
3651 2625 3749 2664 no-

2146 2712 2263 2767 lunt
2287 2712 2550 2777 converti,
2584 2726 2691 2768 non
2719 2712 2861 2782 quod
2880 2710 3053 2781 etipsi
3083 2708 3379 2766 secundum
3412 2707 3751 2764 intellectu»

2145 2802 2253 2856 lem
2282 2802 2634 2857 substantiam
2654 2843 2667 2867 ,
2697 2803 2749 2856 in
2780 2817 2887 2873 qua
2916 2817 2945 2855 a
2969 2815 3182 2856 summo
3210 2800 3356 2855 bono
3384 2798 3561 2855 creati
3589 2803 3746 2862 sunt,

2147 2895 2557 2965 participatione
2599 2909 2726 2949 vere
2764 2892 3049 2949 existentis
3093 2891 3313 2947 luminis
3359 2890 3746 2949 secludantur:

2150 2987 2385 3057 alioquin
2421 2986 2485 3039 ad
2514 2984 2738 3040 nihilum
2768 2985 2983 3056 penitus
3022 2984 3440 3055 redigerentur;
3481 2997 3649 3039 omne
3674 2981 3752 3035 si-

2151 3078 2367 3148 quidem
2405 3076 2817 3147 participatione
2846 3074 2963 3145 ejus
2984 3075 3254 3146 privatum
3294 3074 3525 3129 omnino
3562 3074 3616 3126 in
3651 3087 3754 3125 na-

2153 3178 2273 3225 tura
2298 3184 2478 3225 rerum
2511 3184 2614 3224 non
2639 3177 2741 3233 est,
2769 3167 2820 3221 in
2842 3152 3103 3237 quantum
3129 3179 3258 3219 vero
3281 3161 3756 3219 irrationabilibus

2149 3277 2439 3336 perversae
2462 3277 2592 3317 suae
2614 3260 2903 3316 voluntatis
2920 3259 3152 3315 motibus
3170 3255 3636 3321 contaminamur,
3669 3270 3760 3307 ve.

2151 3369 2245 3409 rae
2265 3353 2401 3409 lucis
2419 3353 2778 3408 excluduntur
2800 3340 3244 3421 participatione;
3279 3362 3385 3403 non
3404 3348 3555 3403 enim
3584 3345 3656 3400 ad
3688 3344 3756 3399 il.

2151 3448 2281 3517 iam,
2311 3449 2403 3504 sed
2436 3448 2503 3502 ad
2532 3447 2873 3517 semetipsos,
2906 3445 3009 3500 hoc
3038 3453 3143 3508 est,
3172 3443 3237 3497 ad
3265 3441 3565 3513 nequitiam
3590 3454 3759 3494 suam

2151 3548 2561 3599 convertuntur.
2591 3537 2647 3593 Si
2680 3538 2824 3593 enim
2848 3538 2913 3592 ad
2934 3544 3183 3591 naturam
3208 3548 3363 3589 suam
3391 3532 3757 3601 respicerenh

2152 3644 2207 3692 et
2227 3635 2294 3690 ad
2320 3630 2785 3704 ejusCreatorcm,
2806 3628 3052 3701 profecto
3068 3626 3212 3684 beati
3234 3627 3441 3681 lit-rent.
3468 3624 3534 3679 Et
3558 3625 3601 3677 si
3628 3623 3759 3694 quis

2154 3727 2352 3784 dixen't
2385 3746 2397 3781 :
2430 3725 2607 3793 Quare
2653 3722 2948 3794 aequaliter
2969 3721 3215 3777 intuendi
3249 3718 3417 3775 divini
3449 3717 3494 3750 “
3528 3718 3761 3774 luminis

2153 3821 2436 3876 universae
2482 3817 2730 3872 rationali
2766 3825 2988 3870 naturae
3016 3829 3121 3870 non
3144 3812 3303 3868 datur
3330 3812 3375 3844 ι’
3395 3811 3754 3884 possibilitas,

2154 3927 2261 3968 non
2284 3919 2462 3966 autem
2486 3909 2726 3964 intuendi
2757 3907 2887 3963 illud
2924 3907 3046 3962 data
3070 3914 3152 3961 est
3172 3904 3469 3975 aequaliter
3493 3902 3675 3957 virtus
3702 3912 3759 3957 et

2156 4002 2436 4066 actio,sive
2453 4000 2505 4054 in
2521 4000 2622 4055 hac
2643 3999 2890 4063 vita,sive
2907 3996 2959 4051 in
2978 3995 3244 4051 futura"?
3261 3996 3552 4063 interroget
3567 3992 3754 4059 illum,

2156 4094 2247 4166 qui
2279 4092 2611 4162 stupefactus
2640 4098 2693 4146 et
2719 4088 3080 4145 inaccessibili
3112 4087 3230 4142 luce
3271 4100 3627 4156 repercussus
3659 4100 3760 4138 ac-

2158 4187 2359 4244 clamat
2397 4185 2466 4252 “,
2496 4183 2685 4239 dicens
2712 4200 2726 4238 :
2752 4180 2799 4237 0
2827 4181 3056 4236 altitudo
3086 4180 3385 4234 divitiarum
3413 4176 3671 4230 scientiae
3708 4187 3759 4229 et

2160 4281 2448 4352 sapientiae
2480 4278 2576 4333 Dei
2591 4277 2612 4332 .'
2640 4277 2811 4344 Quam
2841 4273 3206 4331 inscrutabilia
3236 4282 3355 4327 sunt
3371 4269 3576 4342 judicia
3610 4270 3761 4338 ejus,

2163 4383 2211 4427 et
2261 4367 2639 4441 iurestigabiles
2692 4369 2804 4423 viae
2846 4368 2959 4439 ejus
3008 4367 3065 4419 in
3116 4365 3257 4419 omni
3301 4361 3558 4432 tempore!
3620 4359 3762 4425 Qui:

2168 4466 2302 4520 enim
2341 4465 2574 4536 cognovit
2610 4478 2819 4518 sensum
2847 4460 3095 4516 Domini?
3128 4459 3235 4511 Aut
3266 4457 3381 4530 quis
3416 4453 3763 4510 consiliarius

2168 4557 2280 4627 ejus
2312 4556 2457 4625 fuit?
2498 4554 2565 4609 Et
2592 4555 2708 4624 quis
2736 4554 2880 4623 prior
2903 4550 3043 4605 dedit
3074 4548 3174 4615 illi,
3204 4559 3261 4602 ut
3301 4547 3625 4602 retribuat"
3665 4549 3717 4600 ei
3740 4547 3767 4599 .'

2170 4646 2431 4713 Quoniam
2466 4662 2532 4700 ea:
2562 4645 2694 4714 ipso,
2731 4653 2779 4698 et
2801 4659 2894 4715 per
2916 4644 3118 4713 ipsum,
3157 4648 3208 4696 et
3238 4640 3293 4692 in
3324 4638 3471 4708 ipso,
3496 4646 3541 4691 et
3568 4637 3647 4689 ad
3678 4639 3761 4704 ip-

2166 4755 2280 4795 sum
2301 4746 2422 4794 sunt
2450 4739 2645 4793 omnia.
2674 4737 2974 4806 interroget
2992 4734 3174 4800 etiam,
3206 4747 3304 4787 cur
3322 4730 3560 4786 omnium
3578 4729 3765 4785 bono-

2168 4848 2287 4887 rum
2317 4832 2541 4904 largitor
2562 4845 2667 4886 non
2691 4828 2990 4899 aequaliter
3007 4824 3258 4881 omnibus
3282 4821 3562 4878 ordinibus
3582 4835 3763 4890 θυεερ

2167 4924 2340 4980 lorum
2392 4924 2645 4979 virtutem
2693 4917 3168 4990 contemplationis
3212 4931 3343 4971 suae
3371 4912 3761 4970 distribuerit?

2169 5016 2347 5072 Altius
2383 5010 2652 5085 siquidem
2688 5013 3051 5084 liquidiusque
3096 5007 3556 5080 propinquiusqne
3602 5005 3758 5058 illum

2172 5106 2604 5177 contemplemur
2645 5103 2931 5173 Seraphim
2972 5098 3359 5163 eLCherubim
3405 5106 3462 5151 et
3514 5095 3758 5157 Thr-oni,

483 5194 785 5260 intrabunt.
817 5203 921 5272 Qui
952 5220 1082 5262 vero
1108 5204 1278 5261 solam
1304 5187 1522 5261 luminis
1555 5204 1908 5276 capacitatem
1939 5218 2063 5273 pos—
2172 5195 2587 5272 quainrtutes
2608 5194 2978 5269 et‘Potestates
2997 5190 3507 5263 et_Dominationes-
3529 5196 3583 5244 et
3606 5186 3761 5258 ipsae

1770 5359 2020 5419 VARIAE
2057 5355 2457 5417 LECTIONES.
2516 5354 2523 5361 ’

561 5514 576 5563 l
616 5514 669 5571 iu
707 5529 821 5583 unt.
848 5511 913 5566 Α.
991 5512 1012 5569 .’
1048 5514 1310 5571 humanae
1336 5528 1445 5575 om.
1472 5514 1536 5571 Α.
1615 5512 1636 5545 ⁸
1674 5522 1720 5567 et
1757 5529 1865 5571 om.
1895 5511 1961 5567 Α.
2036 5511 2060 5545 ⁸
2097 5511 2143 5569 Δ
2180 5527 2455 5583 supernae.
2528 5514 2771 5583 llintentem.
2810 5520 2925 5583 om.
2956 5502 3021 5567 Ε.
3094 5502 3289 5583 fnum:
3316 5517 3427 5583 aut.
3604 5502 3639 5583 ,τ

492 5589 626 5655 riunt
655 5599 766 5638 om.
798 5581 863 5639 A.
937 5591 961 5625 ⁸
999 5584 1041 5638 Α
1067 5572 1420 5645 coronantur.
1482 5586 1502 5641 Ψ
1530 5584 1571 5638 A
1604 5600 1708 5642 non
1736 5586 1906 5639 solum
1937 5572 2254 5655 naturaliter
2285 5572 2486 5655 insue.
2521 5650 2539 5655 _
2563 5579 2605 5611 ¹⁰
2644 5580 2690 5633 Α
3101 5573 3157 5655 ⁸⁸,
3183 5573 3231 5627 Α
3260 5582 3412 5644 αισα
3440 5572 3520 5631 vel
3543 5573 3753 5631 militii-

495 5642 544 5715 li
576 5642 617 5716 Α
642 5668 820 5725 quttw-
899 5656 943 5690 ⁸³
975 5655 1139 5716 divini
1161 5642 1271 5715 oui.
1296 5655 1358 5713 F.
1437 5658 1481 5688 “*
1510 5672 1614 5717 non
1640 5656 1799 5713 datur
1831 5671 1941 5713 om.
1989 5654 2050 5711 ιη’.
2128 5654 2174 5688 ³⁵
2211 5652 2256 5717 ᾼ
2288 5654 2401 5711 sive
2424 5652 2485 5713 in
2513 5650 2694 5713 futura
2729 5642 2856 5713 νίἑα.
2932 5645 2977 5695 “.
3017 5645 3065 5706 Δ
3108 5642 3325 5709 clamet.
