4008 6286
565 260 705 319 1015

1920 260 2205 324 JOANNIS
2245 256 2444 324 SCOTI

3692 270 3835 329 {016

561 376 763 432 stinum
816 385 1045 433 naturae
1086 385 1287 435 statum
1345 380 1613 448 reversio;
1665 379 1914 454 specialis
1960 391 2140 438 autem
2166 383 2220 446 Α
2244 381 2496 438 batorum
2519 383 2575 439 in
2598 384 2802 440 sanctis
2823 383 3051 458 angelis,
3073 384 3386 456 sanctisque
3404 386 3748 454 hominibus,
3778 400 3833 446 es

560 484 658 541 per
682 469 919 542 quinque
944 472 1235 542 prudentes
1275 473 1514 528 omnium
1543 473 1887 531 Sanctorum.
1917 474 2139 545 Species

559 558 703 613 enim
753 559 972 615 humani
1014 563 1233 632 generis
1255 573 1338 619 est
1363 563 1661 620 electorum
1713 580 1988 621 numerus.
2020 564 2136 620 Non

560 649 738 705 solum
793 650 958 723 igitur
979 653 996 683 ¹
1025 653 1094 708 ad
1144 654 1426 724 antiquum
1452 665 1676 713 naturae
1702 657 2022 728 principium
2054 672 2138 712 re-

556 742 700 798 ditus
747 743 799 797 in
846 746 1255 816 generalitatem
1304 749 1675 817 humanitatis,
1735 766 1919 806 verum
1971 752 2135 808 etiam

555 834 694 889 ultra
740 845 989 893 naturam
1021 839 1075 893 in
1106 840 1281 909 ipsum
1312 840 1479 896 Deum
1512 840 1565 896 in
1605 842 1942 912 specialitate
1983 842 2137 898 deiﬁ-

553 928 783 985 cationis
859 929 1145 990 ineﬂabilis
1215 934 1521 990 insinuatur
1590 951 1869 993 ascensus.
1932 936 2135 994 Omnes

550 1020 749 1092 quippe
773 1020 825 1075 in
847 1023 1183 1093 paradisum,
1212 1027 1671 1095 utpraediximus,
1696 1036 1822 1083 sunt
1837 1029 2129 1093 reversuri,

468 1106 471 1109 ’
548 1110 643 1165 sed
692 1127 797 1165 non
844 1127 1033 1169 omnes
1082 1114 1147 1170 de
1196 1116 1216 1146 ¹
1260 1115 1405 1188 ligno
1444 1117 1589 1174 vitae
1626 1126 1753 1174 sunt
1774 1118 2134 1186 fruituri;vel

547 1216 696 1263 certe
721 1224 911 1266 omnes
960 1211 1027 1267 de
1076 1212 1220 1283 ligno
1248 1214 1391 1269 vitae
1426 1223 1553 1270 sunt
1576 1217 1872 1287 accepturi,
1901 1217 1995 1273 sed
2021 1233 2133 1275 non

546 1299 867 1368 aequaliter.
910 1299 1044 1355 Nam
1090 1311 1146 1358 et
1186 1306 1451 1361 naturalia
1488 1306 1651 1374 bona,
1680 1322 1912 1378 quorum
1940 1324 2132 1367 omnes

547 1391 849 1459 aequaliter
872 1393 1162 1465 participes
1191 1405 1368 1460 erunt,
1401 1397 1640 1454 fructum
1667 1399 1798 1471 ligni
1818 1400 1964 1457 vitae
1984 1416 2130 1468 esse,

544 1482 742 1538 stultus
767 1484 856 1555 qui
901 1485 1135 1555 ignorat.
1169 1494 1272 1545 Πᾶν
1297 1488 1443 1555 ξύλον
1472 1492 1692 1564 quippe,
1724 1501 1785 1548 ut
1812 1493 1865 1548 in
1886 1496 2133 1565 superio-

545 1572 695 1628 ribus
750 1577 1120 1645 tractavimus,
1177 1579 1231 1634 id
1293 1589 1395 1646 est,
1432 1596 1594 1637 omne
1652 1583 1855 1655 lignum
1904 1593 2130 1641 vocatur

545 1661 823 1733 Christus;
849 1669 1047 1741 quippe
1068 1672 1308 1727 omnium
1335 1673 1597 1731 bonorum
1619 1675 1820 1748 lignum
1838 1683 1921 1734 est
1940 1674 2128 1732 fructi-

540 1754 737 1828 ferum,
768 1762 892 1830 quia
925 1764 1040 1834 ipse
1088 1775 1174 1821 est
1205 1782 1366 1824 omne
1409 1770 1606 1824 bonum
1637 1771 1986 1842 omniumque
2026 1771 2127 1826 bo-
2154 1752 2203 1813 Β

537 1865 730 1907 norum
762 1853 1006 1926 largitor.
1045 1857 1316 1916 Fruentur
1338 1861 1520 1932 itaque
1545 1878 1735 1920 omnes
1764 1864 2011 1921 homines
2046 1864 2129 1935 ip-

536 1943 651 1998 sius
666 1944 841 2002 fructu
859 1950 1272 2021 participatione
1284 1955 1609 2011 naturalium
1625 1955 1888 2013 bonorum
1910 1972 2129 2029 genera-

536 2034 661 2092 liter
684 2037 977 2103 ;‘fruentur
1002 2044 1158 2100 electi
1188 2045 1273 2101 sui
1305 2048 1695 2104 excelsitudine
1725 2049 2126 2107 deificationum

534 2128 670 2184 ultra
686 2145 900 2189 onmem
919 2145 1167 2192 naturam
1185 2140 1513 2209 specialiter.
1530 2142 1907 2199 Deificationes
1922 2145 2123 2214 itaque,

534 2235 668 2290 quas
694 2225 791 2281 soli
813 2227 944 2296 justi
978 2232 1400 2301 participabunt,
1431 2234 1801 2304 spiritualibus
1824 2235 2125 2307 figurantur

534 2314 759 2380 nuptiis,
806 2315 857 2370 iu
909 2332 1048 2386 quas
1092 2320 1383 2387 prudentes
1434 2322 1776 2380 intraverunt
1812 2326 2048 2397 virgines
2075 2328 2119 2383 ³.

534 2399 649 2456 Νοη
674 2404 818 2458 enim
849 2422 1039 2463 omnes
1086 2412 1588 2479 supernaturalibus
1637 2413 1887 2469 fruentur
1944 2417 2121 2485 bonis,

533 2493 627 2546 sed
652 2492 725 2547 illi
758 2495 880 2561 soli,
910 2497 1121 2568 quibus,
1143 2509 1203 2555 ut
1222 2500 1517 2574 Gregorius
1541 2506 1618 2560 ait
1642 2504 1971 2579 Theologus,
1999 2509 2121 2565 licet

530 2596 776 2655 superata
804 2592 1060 2645 materia‘
1086 2602 1135 2647 et
1164 2611 1343 2662 carne,
1369 2596 1527 2652 veluti
1554 2600 1867 2669 quibusdam
1897 2603 2119 2658 nubibus

530 2685 576 2729 et
617 2677 961 2736 velamim'bns
996 2685 1335 2751 transcensis,
1381 2704 1476 2756 per
1519 2690 1775 2744 rationem
1809 2700 1857 2745 et
1888 2702 2119 2747 contem-

533 2768 816 2838 plationem
840 2791 959 2829 cum
984 2777 1094 2832 Deo
1131 2779 1269 2848 ﬁeri,
1298 2791 1345 2834 et
1366 2782 1646 2850 purissimo
1671 2784 1692 2815 '
1712 2784 1906 2841 lumine
1930 2789 2112 2854 teneri,

527 2875 780 2935 quantum
826 2871 1073 2938 possibile
1122 2882 1197 2927 est
1246 2875 1510 2930 humanae
1558 2891 1799 2933 naturae.
1848 2879 1941 2934 Isti
1990 2889 2120 2935 sunt

527 2955 690 3024 beati,
721 2958 847 3015 hinc
889 2963 1230 3027 ascensione,
1260 2973 1315 3019 et
1344 2966 1452 3022 illic
1472 2967 1834 3025 deiﬁcationc.
1868 2968 1978 3024 Sed
2011 2970 2115 3024 hu-

521 3046 611 3116 jus
642 3051 896 3118 uominis,
948 3054 1309 3112 deilieationis
1337 3058 1477 3122 dico,
1531 3059 1583 3114 in
1624 3060 1805 3116 latinis
1835 3062 2114 3117 codicibus

528 3142 837 3199 rarissimus
882 3154 965 3201 est
1020 3164 1181 3215 usus;
1239 3150 1571 3206 intellectum
1614 3169 1745 3209 vero
1802 3153 1919 3223 ejus
1972 3157 2111 3224 apud

528 3235 726 3291 multos
760 3246 811 3292 et
842 3240 1077 3297 maxime
1106 3242 1246 3312 apud
1277 3244 1624 3301 Ambrosium
1651 3248 1978 3304 invenimus.
2005 3248 2114 3304 Sed

527 3343 697 3396 quare
738 3330 840 3387 hoc
867 3335 1068 3400 evenit,
1113 3352 1219 3392 non
1268 3339 1401 3395 satis
1445 3340 1603 3396 nobis
1646 3350 1814 3412 patet.
1860 3344 1943 3398 An
1976 3344 2114 3402 forte

528 3423 652 3490 quia
679 3424 700 3454 ⁸
724 3440 917 3482 sensus
944 3428 1114 3498 ipsius
1156 3433 1413 3500 nominis,
1449 3435 1594 3505 quod
1615 3445 1701 3491 est
1727 3437 1974 3504 Theosis,
2004 3454 2112 3510 quo

526 3514 762 3570 maxime
775 3515 965 3574 Graeci
987 3523 1603 3593 utuntur,signiticantes
1617 3535 1923 3584 sanctorum
1944 3538 2113 3587 trans-

527 3605 662 3660 itum
694 3607 744 3662 in
780 3609 945 3665 Deum
968 3629 1075 3668 non
1098 3614 1271 3670 solum
1293 3618 1779 3684 anima,sedetiam
1793 3632 1847 3680 et
1862 3639 2109 3696 corpore,

526 3705 586 3749 ut
633 3714 797 3755 unum
852 3701 904 3756 in
936 3704 1053 3775 ipso
1080 3715 1137 3762 et
1157 3722 1277 3762 eum
1310 3708 1427 3779 ipso
1456 3712 1585 3777 sint,
1618 3715 1833 3779 quando
1854 3716 1908 3772 in
1931 3718 2011 3774 eis
2035 3719 2112 3775 nil

526 3786 780 3856 animale,
800 3791 873 3846 nil
895 3808 1241 3864 corporeum,
1266 3799 1339 3853 nil
1366 3801 1684 3869 humanum,
1727 3805 1801 3860 nil
1823 3809 2108 3866 naturale'

526 3881 850 3949 remanebit,
891 3884 1031 3943 altus
1057 3888 1280 3944 nimium
1308 3891 1459 3948 visus
1490 3891 1532 3958 ⁸,
1568 3894 1817 3967 ultraque
1861 3901 2107 3960 carnales

523 3974 879 4043 cogitationes
908 3982 1202 4037 ascendere
1227 4000 1332 4040 non
1362 3986 1667 4046 valentibus
1690 3991 2106 4063 incomprehen-

524 4062 696 4119 sibilis
737 4076 795 4122 et
838 4068 1185 4137 incredibilis,
1219 4089 1283 4131 ac
1312 4091 1409 4146 per
1453 4078 1556 4134 hoc
1584 4095 1686 4136 non
1715 4062 1929 4152 publice
1951 4101 2108 4156 prae-

524 4152 807 4213 dicaudus.
865 4157 971 4215 Sed
1021 4162 1087 4218 de
1135 4178 1201 4220 eo
1246 4165 1387 4222 inter
1436 4169 1711 4240 sapientes
1740 4152 2103 4235 tractandum.

524 4243 685 4302 Multa
713 4251 910 4323 quippe
946 4254 1126 4311 divina
1157 4261 1416 4330 mysteria
1445 4277 1475 4317 a
1505 4265 1710 4322 sanctis
1734 4265 1984 4326 Patribus
2015 4271 2103 4328 in-

522 4346 664 4396 tacta
713 4344 782 4400 ob
816 4345 955 4403 hanc
985 4362 1203 4404 causam
1253 4357 1637 4423 praetermissa
1683 4370 1844 4428 sunt;
1902 4363 2103 4421 infirmi

518 4433 785 4504 siquidem
812 4439 954 4496 oculi
974 4441 1278 4499 claritatem
1306 4445 1525 4506 luminis
1547 4450 1769 4510 sufferre
1801 4468 2095 4528 nequeunt.

518 4522 824 4595 Sulliciunt,
858 4539 917 4586 ut
958 4531 1217 4601 arbitror,
1242 4536 1375 4594 haec
1402 4556 1572 4610 pauca
1604 4522 1992 4619 paradigmata,
2027 4568 2095 4610 ex

516 4615 712 4675 divinis
739 4622 1011 4690 parabolis
1037 4638 1337 4701 assumpta,
1365 4635 1430 4689 ad
1452 4636 1755 4707 generalem
1779 4615 2096 4709 specialem-

442 4710 445 4711 ⁷
515 4723 622 4779 que
659 4711 879 4771 humani
908 4721 1122 4789 generis
1150 4725 1481 4782 suadendum
1532 4730 1762 4788 reditum
1802 4733 1854 4790 in
1893 4737 2096 4807 princi-

512 4801 662 4871 pium
695 4819 871 4874 suum,
903 4809 1306 4880 primordialem
1333 4817 1454 4872 dico
1491 4801 1911 4892 conditionem,-
1932 4827 2096 4900 inque

515 4895 687 4967 ipsum
742 4898 930 4971 Deum,
971 4903 1023 4958 in
1055 4905 1161 4973 his,
1186 4907 1278 4978 qui
1331 4910 1696 4969 sincerissima
1728 4917 1846 4987 ejus
1871 4895 2094 4989 parti—ci-

512 4989 731 5058 patione
764 4993 909 5065 digni
941 5006 1067 5051 sunt
1091 4997 1218 5067 frui,
1246 5002 1419 5071 deque
1452 5004 1618 5061 totius
1645 5008 1915 5067 sensibilis
1941 5027 2096 5068 erea-

515 5085 688 5148 turac,
712 5098 851 5152 quae
875 5085 928 5141 in
950 5085 1170 5145 homine
1200 5098 1255 5145 et
1275 5101 1497 5163 propter
1527 5094 1797 5153 hominem
1827 5100 2094 5158 fabricata

508 5181 611 5238 est,
644 5174 696 5230 in
723 5191 916 5234 causas
943 5196 1073 5236 suas
1104 5185 1433 5252 reversione,
1465 5188 1682 5257 quando
1713 5192 1817 5245 erit
1862 5209 1967 5249 non
2000 5211 2091 5250 so-

507 5264 619 5322 lum
662 5272 912 5342 generale
977 5276 1260 5332 sabbatum
1316 5277 1369 5333 in
1432 5282 1686 5339 omnibus
1730 5284 1926 5342 divinis
1966 5302 2094 5359 ope-

506 5357 679 5428 ribus,
739 5379 926 5422 verum
976 5369 1138 5425 etiam
1201 5378 1257 5426 et
1327 5373 1560 5445 speciale
1619 5375 1900 5433 sabbatum
1969 5357 2092 5437 sab-

2239 475 2551 547 implebitur
2591 477 2784 534 domus
2819 478 2937 544 Dei,
2988 480 3043 534 in
3084 493 3192 549 qua
3242 480 3621 551 unusquisque
3672 482 3828 537 unli-

2236 583 2304 622 ne
2354 568 2455 624 sibi
2503 584 2742 640 congruo
2786 570 3148 626 constituetur
3183 574 3230 637 ⁸,
3280 570 3374 626 alii
3422 571 3682 639 inferius,
3734 574 3826 629 alii

2235 660 2508 729 superius,
2558 662 2651 717 alii
2689 662 2743 717 in
2801 662 3134 719 sublimitate
3189 672 3443 731 naturae,
3500 665 3601 721 alii
3663 680 3829 738 super

2234 768 2447 809 omnem
2480 755 2783 811 naturalem
2814 757 3073 814 virtutem
3125 757 3273 813 circa
3318 758 3494 829 ipsum
3522 759 3726 816 Deum.
3752 763 3831 818 Ac

2233 846 2315 903 sic
2336 863 2503 904 coena
2541 848 2630 905 illa
2662 865 2856 922 magna
2887 852 3234 909 ordinabitur
3257 863 3313 909 et
3333 854 3732 923 celebrabitur,
3762 874 3828 914 ex

2232 951 2339 1007 qua
2391 937 2590 994 nullius
2639 939 2966 1008 substantia,
3025 942 3155 1013 quia
3207 957 3276 998 ex
3343 943 3456 1000 Deo
3518 943 3672 1000 facta
3724 956 3825 1013 est,

2233 1036 2520 1100 respuetur
2543 1069 2559 1098 ,
2606 1031 2806 1090 nullius
2833 1033 3046 1101 vitium,
3074 1035 3204 1105 quia
3234 1050 3302 1091 ex
3336 1036 3451 1092 Deo
3478 1036 3693 1093 factum
3722 1054 3829 1097 non

2232 1130 2338 1187 est,
2385 1122 2782 1181 introducetur.
2807 1125 3137 1199 Purgabitur
3158 1128 3305 1184 enim
3344 1137 3570 1197 natura,
3596 1131 3827 1186 ventila-

2230 1216 2377 1271 bitur
2394 1217 2605 1284 vitium,
2621 1220 2984 1276 recondentur
3001 1220 3380 1276 substantialia
3396 1237 3599 1292 grana,
3614 1220 3827 1278 ﬂamma

2231 1308 2447 1364 divinae
2489 1310 2794 1366 sententiae
2828 1310 3148 1367 delictorum
3176 1311 3389 1367 ardebit
3417 1311 3606 1382 palea,
3630 1312 3825 1368 illumi-

2230 1399 2503 1455 nabuntur
2524 1401 2846 1473 abscondita
2876 1403 3248 1470 tenebrarum,
3276 1404 3461 1459 omnia
3491 1404 3553 1459 in
3578 1404 3826 1463 omnum

2228 1492 2498 1548 videbitur
2518 1493 2681 1550 Deus.
2716 1494 2862 1550 Disc.
2897 1494 3186 1552 Suﬂiciunt
3216 1511 3382 1562 sane;
3410 1498 3509 1552 sed
3545 1496 3717 1567 hujus
3739 1515 3826 1568 pa-

2229 1585 2449 1643 rabolae
2475 1588 2691 1644 residua
2720 1589 2960 1645 breviter
2992 1604 3233 1661 exponas
3258 1590 3469 1664 ﬂagito.
3500 1591 3653 1648 me.
3681 1595 3827 1660 Quae

2228 1683 2355 1729 sunt
2379 1675 2503 1731 illa?
2529 1676 2674 1733 Disc.
2704 1677 2854 1735 Mora
2880 1681 3087 1749 sponsi,
3111 1680 3400 1746 dormitus,
3424 1690 3483 1738 et
3507 1681 3824 1738 dormitatio

2228 1770 2472 1825 omnium
2493 1771 2786 1843 virginum,
2810 1780 3122 1844 ceteraque,
3145 1789 3285 1845 quae
3305 1775 3511 1831 intacta
3538 1776 3821 1845 reliquisti.

2228 1861 2369 1918 ΜΑο.
2400 1860 2546 1918 Mora
2578 1864 2760 1935 sponsi
2790 1873 2895 1932 est,
2928 1875 2989 1921 ut
3013 1866 3290 1933 existimo,
3321 1868 3631 1939 temporale
3660 1869 3822 1924 inter.

2226 1954 2447 2022 vallum,
2498 1958 2641 2027 quod
2684 1957 2828 2012 inter
2876 1958 3113 2028 primum
3157 1959 3375 2015 Domini
3426 1971 3485 2015 et
3523 1961 3819 2017 secundum

2230 2047 2554 2102 transcurrit
2596 2048 2919 2116 adventum;
2974 2049 3061 2105 vel
3106 2060 3259 2106 certe
3308 2052 3377 2107 ab
3423 2051 3592 2107 initio
3641 2052 3821 2108 mundi

2227 2154 2394 2211 usque
2435 2141 2505 2195 ad
2544 2140 2704 2196 linem
2745 2139 2882 2210 ejus.
2928 2141 3144 2198 Nullum
3179 2144 3328 2199 enim
3370 2154 3592 2216 tempus
3637 2154 3815 2201 tuns-

2225 2247 2404 2291 actum
2434 2245 2537 2302 est,
2566 2237 2651 2293 vel
2679 2239 3010 2309 transigetur
3029 2253 3129 2309 per
3154 2255 3250 2296 sex
3279 2241 3467 2297 mundi
3496 2249 3736 2306 aetates,
3766 2241 3817 2297 in

2223 2343 2330 2399 quo
2353 2329 2656 2401 virginitas,
2688 2331 2793 2387 hoc
2820 2340 2925 2398 est,
2952 2331 3235 2404 integritas
3268 2335 3545 2391 humanae
3568 2344 3814 2402 naturae,

2223 2437 2360 2491 quae
2407 2421 2462 2476 in
2511 2421 2660 2477 nullo
2708 2424 3111 2494 corrumpitur,
3157 2426 3409 2494 quamvis
3459 2427 3517 2481 in
3566 2428 3815 2482 omaibas

2221 2525 2449 2586 excepto
2490 2518 2710 2574 Christo
2760 2520 3129 2575 contaminata
3180 2520 3287 2591 sitj,
3334 2521 3562 2576 obviam
3615 2535 3811 2592 sponso

2219 2625 2316 2666 suo
2365 2627 2470 2667 non
2509 2612 2637 2668 velit
2661 2615 2963 2670 ascendere
2992 2614 3061 2681 ιο,
3095 2614 3148 2669 in
3181 2614 3510 2684 quibusdam
3544 2614 3722 2680 fatua,
3758 2616 3808 2670 in

2219 2701 2543 2772 quibusdam
2606 2704 2893 2775 prudens,
2956 2705 3011 2761 in
3064 2706 3319 2763 omnibus
3368 2708 3675 2763 conditoris
3731 2706 3807 2762 sui

2218 2808 2595 2865 supernaeque
2637 2797 2868 2866 patriae,
2899 2807 3064 2868 quam
3095 2797 3437 2864 deseruerat,
3477 2800 3803 2871 appetitrix;

2217 2888 2486 2958 appetitus
2533 2890 2731 2960 quippe
2775 2889 3129 2945 beatitudinis
3173 2890 3426 2945 omnibus
3474 2892 3806 2961 sapientibus

2216 2989 2270 3033 et
2304 2979 2702 3049 insipientibus,
2734 2980 2892 3036 bonis
2925 2988 2982 3035 et
3014 2980 3191 3046 malis,
3230 2982 3602 3037 communiter
3626 2992 3685 3036 et
3716 2998 3807 3037 nae

2219 3070 2467 3125 turaliter
2490 3071 2649 3126 inest.
2672 3070 2729 3125 ln
2758 3070 3006 3141 praefato
3028 3070 3315 3127 intervallo
3339 3072 3807 3127 mundanicursus

2219 3177 2313 3232 per
2356 3163 2604 3218 ordinata
2655 3172 2902 3234 tempora
2950 3164 3171 3234 quidam
3215 3164 3536 3227 dormiunt,
3582 3166 3805 3235 quidam

2216 3258 2536 3314 dormitant.
2576 3258 2864 3315 Dormiunt
2890 3260 3125 3331 quidem,
3165 3261 3256 3333 qui
3277 3262 3393 3333 jam
3422 3264 3620 3317 mortui
3654 3272 3803 3330 sunt,

2213 3359 2269 3405 et
2295 3351 2472 3407 adhuc
2502 3352 2784 3418 morituri;
2813 3351 3112 3409 dormitare
3140 3363 3322 3411 autem
3354 3355 3631 3421 dicuntur,
3665 3372 3805 3426 quos

2215 3441 2339 3498 linis
2380 3442 2564 3497 mundi
2608 3443 2763 3498 vivos
2788 3443 2841 3499 in
2869 3458 3035 3499 carne
3069 3444 3389 3501 inventurus
3420 3456 3525 3501 est.
3554 3446 3662 3513 Qui
3697 3463 3805 3502 non

2212 3535 2467 3601 dormire,
2513 3536 2607 3592 sed
2652 3536 2945 3594 dormitare
2983 3537 3355 3608 perhibentur,
3392 3540 3654 3610 quoniam
3681 3555 3807 3610 per-

2211 3626 2352 3683 fecta
2398 3637 2574 3684 morte
2622 3644 2729 3685 non
2783 3638 2910 3686 sunt
2957 3630 3230 3698 morituri,
3282 3632 3501 3688 nullove
3538 3634 3578 3665 “
3620 3634 3806 3704 spatio

2212 3719 2495 3789 temporali
2546 3720 2599 3775 in
2647 3735 2711 3776 ea
2755 3729 2915 3777 erunt
2964 3722 3189 3790 detenti,
3235 3724 3331 3780 sed
3374 3724 3547 3780 veluti
3585 3726 3802 3796 gravati

2211 3824 2421 3873 somno,
2453 3825 2559 3867 non
2586 3820 2765 3867 autem
2788 3812 3071 3883 prostrati,
3100 3813 3243 3869 nulla
3272 3823 3449 3870 morte
3476 3815 3801 3886 interposita

2211 3900 2266 3956 in
2313 3902 2473 3958 aliam
2528 3904 2697 3961 vitam
2749 3907 3121 3963 mutabuntur.
3150 3905 3266 3975 Quo
3288 3909 3341 3963 in
3369 3907 3490 3965 loco
3514 3910 3802 3965 videtur“

2209 4003 2429 4049 sanctus
2488 3995 2823 4067 Augustinus
2877 3999 3185 4055 consentire
3237 3998 3326 4054 his
3353 4040 3370 4065 ,
3426 4000 3522 4069 qui
3576 4000 3800 4067 dicunt,

2210 4087 2471 4143 tantillam
2501 4099 2729 4147 mortem
2770 4091 2825 4145 in
2867 4092 2987 4161 ipso
3008 4091 3354 4148 velocissimo
3390 4102 3550 4163 raptu
3581 4108 3798 4159 eorum,

2207 4179 2299 4248 qui
2347 4179 2402 4233 in
2443 4179 2547 4235 fine
2587 4181 2772 4237 mundi
2822 4182 2929 4237 vivi
2976 4182 3142 4238 futuri
3165 4192 3316 4247 sunt,
3357 4197 3482 4240 esse
3530 4184 3793 4242 futuram.

2205 4268 2295 4323 Ait
2338 4271 2482 4326 enim
2527 4271 2579 4326 in
2626 4272 2887 4329 vicesimo
2928 4273 3067 4330 libro
3101 4275 3168 4330 de
3212 4274 3446 4331 Civitate
3490 4275 3590 4333 Dei
3620 4279 3796 4349 capite

2205 4360 2466 4417 vicesimo
2500 4363 2675 4432 primo
2701 4381 2714 4418 :
2746 4361 2806 4418 Si
2845 4374 3075 4432 sanctos,
3104 4367 3195 4437 qui
3224 4368 3561 4438 reperientur
3586 4367 3796 4424 Chrisso

2120 4493 2179 4559 Β
2207 4453 2434 4509 veniente
2460 4456 2705 4522 viventes,
2741 4457 2888 4528 eique
2913 4459 2968 4512 in
2994 4458 3198 4514 obviam
3226 4460 3528 4529 rapientur,
3559 4462 3797 4548 credide-

2204 4548 2371 4602 rimus
2404 4548 2458 4601 in
2494 4546 2672 4603 eodem
2708 4560 2861 4615 raptu
2893 4549 2959 4604 de
2993 4549 3302 4606 mortalibus
3353 4546 3795 4623 corporibqu

2201 4641 2393 4705 ituros,
2424 4649 2471 4693 et
2501 4639 2570 4693 ad
2598 4642 2778 4694 eadem
2806 4657 2929 4696 mox
2949 4642 3267 4697 immortalia
3287 4645 3576 4709 redituros,
3612 4646 3787 4700 nullas

2199 4731 2255 4784 in
2287 4729 2450 4785 verbis
2478 4730 2712 4801 Apostoli
2751 4732 3009 4801 patiemur
3035 4734 3327 4804 angustias,
3358 4735 3466 4790 sive
3503 4736 3596 4791 ubi
3619 4736 3745 4792 dicit
3766 4749 3787 4786 :

2204 4820 2283 4876 Tu
2301 4824 2696 4895 quod‘seminas,
2712 4841 2815 4878 non
2832 4824 3144 4894 viviﬁeatur,
3157 4826 3261 4881 nisi
3278 4827 3425 4896 prius
3439 4828 3784 4894 “moriatur;

2199 4915 2306 4969 sive
2334 4915 2422 4968 ubi
2450 4915 2620 4971 dicit:
2650 4913 2841 4970 Omnes
2867 4917 3074 4988 quidem
3102 4934 3454 4990 resurgentus,
3485 4933 3581 4976 aut
3606 4939 3784 4977 omnes

2200 5008 2538 5075 dormiemus,
2585 5009 2709 5080 quia
2756 5025 2849 5063 nec
2884 5008 2965 5063 illi
2996 5025 3086 5081 per
3120 5011 3573 5067 immortalitatem
3620 5016 3782 5081 viviﬁ-

2199 5099 2481 5164 cabuntur,
2511 5099 2613 5154 nisi
2644 5097 2872 5169 qualibet
2908 5107 3073 5154 morte
3112 5100 3388 5170 paululum
3437 5112 3615 5157 tamen
3659 5116 3781 5156 ante

2199 5192 2515 5256 moriantur,
2559 5206 2621 5243 ac
2665 5205 2757 5260 per
2789 5188 2887 5243 hoc
2923 5199 2972 5243 et
3005 5206 3038 5243 a
3072 5192 3448 5244 resurrectione
3479 5208 3586 5246 non
3627 5202 3777 5246 erant

2197 5286 2377 5352 alieni,
2419 5301 2577 5356 quam
2602 5283 2913 5339 dormitione
2944 5283 3282 5354 praecedunt,
3316 5286 3556 5355 quamvis
3586 5286 3774 5340 bra-is-

2195 5377 2351 5445 sima,
2377 5393 2482 5431 non
2518 5384 2691 5430 tamen
2736 5373 2902 5429 nulla.
2948 5373 3123 5431 Media
3172 5389 3301 5442 nox,
3348 5375 3403 5430 in
3432 5390 3541 5445 qua
3571 5376 3779 5432 clamor

1793 5497 2047 5557 VARIAE
2086 5498 2376 5557 LECTlON
2384 5497 2487 5553 ES.

581 5595 599 5627 ¹
632 5596 793 5667 igitur
820 5614 928 5683 om.
959 5599 1025 5656 A.
1102 5606 1122 5637 ²
1152 5605 1215 5683 de
1238 5619 1348 5660 om.
1380 5606 1447 5683 A_.
1524 5607 1567 5683 ⁸Α
1604 5609 1830 5683 virgines
1880 5627 1988 5665 om.
2023 5614 2086 5667 A.
2162 5614 2184 5646 δ
2212 5613 2253 5667 Α
2286 5611 2513 5683 malitia,
2588 5610 2610 5642 '
2645 5609 2690 5665 Α
2731 5609 3029 5683 purissime.
3103 5610 3127 5644 '
3160 5610 3299 5683 quia
3338 5625 3450 5683 om.
3512 5611 3575 5665 Δ.
3650 5611 3676 5643 '
3698 5610 3777 5663 ni.’

506 5664 795 5740 humanum
850 5671 922 5724 nil
974 5675 1214 5730 naturale
1267 5692 1376 5730 om.
1408 5679 1471 5732 A.
1547 5679 1629 5734 ’Δ
1686 5664 1859 5735 ἓαετιε.
1892 5664 1957 5715 ⁷7³
1984 5664 2423 5740 Αηὶοηδι-ὶξτὶίιὰν.

574 5736 622 5770 ³⁸
652 5738 798 5795 nullo
820 5757 954 5797 vero.
1036 5744 1078 5776 ¹¹
1101 5746 1146 5800 Α
1188 5747 1444 5801 videatur.
1527 5750 1572 5781 ¹³
1598 5750 1749 5821 prius
1771 5767 1880 5807 om.
1909 5753 1975 5808 A.

2504 5682 2546 5715 ¹⁰
2571 5698 2705 5754 quae
2743 5681 2797 5735 in
2825 5680 2969 5737 nullo
2993 5712 3064 5723 —
3089 5680 3210 5738 velit
3257 5682 3538 5738 ascendere
3562 5696 3673 5738 om.
3704 5683 3774 5735 Α.
