4008 6286
199 388 335 444 1017

1097 380 1185 436 DE
1220 376 1563 436 DIVISIONE
1602 376 1951 435 NATURAE.
1991 410 2061 420 -
2099 379 2300 437 LIBER
2341 383 2663 451 QUINTUS.

3330 390 3467 450 I0l8

196 499 373 554 factus
397 502 500 562 est,
533 502 587 551 et
616 508 844 566 sponsus
871 492 1044 560 venit,
1083 493 1349 549 incertum
1378 491 1562 547 mundi
1593 490 1777 558 finem,
1806 497 1858 558 Α
1884 509 2003 549 sera
2018 496 2340 566 quandoque
2351 499 2676 569 poenitentia
2694 502 3143 572 compuncti,uon
3168 503 3467 573 intrabunt,

197 596 576 657 remotumque
623 584 692 639 ab
736 583 883 639 omni
932 583 949 616 ¹
994 582 1221 639 scientia
1264 581 1560 653 spiritualis
1600 582 1783 652 sponsi

196 683 489 737 adventrum
542 677 800 742 insinuat,
848 676 990 733 sicut
1027 676 1146 747 ipse
1185 675 1359 731 dixit:
1390 674 1470 729 De
1495 674 1580 730 die
1608 683 1784 729 autem

195 773 292 828 illa
317 783 364 828 et
390 772 522 826 hora
573 769 668 825 illa
711 786 860 824 nemo
904 769 1021 834 scit,
1072 784 1237 839 neque
1290 765 1463 838 angeli
1511 766 1567 820 in
1611 765 1780 833 caelo,

197 881 362 937 neque
409 861 582 917 Filius
636 861 883 927 hominis,
932 861 1034 915 nisi
1071 859 1236 915 Pater
1280 857 1443 914 solus.
1493 857 1561 914 Et
1594 858 1648 913 in
1674 857 1782 913 fine
1820 901 1833 911 .

193 955 500 1028 praesentis
543 951 875 1024 parabolae:
912 949 1137 1023 Vigilate
1188 952 1385 1022 itaque,
1406 951 1531 1022 quia
1571 950 1781 1006 nescitis

193 1053 355 1117 diem,
388 1064 549 1121 neque
570 1048 777 1102 horam.
799 1044 1016 1102 Clamor
1036 1044 1126 1100 ille
1149 1043 1419 1115 significat
1442 1043 1780 1114 apertissima

193 1142 381 1215 signa,
440 1155 582 1211 quae
627 1137 956 1211 praecedent
987 1136 1405 1193 destructionem
1452 1135 1667 1201 mundi,
1728 1143 1783 1191 et

192 1234 484 1290 adventum
534 1231 781 1296 Domini,
835 1230 903 1286 de
950 1229 1146 1300 quibus
1198 1228 1314 1299 ipse
1371 1229 1567 1284 sedens
1619 1241 1782 1298 super

192 1335 437 1380 montem
479 1322 746 1380 olivarum
792 1319 1073 1391 discipulis
1100 1320 1465 1392 prophetarit.
1503 1318 1782 1375 Surrectio

189 1418 436 1473 omnium
502 1415 773 1487 virginum
827 1412 1293 1485 regenerationem
1346 1411 1510 1467 totius
1559 1410 1780 1466 humani

186 1509 409 1581 generis
429 1507 721 1580 praesagit.
749 1506 1049 1561 Prudentes
1068 1505 1307 1575 virgines
1328 1502 1606 1575 lampadas
1630 1518 1778 1569 suas,

189 1598 546 1655 rationabiles
570 1597 824 1653 videlicet
854 1603 1057 1661 motus,
1096 1595 1272 1651 bonae
1296 1594 1530 1651 actionis
1551 1593 1780 1665 pingue-

188 1692 357 1758 dine,
410 1704 691 1763 puraeque
744 1686 1113 1745 conscientiae
1163 1685 1409 1741 claritate
1475 1691 1777 1749 exornant;

186 1782 386 1854 quibus
412 1782 644 1848 duobus,
674 1789 795 1836 actu
822 1779 945 1836 dico
969 1788 1024 1835 et
1048 1778 1299 1844 scientia,
1332 1776 1516 1833 fatuae
1543 1777 1778 1849 virgines

1885 586 2131 644 dicentes
2147 605 2161 643 :
2179 587 2422 655 Domine,
2437 588 2674 658 Domine,
2699 592 2842 663 aperi
2863 594 3028 648 nobis.
3044 594 3150 651 Ista
3176 604 3353 652 autem
3379 614 3468 667 ge-

1883 680 2114 737 minatio
2160 681 2426 738 Dominici
2470 683 2710 739 nominis
2749 694 2841 741 aut
2877 688 3153 744 assiduum
3198 689 3467 745 humanae

1882 781 2114 830 naturae
2163 775 2463 846 appetitum
2509 776 2579 831 ad
2624 777 3136 849 contemplationem
3165 782 3469 838 conditoris

1882 863 2002 929 sui,
2049 863 2574 937 nullaignorantiae
2616 865 2812 922 nebula
2856 867 3206 941 interposita,
3249 870 3304 926 in
3350 870 3465 937 bis,

1881 955 1974 1026 qui
2003 955 2059 1010 in
2086 956 2187 1012 hac
2215 958 2326 1012 vita
2356 942 2519 1013 nullis
2547 958 2725 1016 bonae
2763 958 2785 993 '
2823 962 3255 1018 conversationis
3280 964 3462 1019 subsi-

1880 1045 1990 1103 diis
2039 1046 2242 1103 suﬂ‘ulti
2282 1047 2502 1116 vixere,
2544 1050 2629 1105 vel
2671 1058 2821 1108 certe
2860 1051 3187 1123 simplicium
3228 1053 3469 1111 fidelium

1880 1138 2061 1194 minus
2090 1139 2112 1171 °
2137 1139 2437 1196 catholicae
2463 1140 2589 1197 fidei
2624 1141 2961 1198 altitudinem
3007 1142 3466 1200 considerantium

1881 1230 2151 1303 ignaviam
2180 1231 2484 1304 significat,
2510 1240 2763 1303 putantes
2791 1233 3077 1290 Dominum
3107 1243 3352 1290 nostrum
3379 1233 3467 1290 Je-

1881 1336 2000 1379 sum
2029 1322 2310 1378 Christum
2352 1322 2562 1379 duabus
2583 1324 2902 1382 substantiis
2922 1339 3045 1382 esse
3075 1325 3431 1397 compositum
3449 1366 3467 1393 ,

1881 1414 2007 1469 dum
2037 1414 2113 1469 sit
2149 1430 2256 1468 una
2302 1414 2607 1470 substantia
2650 1415 2704 1469 in
2743 1416 2954 1472 duabus
2993 1416 3238 1483 naturis,
3280 1425 3337 1472 et
3372 1431 3472 1488 pe-

1880 1511 2036 1569 tunt,
2063 1518 2205 1574 quae
2234 1504 2336 1560 sibi
2365 1519 2472 1560 non
2513 1506 2860 1562 conveniunt.
2900 1507 3133 1579 Ideoque
3171 1510 3468 1580 responde-

1879 1601 1971 1650 tur
1998 1594 2021 1627 ¹¹
2051 1594 2133 1651 eis
2160 1612 2174 1649 :
2207 1593 2395 1650 Petitis
2419 1603 2470 1650 et
2496 1610 2603 1649 non
2627 1595 2898 1667 accipitis,
2930 1596 3056 1668 quia
3098 1596 3237 1652 male
3272 1597 3465 1667 petitis.

1879 1684 2075 1754 Quanti
2097 1694 2244 1753 sunt,
2265 1686 2362 1757 qui
2385 1687 2623 1744 divinam
2641 1688 2932 1754 essentiam
2955 1688 3009 1743 in
3032 1688 3205 1744 tribus
3224 1688 3470 1744 substan-

1877 1777 2002 1845 tiis,
2031 1787 2085 1834 et
2117 1786 2227 1835 tres
2255 1778 2591 1836 substantias
2616 1779 2672 1835 in
2702 1795 2809 1836 una
2844 1780 3080 1837 essentia
3116 1788 3211 1835 aut
3248 1779 3465 1850 penitus

186 1880 398 1930 carent.
435 1873 589 1941 Quod
623 1881 804 1928 autem
846 1871 1142 1942 prudentes
1170 1870 1411 1941 virgines
1437 1869 1504 1925 de
1531 1869 1654 1926 oleo
1680 1883 1781 1926 suo
1805 1869 1856 1931 B
1884 1867 2139 1941 ignorant
2157 1910 2174 1936 ,
2204 1879 2300 1926 aut
2329 1871 2548 1941 penitus
2572 1871 2871 1944 abnegauit,
2913 1879 2972 1928 et
3003 1887 3100 1943 per
3139 1888 3270 1929 suas
3303 1871 3469 1930 falsas

185 1967 353 2024 fatuis
397 1967 699 2039 virginibus
749 1964 1017 2036 impertiri
1043 1964 1337 2035 abnegant,
1370 1962 1447 2017 nil
1466 1961 1611 2017 aliud
1635 1962 1779 2018 veri-

184 2061 441 2127 similius,
463 2069 522 2115 ut
550 2058 764 2131 opinor,
796 2056 973 2129 typice
995 2055 1325 2120 conformat,
1353 2069 1518 2124 quam
1541 2055 1781 2126 pruden-

185 2162 272 2208 tes
295 2152 528 2217 animas,
558 2150 756 2221 quibus
781 2149 909 2205 vilia
938 2155 992 2203 et
1016 2161 1123 2203 non
1150 2144 1471 2203 sufﬁcientia
1495 2146 1550 2201 in
1577 2145 1669 2201 illa
1690 2145 1780 2204 die

183 2239 560 2306 intellectuali,
591 2241 644 2293 in
672 2254 779 2310 qua
799 2237 1170 2307 unusquisque
1196 2235 1460 2307 profunda
1491 2236 1778 2291 conscien-

186 2331 297 2385 tiae
330 2344 460 2386 suae
498 2329 738 2394 rimabit,
785 2328 981 2384 merita
1022 2327 1384 2398 apparebunt,
1419 2335 1780 2398 aeternaeque

183 2423 436 2480 felicitati
478 2422 626 2478 nullo
671 2423 831 2478 modo
872 2419 1257 2492 comparanda,
1283 2420 1422 2475 sicut
1446 2420 1523 2475 ait
1548 2420 1781 2490 Aposto-

182 2516 311 2571 lus:
347 2514 470 2569 Non
508 2524 630 2570 sunt
671 2515 963 2585 condignae
1002 2512 1271 2584 passiones
1319 2513 1478 2582 hujus
1532 2510 1778 2582 temporis

182 2609 259 2662 ad
292 2617 720 2678 superventuram
754 2606 998 2678 gloriam,
1026 2621 1162 2677 quae
1186 2604 1499 2660 revelabitur
1523 2605 1580 2659 in
1607 2605 1776 2659 nobis.

182 2701 327 2757 Ilinc
355 2701 613 2757 Dominus
655 2701 771 2772 ipse
799 2717 813 2754 :
841 2699 996 2755 Beati
1026 2715 1301 2771 pauperes,
1349 2698 1545 2768 inquit,
1567 2699 1773 2768 spiritu,

184 2794 295 2850 hoc
337 2800 441 2858 est,
489 2792 659 2858 beati,
702 2792 795 2863 qui
844 2800 900 2847 et
943 2791 1150 2863 seipsos
1196 2801 1253 2846 et
1291 2790 1484 2847 merita
1530 2805 1627 2845 sua
1678 2804 1778 2859 pro

184 2885 361 2942 nihilo
407 2886 633 2952 ducunt,
684 2893 740 2941 et
789 2884 1012 2941 omnino
1061 2899 1124 2940 se
1170 2884 1224 2939 in
1272 2883 1475 2940 divitiis
1515 2883 1776 2939 virtutum

184 2994 389 3050 egenos
411 2978 677 3047 iudicant,
703 2979 952 3049 quoniam
981 2978 1213 3048 ipsorum
1244 2986 1318 3031 est
1362 2991 1575 3047 regnum
1606 2974 1779 3030 caelo-

187 3086 329 3125 rum.
380 3070 612 3140 Ideoque
659 3070 908 3125 dicturae
953 3077 1080 3124 sunt
1119 3068 1429 3138 petentibus
1456 3083 1486 3122 a
1518 3082 1578 3122 se
1622 3066 1778 3122 auxi-

182 3162 346 3227 lium,
370 3178 432 3215 ne
471 3161 606 3231 forte
643 3177 747 3217 non
774 3160 1006 3231 sufﬁciat
1046 3160 1193 3214 nobis
1222 3169 1270 3213 et
1299 3158 1462 3214 vobis.
1491 3158 1643 3226 Quod
1672 3158 1773 3212 du-

1878 1960 2238 2031 cogitatioues
2297 1959 2653 2032 carnalesque
2715 1961 2999 2033 opiniones
3032 1962 3055 1993 ⁸
3093 1962 3163 2017 ad
3228 1961 3471 2019 internas

1878 2053 2096 2108 divinae
2123 2067 2397 2123 puraeque
2426 2053 2896 2125 contemplationis
2939 2054 3155 2126 nuptias
3193 2054 3471 2126 postulant

1879 2143 2124 2199 intrare!
2172 2143 2372 2210 Quanti
2412 2151 2576 2210 sunt,
2617 2145 2711 2216 qui
2751 2145 3039 2203 Dominum
3075 2145 3259 2203 Jesum
3312 2144 3468 2201 Chri-

1879 2245 2021 2293 stum
2056 2237 2133 2292 ita
2162 2245 2473 2309 segregant,
2508 2246 2568 2291 ut
2596 2252 2773 2308 neque
2797 2239 3137 2296 divinitatem
3178 2238 3324 2295 illius
3364 2238 3467 2293 hu-

1879 2330 2161 2395 manitati,
2190 2345 2368 2401 neque
2397 2330 2789 2387 humanitatem
2818 2330 3092 2387 divinitati
3120 2332 3174 2388 in
3202 2333 3466 2388 unitatem

1879 2422 2237 2489 substantiae,
2252 2439 2350 2479 seu
2372 2432 2431 2478 ut
2450 2423 2630 2479 Latini
2646 2410 2899 2482 usitatius
2909 2425 3120 2492 dicunt,
3133 2426 3189 2481 in
3203 2426 3467 2484 unitatem

1878 2531 2145 2587 personae
2169 2517 2463 2572 adunatam
2503 2517 2588 2572 vel
2616 2515 2861 2583 credant,
2878 2516 2965 2573 vel
2989 2518 3314 2589 intelligant,
3336 2533 3463 2574 cum

1879 2609 2050 2681 ipsius
2083 2610 2395 2664 humanitas
2421 2616 2477 2664 et
2496 2608 2752 2664 divinitas
2783 2624 2947 2664 unum
2975 2618 3032 2664 et
3056 2608 3078 2640 '
3108 2609 3470 2681 inseparabile

1878 2717 2046 2757 unum
2077 2702 2207 2765 sint,
2226 2701 2375 2757 salva
2403 2701 2688 2771 utriusque
2714 2709 2940 2758 naturae
2966 2701 3136 2773 ipsius
3162 2702 3372 2759 ratione
3399 2703 3465 2757 ⁸⁸.

1877 2791 2292 2849 Geminantibus
2321 2792 2506 2862 itaque
2538 2793 2897 2849 substantiam
2939 2792 3143 2849 Christi
3180 2802 3238 2849 et
3275 2794 3462 2849 dicen-

1878 2888 2022 2944 tibus
2050 2906 2063 2941 :
2097 2887 2343 2953 Domine,
2370 2887 2616 2951 Domine,
2648 2887 2795 2958 aperi
2828 2886 2998 2953 nobis,
3022 2886 3173 2956 justo
3199 2902 3464 2960 coagme-

1879 2981 2040 3052 que“
2067 2981 2464 3051 respondetur:
2493 2980 2658 3035 Amen
2685 2979 2803 3035 dico
2833 2981 2997 3046 vobis,
3026 2981 3198 3037 nescio
3224 2997 3335 3047 vos,
3364 2982 3468 3039 hoc

1877 3080 1995 3137 est,
2024 3072 2245 3126 intimas
2276 3079 2630 3141 secretasque
2658 3084 2810 3126 meae
2850 3071 3147 3126 divinitatis
3185 3079 3238 3127 et
3276 3072 3468 3128 huma-

1878 3162 2066 3217 nitatis
2094 3160 2337 3232 nuptias,
2354 3175 2491 3230 quas
2521 3159 2656 3215 meis
2685 3160 2976 3230 purissime
3009 3159 3467 3232 intelligentibus,

182 3255 316 3327 plici
346 3255 505 3310 modo
535 3254 756 3326 intelligi
804 3262 982 3324 potest
1008 3272 1022 3308 :
1049 3262 1142 3308 aut
1169 3254 1316 3307 enim
1345 3253 1593 3323 negative
1621 3252 1777 3322 poni-
1803 3242 1847 3304 C
1878 3254 2196 3324 priusquam
2237 3254 2395 3310 fieret
2431 3253 2664 3309 mundus
2685 3292 2702 3319 ,
2744 3254 3097 3324 praeparavi,
3137 3262 3191 3309 et
3229 3254 3297 3309 ad
3332 3269 3468 3325 quas

184 3356 279 3401 tur
306 3363 393 3411 ne,
420 3355 473 3401 et
496 3345 831 3416 producitur,
878 3354 973 3400 aut
1017 3344 1339 3400 baesitative
1375 3351 1431 3399 et
1457 3343 1771 3413 corripitur,
1873 3347 1986 3417 jam
2014 3345 2167 3402 finito
2195 3347 2396 3402 mundo
2427 3346 2699 3401 introduxi
2718 3386 2734 3411 ,
2767 3347 2980 3403 nescire
3006 3362 3103 3403 vos
3131 3348 3462 3418 permittam.

184 3441 333 3497 sicut
354 3441 409 3495 in
456 3440 594 3494 libro
623 3438 899 3495 Geneseos
928 3456 942 3492 :
970 3437 1053 3492 Ne
1096 3437 1233 3507 forte
1272 3436 1517 3492 extendat
1561 3452 1773 3491 manant

183 3550 363 3598 suam,
385 3544 433 3589 et
455 3544 628 3589 sumat
659 3534 723 3587 de
746 3532 887 3604 ligno
918 3534 1072 3587 vitae.
1110 3532 1176 3586 Et
1203 3546 1270 3587 ne
1297 3531 1437 3586 forte
1463 3532 1777 3586 viderentur

133 3640 141 3651 σ
185 3624 424 3695 quadam
497 3621 698 3676 invidia
752 3622 1070 3676 meritorum
1126 3636 1347 3675 suorum
1401 3627 1774 3690 paupertatem

184 3714 456 3785 impertiri
501 3713 665 3769 fatuis
704 3714 961 3778 noluisse,
1008 3715 1339 3784 abnegauites
1379 3712 1582 3778 oleum,
1642 3713 1777 3766 dant

184 3807 498 3873 consilium,
553 3804 982 3879 respondentes:
1013 3807 1096 3861 Ite
1136 3807 1308 3878 potius
1359 3806 1428 3859 ad
1475 3805 1773 3870 uendentes,

183 3910 236 3956 et
265 3901 415 3954 emite
436 3901 598 3964 vobis,
637 3901 739 3956 hoc
769 3908 869 3962 est,
905 3900 978 3954 itc
1030 3898 1097 3953 ad
1127 3913 1244 3964 eos,
1270 3898 1362 3969 qui
1389 3898 1698 3952 eximietate
1720 3904 1777 3951 et

185 3989 463 4046 afﬂuentia
512 4006 730 4046 suorum
786 3991 1102 4047 meritorum
1170 4006 1275 4045 non
1335 3988 1506 4045 solum
1558 3989 1776 4044 sibimet

183 4082 483 4152 sufﬁciunt,
509 4099 698 4139 verum
726 4083 889 4138 etiam
917 4084 1021 4148 his,
1070 4084 1161 4153 qui
1201 4098 1297 4138 eos
1320 4082 1374 4136 in
1406 4083 1512 4137 hac
1539 4082 1648 4136 vita
1678 4083 1776 4136 ho-

182 4176 480 4233 noriﬁcare
535 4185 822 4246 poterant,
879 4186 1103 4247 possent
1161 4176 1418 4245 praebere
1474 4174 1770 4241 auxilium,

182 4270 511 4341 futuraeque
551 4270 900 4326 beatitudinis
948 4269 1224 4325 meritum.
1260 4268 1371 4323 llac
1392 4276 1575 4322 autem
1608 4268 1775 4322 tardi-

183 4371 304 4417 tate
357 4372 413 4417 et
467 4362 792 4433 negligentia
847 4362 1160 4431 interposita
1217 4360 1363 4415 venit
1416 4374 1682 4430 sponsus.
1720 4368 1776 4415 et

184 4464 409 4525 paratas
430 4455 684 4524 virgines,
716 4457 880 4525 inque
912 4472 1010 4511 suo
1045 4456 1277 4510 adventu
1304 4464 1525 4512 ornatas
1548 4469 1776 4526 praeoc-

184 4546 430 4613 cupavit,
469 4555 524 4600 et
566 4545 632 4601 ad
681 4561 810 4602 suas
853 4548 1068 4617 nuptias
1098 4545 1421 4611 introduxit,
1451 4548 1554 4601 hoc
1579 4555 1686 4611 est,
1717 4546 1771 4600 in

186 4651 346 4692 suam
408 4633 848 4701 deificationem,
908 4653 1013 4706 qua
1070 4634 1493 4708 perfectissimos
1558 4637 1775 4692 animos

184 4726 590 4796 supernaturali
604 4712 1081 4797 contemplationis
1102 4742 1232 4783 suae
1252 4728 1425 4795 gratia
1442 4728 1462 4759 ³
1484 4726 1775 4797 glorificat,

183 4819 392 4874 ceteris
422 4819 473 4872 in
503 4819 825 4873 naturalium
859 4819 1123 4873 bonorum
1172 4818 1505 4889 plenitudine
1548 4818 1772 4885 relictis,

184 4918 243 4964 et
294 4909 684 4964 exeelsitudine
728 4908 1013 4964 inell'abilis
1058 4907 1440 4975 deiﬁcationis,
1474 4925 1635 4980 quam
1679 4926 1772 4964 nec

185 4999 376 5055 oculus
421 5000 570 5066 vidit,
625 5017 716 5055 nec
768 5003 914 5056 auris
964 5000 1185 5064 audivit,
1225 5017 1316 5055 nec
1342 5001 1399 5054 in
1424 5017 1512 5055 cur
1545 5001 1770 5058 hominis

187 5093 447 5158 ascendit,
493 5093 749 5149 exclusis.
796 5094 863 5148 Et
909 5094 1012 5149 hoc
1057 5105 1140 5149 est
1173 5095 1316 5164 quod
1342 5096 1460 5150 ait:
1491 5095 1559 5150 Et
1586 5097 1769 5153 clausa

185 5197 266 5242 est
298 5187 493 5257 janua,
532 5189 788 5245 introitus
826 5190 1080 5246 videlicet
1132 5190 1603 5261 contemplationis
1638 5191 1775 5246 divi—

187 5293 296 5335 nae
320 5278 342 5311 ⁸
366 5279 500 5336 facie
532 5282 598 5336 ad
641 5282 858 5348 faciem,
891 5283 956 5337 ad
995 5298 1157 5353 quam
1205 5284 1422 5339 incaute
1450 5284 1503 5338 in
1536 5284 1636 5338 hac
1666 5284 1774 5337 vita

185 5370 457 5433 viventes,
472 5369 754 5441 oleumque
766 5372 993 5427 actionis
1004 5382 1058 5427 et
1071 5373 1328 5428 scientiae
1342 5374 1392 5428 in
1408 5373 1632 5428 rationis
1646 5387 1778 5428 suae

192 5459 533 5529 receptacula
565 5474 673 5517 non
719 5460 1084 5531 infundentes,
1111 5462 1323 5519 etiamsi
1356 5462 1709 5517 clamavermt
1732 5462 1782 5527 ι,

1879 3436 1996 3494 Non
2036 3439 2179 3494 enim
2208 3439 2335 3494 dum
2367 3440 2547 3495 adhuc
2576 3439 2630 3494 in
2659 3454 2827 3496 carne
2862 3440 3076 3499 vixistis
3097 3480 3113 3506 ,
3140 3440 3336 3511 dignos
3368 3454 3465 3496 vos

1879 3535 2090 3591 illarum
2144 3535 2346 3593 laetitia
2400 3536 2787 3606 praeparastis.
2836 3535 2979 3590 Intra
3032 3544 3212 3591 tamen
3252 3543 3467 3591 natura-

1877 3624 2008 3682 lium
2040 3629 2340 3693 bonorum,
2375 3644 2516 3700 quae
2556 3628 2609 3683 in
2642 3628 2796 3684 vobis
2826 3628 3006 3684 creari
3030 3669 3045 3694 ,
3087 3629 3348 3684 terminos
3387 3642 3468 3682 re-

1878 3719 2058 3774 sidere
2095 3728 2193 3775 ves
2231 3721 2494 3776 concedo.
2525 3719 2793 3776 Similiter
2820 3721 3122 3791 promittit,
3153 3736 3212 3776 se
3242 3734 3466 3790 respon-

1877 3824 2064 3865 surum
2100 3810 2217 3875 his,
2258 3812 2352 3880 qui
2380 3811 2434 3865 in
2461 3811 2551 3867 die
2578 3812 2769 3882 iudicii
2808 3812 3121 3867 clamabunt
3151 3828 3164 3865 :
3208 3810 3463 3874 Domine,

1876 3900 2129 3966 Domine,
2174 3916 2343 3954 nonne
2377 3901 2435 3955 in
2472 3909 2562 3954 tuo
2603 3901 2815 3961 nomine
2853 3904 3068 3956 virtutes
3104 3900 3301 3954 multas
3337 3899 3467 3967 {eci-

1875 3996 2032 4049 mus?
2063 3994 2285 4050 Dicetur
2312 3994 2459 4049 enim
2490 3995 2571 4049 eis
2600 4011 2614 4047 :
2657 3991 2850 4048 Nescio
2880 4010 2991 4060 vos,
3027 3992 3249 4047 recedite
3275 4009 3308 4045 a
3336 4007 3417 4045 me
3443 4007 3463 4056 ;

1876 4093 1933 4141 et
1964 4084 2090 4140 alibi
2122 4102 2136 4138 :
2175 4082 2298 4138 Non
2335 4085 2539 4149 omnis,
2578 4084 2668 4155 qui
2702 4083 2829 4137 dicit
2866 4084 3027 4146 mihi,
3064 4080 3316 4145 Domine,
3357 4078 3467 4135 Do-

1876 4181 2049 4245 mine,
2077 4180 2296 4234 intrabit
2330 4181 2386 4233 in
2424 4194 2642 4249 regnum
2679 4175 2969 4231 caelorum.
3002 4173 3241 4230 Verbum
3282 4174 3468 4242 itaque

1875 4271 2173 4325 adunatum
2200 4269 2351 4326 carni
2373 4308 2387 4333 ,
2414 4278 2471 4324 et
2495 4283 2624 4322 caro
2651 4267 2890 4322 adunata
2914 4265 3092 4322 Verbo
3121 4265 3174 4319 in
3205 4263 3467 4319 unitatem

1877 4362 2296 4433 inseparabilem
2361 4361 2522 4417 unius
2586 4359 2941 4429 ejusdemque
2996 4356 3333 4414 substantiae
3396 4371 3465 4411 ex

1875 4455 2086 4511 duabus
2134 4453 2377 4518 naturis,
2423 4451 2607 4507 divina
2654 4450 2909 4507 videlicet
2952 4457 3007 4504 et
3045 4448 3316 4513 humana,
3355 4460 3466 4501 non

1879 4546 2015 4601 alios
2054 4545 2283 4614 recipit,
2321 4544 2425 4600 nisi
2465 4559 2598 4610 eos,
2636 4542 2729 4613 qui
2767 4541 2997 4611 simplici
3035 4538 3307 4610 perfectae
3338 4553 3467 4594 eon-

1884 4636 2250 4709 templationis
2271 4636 2429 4693 oculo
2452 4636 2715 4692 unitatem
2739 4633 3076 4689 substantiae
3099 4647 3230 4688 suae
3254 4632 3468 4687 intuen-

1884 4737 1998 4796 tur,
2026 4729 2100 4784 ita
2124 4737 2186 4782 ut
2205 4736 2258 4783 et
2283 4728 2445 4781 homo
2470 4726 2522 4780 in
2548 4723 2726 4779 Verbo
2749 4737 2876 4779 vere
2903 4720 3045 4777 ﬁlius
3070 4721 3200 4787 Dei,
3236 4728 3291 4776 et
3329 4721 3465 4777 Ver-

1882 4819 2008 4874 bum
2041 4818 2094 4872 in
2125 4817 2344 4872 homine
2371 4830 2497 4871 vere
2526 4814 2696 4871 Filius
2734 4813 2968 4869 hominis
2989 4813 3194 4881 absque
3218 4810 3326 4866 ulla
3367 4825 3465 4863 na-

1880 4918 2127 4965 turarum
2157 4909 2199 4939 ¹⁸
2229 4906 2698 4966 transmutatione,
2728 4918 2869 4959 unus
2897 4902 3146 4970 idemque
3172 4898 3342 4952 Filius
3369 4898 3465 4951 Dei

1878 5007 1933 5055 et
1963 4997 2197 5053 bmninis
2224 4995 2484 5051 Dominus
2520 5002 2706 5050 noster
2732 4992 2890 5048 Iesus
2917 4990 3167 5045 Christus
3196 4985 3462 5057 intelliga-

1873 5098 1981 5145 tur.
2007 5088 2252 5145 Celerem
2280 5086 2571 5158 parabolae
2595 5080 3080 5155 expositiunculam
3101 5119 3116 5146 ,
3139 5080 3293 5148 juxta
3320 5075 3465 5146 quod

1874 5181 2034 5237 nobis
2081 5180 2256 5234 visum
2307 5187 2422 5244 est,
2461 5177 2808 5233 verisimilem
2843 5174 3031 5231 babes.
3085 5173 3227 5227 DlSC.
3280 5170 3466 5227 Habeo

1876 5289 2009 5330 sane
2039 5273 2103 5327 ’³.
2136 5272 2277 5328 Mne.
2303 5271 2441 5339 Quid
2477 5286 2606 5342 ergo
2646 5278 2847 5332 restat,
2886 5277 2941 5321 et
2977 5266 3140 5318 linem
3175 5262 3324 5332 operi
3362 5261 3464 5316 im-

1877 5368 2025 5437 pedit
2075 5364 2401 5436 imponere?
2455 5362 2602 5418 DISC.
2660 5359 2803 5415 Nihil
2844 5357 2999 5412 video
3040 5356 3103 5419 “,
3141 5355 3245 5410 nisi
3286 5362 3344 5409 ut
3385 5362 3464 5408 to-

1881 5462 1988 5516 tius
2037 5458 2219 5528 operis
2255 5456 2543 5522 materiae,
2591 5454 2696 5509 hoc
2727 5460 2832 5518 est,
2872 5448 3198 5506 universalis
3233 5456 3464 5502 naturae

1480 5577 1733 5633 VARIAE
1772 5573 2174 5633 LECTIONES.

269 5687 285 5718 ¹
319 5686 360 5742 F
388 5687 455 5741 ab
486 5690 718 5760 omnium
739 5688 985 5743 scientia.
1047 5691 1068 5721 ⁸
1095 5688 1139 5744 Α
1165 5689 1351 5760 gloria.
1420 5690 1439 5721 ³
1461 5690 1723 5744 Adivinae
1746 5688 2219 5760 contemplationis.
2266 5687 2296 5760 β
2326 5684 2767 5760 F_cla_n_tave_runt.
2954 5679 3121 5734 bonis.
3186 5672 3458 5760 “Animis.

192 5756 730 5830 ’A_respondebitar.
804 5750 1459 5830 “Arcarnalisvopinionis.
1534 5762 1555 5793 ⁹
1585 5777 1745 5815 unum
1797 5772 1846 5817 et
1896 5750 2004 5818 om.
2038 5760 2105 5814 A.
2184 5758 2294 5812 "A
2348 5754 2751 5828 signiﬁcatione.
2828 5751 2868 5785 ¹¹
2898 5750 2946 5806 Α
2996 5757 3458 5823 congruenterque.

272 5828 315 5865 ³⁸
341 5826 796 5884 Διονεαιαναηιηι.
831 5907 839 5910 ν
873 5829 918 5861 ³³
944 5830 991 5884 A
1023 5829 1195 5899 plane.
1213 5826 1234 5907 '_
1272 5830 1316 5863 “
1349 5831 1391 5884 A
1427 5839 1485 5886 ut
1517 5830 1695 5891 video.
