  <div class='ocr_page' id='page_1' title='image "/cluster/home/n/w/nwhite01/storage/ocr_20150623/122/hvd.32044015471659/548.png"; bbox 0 0 4008 6286; ppageno 0'>
   <div class='ocr_carea' id='block_1_1' title="bbox 173 467 306 524">
    <p class='ocr_par' dir='ltr' id='par_1_1' title="bbox 173 467 306 524">
     <span class='ocr_line' id='line_1_1' title="bbox 173 467 306 524; baseline 0 0"><span class='ocrx_word' id='word_1_1' title='bbox 173 467 306 524; x_wconf 71' lang='grc'><strong>1021</strong></span> 
     </span>
    </p>
   </div>
   <div class='ocr_carea' id='block_1_2' title="bbox 1070 458 2639 528">
    <p class='ocr_par' dir='ltr' id='par_1_2' title="bbox 1070 458 2639 528">
     <span class='ocr_line' id='line_1_2' title="bbox 1070 458 2639 528; baseline 0 -11"><span class='ocrx_word' id='word_1_2' title='bbox 1070 461 1158 519; x_wconf 84' lang='lat' dir='ltr'><strong>DE</strong></span> <span class='ocrx_word' id='word_1_3' title='bbox 1198 459 1538 519; x_wconf 81' lang='lat' dir='ltr'><strong>DlVlSlONE</strong></span> <span class='ocrx_word' id='word_1_4' title='bbox 1575 458 1928 516; x_wconf 80' lang='lat' dir='ltr'><strong>NATURAE.</strong></span> <span class='ocrx_word' id='word_1_5' title='bbox 1971 489 2043 502; x_wconf 92' lang='lat'><strong>——</strong></span> <span class='ocrx_word' id='word_1_6' title='bbox 2079 458 2283 515; x_wconf 80' lang='lat' dir='ltr'><strong>LIBER</strong></span> <span class='ocrx_word' id='word_1_7' title='bbox 2319 458 2639 528; x_wconf 85' lang='lat' dir='ltr'><strong>QUINTUS.</strong></span> 
     </span>
    </p>
   </div>
   <div class='ocr_carea' id='block_1_3' title="bbox 165 572 3455 647">
    <p class='ocr_par' dir='ltr' id='par_1_3' title="bbox 165 572 3455 647">
     <span class='ocr_line' id='line_1_3' title="bbox 165 572 3455 647; baseline -0.002 -9"><span class='ocrx_word' id='word_1_8' title='bbox 165 578 491 638; x_wconf 70' lang='lat' dir='ltr'><strong>naturaliter</strong></span> <span class='ocrx_word' id='word_1_9' title='bbox 517 583 777 644; x_wconf 80' lang='lat' dir='ltr'><strong>Occasus,</strong></span> <span class='ocrx_word' id='word_1_10' title='bbox 809 590 873 632; x_wconf 88' lang='lat' dir='ltr'><strong>ac</strong></span> <span class='ocrx_word' id='word_1_11' title='bbox 895 574 1063 631; x_wconf 90' lang='lat' dir='ltr'><strong>veluti</strong></span> <span class='ocrx_word' id='word_1_12' title='bbox 1104 575 1663 646; x_wconf 75' lang='lat' dir='ltr'><strong>incomprehensibilis</strong></span> <span class='ocrx_word' id='word_1_13' title='bbox 1705 587 1760 630; x_wconf 91' lang='lat' dir='ltr'><strong>ct</strong></span> <span class='ocrx_word' id='word_1_14' title='bbox 1787 581 1835 638; x_wconf 85' lang='grc' dir='ltr'><strong>Λ</strong></span> <span class='ocrx_word' id='word_1_15' title='bbox 1863 581 2034 646; x_wconf 90' lang='lat' dir='ltr'><strong>putet,</strong></span> <span class='ocrx_word' id='word_1_16' title='bbox 2066 573 2444 644; x_wconf 86' lang='lat' dir='ltr'><strong>unanimisque</strong></span> <span class='ocrx_word' id='word_1_17' title='bbox 2491 573 2544 627; x_wconf 90' lang='lat' dir='ltr'><strong>in</strong></span> <span class='ocrx_word' id='word_1_18' title='bbox 2582 572 2810 630; x_wconf 87' lang='lat' dir='ltr'><strong>caritate</strong></span> <span class='ocrx_word' id='word_1_19' title='bbox 2838 575 3060 646; x_wconf 80' lang='lat' dir='ltr'><strong>spiritus</strong></span> <span class='ocrx_word' id='word_1_20' title='bbox 3104 576 3310 647; x_wconf 86' lang='lat' dir='ltr'><strong>gratias</strong></span> <span class='ocrx_word' id='word_1_21' title='bbox 3338 579 3455 632; x_wconf 91' lang='lat' dir='ltr'><strong>uni-</strong></span> 
     </span>
    </p>
   </div>
   <div class='ocr_carea' id='block_1_4' title="bbox 167 671 1762 741">
    <p class='ocr_par' dir='ltr' id='par_1_4' title="bbox 167 671 1762 741">
     <span class='ocr_line' id='line_1_4' title="bbox 167 671 1762 741; baseline -0.004 -11"><span class='ocrx_word' id='word_1_22' title='bbox 167 673 565 730; x_wconf 85' lang='lat' dir='ltr'><strong>inaccessibilis</strong></span> <span class='ocrx_word' id='word_1_23' title='bbox 612 672 750 728; x_wconf 90' lang='lat' dir='ltr'><strong>lucis</strong></span> <span class='ocrx_word' id='word_1_24' title='bbox 780 671 1031 728; x_wconf 87' lang='lat' dir='ltr'><strong>tenebrae</strong></span> <span class='ocrx_word' id='word_1_25' title='bbox 1060 679 1101 738; x_wconf 75' lang='grc' dir='ltr'>ι,</span> <span class='ocrx_word' id='word_1_26' title='bbox 1133 672 1186 725; x_wconf 91' lang='lat' dir='ltr'><strong>in</strong></span> <span class='ocrx_word' id='word_1_27' title='bbox 1211 672 1405 741; x_wconf 84' lang='lat' dir='ltr'><strong>quibus</strong></span> <span class='ocrx_word' id='word_1_28' title='bbox 1431 685 1628 726; x_wconf 92' lang='lat' dir='ltr'><strong>causae</strong></span> <span class='ocrx_word' id='word_1_29' title='bbox 1647 686 1762 724; x_wconf 85' lang='lat' dir='ltr'><strong>om-</strong></span> 
     </span>
    </p>
   </div>
   <div class='ocr_carea' id='block_1_5' title="bbox 166 763 1762 822">
    <p class='ocr_par' dir='ltr' id='par_1_5' title="bbox 166 763 1762 822">
     <span class='ocr_line' id='line_1_5' title="bbox 166 763 1762 822; baseline -0.003 0"><span class='ocrx_word' id='word_1_30' title='bbox 166 768 318 822; x_wconf 86' lang='lat' dir='ltr'><strong>nium</strong></span> <span class='ocrx_word' id='word_1_31' title='bbox 353 765 763 821; x_wconf 88' lang='lat' dir='ltr'><strong>absconduntur</strong></span> <span class='ocrx_word' id='word_1_32' title='bbox 796 783 808 818; x_wconf 93' lang='lat'>:</span> <span class='ocrx_word' id='word_1_33' title='bbox 843 774 898 820; x_wconf 92' lang='lat' dir='ltr'><strong>et</strong></span> <span class='ocrx_word' id='word_1_34' title='bbox 945 773 1075 820; x_wconf 90' lang='lat' dir='ltr'><strong>tunc</strong></span> <span class='ocrx_word' id='word_1_35' title='bbox 1104 779 1207 819; x_wconf 82' lang='lat' dir='ltr'><strong>nox</strong></span> <span class='ocrx_word' id='word_1_36' title='bbox 1238 764 1378 819; x_wconf 92' lang='lat' dir='ltr'><strong>sicut</strong></span> <span class='ocrx_word' id='word_1_37' title='bbox 1410 764 1526 819; x_wconf 89' lang='lat' dir='ltr'><strong>dies</strong></span> <span class='ocrx_word' id='word_1_38' title='bbox 1567 763 1762 818; x_wconf 81' lang='lat' dir='ltr'><strong>illumi-</strong></span> 
     </span>
    </p>
   </div>
   <div class='ocr_carea' id='block_1_6' title="bbox 167 853 1762 931">
    <p class='ocr_par' dir='ltr' id='par_1_6' title="bbox 167 853 1762 931">
     <span class='ocr_line' id='line_1_6' title="bbox 167 853 1762 931; baseline 0.001 -17"><span class='ocrx_word' id='word_1_39' title='bbox 167 861 410 924; x_wconf 89' lang='lat' dir='ltr'><strong>nabitur,</strong></span> <span class='ocrx_word' id='word_1_40' title='bbox 461 860 563 914; x_wconf 90' lang='lat' dir='ltr'><strong>hoc</strong></span> <span class='ocrx_word' id='word_1_41' title='bbox 616 866 716 922; x_wconf 91' lang='lat' dir='ltr'><strong>cst,</strong></span> <span class='ocrx_word' id='word_1_42' title='bbox 785 859 1147 914; x_wconf 77' lang='lat' dir='ltr'><strong>secretissima</strong></span> <span class='ocrx_word' id='word_1_43' title='bbox 1209 859 1388 914; x_wconf 87' lang='lat' dir='ltr'><strong>divina</strong></span> <span class='ocrx_word' id='word_1_44' title='bbox 1435 870 1454 899; x_wconf 76' lang='grc'><em>³</em></span> <span class='ocrx_word' id='word_1_45' title='bbox 1504 853 1762 931; x_wconf 69' lang='lat' dir='ltr'><strong>mysteria</strong></span> 
     </span>
    </p>
   </div>
   <div class='ocr_carea' id='block_1_7' title="bbox 164 950 1762 1021">
    <p class='ocr_par' dir='ltr' id='par_1_7' title="bbox 164 950 1762 1021">
     <span class='ocr_line' id='line_1_7' title="bbox 164 950 1762 1021; baseline -0.003 -12"><span class='ocrx_word' id='word_1_46' title='bbox 164 953 344 1009; x_wconf 83' lang='lat' dir='ltr'><strong>beatis</strong></span> <span class='ocrx_word' id='word_1_47' title='bbox 371 961 425 1006; x_wconf 92' lang='lat' dir='ltr'><strong>et</strong></span> <span class='ocrx_word' id='word_1_48' title='bbox 458 951 777 1007; x_wconf 88' lang='lat' dir='ltr'><strong>illuminatis</strong></span> <span class='ocrx_word' id='word_1_49' title='bbox 825 951 1190 1006; x_wconf 88' lang='lat' dir='ltr'><strong>intellectibus</strong></span> <span class='ocrx_word' id='word_1_50' title='bbox 1236 950 1487 1006; x_wconf 76' lang='lat' dir='ltr'><strong>ineﬂ‘abili</strong></span> <span class='ocrx_word' id='word_1_51' title='bbox 1531 952 1762 1021; x_wconf 88' lang='lat' dir='ltr'><strong>quodam</strong></span> 
     </span>
    </p>
   </div>
   <div class='ocr_carea' id='block_1_8' title="bbox 165 1043 1763 1116">
    <p class='ocr_par' dir='ltr' id='par_1_8' title="bbox 165 1043 1763 1116">
     <span class='ocr_line' id='line_1_8' title="bbox 165 1043 1763 1116; baseline -0.001 -16"><span class='ocrx_word' id='word_1_52' title='bbox 165 1047 329 1101; x_wconf 87' lang='lat' dir='ltr'><strong>modo</strong></span> <span class='ocrx_word' id='word_1_53' title='bbox 361 1045 696 1116; x_wconf 80' lang='lat' dir='ltr'><strong>aperientur:</strong></span> <span class='ocrx_word' id='word_1_54' title='bbox 729 1043 882 1097; x_wconf 80' lang='lat' dir='ltr'><strong>Tunc</strong></span> <span class='ocrx_word' id='word_1_55' title='bbox 913 1043 1228 1113; x_wconf 70' lang='lat' dir='ltr'><strong>perﬁcietur</strong></span> <span class='ocrx_word' id='word_1_56' title='bbox 1252 1043 1534 1099; x_wconf 71' lang='lat' dir='ltr'><strong>octonarii</strong></span> <span class='ocrx_word' id='word_1_57' title='bbox 1554 1043 1763 1098; x_wconf 82' lang='lat' dir='ltr'><strong>immeri</strong></span> 
     </span>
    </p>
   </div>
   <div class='ocr_carea' id='block_1_9' title="bbox 164 1125 1761 1205">
    <p class='ocr_par' dir='ltr' id='par_1_9' title="bbox 164 1125 1761 1205">
     <span class='ocr_line' id='line_1_9' title="bbox 164 1125 1761 1205; baseline -0.001 -16"><span class='ocrx_word' id='word_1_58' title='bbox 164 1135 334 1192; x_wconf 86' lang='lat' dir='ltr'><strong>veluti</strong></span> <span class='ocrx_word' id='word_1_59' title='bbox 367 1125 796 1205; x_wconf 76' lang='lat' dir='ltr'><strong>superdalltrti&#39;lis</strong></span> <span class='ocrx_word' id='word_1_60' title='bbox 828 1134 951 1188; x_wconf 85' lang='lat' dir='ltr'><strong>cubi</strong></span> <span class='ocrx_word' id='word_1_61' title='bbox 983 1127 1005 1170; x_wconf 72' lang='grc'><strong><em>⁸</em></strong></span> <span class='ocrx_word' id='word_1_62' title='bbox 1041 1129 1436 1202; x_wconf 75' lang='lat' dir='ltr'><strong>perfectissima</strong></span> <span class='ocrx_word' id='word_1_63' title='bbox 1489 1131 1761 1198; x_wconf 76' lang='lat' dir='ltr'><strong>seliditas,</strong></span> 
     </span>
    </p>
   </div>
   <div class='ocr_carea' id='block_1_10' title="bbox 165 1223 1766 1299">
    <p class='ocr_par' dir='ltr' id='par_1_10' title="bbox 165 1223 1766 1299">
     <span class='ocr_line' id='line_1_10' title="bbox 165 1223 1766 1299; baseline -0.004 -16"><span class='ocrx_word' id='word_1_64' title='bbox 165 1228 221 1283; x_wconf 90' lang='lat' dir='ltr'><strong>in</strong></span> <span class='ocrx_word' id='word_1_65' title='bbox 250 1227 403 1296; x_wconf 86' lang='lat' dir='ltr'><strong>cujus</strong></span> <span class='ocrx_word' id='word_1_66' title='bbox 433 1238 557 1299; x_wconf 89' lang='lat' dir='ltr'><strong>typo</strong></span> <span class='ocrx_word' id='word_1_67' title='bbox 589 1233 774 1280; x_wconf 82' lang='lat' dir='ltr'><strong>sextus</strong></span> <span class='ocrx_word' id='word_1_68' title='bbox 806 1223 1052 1277; x_wconf 87' lang='lat' dir='ltr'><strong>titulatur</strong></span> <span class='ocrx_word' id='word_1_69' title='bbox 1078 1223 1346 1294; x_wconf 76' lang='lat' dir='ltr'><strong>psalmus,</strong></span> <span class='ocrx_word' id='word_1_70' title='bbox 1380 1223 1624 1277; x_wconf 84' lang='lat' dir='ltr'><strong>Psalmus</strong></span> <span class='ocrx_word' id='word_1_71' title='bbox 1657 1223 1766 1288; x_wconf 83' lang='lat' dir='ltr'><strong>Da-</strong></span> 
     </span>
    </p>
   </div>
   <div class='ocr_carea' id='block_1_11' title="bbox 162 1315 1764 1396">
    <p class='ocr_par' dir='ltr' id='par_1_11' title="bbox 162 1315 1764 1396">
     <span class='ocr_line' id='line_1_11' title="bbox 162 1315 1764 1396; baseline -0.004 -21"><span class='ocrx_word' id='word_1_72' title='bbox 162 1321 252 1376; x_wconf 76' lang='lat' dir='ltr'><strong>vid</strong></span> <span class='ocrx_word' id='word_1_73' title='bbox 303 1339 397 1391; x_wconf 82' lang='lat' dir='ltr'><strong>pro</strong></span> <span class='ocrx_word' id='word_1_74' title='bbox 427 1321 447 1351; x_wconf 76' lang='lat'><em>&quot;</em></span> <span class='ocrx_word' id='word_1_75' title='bbox 500 1329 702 1374; x_wconf 86' lang='lat' dir='ltr'><strong>octava.</strong></span> <span class='ocrx_word' id='word_1_76' title='bbox 759 1317 1108 1373; x_wconf 80' lang='lat' dir='ltr'><strong>Resurrectio</strong></span> <span class='ocrx_word' id='word_1_77' title='bbox 1159 1331 1372 1386; x_wconf 86' lang='lat' dir='ltr'><strong>quoque</strong></span> <span class='ocrx_word' id='word_1_78' title='bbox 1404 1315 1626 1395; x_wconf 70' lang='lat' dir='ltr'><strong>Domini</strong></span> <span class='ocrx_word' id='word_1_79' title='bbox 1657 1332 1764 1396; x_wconf 77' lang='lat' dir='ltr'><strong>non</strong></span> 
     </span>
    </p>
   </div>
   <div class='ocr_carea' id='block_1_12' title="bbox 162 1401 1764 1472">
    <p class='ocr_par' dir='ltr' id='par_1_12' title="bbox 162 1401 1764 1472">
     <span class='ocr_line' id='line_1_12' title="bbox 162 1401 1764 1472; baseline -0.005 -5"><span class='ocrx_word' id='word_1_80' title='bbox 162 1414 326 1467; x_wconf 89' lang='lat' dir='ltr'><strong>aliam</strong></span> <span class='ocrx_word' id='word_1_81' title='bbox 352 1414 419 1465; x_wconf 82' lang='lat' dir='ltr'><strong>ob</strong></span> <span class='ocrx_word' id='word_1_82' title='bbox 443 1425 663 1466; x_wconf 78' lang='lat' dir='ltr'><strong>causam</strong></span> <span class='ocrx_word' id='word_1_83' title='bbox 693 1419 882 1465; x_wconf 86' lang='lat' dir='ltr'><strong>octava</strong></span> <span class='ocrx_word' id='word_1_84' title='bbox 921 1409 1008 1462; x_wconf 90' lang='lat' dir='ltr'><strong>die</strong></span> <span class='ocrx_word' id='word_1_85' title='bbox 1038 1407 1176 1461; x_wconf 89' lang='lat' dir='ltr'><strong>facta</strong></span> <span class='ocrx_word' id='word_1_86' title='bbox 1222 1416 1330 1472; x_wconf 89' lang='lat' dir='ltr'><strong>est,</strong></span> <span class='ocrx_word' id='word_1_87' title='bbox 1363 1405 1465 1460; x_wconf 88' lang='lat' dir='ltr'><strong>nisi</strong></span> <span class='ocrx_word' id='word_1_88' title='bbox 1504 1401 1562 1460; x_wconf 72' lang='lat' dir='ltr'><strong>ut</strong></span> <span class='ocrx_word' id='word_1_89' title='bbox 1608 1403 1764 1461; x_wconf 73' lang='lat' dir='ltr'><strong>licata</strong></span> 
     </span>
    </p>
   </div>
   <div class='ocr_carea' id='block_1_13' title="bbox 163 1498 1767 1573">
    <p class='ocr_par' dir='ltr' id='par_1_13' title="bbox 163 1498 1767 1573">
     <span class='ocr_line' id='line_1_13' title="bbox 163 1498 1767 1573; baseline -0.002 -16"><span class='ocrx_word' id='word_1_90' title='bbox 163 1504 252 1557; x_wconf 90' lang='lat' dir='ltr'><strong>illa</strong></span> <span class='ocrx_word' id='word_1_91' title='bbox 304 1505 432 1566; x_wconf 89' lang='lat' dir='ltr'><strong>vita,</strong></span> <span class='ocrx_word' id='word_1_92' title='bbox 466 1519 606 1573; x_wconf 90' lang='lat' dir='ltr'><strong>quae</strong></span> <span class='ocrx_word' id='word_1_93' title='bbox 669 1511 789 1571; x_wconf 90' lang='lat' dir='ltr'><strong>post</strong></span> <span class='ocrx_word' id='word_1_94' title='bbox 846 1500 1210 1570; x_wconf 89' lang='lat' dir='ltr'><strong>septenariam</strong></span> <span class='ocrx_word' id='word_1_95' title='bbox 1263 1498 1421 1567; x_wconf 83' lang='lat' dir='ltr'><strong>hujus</strong></span> <span class='ocrx_word' id='word_1_96' title='bbox 1477 1499 1621 1554; x_wconf 80' lang='lat' dir='ltr'><strong>vitae</strong></span> <span class='ocrx_word' id='word_1_97' title='bbox 1670 1514 1767 1570; x_wconf 89' lang='lat' dir='ltr'><strong>per</strong></span> 
     </span>
    </p>
   </div>
   <div class='ocr_carea' id='block_1_14' title="bbox 161 1589 1764 1664">
    <p class='ocr_par' dir='ltr' id='par_1_14' title="bbox 161 1589 1764 1664">
     <span class='ocr_line' id='line_1_14' title="bbox 161 1589 1764 1664; baseline -0.003 -15"><span class='ocrx_word' id='word_1_98' title='bbox 161 1603 370 1664; x_wconf 87' lang='lat' dir='ltr'><strong>septem</strong></span> <span class='ocrx_word' id='word_1_99' title='bbox 426 1595 542 1648; x_wconf 90' lang='lat' dir='ltr'><strong>dies</strong></span> <span class='ocrx_word' id='word_1_100' title='bbox 591 1592 984 1647; x_wconf 87' lang='lat' dir='ltr'><strong>revolutioncm</strong></span> <span class='ocrx_word' id='word_1_101' title='bbox 1034 1601 1118 1645; x_wconf 89' lang='lat' dir='ltr'><strong>est</strong></span> <span class='ocrx_word' id='word_1_102' title='bbox 1170 1589 1351 1644; x_wconf 86' lang='lat' dir='ltr'><strong>futura</strong></span> <span class='ocrx_word' id='word_1_103' title='bbox 1405 1598 1527 1660; x_wconf 77' lang='lat' dir='ltr'><strong>pust</strong></span> <span class='ocrx_word' id='word_1_104' title='bbox 1579 1591 1764 1644; x_wconf 77' lang='lat' dir='ltr'><strong>mumli</strong></span> 
     </span>
    </p>
   </div>
   <div class='ocr_carea' id='block_1_15' title="bbox 163 1677 1765 1758">
    <p class='ocr_par' dir='ltr' id='par_1_15' title="bbox 163 1677 1765 1758">
     <span class='ocr_line' id='line_1_15' title="bbox 163 1677 1765 1758; baseline -0.002 -15"><span class='ocrx_word' id='word_1_105' title='bbox 163 1677 727 1752; x_wconf 65' lang='lat' dir='ltr'><strong>consuimuatioaetﬁ,</strong></span> <span class='ocrx_word' id='word_1_106' title='bbox 789 1686 1016 1758; x_wconf 71' lang='lat' dir='ltr'><strong>mystice</strong></span> <span class='ocrx_word' id='word_1_107' title='bbox 1065 1681 1498 1756; x_wconf 72' lang='lat' dir='ltr'><strong>signiﬁcaret-liv,</strong></span> <span class='ocrx_word' id='word_1_108' title='bbox 1548 1685 1765 1754; x_wconf 77' lang='lat' dir='ltr'><strong>quando</strong></span> 
     </span>
    </p>
   </div>
   <div class='ocr_carea' id='block_1_16' title="bbox 163 1777 1761 1849">
    <p class='ocr_par' dir='ltr' id='par_1_16' title="bbox 163 1777 1761 1849">
     <span class='ocr_line' id='line_1_16' title="bbox 163 1777 1761 1849; baseline -0.004 -13"><span class='ocrx_word' id='word_1_109' title='bbox 163 1782 402 1836; x_wconf 86' lang='lat' dir='ltr'><strong>humana</strong></span> <span class='ocrx_word' id='word_1_110' title='bbox 432 1791 650 1844; x_wconf 84' lang='lat' dir='ltr'><strong>natura,</strong></span> <span class='ocrx_word' id='word_1_111' title='bbox 675 1787 734 1833; x_wconf 93' lang='lat' dir='ltr'><strong>ut</strong></span> <span class='ocrx_word' id='word_1_112' title='bbox 756 1780 1147 1849; x_wconf 79' lang='lat' dir='ltr'><strong>praediximus,</strong></span> <span class='ocrx_word' id='word_1_113' title='bbox 1177 1779 1228 1832; x_wconf 91' lang='lat' dir='ltr'><strong>in</strong></span> <span class='ocrx_word' id='word_1_114' title='bbox 1253 1793 1409 1833; x_wconf 88' lang='lat' dir='ltr'><strong>suum</strong></span> <span class='ocrx_word' id='word_1_115' title='bbox 1435 1777 1761 1848; x_wconf 84' lang='lat' dir='ltr'><strong>principium</strong></span> 
     </span>
    </p>
   </div>
   <div class='ocr_carea' id='block_1_17' title="bbox 161 1868 1765 1942">
    <p class='ocr_par' dir='ltr' id='par_1_17' title="bbox 161 1868 1765 1942">
     <span class='ocr_line' id='line_1_17' title="bbox 161 1868 1765 1942; baseline -0.003 -17"><span class='ocrx_word' id='word_1_116' title='bbox 161 1887 264 1942; x_wconf 89' lang='lat' dir='ltr'><strong>per</strong></span> <span class='ocrx_word' id='word_1_117' title='bbox 311 1870 644 1925; x_wconf 87' lang='lat' dir='ltr'><strong>octonariam</strong></span> <span class='ocrx_word' id='word_1_118' title='bbox 692 1870 1068 1924; x_wconf 87' lang='lat' dir='ltr'><strong>ascensionem</strong></span> <span class='ocrx_word' id='word_1_119' title='bbox 1120 1868 1363 1923; x_wconf 88' lang='lat' dir='ltr'><strong>reditura</strong></span> <span class='ocrx_word' id='word_1_120' title='bbox 1411 1869 1510 1934; x_wconf 90' lang='lat' dir='ltr'><strong>sit;</strong></span> <span class='ocrx_word' id='word_1_121' title='bbox 1569 1869 1765 1938; x_wconf 84' lang='lat' dir='ltr'><strong>quina-</strong></span> 
     </span>
    </p>
   </div>
   <div class='ocr_carea' id='block_1_18' title="bbox 1867 665 3456 738">
    <p class='ocr_par' dir='ltr' id='par_1_18' title="bbox 1867 665 3456 738">
     <span class='ocr_line' id='line_1_18' title="bbox 1867 665 3456 738; baseline 0.005 -20"><span class='ocrx_word' id='word_1_122' title='bbox 1867 665 2060 720; x_wconf 86' lang='lat' dir='ltr'><strong>versali</strong></span> <span class='ocrx_word' id='word_1_123' title='bbox 2119 665 2366 720; x_wconf 89' lang='lat' dir='ltr'><strong>omnium</strong></span> <span class='ocrx_word' id='word_1_124' title='bbox 2413 666 2679 720; x_wconf 79' lang='lat' dir='ltr'><strong>bonorum</strong></span> <span class='ocrx_word' id='word_1_125' title='bbox 2742 669 2955 731; x_wconf 86' lang='lat' dir='ltr'><strong>causae,</strong></span> <span class='ocrx_word' id='word_1_126' title='bbox 3002 668 3117 722; x_wconf 83' lang='lat' dir='ltr'><strong>sine</strong></span> <span class='ocrx_word' id='word_1_127' title='bbox 3165 685 3268 738; x_wconf 89' lang='lat' dir='ltr'><strong>qua</strong></span> <span class='ocrx_word' id='word_1_128' title='bbox 3321 670 3456 727; x_wconf 87' lang='lat' dir='ltr'><strong>nihil</strong></span> 
     </span>
    </p>
   </div>
   <div class='ocr_carea' id='block_1_19' title="bbox 1864 756 3458 833">
    <p class='ocr_par' dir='ltr' id='par_1_19' title="bbox 1864 756 3458 833">
     <span class='ocr_line' id='line_1_19' title="bbox 1864 756 3458 833; baseline 0.004 -21"><span class='ocrx_word' id='word_1_129' title='bbox 1864 773 2150 828; x_wconf 87' lang='lat' dir='ltr'><strong>possumus</strong></span> <span class='ocrx_word' id='word_1_130' title='bbox 2181 756 2378 823; x_wconf 87' lang='lat' dir='ltr'><strong>facere,</strong></span> <span class='ocrx_word' id='word_1_131' title='bbox 2412 757 2693 812; x_wconf 89' lang='lat' dir='ltr'><strong>nobiscum</strong></span> <span class='ocrx_word' id='word_1_132' title='bbox 2725 757 2941 824; x_wconf 81' lang='lat' dir='ltr'><strong>referat,</strong></span> <span class='ocrx_word' id='word_1_133' title='bbox 2973 761 3117 816; x_wconf 89' lang='lat' dir='ltr'><strong>nulla</strong></span> <span class='ocrx_word' id='word_1_134' title='bbox 3164 764 3458 833; x_wconf 83' lang='lat' dir='ltr'><strong>reprehen-</strong></span> 
     </span>
    </p>
   </div>
   <div class='ocr_carea' id='block_1_20' title="bbox 1865 848 3461 915">
    <p class='ocr_par' dir='ltr' id='par_1_20' title="bbox 1865 848 3461 915">
     <span class='ocr_line' id='line_1_20' title="bbox 1865 848 3461 915; baseline 0.005 -13"><span class='ocrx_word' id='word_1_135' title='bbox 1865 848 2034 904; x_wconf 76' lang='lat' dir='ltr'><strong>sionis</strong></span> <span class='ocrx_word' id='word_1_136' title='bbox 2059 848 2282 904; x_wconf 81' lang='lat' dir='ltr'><strong>libidine</strong></span> <span class='ocrx_word' id='word_1_137' title='bbox 2329 856 2614 915; x_wconf 84' lang='lat' dir='ltr'><strong>attractus,</strong></span> <span class='ocrx_word' id='word_1_138' title='bbox 2645 849 2806 904; x_wconf 90' lang='lat' dir='ltr'><strong>nullis</strong></span> <span class='ocrx_word' id='word_1_139' title='bbox 2834 849 3042 908; x_wconf 90' lang='lat' dir='ltr'><strong>facibus</strong></span> <span class='ocrx_word' id='word_1_140' title='bbox 3079 852 3310 910; x_wconf 88' lang='lat' dir='ltr'><strong>invidiae</strong></span> <span class='ocrx_word' id='word_1_141' title='bbox 3335 870 3461 910; x_wconf 87' lang='lat' dir='ltr'><strong>suc-</strong></span> 
     </span>
    </p>
   </div>
   <div class='ocr_carea' id='block_1_21' title="bbox 1866 941 3459 1013">
    <p class='ocr_par' dir='ltr' id='par_1_21' title="bbox 1866 941 3459 1013">
     <span class='ocr_line' id='line_1_21' title="bbox 1866 941 3459 1013; baseline 0.004 -15"><span class='ocrx_word' id='word_1_142' title='bbox 1866 943 2140 1008; x_wconf 81' lang='lat' dir='ltr'><strong>census“,</strong></span> <span class='ocrx_word' id='word_1_143' title='bbox 2189 958 2326 1012; x_wconf 89' lang='lat' dir='ltr'><strong>quae</strong></span> <span class='ocrx_word' id='word_1_144' title='bbox 2369 941 2480 996; x_wconf 88' lang='lat' dir='ltr'><strong>sola</strong></span> <span class='ocrx_word' id='word_1_145' title='bbox 2508 958 2638 1013; x_wconf 90' lang='lat' dir='ltr'><strong>prae</strong></span> <span class='ocrx_word' id='word_1_146' title='bbox 2682 946 2878 1000; x_wconf 88' lang='lat' dir='ltr'><strong>ceteris</strong></span> <span class='ocrx_word' id='word_1_147' title='bbox 2919 946 3066 999; x_wconf 72' lang='lat' dir='ltr'><strong>vitiis</strong></span> <span class='ocrx_word' id='word_1_148' title='bbox 3121 948 3369 1003; x_wconf 83' lang='lat' dir='ltr'><strong>caritatis</strong></span> <span class='ocrx_word' id='word_1_149' title='bbox 3403 956 3459 1006; x_wconf 91' lang='lat' dir='ltr'><strong>et</strong></span> 
     </span>
    </p>
   </div>
   <div class='ocr_carea' id='block_1_22' title="bbox 1867 1021 3488 1108">
    <p class='ocr_par' dir='ltr' id='par_1_22' title="bbox 1867 1021 3488 1108">
     <span class='ocr_line' id='line_1_22' title="bbox 1867 1021 3488 1108; baseline 0.002 -17"><span class='ocrx_word' id='word_1_150' title='bbox 1867 1035 2223 1091; x_wconf 77' lang='lat' dir='ltr'><strong>fraternitatis</strong></span> <span class='ocrx_word' id='word_1_151' title='bbox 2252 1035 2525 1090; x_wconf 82' lang='lat' dir='ltr'><strong>vinculum</strong></span> <span class='ocrx_word' id='word_1_152' title='bbox 2556 1049 2806 1108; x_wconf 83' lang='lat' dir='ltr'><strong>rumpere</strong></span> <span class='ocrx_word' id='word_1_153' title='bbox 2835 1036 3064 1091; x_wconf 83' lang='lat' dir='ltr'><strong>laborat.</strong></span> <span class='ocrx_word' id='word_1_154' title='bbox 3102 1037 3158 1094; x_wconf 82' lang='lat' dir='ltr'><strong>In</strong></span> <span class='ocrx_word' id='word_1_155' title='bbox 3189 1054 3321 1108; x_wconf 88' lang='lat' dir='ltr'><strong>pace</strong></span> <span class='ocrx_word' id='word_1_156' title='bbox 3361 1056 3458 1094; x_wconf 91' lang='lat' dir='ltr'><strong>au-</strong></span> <span class='ocrx_word' id='word_1_157' title='bbox 3485 1021 3488 1024; x_wconf 10' lang='lat' dir='ltr'><strong>i</strong></span> 
     </span>
    </p>
   </div>
   <div class='ocr_carea' id='block_1_23' title="bbox 1869 1121 3459 1198">
    <p class='ocr_par' dir='ltr' id='par_1_23' title="bbox 1869 1121 3459 1198">
     <span class='ocr_line' id='line_1_23' title="bbox 1869 1121 3459 1198; baseline 0.003 -16"><span class='ocrx_word' id='word_1_158' title='bbox 1869 1136 1978 1184; x_wconf 81' lang='lat' dir='ltr'><strong>tein</strong></span> <span class='ocrx_word' id='word_1_159' title='bbox 2009 1128 2272 1194; x_wconf 84' lang='lat' dir='ltr'><strong>omnium,</strong></span> <span class='ocrx_word' id='word_1_160' title='bbox 2303 1144 2445 1198; x_wconf 91' lang='lat' dir='ltr'><strong>quae</strong></span> <span class='ocrx_word' id='word_1_161' title='bbox 2470 1123 2612 1184; x_wconf 86' lang='lat' dir='ltr'><strong>inter</strong></span> <span class='ocrx_word' id='word_1_162' title='bbox 2635 1143 2733 1185; x_wconf 84' lang='lat' dir='ltr'><strong>nos</strong></span> <span class='ocrx_word' id='word_1_163' title='bbox 2755 1127 3000 1186; x_wconf 80' lang='lat' dir='ltr'><strong>confecta</strong></span> <span class='ocrx_word' id='word_1_164' title='bbox 3027 1121 3171 1196; x_wconf 82' lang='lat' dir='ltr'><strong>sunt,</strong></span> <span class='ocrx_word' id='word_1_165' title='bbox 3201 1131 3459 1186; x_wconf 88' lang='lat' dir='ltr'><strong>benevole</strong></span> 
     </span>
    </p>
   </div>
   <div class='ocr_carea' id='block_1_24' title="bbox 1868 1222 3456 1293">
    <p class='ocr_par' dir='ltr' id='par_1_24' title="bbox 1868 1222 3456 1293">
     <span class='ocr_line' id='line_1_24' title="bbox 1868 1222 3456 1293; baseline -0.001 -15"><span class='ocrx_word' id='word_1_166' title='bbox 1868 1223 2264 1293; x_wconf 87' lang='lat' dir='ltr'><strong>recipientium,</strong></span> <span class='ocrx_word' id='word_1_167' title='bbox 2313 1235 2555 1292; x_wconf 86' lang='lat' dir='ltr'><strong>puraque</strong></span> <span class='ocrx_word' id='word_1_168' title='bbox 2600 1222 2795 1277; x_wconf 90' lang='lat' dir='ltr'><strong>mentis</strong></span> <span class='ocrx_word' id='word_1_169' title='bbox 2827 1222 2943 1278; x_wconf 86' lang='lat' dir='ltr'><strong>acie</strong></span> <span class='ocrx_word' id='word_1_170' title='bbox 2990 1222 3335 1288; x_wconf 89' lang='lat' dir='ltr'><strong>intuentium,</strong></span> <span class='ocrx_word' id='word_1_171' title='bbox 3365 1240 3456 1277; x_wconf 70' lang='lat' dir='ltr'><strong>seu</strong></span> 
     </span>
    </p>
   </div>
   <div class='ocr_carea' id='block_1_25' title="bbox 1868 1305 3455 1385">
    <p class='ocr_par' dir='ltr' id='par_1_25' title="bbox 1868 1305 3455 1385">
     <span class='ocr_line' id='line_1_25' title="bbox 1868 1305 3455 1385; baseline 0 -17"><span class='ocrx_word' id='word_1_172' title='bbox 1868 1305 2130 1370; x_wconf 79' lang='lat' dir='ltr'><strong>malevole</strong></span> <span class='ocrx_word' id='word_1_173' title='bbox 2183 1314 2568 1384; x_wconf 88' lang='lat' dir='ltr'><strong>respuentium,</strong></span> <span class='ocrx_word' id='word_1_174' title='bbox 2622 1322 2676 1367; x_wconf 92' lang='lat' dir='ltr'><strong>et</strong></span> <span class='ocrx_word' id='word_1_175' title='bbox 2728 1313 3041 1382; x_wconf 83' lang='lat' dir='ltr'><strong>priusquam</strong></span> <span class='ocrx_word' id='word_1_176' title='bbox 3090 1323 3455 1385; x_wconf 79' lang='lat' dir='ltr'><strong>cognoscant,</strong></span> 
     </span>
    </p>
   </div>
   <div class='ocr_carea' id='block_1_26' title="bbox 1868 1387 3460 1478">
    <p class='ocr_par' dir='ltr' id='par_1_26' title="bbox 1868 1387 3460 1478">
     <span class='ocr_line' id='line_1_26' title="bbox 1868 1387 3460 1478; baseline 0.001 -19"><span class='ocrx_word' id='word_1_177' title='bbox 1868 1389 1998 1477; x_wconf 69' lang='lat' dir='ltr'><strong>quid</strong></span> <span class='ocrx_word' id='word_1_178' title='bbox 2020 1405 2073 1460; x_wconf 81' lang='lat' dir='ltr'><strong>et</strong></span> <span class='ocrx_word' id='word_1_179' title='bbox 2105 1387 2284 1476; x_wconf 73' lang='lat' dir='ltr'><strong>qualia</strong></span> <span class='ocrx_word' id='word_1_180' title='bbox 2315 1407 2442 1472; x_wconf 88' lang='lat' dir='ltr'><strong>sint,</strong></span> <span class='ocrx_word' id='word_1_181' title='bbox 2470 1407 2977 1476; x_wconf 84' lang='lat' dir='ltr'><strong>praejtniicantimn,</strong></span> <span class='ocrx_word' id='word_1_182' title='bbox 3003 1407 3105 1463; x_wconf 89' lang='lat' dir='ltr'><strong>hoc</strong></span> <span class='ocrx_word' id='word_1_183' title='bbox 3127 1423 3261 1478; x_wconf 90' lang='lat' dir='ltr'><strong>opus</strong></span> <span class='ocrx_word' id='word_1_184' title='bbox 3286 1407 3460 1478; x_wconf 89' lang='lat' dir='ltr'><strong>primo</strong></span> 
     </span>
    </p>
   </div>
   <div class='ocr_carea' id='block_1_27' title="bbox 1868 1497 3463 1570">
    <p class='ocr_par' dir='ltr' id='par_1_27' title="bbox 1868 1497 3463 1570">
     <span class='ocr_line' id='line_1_27' title="bbox 1868 1497 3463 1570; baseline 0.001 -16"><span class='ocrx_word' id='word_1_185' title='bbox 1868 1501 2109 1554; x_wconf 90' lang='lat' dir='ltr'><strong>omnium</strong></span> <span class='ocrx_word' id='word_1_186' title='bbox 2136 1500 2266 1563; x_wconf 89' lang='lat' dir='ltr'><strong>Deo,</strong></span> <span class='ocrx_word' id='word_1_187' title='bbox 2295 1501 2386 1569; x_wconf 91' lang='lat' dir='ltr'><strong>qui</strong></span> <span class='ocrx_word' id='word_1_188' title='bbox 2417 1499 2552 1555; x_wconf 79' lang='lat' dir='ltr'><strong>dixit</strong></span> <span class='ocrx_word' id='word_1_189' title='bbox 2579 1515 2593 1553; x_wconf 90' lang='lat'><strong>:</strong></span> <span class='ocrx_word' id='word_1_190' title='bbox 2625 1497 2791 1554; x_wconf 80' lang='lat' dir='ltr'><strong>l’etite</strong></span> <span class='ocrx_word' id='word_1_191' title='bbox 2813 1512 2858 1554; x_wconf 89' lang='lat' dir='ltr'><strong>et</strong></span> <span class='ocrx_word' id='word_1_192' title='bbox 2882 1500 3279 1566; x_wconf 81' lang='lat' dir='ltr'><strong>dabiturvobis,</strong></span> <span class='ocrx_word' id='word_1_193' title='bbox 3307 1518 3463 1570; x_wconf 83' lang='lat' dir='ltr'><strong>quae-</strong></span> 
     </span>
    </p>
   </div>
   <div class='ocr_carea' id='block_1_28' title="bbox 1870 1595 3462 1667">
    <p class='ocr_par' dir='ltr' id='par_1_28' title="bbox 1870 1595 3462 1667">
     <span class='ocr_line' id='line_1_28' title="bbox 1870 1595 3462 1667; baseline 0.001 -18"><span class='ocrx_word' id='word_1_194' title='bbox 1870 1596 1964 1649; x_wconf 87' lang='lat' dir='ltr'><strong>rite</strong></span> <span class='ocrx_word' id='word_1_195' title='bbox 1995 1606 2042 1650; x_wconf 90' lang='lat' dir='ltr'><strong>et</strong></span> <span class='ocrx_word' id='word_1_196' title='bbox 2071 1596 2365 1660; x_wconf 78' lang='lat' dir='ltr'><strong>invenietis,</strong></span> <span class='ocrx_word' id='word_1_197' title='bbox 2397 1595 2600 1666; x_wconf 76' lang='lat' dir='ltr'><strong>pulsate</strong></span> <span class='ocrx_word' id='word_1_198' title='bbox 2643 1605 2690 1650; x_wconf 84' lang='lat' dir='ltr'><strong>et</strong></span> <span class='ocrx_word' id='word_1_199' title='bbox 2737 1598 3003 1667; x_wconf 80' lang='lat' dir='ltr'><strong>aperietur</strong></span> <span class='ocrx_word' id='word_1_200' title='bbox 3034 1595 3193 1662; x_wconf 85' lang='lat' dir='ltr'><strong>vobis,</strong></span> <span class='ocrx_word' id='word_1_201' title='bbox 3233 1596 3462 1651; x_wconf 88' lang='lat' dir='ltr'><strong>subinde</strong></span> 
     </span>
    </p>
   </div>
   <div class='ocr_carea' id='block_1_29' title="bbox 1869 1685 3461 1753">
    <p class='ocr_par' dir='ltr' id='par_1_29' title="bbox 1869 1685 3461 1753">
     <span class='ocr_line' id='line_1_29' title="bbox 1869 1685 3461 1753; baseline 0.001 -11"><span class='ocrx_word' id='word_1_202' title='bbox 1869 1685 2217 1743; x_wconf 76' lang='lat' dir='ltr'><strong>dilectissimo</strong></span> <span class='ocrx_word' id='word_1_203' title='bbox 2246 1688 2364 1752; x_wconf 72' lang='grc' dir='ltr'>ιτὶιί,</span> <span class='ocrx_word' id='word_1_204' title='bbox 2389 1688 2558 1742; x_wconf 81' lang='lat' dir='ltr'><strong>frater</strong></span> <span class='ocrx_word' id='word_1_205' title='bbox 2583 1690 2639 1742; x_wconf 84' lang='lat' dir='ltr'><strong>iri</strong></span> <span class='ocrx_word' id='word_1_206' title='bbox 2661 1687 2879 1743; x_wconf 74' lang='lat' dir='ltr'><strong>Christo</strong></span> <span class='ocrx_word' id='word_1_207' title='bbox 2907 1687 3157 1742; x_wconf 83' lang='lat' dir='ltr'><strong>Wuli‘ade</strong></span> <span class='ocrx_word' id='word_1_208' title='bbox 3183 1690 3222 1720; x_wconf 70' lang='grc' dir='ltr'>η</span> <span class='ocrx_word' id='word_1_209' title='bbox 3246 1701 3294 1753; x_wconf 68' lang='grc' dir='ltr'><strong>δ,</strong></span> <span class='ocrx_word' id='word_1_210' title='bbox 3327 1698 3380 1744; x_wconf 84' lang='lat' dir='ltr'><strong>ct</strong></span> <span class='ocrx_word' id='word_1_211' title='bbox 3408 1690 3461 1744; x_wconf 90' lang='lat' dir='ltr'><strong>in</strong></span> 
     </span>
    </p>
   </div>
   <div class='ocr_carea' id='block_1_30' title="bbox 1869 1781 3464 1852">
    <p class='ocr_par' dir='ltr' id='par_1_30' title="bbox 1869 1781 3464 1852">
     <span class='ocr_line' id='line_1_30' title="bbox 1869 1781 3464 1852; baseline 0 -16"><span class='ocrx_word' id='word_1_212' title='bbox 1869 1781 2062 1836; x_wconf 88' lang='lat' dir='ltr'><strong>studiis</strong></span> <span class='ocrx_word' id='word_1_213' title='bbox 2093 1782 2390 1852; x_wconf 85' lang='lat' dir='ltr'><strong>sapientiae</strong></span> <span class='ocrx_word' id='word_1_214' title='bbox 2411 1781 2776 1850; x_wconf 84' lang='lat' dir='ltr'><strong>cooperatori,</strong></span> <span class='ocrx_word' id='word_1_215' title='bbox 2807 1790 2863 1838; x_wconf 90' lang='lat' dir='ltr'><strong>et</strong></span> <span class='ocrx_word' id='word_1_216' title='bbox 2883 1782 3302 1837; x_wconf 77' lang='lat' dir='ltr'><strong>examinandum</strong></span> <span class='ocrx_word' id='word_1_217' title='bbox 3330 1781 3464 1837; x_wconf 82' lang='lat' dir='ltr'><strong>0ch-</strong></span> 
     </span>
    </p>
   </div>
   <div class='ocr_carea' id='block_1_31' title="bbox 1811 1874 3459 1946">
    <p class='ocr_par' dir='ltr' id='par_1_31' title="bbox 1811 1874 3459 1946">
     <span class='ocr_line' id='line_1_31' title="bbox 1811 1874 3459 1946; baseline 0.001 -18"><span class='ocrx_word' id='word_1_218' title='bbox 1811 1933 1822 1938; x_wconf 91' lang='lat'>_</span> <span class='ocrx_word' id='word_1_219' title='bbox 1871 1888 1951 1940; x_wconf 91' lang='lat' dir='ltr'><strong>ro,</strong></span> <span class='ocrx_word' id='word_1_220' title='bbox 1983 1882 2036 1928; x_wconf 89' lang='lat' dir='ltr'><strong>et</strong></span> <span class='ocrx_word' id='word_1_221' title='bbox 2067 1875 2446 1946; x_wconf 85' lang='lat' dir='ltr'><strong>corrigendum</strong></span> <span class='ocrx_word' id='word_1_222' title='bbox 2486 1875 2788 1930; x_wconf 90' lang='lat' dir='ltr'><strong>committo.</strong></span> <span class='ocrx_word' id='word_1_223' title='bbox 2813 1874 2948 1930; x_wconf 72' lang='lat' dir='ltr'><strong>Nam</strong></span> <span class='ocrx_word' id='word_1_224' title='bbox 2983 1885 3038 1930; x_wconf 93' lang='lat' dir='ltr'><strong>et</strong></span> <span class='ocrx_word' id='word_1_225' title='bbox 3067 1876 3172 1930; x_wconf 87' lang='lat' dir='ltr'><strong>tuis</strong></span> <span class='ocrx_word' id='word_1_226' title='bbox 3201 1877 3459 1930; x_wconf 81' lang='lat' dir='ltr'><strong>exhorta-</strong></span> 
     </span>
    </p>
   </div>
   <div class='ocr_carea' id='block_1_32' title="bbox 164 1960 3463 2037">
    <p class='ocr_par' dir='ltr' id='par_1_32' title="bbox 164 1960 3463 2037">
     <span class='ocr_line' id='line_1_32' title="bbox 164 1960 3463 2037; baseline -0.002 -21"><span class='ocrx_word' id='word_1_227' title='bbox 164 1963 306 2016; x_wconf 87' lang='lat' dir='ltr'><strong>riam</strong></span> <span class='ocrx_word' id='word_1_228' title='bbox 359 1962 598 2032; x_wconf 81' lang='lat' dir='ltr'><strong>quidem,</strong></span> <span class='ocrx_word' id='word_1_229' title='bbox 647 1961 789 2015; x_wconf 91' lang='lat' dir='ltr'><strong>intra</strong></span> <span class='ocrx_word' id='word_1_230' title='bbox 841 1965 1068 2014; x_wconf 85' lang='lat' dir='ltr'><strong>naturae</strong></span> <span class='ocrx_word' id='word_1_231' title='bbox 1123 1961 1414 2027; x_wconf 85' lang='lat' dir='ltr'><strong>terminos;</strong></span> <span class='ocrx_word' id='word_1_232' title='bbox 1472 1960 1839 2037; x_wconf 81' lang='lat' dir='ltr'><strong>ternariam-B</strong></span> <span class='ocrx_word' id='word_1_233' title='bbox 1871 1967 2112 2022; x_wconf 76' lang='lat' dir='ltr'><strong>tionibus</strong></span> <span class='ocrx_word' id='word_1_234' title='bbox 2165 1976 2248 2022; x_wconf 75' lang='lat' dir='ltr'><strong>est</strong></span> <span class='ocrx_word' id='word_1_235' title='bbox 2303 1968 2654 2032; x_wconf 66' lang='lat' dir='ltr'><strong>inchoatum,</strong></span> <span class='ocrx_word' id='word_1_236' title='bbox 2713 1975 2911 2037; x_wconf 65' lang='lat' dir='ltr'><strong>tuaque</strong></span> <span class='ocrx_word' id='word_1_237' title='bbox 2955 1967 3192 2031; x_wconf 70' lang='lat' dir='ltr'><strong>solertia,</strong></span> <span class='ocrx_word' id='word_1_238' title='bbox 3246 1983 3463 2037; x_wconf 57' lang='lat' dir='ltr'><strong>(“inquo</strong></span> 
     </span>
    </p>
   </div>
   <div class='ocr_carea' id='block_1_33' title="bbox 161 2035 1814 2124">
    <p class='ocr_par' dir='ltr' id='par_1_33' title="bbox 161 2035 1814 2124">
     <span class='ocr_line' id='line_1_33' title="bbox 161 2035 1814 2124; baseline -0.002 -16"><span class='ocrx_word' id='word_1_239' title='bbox 161 2049 316 2117; x_wconf 73' lang='lat' dir='ltr'><strong>vero,</strong></span> <span class='ocrx_word' id='word_1_240' title='bbox 352 2053 841 2124; x_wconf 83' lang='lat' dir='ltr'><strong>supernaturaliter</strong></span> <span class='ocrx_word' id='word_1_241' title='bbox 867 2062 923 2106; x_wconf 92' lang='lat' dir='ltr'><strong>et</strong></span> <span class='ocrx_word' id='word_1_242' title='bbox 950 2051 1478 2121; x_wconf 86' lang='lat' dir='ltr'><strong>superessentialiter</strong></span> <span class='ocrx_word' id='word_1_243' title='bbox 1507 2052 1645 2106; x_wconf 86' lang='lat' dir='ltr'><strong>intra</strong></span> <span class='ocrx_word' id='word_1_244' title='bbox 1678 2052 1760 2121; x_wconf 90' lang='lat' dir='ltr'><strong>lp-</strong></span> <span class='ocrx_word' id='word_1_245' title='bbox 1809 2035 1814 2052; x_wconf 75' lang='grc'><strong>’</strong></span> 
     </span>
    </p>
   </div>
   <div class='ocr_carea' id='block_1_34' title="bbox 164 2145 1768 2215">
    <p class='ocr_par' dir='ltr' id='par_1_34' title="bbox 164 2145 1768 2215">
     <span class='ocr_line' id='line_1_34' title="bbox 164 2145 1768 2215; baseline 0 -15"><span class='ocrx_word' id='word_1_246' title='bbox 164 2146 286 2201; x_wconf 70' lang='lat' dir='ltr'><strong>eum</strong></span> <span class='ocrx_word' id='word_1_247' title='bbox 345 2146 544 2211; x_wconf 81' lang='lat' dir='ltr'><strong>Deum;</strong></span> <span class='ocrx_word' id='word_1_248' title='bbox 595 2145 811 2215; x_wconf 85' lang='lat' dir='ltr'><strong>quando</strong></span> <span class='ocrx_word' id='word_1_249' title='bbox 858 2145 1138 2214; x_wconf 75' lang='lat' dir='ltr'><strong>q‘uinarius</strong></span> <span class='ocrx_word' id='word_1_250' title='bbox 1182 2151 1465 2200; x_wconf 78' lang='lat' dir='ltr'><strong>ere‘atnrac</strong></span> <span class='ocrx_word' id='word_1_251' title='bbox 1507 2151 1768 2200; x_wconf 76' lang='lat' dir='ltr'><strong>numerus</strong></span> 
     </span>
    </p>
   </div>
   <div class='ocr_carea' id='block_1_35' title="bbox 165 2235 1764 2311">
    <p class='ocr_par' dir='ltr' id='par_1_35' title="bbox 165 2235 1764 2311">
     <span class='ocr_line' id='line_1_35' title="bbox 165 2235 1764 2311; baseline 0.001 -20"><span class='ocrx_word' id='word_1_252' title='bbox 165 2236 410 2293; x_wconf 79' lang='lat' dir='ltr'><strong>ternario</strong></span> <span class='ocrx_word' id='word_1_253' title='bbox 441 2235 721 2311; x_wconf 83' lang='lat' dir='ltr'><strong>Creatoris</strong></span> <span class='ocrx_word' id='word_1_254' title='bbox 752 2235 1101 2303; x_wconf 85' lang='lat' dir='ltr'><strong>adnnabitur,</strong></span> <span class='ocrx_word' id='word_1_255' title='bbox 1132 2237 1204 2291; x_wconf 89' lang='lat' dir='ltr'><strong>ita</strong></span> <span class='ocrx_word' id='word_1_256' title='bbox 1239 2247 1296 2292; x_wconf 91' lang='lat' dir='ltr'><strong>ut</strong></span> <span class='ocrx_word' id='word_1_257' title='bbox 1324 2237 1377 2292; x_wconf 92' lang='lat' dir='ltr'><strong>in</strong></span> <span class='ocrx_word' id='word_1_258' title='bbox 1420 2237 1568 2291; x_wconf 91' lang='lat' dir='ltr'><strong>nullo</strong></span> <span class='ocrx_word' id='word_1_259' title='bbox 1599 2251 1764 2308; x_wconf 87' lang='lat' dir='ltr'><strong>appa-</strong></span> 
     </span>
    </p>
   </div>
   <div class='ocr_carea' id='block_1_36' title="bbox 163 2325 1762 2400">
    <p class='ocr_par' dir='ltr' id='par_1_36' title="bbox 163 2325 1762 2400">
     <span class='ocr_line' id='line_1_36' title="bbox 163 2325 1762 2400; baseline 0.001 -17"><span class='ocrx_word' id='word_1_260' title='bbox 163 2329 287 2383; x_wconf 81' lang='lat' dir='ltr'><strong>reat</strong></span> <span class='ocrx_word' id='word_1_261' title='bbox 312 2327 412 2383; x_wconf 84' lang='lat' dir='ltr'><strong>nisi</strong></span> <span class='ocrx_word' id='word_1_262' title='bbox 442 2329 588 2384; x_wconf 88' lang='lat' dir='ltr'><strong>solus</strong></span> <span class='ocrx_word' id='word_1_263' title='bbox 613 2328 772 2394; x_wconf 75' lang='lat' dir='ltr'><strong>Deus,</strong></span> <span class='ocrx_word' id='word_1_264' title='bbox 801 2329 1254 2399; x_wconf 85' lang='lat' dir='ltr'><strong>quemadmodum</strong></span> <span class='ocrx_word' id='word_1_265' title='bbox 1301 2330 1352 2384; x_wconf 84' lang='lat' dir='ltr'><strong>in</strong></span> <span class='ocrx_word' id='word_1_266' title='bbox 1385 2330 1508 2384; x_wconf 80' lang='lat' dir='ltr'><strong>aére</strong></span> <span class='ocrx_word' id='word_1_267' title='bbox 1533 2325 1762 2400; x_wconf 81' lang='lat' dir='ltr'><strong>purissi-</strong></span> 
     </span>
    </p>
   </div>
   <div class='ocr_carea' id='block_1_37' title="bbox 164 2419 1243 2477">
    <p class='ocr_par' dir='ltr' id='par_1_37' title="bbox 164 2419 1243 2477">
     <span class='ocr_line' id='line_1_37' title="bbox 164 2419 1243 2477; baseline -0.001 -1"><span class='ocrx_word' id='word_1_268' title='bbox 164 2431 259 2476; x_wconf 89' lang='lat' dir='ltr'><strong>mo</strong></span> <span class='ocrx_word' id='word_1_269' title='bbox 291 2421 362 2476; x_wconf 94' lang='lat' dir='ltr'><strong>nil</strong></span> <span class='ocrx_word' id='word_1_270' title='bbox 405 2420 546 2476; x_wconf 80' lang='lat' dir='ltr'><strong>aliud</strong></span> <span class='ocrx_word' id='word_1_271' title='bbox 574 2423 820 2477; x_wconf 78' lang='lat' dir='ltr'><strong>arridet&quot;</strong></span> <span class='ocrx_word' id='word_1_272' title='bbox 846 2419 947 2477; x_wconf 81' lang='lat' dir='ltr'><strong>nisi</strong></span> <span class='ocrx_word' id='word_1_273' title='bbox 979 2423 1095 2476; x_wconf 89' lang='lat' dir='ltr'><strong>sola</strong></span> <span class='ocrx_word' id='word_1_274' title='bbox 1131 2422 1243 2476; x_wconf 79' lang='lat' dir='ltr'><strong>lux.</strong></span> 
     </span>
    </p>
   </div>
   <div class='ocr_carea' id='block_1_38' title="bbox 240 2512 1766 2588">
    <p class='ocr_par' dir='ltr' id='par_1_38' title="bbox 240 2512 1766 2588">
     <span class='ocr_line' id='line_1_38' title="bbox 240 2512 1766 2588; baseline 0 -16"><span class='ocrx_word' id='word_1_275' title='bbox 240 2517 332 2573; x_wconf 67' lang='grc'><strong>40.</strong></span> <span class='ocrx_word' id='word_1_276' title='bbox 370 2517 517 2574; x_wconf 86' lang='lat' dir='ltr'><strong>Hace</strong></span> <span class='ocrx_word' id='word_1_277' title='bbox 553 2527 636 2573; x_wconf 87' lang='lat' dir='ltr'><strong>est</strong></span> <span class='ocrx_word' id='word_1_278' title='bbox 668 2512 857 2588; x_wconf 78' lang='lat' dir='ltr'><strong>itaque</strong></span> <span class='ocrx_word' id='word_1_279' title='bbox 905 2516 1076 2588; x_wconf 80' lang='lat' dir='ltr'><strong>hujus</strong></span> <span class='ocrx_word' id='word_1_280' title='bbox 1102 2517 1303 2588; x_wconf 87' lang='lat' dir='ltr'><strong>operis,</strong></span> <span class='ocrx_word' id='word_1_281' title='bbox 1336 2517 1480 2587; x_wconf 88' lang='lat' dir='ltr'><strong>quod</strong></span> <span class='ocrx_word' id='word_1_282' title='bbox 1525 2515 1766 2587; x_wconf 87' lang='lat' dir='ltr'><strong>quinque</strong></span> 
     </span>
    </p>
   </div>
   <div class='ocr_carea' id='block_1_39' title="bbox 164 2597 1761 2684">
    <p class='ocr_par' dir='ltr' id='par_1_39' title="bbox 164 2597 1761 2684">
     <span class='ocr_line' id='line_1_39' title="bbox 164 2597 1761 2684; baseline 0.001 -17"><span class='ocrx_word' id='word_1_283' title='bbox 164 2597 324 2669; x_wconf 86' lang='lat' dir='ltr'><strong>libris</strong></span> <span class='ocrx_word' id='word_1_284' title='bbox 358 2614 675 2680; x_wconf 86' lang='lat' dir='ltr'><strong>includitur,</strong></span> <span class='ocrx_word' id='word_1_285' title='bbox 704 2607 1027 2670; x_wconf 67' lang='lat' dir='ltr'><strong>universalis</strong></span> <span class='ocrx_word' id='word_1_286' title='bbox 1056 2615 1305 2669; x_wconf 82' lang='lat' dir='ltr'><strong>materia.</strong></span> <span class='ocrx_word' id='word_1_287' title='bbox 1335 2609 1408 2668; x_wconf 87' lang='lat' dir='ltr'><strong>De</strong></span> <span class='ocrx_word' id='word_1_288' title='bbox 1436 2629 1540 2684; x_wconf 88' lang='lat' dir='ltr'><strong>qua</strong></span> <span class='ocrx_word' id='word_1_289' title='bbox 1568 2615 1611 2667; x_wconf 93' lang='lat' dir='ltr'><strong>si</strong></span> <span class='ocrx_word' id='word_1_290' title='bbox 1638 2614 1761 2684; x_wconf 86' lang='lat' dir='ltr'><strong>quis</strong></span> 
     </span>
    </p>
   </div>
   <div class='ocr_carea' id='block_1_40' title="bbox 165 2700 1765 2778">
    <p class='ocr_par' dir='ltr' id='par_1_40' title="bbox 165 2700 1765 2778">
     <span class='ocr_line' id='line_1_40' title="bbox 165 2700 1765 2778; baseline 0 -18"><span class='ocrx_word' id='word_1_291' title='bbox 165 2700 273 2760; x_wconf 80' lang='lat' dir='ltr'><strong>nos</strong></span> <span class='ocrx_word' id='word_1_292' title='bbox 311 2707 582 2761; x_wconf 84' lang='lat' dir='ltr'><strong>invenerit</strong></span> <span class='ocrx_word' id='word_1_293' title='bbox 613 2707 834 2763; x_wconf 65' lang='lat' dir='ltr'><strong>adhuc“</strong></span> <span class='ocrx_word' id='word_1_294' title='bbox 866 2701 1196 2778; x_wconf 81' lang='lat' dir='ltr'><strong>incognitum</strong></span> <span class='ocrx_word' id='word_1_295' title='bbox 1233 2717 1325 2761; x_wconf 87' lang='lat' dir='ltr'><strong>aut</strong></span> <span class='ocrx_word' id='word_1_296' title='bbox 1365 2707 1385 2738; x_wconf 82' lang='lat'><strong><em>&quot;</em></strong></span> <span class='ocrx_word' id='word_1_297' title='bbox 1435 2705 1765 2775; x_wconf 75' lang='lat' dir='ltr'><strong>superﬂuum</strong></span> 
     </span>
    </p>
   </div>
   <div class='ocr_carea' id='block_1_41' title="bbox 165 2799 1768 2870">
    <p class='ocr_par' dir='ltr' id='par_1_41' title="bbox 165 2799 1768 2870">
     <span class='ocr_line' id='line_1_41' title="bbox 165 2799 1768 2870; baseline 0.001 -17"><span class='ocrx_word' id='word_1_298' title='bbox 165 2799 374 2869; x_wconf 87' lang='lat' dir='ltr'><strong>aliquid</strong></span> <span class='ocrx_word' id='word_1_299' title='bbox 403 2799 715 2870; x_wconf 88' lang='lat' dir='ltr'><strong>scripsisse,</strong></span> <span class='ocrx_word' id='word_1_300' title='bbox 749 2810 966 2856; x_wconf 89' lang='lat' dir='ltr'><strong>nostrae</strong></span> <span class='ocrx_word' id='word_1_301' title='bbox 996 2800 1447 2868; x_wconf 78' lang='lat' dir='ltr'><strong>intemperantiae</strong></span> <span class='ocrx_word' id='word_1_302' title='bbox 1498 2799 1768 2854; x_wconf 84' lang='lat' dir='ltr'><strong>incuriae-</strong></span> 
     </span>
    </p>
   </div>
   <div class='ocr_carea' id='block_1_42' title="bbox 164 2893 1762 2964">
    <p class='ocr_par' dir='ltr' id='par_1_42' title="bbox 164 2893 1762 2964">
     <span class='ocr_line' id='line_1_42' title="bbox 164 2893 1762 2964; baseline 0 -18"><span class='ocrx_word' id='word_1_303' title='bbox 164 2908 278 2963; x_wconf 85' lang='lat' dir='ltr'><strong>quc</strong></span> <span class='ocrx_word' id='word_1_304' title='bbox 304 2893 552 2964; x_wconf 89' lang='lat' dir='ltr'><strong>imputet,</strong></span> <span class='ocrx_word' id='word_1_305' title='bbox 582 2895 776 2964; x_wconf 89' lang='lat' dir='ltr'><strong>pioque</strong></span> <span class='ocrx_word' id='word_1_306' title='bbox 807 2895 968 2949; x_wconf 90' lang='lat' dir='ltr'><strong>corde</strong></span> <span class='ocrx_word' id='word_1_307' title='bbox 1000 2894 1270 2949; x_wconf 88' lang='lat' dir='ltr'><strong>humanae</strong></span> <span class='ocrx_word' id='word_1_308' title='bbox 1309 2893 1701 2961; x_wconf 80' lang='lat' dir='ltr'><strong>intelligentiae</strong></span> <span class='ocrx_word' id='word_1_309' title='bbox 1722 2894 1762 2955; x_wconf 72' lang='grc'><strong>⁸,</strong></span> 
     </span>
    </p>
   </div>
   <div class='ocr_carea' id='block_1_43' title="bbox 164 2986 1764 3059">
    <p class='ocr_par' dir='ltr' id='par_1_43' title="bbox 164 2986 1764 3059">
     <span class='ocr_line' id='line_1_43' title="bbox 164 2986 1764 3059; baseline -0.002 -17"><span class='ocrx_word' id='word_1_310' title='bbox 164 2989 351 3042; x_wconf 88' lang='lat' dir='ltr'><strong>carnis</strong></span> <span class='ocrx_word' id='word_1_311' title='bbox 378 2989 555 3043; x_wconf 89' lang='lat' dir='ltr'><strong>adhuc</strong></span> <span class='ocrx_word' id='word_1_312' title='bbox 591 2988 898 3043; x_wconf 87' lang='lat' dir='ltr'><strong>habitaculo</strong></span> <span class='ocrx_word' id='word_1_313' title='bbox 935 2997 1224 3059; x_wconf 79' lang='lat' dir='ltr'><strong>gravatae,</strong></span> <span class='ocrx_word' id='word_1_314' title='bbox 1275 2986 1493 3040; x_wconf 87' lang='lat' dir='ltr'><strong>humilis</strong></span> <span class='ocrx_word' id='word_1_315' title='bbox 1520 2995 1764 3041; x_wconf 87' lang='lat' dir='ltr'><strong>eontem-</strong></span> 
     </span>
    </p>
   </div>
   <div class='ocr_carea' id='block_1_44' title="bbox 163 3079 1768 3151">
    <p class='ocr_par' dir='ltr' id='par_1_44' title="bbox 163 3079 1768 3151">
     <span class='ocr_line' id='line_1_44' title="bbox 163 3079 1768 3151; baseline 0.002 -20"><span class='ocrx_word' id='word_1_316' title='bbox 163 3079 347 3149; x_wconf 78' lang='lat' dir='ltr'><strong>piator</strong></span> <span class='ocrx_word' id='word_1_317' title='bbox 378 3081 672 3149; x_wconf 77' lang='lat' dir='ltr'><strong>indulgeat.</strong></span> <span class='ocrx_word' id='word_1_318' title='bbox 705 3081 790 3135; x_wconf 83' lang='lat' dir='ltr'><strong>Nil</strong></span> <span class='ocrx_word' id='word_1_319' title='bbox 815 3083 957 3136; x_wconf 85' lang='lat' dir='ltr'><strong>enim</strong></span> <span class='ocrx_word' id='word_1_320' title='bbox 988 3082 1400 3151; x_wconf 84' lang='lat' dir='ltr'><strong>perfectumest</strong></span> <span class='ocrx_word' id='word_1_321' title='bbox 1433 3082 1483 3134; x_wconf 90' lang='lat' dir='ltr'><strong>in</strong></span> <span class='ocrx_word' id='word_1_322' title='bbox 1515 3081 1768 3135; x_wconf 85' lang='lat' dir='ltr'><strong>immanis</strong></span> 
     </span>
    </p>
   </div>
   <div class='ocr_carea' id='block_1_45' title="bbox 165 3174 1765 3246">
    <p class='ocr_par' dir='ltr' id='par_1_45' title="bbox 165 3174 1765 3246">
     <span class='ocr_line' id='line_1_45' title="bbox 165 3174 1765 3246; baseline 0 -20"><span class='ocrx_word' id='word_1_323' title='bbox 165 3174 366 3228; x_wconf 83' lang='lat' dir='ltr'><strong>studiis</strong></span> <span class='ocrx_word' id='word_1_324' title='bbox 406 3175 602 3242; x_wconf 87' lang='lat' dir='ltr'><strong>adhuc,</strong></span> <span class='ocrx_word' id='word_1_325' title='bbox 657 3183 717 3230; x_wconf 87' lang='lat' dir='ltr'><strong>ut</strong></span> <span class='ocrx_word' id='word_1_326' title='bbox 765 3176 974 3246; x_wconf 89' lang='lat' dir='ltr'><strong>opinor,</strong></span> <span class='ocrx_word' id='word_1_327' title='bbox 1028 3176 1080 3228; x_wconf 92' lang='lat' dir='ltr'><strong>in</strong></span> <span class='ocrx_word' id='word_1_328' title='bbox 1137 3175 1237 3228; x_wconf 88' lang='lat' dir='ltr'><strong>hac</strong></span> <span class='ocrx_word' id='word_1_329' title='bbox 1282 3175 1574 3246; x_wconf 82' lang='lat' dir='ltr'><strong>caliginosa</strong></span> <span class='ocrx_word' id='word_1_330' title='bbox 1633 3175 1765 3236; x_wconf 85' lang='lat' dir='ltr'><strong>vita,</strong></span> 
     </span>
    </p>
   </div>
   <div class='ocr_carea' id='block_1_46' title="bbox 166 3263 1768 3335">
    <p class='ocr_par' dir='ltr' id='par_1_46' title="bbox 166 3263 1768 3335">
     <span class='ocr_line' id='line_1_46' title="bbox 166 3263 1768 3335; baseline 0.002 -19"><span class='ocrx_word' id='word_1_331' title='bbox 166 3263 316 3331; x_wconf 86' lang='lat' dir='ltr'><strong>quod</strong></span> <span class='ocrx_word' id='word_1_332' title='bbox 341 3265 487 3317; x_wconf 90' lang='lat' dir='ltr'><strong>omni</strong></span> <span class='ocrx_word' id='word_1_333' title='bbox 520 3277 708 3320; x_wconf 84' lang='lat' dir='ltr'><strong>errore</strong></span> <span class='ocrx_word' id='word_1_334' title='bbox 735 3274 940 3329; x_wconf 85' lang='lat' dir='ltr'><strong>careat,</strong></span> <span class='ocrx_word' id='word_1_335' title='bbox 973 3266 1188 3335; x_wconf 83' lang='lat' dir='ltr'><strong>quando</strong></span> <span class='ocrx_word' id='word_1_336' title='bbox 1223 3273 1278 3318; x_wconf 89' lang='lat' dir='ltr'><strong>et</strong></span> <span class='ocrx_word' id='word_1_337' title='bbox 1317 3265 1450 3335; x_wconf 88' lang='lat' dir='ltr'><strong>justi</strong></span> <span class='ocrx_word' id='word_1_338' title='bbox 1501 3279 1606 3318; x_wconf 90' lang='lat' dir='ltr'><strong>non</strong></span> <span class='ocrx_word' id='word_1_339' title='bbox 1646 3265 1768 3319; x_wconf 87' lang='lat' dir='ltr'><strong>ideo</strong></span> 
     </span>
    </p>
   </div>
   <div class='ocr_carea' id='block_1_47' title="bbox 1869 2056 3464 2129">
    <p class='ocr_par' dir='ltr' id='par_1_47' title="bbox 1869 2056 3464 2129">
     <span class='ocr_line' id='line_1_47' title="bbox 1869 2056 3464 2129; baseline 0.003 -19"><span class='ocrx_word' id='word_1_340' title='bbox 1869 2058 2027 2111; x_wconf 90' lang='lat' dir='ltr'><strong>modo</strong></span> <span class='ocrx_word' id='word_1_341' title='bbox 2056 2058 2144 2123; x_wconf 90' lang='lat' dir='ltr'><strong>sit,</strong></span> <span class='ocrx_word' id='word_1_342' title='bbox 2175 2058 2240 2112; x_wconf 91' lang='lat' dir='ltr'><strong>ad</strong></span> <span class='ocrx_word' id='word_1_343' title='bbox 2288 2058 2456 2112; x_wconf 87' lang='lat' dir='ltr'><strong>ﬁnem</strong></span> <span class='ocrx_word' id='word_1_344' title='bbox 2485 2073 2656 2129; x_wconf 87' lang='lat' dir='ltr'><strong>usque</strong></span> <span class='ocrx_word' id='word_1_345' title='bbox 2703 2058 3043 2128; x_wconf 87' lang='lat' dir='ltr'><strong>perductum.</strong></span> <span class='ocrx_word' id='word_1_346' title='bbox 3095 2056 3151 2114; x_wconf 89' lang='lat' dir='ltr'><strong>Si</strong></span> <span class='ocrx_word' id='word_1_347' title='bbox 3190 2067 3370 2114; x_wconf 87' lang='lat' dir='ltr'><strong>autem</strong></span> <span class='ocrx_word' id='word_1_348' title='bbox 3399 2059 3464 2114; x_wconf 86' lang='lat' dir='ltr'><strong>de</strong></span> 
     </span>
    </p>
   </div>
   <div class='ocr_carea' id='block_1_48' title="bbox 1867 2148 3465 2222">
    <p class='ocr_par' dir='ltr' id='par_1_48' title="bbox 1867 2148 3465 2222">
     <span class='ocr_line' id='line_1_48' title="bbox 1867 2148 3465 2222; baseline 0 -18"><span class='ocrx_word' id='word_1_349' title='bbox 1867 2149 1974 2213; x_wconf 85' lang='lat' dir='ltr'><strong>his,</strong></span> <span class='ocrx_word' id='word_1_350' title='bbox 2005 2163 2146 2220; x_wconf 79' lang='lat' dir='ltr'><strong>quae</strong></span> <span class='ocrx_word' id='word_1_351' title='bbox 2174 2150 2229 2203; x_wconf 84' lang='lat' dir='ltr'><strong>in</strong></span> <span class='ocrx_word' id='word_1_352' title='bbox 2256 2158 2514 2205; x_wconf 78' lang='lat' dir='ltr'><strong>contextu</strong></span> <span class='ocrx_word' id='word_1_353' title='bbox 2569 2148 2727 2220; x_wconf 67' lang='lat' dir='ltr'><strong>bilius</strong></span> <span class='ocrx_word' id='word_1_354' title='bbox 2765 2152 2944 2222; x_wconf 85' lang='lat' dir='ltr'><strong>operis</strong></span> <span class='ocrx_word' id='word_1_355' title='bbox 2973 2151 3015 2183; x_wconf 82' lang='grc'><strong>¹³</strong></span> <span class='ocrx_word' id='word_1_356' title='bbox 3061 2151 3324 2222; x_wconf 72' lang='lat' dir='ltr'><strong>gravitate</strong></span> <span class='ocrx_word' id='word_1_357' title='bbox 3352 2166 3465 2205; x_wconf 89' lang='lat' dir='ltr'><strong>ma-</strong></span> 
     </span>
    </p>
   </div>
   <div class='ocr_carea' id='block_1_49' title="bbox 1870 2243 3468 2316">
    <p class='ocr_par' dir='ltr' id='par_1_49' title="bbox 1870 2243 3468 2316">
     <span class='ocr_line' id='line_1_49' title="bbox 1870 2243 3468 2316; baseline 0.004 -22"><span class='ocrx_word' id='word_1_358' title='bbox 1870 2243 2037 2296; x_wconf 85' lang='lat' dir='ltr'><strong>teriae</strong></span> <span class='ocrx_word' id='word_1_359' title='bbox 2067 2253 2358 2313; x_wconf 82' lang='lat' dir='ltr'><strong>rerumque</strong></span> <span class='ocrx_word' id='word_1_360' title='bbox 2379 2246 2823 2314; x_wconf 81' lang='lat' dir='ltr'><strong>exponendamm</strong></span> <span class='ocrx_word' id='word_1_361' title='bbox 2857 2246 3011 2316; x_wconf 84' lang='lat' dir='ltr'><strong>copia</strong></span> <span class='ocrx_word' id='word_1_362' title='bbox 3039 2254 3260 2300; x_wconf 87' lang='lat' dir='ltr'><strong>coactus</strong></span> <span class='ocrx_word' id='word_1_363' title='bbox 3307 2258 3468 2316; x_wconf 86' lang='lat' dir='ltr'><strong>prae-</strong></span> 
     </span>
    </p>
   </div>
   <div class='ocr_carea' id='block_1_50' title="bbox 1869 2335 3467 2411">
    <p class='ocr_par' dir='ltr' id='par_1_50' title="bbox 1869 2335 3467 2411">
     <span class='ocr_line' id='line_1_50' title="bbox 1869 2335 3467 2411; baseline 0.003 -21"><span class='ocrx_word' id='word_1_364' title='bbox 1869 2337 2079 2391; x_wconf 86' lang='lat' dir='ltr'><strong>termisi</strong></span> <span class='ocrx_word' id='word_1_365' title='bbox 2111 2337 2174 2402; x_wconf 67' lang='grc' dir='ltr'><em>ν’,</em></span> <span class='ocrx_word' id='word_1_366' title='bbox 2213 2335 2387 2408; x_wconf 77' lang='lat' dir='ltr'><strong>deque</strong></span> <span class='ocrx_word' id='word_1_367' title='bbox 2437 2340 2518 2394; x_wconf 88' lang='lat' dir='ltr'><strong>eis</strong></span> <span class='ocrx_word' id='word_1_368' title='bbox 2562 2339 3100 2411; x_wconf 81' lang='lat' dir='ltr'><strong>quantulamcunque</strong></span> <span class='ocrx_word' id='word_1_369' title='bbox 3143 2340 3467 2410; x_wconf 79' lang='lat' dir='ltr'><strong>quandoque</strong></span> 
     </span>
    </p>
   </div>
   <div class='ocr_carea' id='block_1_51' title="bbox 1869 2431 3464 2504">
    <p class='ocr_par' dir='ltr' id='par_1_51' title="bbox 1869 2431 3464 2504">
     <span class='ocr_line' id='line_1_51' title="bbox 1869 2431 3464 2504; baseline -0.001 -17"><span class='ocrx_word' id='word_1_370' title='bbox 1869 2432 2135 2487; x_wconf 89' lang='lat' dir='ltr'><strong>rationem</strong></span> <span class='ocrx_word' id='word_1_371' title='bbox 2161 2446 2246 2486; x_wconf 90' lang='lat' dir='ltr'><strong>me</strong></span> <span class='ocrx_word' id='word_1_372' title='bbox 2273 2432 2609 2487; x_wconf 92' lang='lat' dir='ltr'><strong>redditurum</strong></span> <span class='ocrx_word' id='word_1_373' title='bbox 2639 2433 2865 2504; x_wconf 90' lang='lat' dir='ltr'><strong>promisi</strong></span> <span class='ocrx_word' id='word_1_374' title='bbox 2893 2435 2956 2498; x_wconf 64' lang='grc' dir='ltr'><strong>η,</strong></span> <span class='ocrx_word' id='word_1_375' title='bbox 2984 2431 3250 2495; x_wconf 87' lang='lat' dir='ltr'><strong>solicitus,</strong></span> <span class='ocrx_word' id='word_1_376' title='bbox 3282 2447 3345 2487; x_wconf 86' lang='lat' dir='ltr'><strong>ac</strong></span> <span class='ocrx_word' id='word_1_377' title='bbox 3369 2447 3464 2486; x_wconf 81' lang='lat' dir='ltr'><strong>vc-</strong></span> 
     </span>
    </p>
   </div>
   <div class='ocr_carea' id='block_1_52' title="bbox 1868 2523 3464 2595">
    <p class='ocr_par' dir='ltr' id='par_1_52' title="bbox 1868 2523 3464 2595">
     <span class='ocr_line' id='line_1_52' title="bbox 1868 2523 3464 2595; baseline 0.001 -18"><span class='ocrx_word' id='word_1_378' title='bbox 1868 2523 1964 2578; x_wconf 88' lang='lat' dir='ltr'><strong>luti</strong></span> <span class='ocrx_word' id='word_1_379' title='bbox 1993 2526 2384 2595; x_wconf 91' lang='lat' dir='ltr'><strong>promissorum</strong></span> <span class='ocrx_word' id='word_1_380' title='bbox 2413 2533 2638 2581; x_wconf 75' lang='lat' dir='ltr'><strong>exactOr</strong></span> <span class='ocrx_word' id='word_1_381' title='bbox 2665 2525 2834 2581; x_wconf 87' lang='lat' dir='ltr'><strong>fueris</strong></span> <span class='ocrx_word' id='word_1_382' title='bbox 2858 2527 2921 2592; x_wconf 72' lang='lat'><strong>’°,</strong></span> <span class='ocrx_word' id='word_1_383' title='bbox 2951 2535 3116 2594; x_wconf 87' lang='lat' dir='ltr'><strong>opere</strong></span> <span class='ocrx_word' id='word_1_384' title='bbox 3146 2538 3372 2579; x_wconf 91' lang='lat' dir='ltr'><strong>recurso</strong></span> <span class='ocrx_word' id='word_1_385' title='bbox 3397 2524 3464 2590; x_wconf 70' lang='lat'><strong>‘7,</strong></span> 
     </span>
    </p>
   </div>
   <div class='ocr_carea' id='block_1_53' title="bbox 1869 2617 3466 2688">
    <p class='ocr_par' dir='ltr' id='par_1_53' title="bbox 1869 2617 3466 2688">
     <span class='ocr_line' id='line_1_53' title="bbox 1869 2617 3466 2688; baseline -0.002 -16"><span class='ocrx_word' id='word_1_386' title='bbox 1869 2618 2228 2686; x_wconf 87' lang='lat' dir='ltr'><strong>omnibusque</strong></span> <span class='ocrx_word' id='word_1_387' title='bbox 2251 2618 2292 2655; x_wconf 72' lang='grc' dir='ltr'><em>ἐ</em></span> <span class='ocrx_word' id='word_1_388' title='bbox 2323 2617 2778 2688; x_wconf 87' lang='lat' dir='ltr'><strong>promissionibus</strong></span> <span class='ocrx_word' id='word_1_389' title='bbox 2805 2617 3058 2687; x_wconf 86' lang='lat' dir='ltr'><strong>repertis,</strong></span> <span class='ocrx_word' id='word_1_390' title='bbox 3106 2617 3268 2687; x_wconf 90' lang='lat' dir='ltr'><strong>inque</strong></span> <span class='ocrx_word' id='word_1_391' title='bbox 3298 2629 3466 2670; x_wconf 88' lang='lat' dir='ltr'><strong>unum</strong></span> 
     </span>
    </p>
   </div>
   <div class='ocr_carea' id='block_1_54' title="bbox 1871 2693 3469 2782">
    <p class='ocr_par' dir='ltr' id='par_1_54' title="bbox 1871 2693 3469 2782">
     <span class='ocr_line' id='line_1_54' title="bbox 1871 2693 3469 2782; baseline -0.003 -16"><span class='ocrx_word' id='word_1_392' title='bbox 1871 2710 2111 2766; x_wconf 81' lang='lat' dir='ltr'><strong>collectis</strong></span> <span class='ocrx_word' id='word_1_393' title='bbox 2137 2711 2339 2765; x_wconf 86' lang='lat' dir='ltr'><strong>cursim</strong></span> <span class='ocrx_word' id='word_1_394' title='bbox 2370 2693 2814 2782; x_wconf 84' lang='lat' dir='ltr'><strong>capitulatimque</strong></span> <span class='ocrx_word' id='word_1_395' title='bbox 2841 2723 2941 2780; x_wconf 91' lang='lat' dir='ltr'><strong>pro</strong></span> <span class='ocrx_word' id='word_1_396' title='bbox 2971 2693 3175 2762; x_wconf 87' lang='lat' dir='ltr'><strong>viribus</strong></span> <span class='ocrx_word' id='word_1_397' title='bbox 3212 2695 3469 2762; x_wconf 85' lang='lat' dir='ltr'><strong>tractabi-</strong></span> 
     </span>
    </p>
   </div>
   <div class='ocr_carea' id='block_1_55' title="bbox 1874 2785 3467 2870">
    <p class='ocr_par' dir='ltr' id='par_1_55' title="bbox 1874 2785 3467 2870">
     <span class='ocr_line' id='line_1_55' title="bbox 1874 2785 3467 2870; baseline -0.003 -14"><span class='ocrx_word' id='word_1_398' title='bbox 1874 2811 1961 2856; x_wconf 89' lang='lat' dir='ltr'><strong>tur</strong></span> <span class='ocrx_word' id='word_1_399' title='bbox 1990 2805 2048 2855; x_wconf 79' lang='lat'><strong>&#39;°.</strong></span> <span class='ocrx_word' id='word_1_400' title='bbox 2083 2802 2298 2856; x_wconf 87' lang='lat' dir='ltr'><strong>interim</strong></span> <span class='ocrx_word' id='word_1_401' title='bbox 2341 2803 2405 2856; x_wconf 86' lang='lat' dir='ltr'><strong>de</strong></span> <span class='ocrx_word' id='word_1_402' title='bbox 2437 2802 2542 2866; x_wconf 85' lang='lat' dir='ltr'><strong>his,</strong></span> <span class='ocrx_word' id='word_1_403' title='bbox 2573 2785 2711 2870; x_wconf 88' lang='lat' dir='ltr'><strong>quae</strong></span> <span class='ocrx_word' id='word_1_404' title='bbox 2749 2799 2863 2869; x_wconf 89' lang='lat' dir='ltr'><strong>jam</strong></span> <span class='ocrx_word' id='word_1_405' title='bbox 2909 2800 3152 2856; x_wconf 84' lang='lat' dir='ltr'><strong>discussa</strong></span> <span class='ocrx_word' id='word_1_406' title='bbox 3183 2805 3327 2864; x_wconf 91' lang='lat' dir='ltr'><strong>sunt,</strong></span> <span class='ocrx_word' id='word_1_407' title='bbox 3354 2797 3467 2852; x_wconf 83' lang='lat' dir='ltr'><strong>lec-</strong></span> 
     </span>
    </p>
   </div>
   <div class='ocr_carea' id='block_1_56' title="bbox 1875 2883 3464 2965">
    <p class='ocr_par' dir='ltr' id='par_1_56' title="bbox 1875 2883 3464 2965">
     <span class='ocr_line' id='line_1_56' title="bbox 1875 2883 3464 2965; baseline -0.006 -14"><span class='ocrx_word' id='word_1_408' title='bbox 1875 2895 2085 2951; x_wconf 56' lang='lat' dir='ltr'><strong>tuorcs’o</strong></span> <span class='ocrx_word' id='word_1_409' title='bbox 2113 2904 2397 2950; x_wconf 89' lang='lat' dir='ltr'><strong>contentos</strong></span> <span class='ocrx_word' id='word_1_410' title='bbox 2427 2909 2549 2948; x_wconf 85' lang='lat' dir='ltr'><strong>esse</strong></span> <span class='ocrx_word' id='word_1_411' title='bbox 2598 2893 2802 2965; x_wconf 83' lang='lat' dir='ltr'><strong>ﬂagito,</strong></span> <span class='ocrx_word' id='word_1_412' title='bbox 2843 2909 2945 2946; x_wconf 91' lang='lat' dir='ltr'><strong>non</strong></span> <span class='ocrx_word' id='word_1_413' title='bbox 2993 2891 3098 2946; x_wconf 92' lang='lat' dir='ltr'><strong>mei</strong></span> <span class='ocrx_word' id='word_1_414' title='bbox 3144 2883 3464 2962; x_wconf 70' lang='lat' dir='ltr'><strong>ingenioli“</strong></span> 
     </span>
    </p>
   </div>
   <div class='ocr_carea' id='block_1_57' title="bbox 1872 2983 3468 3059">
    <p class='ocr_par' dir='ltr' id='par_1_57' title="bbox 1872 2983 3468 3059">
     <span class='ocr_line' id='line_1_57' title="bbox 1872 2983 3468 3059; baseline -0.003 -16"><span class='ocrx_word' id='word_1_415' title='bbox 1872 2991 2147 3053; x_wconf 81' lang='lat' dir='ltr'><strong>virtutem,</strong></span> <span class='ocrx_word' id='word_1_416' title='bbox 2179 3005 2317 3059; x_wconf 88' lang='lat' dir='ltr'><strong>quae</strong></span> <span class='ocrx_word' id='word_1_417' title='bbox 2357 2998 2449 3044; x_wconf 80' lang='lat' dir='ltr'><strong>aut</strong></span> <span class='ocrx_word' id='word_1_418' title='bbox 2485 2989 2569 3042; x_wconf 81' lang='lat' dir='ltr'><strong>vix</strong></span> <span class='ocrx_word' id='word_1_419' title='bbox 2595 2998 2662 3058; x_wconf 69' lang='grc' dir='ltr'><strong>η,</strong></span> <span class='ocrx_word' id='word_1_420' title='bbox 2712 2998 2805 3042; x_wconf 87' lang='lat' dir='ltr'><strong>aut</strong></span> <span class='ocrx_word' id='word_1_421' title='bbox 2837 2985 2980 3041; x_wconf 88' lang='lat' dir='ltr'><strong>nulla</strong></span> <span class='ocrx_word' id='word_1_422' title='bbox 3013 2994 3114 3049; x_wconf 90' lang='lat' dir='ltr'><strong>est,</strong></span> <span class='ocrx_word' id='word_1_423' title='bbox 3149 2987 3240 3041; x_wconf 87' lang='lat' dir='ltr'><strong>sed</strong></span> <span class='ocrx_word' id='word_1_424' title='bbox 3289 2983 3468 3040; x_wconf 84' lang='lat' dir='ltr'><strong>solici-</strong></span> 
     </span>
    </p>
   </div>
   <div class='ocr_carea' id='block_1_58' title="bbox 1875 3065 3464 3143">
    <p class='ocr_par' dir='ltr' id='par_1_58' title="bbox 1875 3065 3464 3143">
     <span class='ocr_line' id='line_1_58' title="bbox 1875 3065 3464 3143; baseline -0.005 -7"><span class='ocrx_word' id='word_1_425' title='bbox 1875 3081 2075 3136; x_wconf 86' lang='lat' dir='ltr'><strong>tudinis</strong></span> <span class='ocrx_word' id='word_1_426' title='bbox 2101 3096 2251 3135; x_wconf 88' lang='lat' dir='ltr'><strong>meae</strong></span> <span class='ocrx_word' id='word_1_427' title='bbox 2276 3079 2322 3110; x_wconf 72' lang='grc'><strong>’³</strong></span> <span class='ocrx_word' id='word_1_428' title='bbox 2356 3079 2592 3143; x_wconf 83' lang='lat' dir='ltr'><strong>intimae,</strong></span> <span class='ocrx_word' id='word_1_429' title='bbox 2632 3078 2859 3132; x_wconf 86' lang='lat' dir='ltr'><strong>devotae</strong></span> <span class='ocrx_word' id='word_1_430' title='bbox 2882 3065 2927 3111; x_wconf 61' lang='grc'><strong>⁵³</strong></span> <span class='ocrx_word' id='word_1_431' title='bbox 2960 3087 3160 3142; x_wconf 88' lang='lat' dir='ltr'><strong>tamen,</strong></span> <span class='ocrx_word' id='word_1_432' title='bbox 3199 3077 3343 3130; x_wconf 88' lang='lat' dir='ltr'><strong>circa</strong></span> <span class='ocrx_word' id='word_1_433' title='bbox 3380 3074 3464 3128; x_wconf 87' lang='lat' dir='ltr'><strong>di-</strong></span> 
     </span>
    </p>
   </div>
   <div class='ocr_carea' id='block_1_59' title="bbox 1875 3157 3471 3242">
    <p class='ocr_par' dir='ltr' id='par_1_59' title="bbox 1875 3157 3471 3242">
     <span class='ocr_line' id='line_1_59' title="bbox 1875 3157 3471 3242; baseline -0.005 -14"><span class='ocrx_word' id='word_1_434' title='bbox 1875 3177 2120 3230; x_wconf 89' lang='lat' dir='ltr'><strong>vinarum</strong></span> <span class='ocrx_word' id='word_1_435' title='bbox 2152 3175 2196 3208; x_wconf 81' lang='grc'><strong>²⁸</strong></span> <span class='ocrx_word' id='word_1_436' title='bbox 2245 3189 2426 3228; x_wconf 87' lang='lat' dir='ltr'><strong>rerum</strong></span> <span class='ocrx_word' id='word_1_437' title='bbox 2475 3172 2918 3242; x_wconf 83' lang='lat' dir='ltr'><strong>investigationcs</strong></span> <span class='ocrx_word' id='word_1_438' title='bbox 2951 3157 3260 3224; x_wconf 81' lang='lat' dir='ltr'><strong>facultatem</strong></span> <span class='ocrx_word' id='word_1_439' title='bbox 3293 3167 3471 3222; x_wconf 84' lang='lat' dir='ltr'><strong>consi-</strong></span> 
     </span>
    </p>
   </div>
   <div class='ocr_carea' id='block_1_60' title="bbox 1875 3249 3471 3338">
    <p class='ocr_par' dir='ltr' id='par_1_60' title="bbox 1875 3249 3471 3338">
     <span class='ocr_line' id='line_1_60' title="bbox 1875 3249 3471 3338; baseline -0.008 -13"><span class='ocrx_word' id='word_1_440' title='bbox 1875 3270 2166 3332; x_wconf 81' lang='lat' dir='ltr'><strong>derantes;</strong></span> <span class='ocrx_word' id='word_1_441' title='bbox 2218 3283 2380 3338; x_wconf 89' lang='lat' dir='ltr'><strong>quam</strong></span> <span class='ocrx_word' id='word_1_442' title='bbox 2438 3282 2544 3320; x_wconf 89' lang='lat' dir='ltr'><strong>non</strong></span> <span class='ocrx_word' id='word_1_443' title='bbox 2613 3265 2794 3319; x_wconf 89' lang='lat' dir='ltr'><strong>minus</strong></span> <span class='ocrx_word' id='word_1_444' title='bbox 2847 3262 3056 3317; x_wconf 88' lang='lat' dir='ltr'><strong>viribus</strong></span> <span class='ocrx_word' id='word_1_445' title='bbox 3123 3249 3471 3315; x_wconf 86' lang='lat' dir='ltr'><strong>acutissimac</strong></span> 
     </span>
    </p>
   </div>
   <div class='ocr_carea' id='block_1_61' title="bbox 159 3351 3470 3432">
    <p class='ocr_par' dir='ltr' id='par_1_61' title="bbox 159 3351 3470 3432">
     <span class='ocr_line' id='line_1_61' title="bbox 159 3351 3470 3432; baseline 0 -25"><span class='ocrx_word' id='word_1_446' title='bbox 159 3355 299 3425; x_wconf 85' lang='lat' dir='ltr'><strong>justi</strong></span> <span class='ocrx_word' id='word_1_447' title='bbox 331 3357 580 3411; x_wconf 83' lang='lat' dir='ltr'><strong>dicuntur</strong></span> <span class='ocrx_word' id='word_1_448' title='bbox 600 3357 712 3427; x_wconf 88' lang='lat' dir='ltr'><strong>jam</strong></span> <span class='ocrx_word' id='word_1_449' title='bbox 744 3358 796 3412; x_wconf 93' lang='lat' dir='ltr'><strong>in</strong></span> <span class='ocrx_word' id='word_1_450' title='bbox 829 3372 995 3412; x_wconf 89' lang='lat' dir='ltr'><strong>carne</strong></span> <span class='ocrx_word' id='word_1_451' title='bbox 1022 3358 1286 3422; x_wconf 84' lang='lat' dir='ltr'><strong>viventes,</strong></span> <span class='ocrx_word' id='word_1_452' title='bbox 1314 3357 1456 3426; x_wconf 88' lang='lat' dir='ltr'><strong>quod</strong></span> <span class='ocrx_word' id='word_1_453' title='bbox 1474 3355 1605 3425; x_wconf 87' lang='lat' dir='ltr'><strong>justi</strong></span> <span class='ocrx_word' id='word_1_454' title='bbox 1635 3357 1762 3422; x_wconf 88' lang='lat' dir='ltr'><strong>sint,</strong></span> <span class='ocrx_word' id='word_1_455' title='bbox 1794 3358 1841 3422; x_wconf 84' lang='lat' dir='ltr'><strong><em>C</em></strong></span> <span class='ocrx_word' id='word_1_456' title='bbox 1876 3371 1996 3417; x_wconf 76' lang='lat' dir='ltr'><strong>tuae</strong></span> <span class='ocrx_word' id='word_1_457' title='bbox 2026 3362 2068 3392; x_wconf 73' lang='grc'><strong>³⁸</strong></span> <span class='ocrx_word' id='word_1_458' title='bbox 2105 3360 2512 3432; x_wconf 77' lang='lat' dir='ltr'><strong>intelligentiae,</strong></span> <span class='ocrx_word' id='word_1_459' title='bbox 2568 3373 2730 3429; x_wconf 89' lang='lat' dir='ltr'><strong>quam</strong></span> <span class='ocrx_word' id='word_1_460' title='bbox 2787 3372 2941 3412; x_wconf 85' lang='lat' dir='ltr'><strong>meae</strong></span> <span class='ocrx_word' id='word_1_461' title='bbox 2992 3351 3470 3425; x_wconf 87' lang='lat' dir='ltr'><strong>contemplationis</strong></span> 
     </span>
    </p>
   </div>
   <div class='ocr_carea' id='block_1_62' title="bbox 165 3446 1766 3519">
    <p class='ocr_par' dir='ltr' id='par_1_62' title="bbox 165 3446 1766 3519">
     <span class='ocr_line' id='line_1_62' title="bbox 165 3446 1766 3519; baseline 0.002 -18"><span class='ocrx_word' id='word_1_462' title='bbox 165 3447 264 3501; x_wconf 79' lang='lat' dir='ltr'><strong>sed</strong></span> <span class='ocrx_word' id='word_1_463' title='bbox 301 3448 444 3517; x_wconf 86' lang='lat' dir='ltr'><strong>quod</strong></span> <span class='ocrx_word' id='word_1_464' title='bbox 475 3463 534 3503; x_wconf 86' lang='lat' dir='ltr'><strong>se</strong></span> <span class='ocrx_word' id='word_1_465' title='bbox 555 3447 732 3517; x_wconf 73' lang='lat' dir='ltr'><strong>iustos</strong></span> <span class='ocrx_word' id='word_1_466' title='bbox 773 3465 894 3504; x_wconf 89' lang='lat' dir='ltr'><strong>esse</strong></span> <span class='ocrx_word' id='word_1_467' title='bbox 939 3449 1128 3515; x_wconf 87' lang='lat' dir='ltr'><strong>velint,</strong></span> <span class='ocrx_word' id='word_1_468' title='bbox 1167 3448 1571 3519; x_wconf 85' lang='lat' dir='ltr'><strong>perfectamque</strong></span> <span class='ocrx_word' id='word_1_469' title='bbox 1603 3446 1766 3516; x_wconf 84' lang='lat' dir='ltr'><strong>justi-</strong></span> 
     </span>
    </p>
   </div>
   <div class='ocr_carea' id='block_1_63' title="bbox 169 3539 1768 3610">
    <p class='ocr_par' dir='ltr' id='par_1_63' title="bbox 169 3539 1768 3610">
     <span class='ocr_line' id='line_1_63' title="bbox 169 3539 1768 3610; baseline 0 -16"><span class='ocrx_word' id='word_1_470' title='bbox 169 3539 306 3594; x_wconf 87' lang='lat' dir='ltr'><strong>tiam</strong></span> <span class='ocrx_word' id='word_1_471' title='bbox 331 3539 565 3595; x_wconf 84' lang='lat' dir='ltr'><strong>futnram</strong></span> <span class='ocrx_word' id='word_1_472' title='bbox 597 3549 932 3610; x_wconf 83' lang='lat' dir='ltr'><strong>appetentes,</strong></span> <span class='ocrx_word' id='word_1_473' title='bbox 981 3539 1096 3596; x_wconf 92' lang='lat' dir='ltr'><strong>solo</strong></span> <span class='ocrx_word' id='word_1_474' title='bbox 1127 3541 1324 3596; x_wconf 90' lang='lat' dir='ltr'><strong>mentis</strong></span> <span class='ocrx_word' id='word_1_475' title='bbox 1369 3539 1562 3596; x_wconf 76' lang='lat' dir='ltr'><strong>affectu</strong></span> <span class='ocrx_word' id='word_1_476' title='bbox 1600 3541 1768 3594; x_wconf 89' lang='lat' dir='ltr'><strong>deno-</strong></span> 
     </span>
    </p>
   </div>
   <div class='ocr_carea' id='block_1_64' title="bbox 169 3631 1767 3703">
    <p class='ocr_par' dir='ltr' id='par_1_64' title="bbox 169 3631 1767 3703">
     <span class='ocr_line' id='line_1_64' title="bbox 169 3631 1767 3703; baseline 0.001 -17"><span class='ocrx_word' id='word_1_477' title='bbox 169 3631 386 3703; x_wconf 69' lang='lat' dir='ltr'><strong>minaﬁ.</strong></span> <span class='ocrx_word' id='word_1_478' title='bbox 438 3631 556 3687; x_wconf 82' lang='lat' dir='ltr'><strong>Non</strong></span> <span class='ocrx_word' id='word_1_479' title='bbox 607 3633 752 3688; x_wconf 87' lang='lat' dir='ltr'><strong>enim</strong></span> <span class='ocrx_word' id='word_1_480' title='bbox 816 3633 1168 3696; x_wconf 86' lang='lat' dir='ltr'><strong>crediderim,</strong></span> <span class='ocrx_word' id='word_1_481' title='bbox 1227 3632 1394 3687; x_wconf 92' lang='lat' dir='ltr'><strong>ullum</strong></span> <span class='ocrx_word' id='word_1_482' title='bbox 1447 3632 1767 3690; x_wconf 89' lang='lat' dir='ltr'><strong>mortalibus</strong></span> 
     </span>
    </p>
   </div>
   <div class='ocr_carea' id='block_1_65' title="bbox 171 3725 1767 3799">
    <p class='ocr_par' dir='ltr' id='par_1_65' title="bbox 171 3725 1767 3799">
     <span class='ocr_line' id='line_1_65' title="bbox 171 3725 1767 3799; baseline 0.001 -21"><span class='ocrx_word' id='word_1_483' title='bbox 171 3725 430 3780; x_wconf 77' lang='lat' dir='ltr'><strong>membris</strong></span> <span class='ocrx_word' id='word_1_484' title='bbox 455 3726 877 3798; x_wconf 84' lang='lat' dir='ltr'><strong>carnalibusque</strong></span> <span class='ocrx_word' id='word_1_485' title='bbox 918 3727 1169 3799; x_wconf 84' lang='lat' dir='ltr'><strong>sensibus</strong></span> <span class='ocrx_word' id='word_1_486' title='bbox 1195 3735 1510 3797; x_wconf 82' lang='lat' dir='ltr'><strong>gravatum,</strong></span> <span class='ocrx_word' id='word_1_487' title='bbox 1539 3736 1767 3796; x_wconf 76' lang='lat' dir='ltr'><strong>excepto</strong></span> 
     </span>
    </p>
   </div>
   <div class='ocr_carea' id='block_1_66' title="bbox 167 3817 1768 3890">
    <p class='ocr_par' dir='ltr' id='par_1_66' title="bbox 167 3817 1768 3890">
     <span class='ocr_line' id='line_1_66' title="bbox 167 3817 1768 3890; baseline 0 -17"><span class='ocrx_word' id='word_1_488' title='bbox 167 3817 428 3887; x_wconf 85' lang='lat' dir='ltr'><strong>Christo,</strong></span> <span class='ocrx_word' id='word_1_489' title='bbox 474 3821 540 3876; x_wconf 89' lang='lat' dir='ltr'><strong>ad</strong></span> <span class='ocrx_word' id='word_1_490' title='bbox 589 3821 889 3890; x_wconf 88' lang='lat' dir='ltr'><strong>perfectum</strong></span> <span class='ocrx_word' id='word_1_491' title='bbox 934 3821 1155 3876; x_wconf 84' lang='lat' dir='ltr'><strong>virtutis</strong></span> <span class='ocrx_word' id='word_1_492' title='bbox 1200 3820 1446 3876; x_wconf 89' lang='lat' dir='ltr'><strong>habitum</strong></span> <span class='ocrx_word' id='word_1_493' title='bbox 1499 3833 1768 3888; x_wconf 84' lang='lat' dir='ltr'><strong>veraeque</strong></span> 
     </span>
    </p>
   </div>
   <div class='ocr_carea' id='block_1_67' title="bbox 167 3894 1768 3982">
    <p class='ocr_par' dir='ltr' id='par_1_67' title="bbox 167 3894 1768 3982">
     <span class='ocr_line' id='line_1_67' title="bbox 167 3894 1768 3982; baseline -0.001 -16"><span class='ocrx_word' id='word_1_494' title='bbox 167 3894 647 3982; x_wconf 86' lang='lat' dir='ltr'><strong>contemplationis</strong></span> <span class='ocrx_word' id='word_1_495' title='bbox 719 3913 1061 3967; x_wconf 86' lang='lat' dir='ltr'><strong>altitudinem</strong></span> <span class='ocrx_word' id='word_1_496' title='bbox 1139 3911 1494 3982; x_wconf 88' lang='lat' dir='ltr'><strong>pervenisse,</strong></span> <span class='ocrx_word' id='word_1_497' title='bbox 1561 3908 1768 3964; x_wconf 83' lang='lat' dir='ltr'><strong>Joanne</strong></span> 
     </span>
    </p>
   </div>
   <div class='ocr_carea' id='block_1_68' title="bbox 167 4004 1764 4075">
    <p class='ocr_par' dir='ltr' id='par_1_68' title="bbox 167 4004 1764 4075">
     <span class='ocr_line' id='line_1_68' title="bbox 167 4004 1764 4075; baseline -0.003 -16"><span class='ocrx_word' id='word_1_498' title='bbox 167 4004 518 4075; x_wconf 82' lang='lat' dir='ltr'><strong>Evangelista</strong></span> <span class='ocrx_word' id='word_1_499' title='bbox 551 4015 839 4073; x_wconf 87' lang='lat' dir='ltr'><strong>attestaute</strong></span> <span class='ocrx_word' id='word_1_500' title='bbox 867 4025 878 4060; x_wconf 92' lang='lat'>:</span> <span class='ocrx_word' id='word_1_501' title='bbox 917 4007 977 4061; x_wconf 89' lang='lat' dir='ltr'><strong>Si</strong></span> <span class='ocrx_word' id='word_1_502' title='bbox 1009 4007 1317 4072; x_wconf 76' lang='lat' dir='ltr'><strong>dixerimus,</strong></span> <span class='ocrx_word' id='word_1_503' title='bbox 1349 4004 1542 4074; x_wconf 85' lang='lat' dir='ltr'><strong>inquit,</strong></span> <span class='ocrx_word' id='word_1_504' title='bbox 1587 4004 1714 4075; x_wconf 82' lang='lat' dir='ltr'><strong>quia</strong></span> <span class='ocrx_word' id='word_1_505' title='bbox 1744 4004 1764 4035; x_wconf 83' lang='grc'><strong><em>⁹</em></strong></span> 
     </span>
    </p>
   </div>
   <div class='ocr_carea' id='block_1_69' title="bbox 164 4096 1769 4170">
    <p class='ocr_par' dir='ltr' id='par_1_69' title="bbox 164 4096 1769 4170">
     <span class='ocr_line' id='line_1_69' title="bbox 164 4096 1769 4170; baseline -0.004 -16"><span class='ocrx_word' id='word_1_506' title='bbox 164 4110 442 4170; x_wconf 82' lang='lat' dir='ltr'><strong>peccatum</strong></span> <span class='ocrx_word' id='word_1_507' title='bbox 477 4118 576 4154; x_wconf 88' lang='lat' dir='ltr'><strong>non</strong></span> <span class='ocrx_word' id='word_1_508' title='bbox 609 4101 879 4163; x_wconf 84' lang='lat' dir='ltr'><strong>habemus,</strong></span> <span class='ocrx_word' id='word_1_509' title='bbox 912 4117 1006 4154; x_wconf 84' lang='lat' dir='ltr'><strong>nos</strong></span> <span class='ocrx_word' id='word_1_510' title='bbox 1042 4101 1180 4170; x_wconf 84' lang='lat' dir='ltr'><strong>ipsos</strong></span> <span class='ocrx_word' id='word_1_511' title='bbox 1208 4099 1526 4161; x_wconf 83' lang='lat' dir='ltr'><strong>seducimus,</strong></span> <span class='ocrx_word' id='word_1_512' title='bbox 1559 4105 1604 4150; x_wconf 90' lang='lat' dir='ltr'><strong>et</strong></span> <span class='ocrx_word' id='word_1_513' title='bbox 1637 4096 1769 4150; x_wconf 83' lang='lat' dir='ltr'><strong>veri-</strong></span> 
     </span>
    </p>
   </div>
   <div class='ocr_carea' id='block_1_70' title="bbox 168 4191 1767 4263">
    <p class='ocr_par' dir='ltr' id='par_1_70' title="bbox 168 4191 1767 4263">
     <span class='ocr_line' id='line_1_70' title="bbox 168 4191 1767 4263; baseline -0.005 -13"><span class='ocrx_word' id='word_1_514' title='bbox 168 4205 255 4250; x_wconf 83' lang='lat' dir='ltr'><strong>tus</strong></span> <span class='ocrx_word' id='word_1_515' title='bbox 286 4195 342 4247; x_wconf 88' lang='lat' dir='ltr'><strong>in</strong></span> <span class='ocrx_word' id='word_1_516' title='bbox 366 4196 511 4249; x_wconf 87' lang='lat' dir='ltr'><strong>nobis</strong></span> <span class='ocrx_word' id='word_1_517' title='bbox 541 4211 644 4248; x_wconf 88' lang='lat' dir='ltr'><strong>non</strong></span> <span class='ocrx_word' id='word_1_518' title='bbox 676 4206 771 4248; x_wconf 82' lang='lat' dir='ltr'><strong>est.</strong></span> <span class='ocrx_word' id='word_1_519' title='bbox 813 4193 944 4250; x_wconf 89' lang='lat' dir='ltr'><strong>Item</strong></span> <span class='ocrx_word' id='word_1_520' title='bbox 982 4194 1271 4263; x_wconf 87' lang='lat' dir='ltr'><strong>Apostolus</strong></span> <span class='ocrx_word' id='word_1_521' title='bbox 1298 4212 1311 4246; x_wconf 93' lang='lat'>:</span> <span class='ocrx_word' id='word_1_522' title='bbox 1351 4191 1598 4245; x_wconf 80' lang='lat' dir='ltr'><strong>Videmus</strong></span> <span class='ocrx_word' id='word_1_523' title='bbox 1631 4206 1767 4243; x_wconf 86' lang='lat' dir='ltr'><strong>nunc</strong></span> 
     </span>
    </p>
   </div>
   <div class='ocr_carea' id='block_1_71' title="bbox 169 4284 1772 4358">
    <p class='ocr_par' dir='ltr' id='par_1_71' title="bbox 169 4284 1772 4358">
     <span class='ocr_line' id='line_1_71' title="bbox 169 4284 1772 4358; baseline -0.001 -19"><span class='ocrx_word' id='word_1_524' title='bbox 169 4303 264 4351; x_wconf 83' lang='lat' dir='ltr'><strong>per</strong></span> <span class='ocrx_word' id='word_1_525' title='bbox 293 4287 560 4357; x_wconf 82' lang='lat' dir='ltr'><strong>speculum</strong></span> <span class='ocrx_word' id='word_1_526' title='bbox 590 4289 645 4341; x_wconf 87' lang='lat' dir='ltr'><strong>in</strong></span> <span class='ocrx_word' id='word_1_527' title='bbox 679 4289 1007 4358; x_wconf 82' lang='lat' dir='ltr'><strong>aenigmate;</strong></span> <span class='ocrx_word' id='word_1_528' title='bbox 1039 4296 1094 4340; x_wconf 88' lang='lat' dir='ltr'><strong>et</strong></span> <span class='ocrx_word' id='word_1_529' title='bbox 1142 4286 1267 4341; x_wconf 87' lang='lat' dir='ltr'><strong>alibi</strong></span> <span class='ocrx_word' id='word_1_530' title='bbox 1295 4304 1306 4338; x_wconf 94' lang='lat'>:</span> <span class='ocrx_word' id='word_1_531' title='bbox 1357 4284 1443 4338; x_wconf 78' lang='lat' dir='ltr'><strong>Ea:</strong></span> <span class='ocrx_word' id='word_1_532' title='bbox 1490 4295 1638 4355; x_wconf 79' lang='lat' dir='ltr'><strong>parte</strong></span> <span class='ocrx_word' id='word_1_533' title='bbox 1681 4300 1772 4337; x_wconf 85' lang='lat' dir='ltr'><strong>co-</strong></span> 
     </span>
    </p>
   </div>
   <div class='ocr_carea' id='block_1_72' title="bbox 167 4377 1768 4449">
    <p class='ocr_par' dir='ltr' id='par_1_72' title="bbox 167 4377 1768 4449">
     <span class='ocr_line' id='line_1_72' title="bbox 167 4377 1768 4449; baseline 0 -19"><span class='ocrx_word' id='word_1_534' title='bbox 167 4378 472 4449; x_wconf 81' lang='lat' dir='ltr'><strong>gnoscimus</strong></span> <span class='ocrx_word' id='word_1_535' title='bbox 497 4389 544 4432; x_wconf 85' lang='lat' dir='ltr'><strong>et</strong></span> <span class='ocrx_word' id='word_1_536' title='bbox 575 4395 637 4432; x_wconf 74' lang='lat' dir='ltr'><strong>ea:</strong></span> <span class='ocrx_word' id='word_1_537' title='bbox 663 4390 810 4448; x_wconf 82' lang='lat' dir='ltr'><strong>parte</strong></span> <span class='ocrx_word' id='word_1_538' title='bbox 834 4380 1222 4449; x_wconf 71' lang='lat' dir='ltr'><strong>prop/tetamutt.</strong></span> <span class='ocrx_word' id='word_1_539' title='bbox 1263 4378 1357 4432; x_wconf 92' lang='lat' dir='ltr'><strong>Sin</strong></span> <span class='ocrx_word' id='word_1_540' title='bbox 1394 4386 1573 4432; x_wconf 91' lang='lat' dir='ltr'><strong>autem</strong></span> <span class='ocrx_word' id='word_1_541' title='bbox 1623 4377 1673 4429; x_wconf 87' lang='lat' dir='ltr'><strong>in</strong></span> <span class='ocrx_word' id='word_1_542' title='bbox 1703 4391 1768 4430; x_wconf 88' lang='lat' dir='ltr'><strong>eo</strong></span> 
     </span>
    </p>
   </div>
   <div class='ocr_carea' id='block_1_73' title="bbox 168 4467 1769 4538">
    <p class='ocr_par' dir='ltr' id='par_1_73' title="bbox 168 4467 1769 4538">
     <span class='ocr_line' id='line_1_73' title="bbox 168 4467 1769 4538; baseline -0.001 -15"><span class='ocrx_word' id='word_1_543' title='bbox 168 4467 309 4523; x_wconf 88' lang='lat' dir='ltr'><strong>utile</strong></span> <span class='ocrx_word' id='word_1_544' title='bbox 337 4477 391 4521; x_wconf 92' lang='lat' dir='ltr'><strong>et</strong></span> <span class='ocrx_word' id='word_1_545' title='bbox 415 4469 480 4522; x_wconf 88' lang='lat' dir='ltr'><strong>ad</strong></span> <span class='ocrx_word' id='word_1_546' title='bbox 511 4468 940 4524; x_wconf 87' lang='lat' dir='ltr'><strong>aediﬁcationem</strong></span> <span class='ocrx_word' id='word_1_547' title='bbox 982 4469 1286 4524; x_wconf 87' lang='lat' dir='ltr'><strong>catholicae</strong></span> <span class='ocrx_word' id='word_1_548' title='bbox 1335 4468 1457 4522; x_wconf 82' lang='lat' dir='ltr'><strong>ﬁdei</strong></span> <span class='ocrx_word' id='word_1_549' title='bbox 1494 4469 1769 4538; x_wconf 84' lang='lat' dir='ltr'><strong>pertinens</strong></span> 
     </span>
    </p>
   </div>
   <div class='ocr_carea' id='block_1_74' title="bbox 161 4542 1767 4628">
    <p class='ocr_par' dir='ltr' id='par_1_74' title="bbox 161 4542 1767 4628">
     <span class='ocr_line' id='line_1_74' title="bbox 161 4542 1767 4628; baseline 0 -16"><span class='ocrx_word' id='word_1_550' title='bbox 161 4542 448 4621; x_wconf 80' lang='lat' dir='ltr'><strong>arriserit,</strong></span> <span class='ocrx_word' id='word_1_551' title='bbox 480 4558 576 4613; x_wconf 83' lang='lat' dir='ltr'><strong>soli</strong></span> <span class='ocrx_word' id='word_1_552' title='bbox 605 4559 734 4623; x_wconf 86' lang='lat' dir='ltr'><strong>Deo,</strong></span> <span class='ocrx_word' id='word_1_553' title='bbox 771 4561 860 4628; x_wconf 91' lang='lat' dir='ltr'><strong>qui</strong></span> <span class='ocrx_word' id='word_1_554' title='bbox 897 4560 1043 4615; x_wconf 91' lang='lat' dir='ltr'><strong>solus</strong></span> <span class='ocrx_word' id='word_1_555' title='bbox 1073 4557 1388 4614; x_wconf 83' lang='lat' dir='ltr'><strong>abscondita</strong></span> <span class='ocrx_word' id='word_1_556' title='bbox 1423 4561 1767 4614; x_wconf 85' lang='lat' dir='ltr'><strong>tenebrarmn</strong></span> 
     </span>
    </p>
   </div>
   <div class='ocr_carea' id='block_1_75' title="bbox 172 4654 1767 4725">
    <p class='ocr_par' dir='ltr' id='par_1_75' title="bbox 172 4654 1767 4725">
     <span class='ocr_line' id='line_1_75' title="bbox 172 4654 1767 4725; baseline 0.002 -20"><span class='ocrx_word' id='word_1_557' title='bbox 172 4662 403 4716; x_wconf 79' lang='lat' dir='ltr'><strong>reserat,</strong></span> <span class='ocrx_word' id='word_1_558' title='bbox 429 4665 482 4708; x_wconf 89' lang='lat' dir='ltr'><strong>et</strong></span> <span class='ocrx_word' id='word_1_559' title='bbox 507 4662 828 4723; x_wconf 87' lang='lat' dir='ltr'><strong>quaerentes</strong></span> <span class='ocrx_word' id='word_1_560' title='bbox 857 4655 921 4708; x_wconf 87' lang='lat' dir='ltr'><strong>ad</strong></span> <span class='ocrx_word' id='word_1_561' title='bbox 947 4670 1004 4710; x_wconf 83' lang='lat' dir='ltr'><strong>se</strong></span> <span class='ocrx_word' id='word_1_562' title='bbox 1029 4657 1200 4725; x_wconf 88' lang='lat' dir='ltr'><strong>ipsum</strong></span> <span class='ocrx_word' id='word_1_563' title='bbox 1240 4654 1382 4710; x_wconf 89' lang='lat' dir='ltr'><strong>nullo</strong></span> <span class='ocrx_word' id='word_1_564' title='bbox 1405 4656 1591 4710; x_wconf 84' lang='lat' dir='ltr'><strong>errore</strong></span> <span class='ocrx_word' id='word_1_565' title='bbox 1614 4657 1767 4709; x_wconf 81' lang='lat' dir='ltr'><strong>decc-</strong></span> 
     </span>
    </p>
   </div>
   <div class='ocr_carea' id='block_1_76' title="bbox 1878 3443 3469 3528">
    <p class='ocr_par' dir='ltr' id='par_1_76' title="bbox 1878 3443 3469 3528">
     <span class='ocr_line' id='line_1_76' title="bbox 1878 3443 3469 3528; baseline -0.009 -18"><span class='ocrx_word' id='word_1_566' title='bbox 1878 3454 2104 3510; x_wconf 85' lang='lat' dir='ltr'><strong>obtusae</strong></span> <span class='ocrx_word' id='word_1_567' title='bbox 2145 3454 2187 3492; x_wconf 68' lang='grc'><strong>³⁷</strong></span> <span class='ocrx_word' id='word_1_568' title='bbox 2243 3450 2724 3515; x_wconf 88' lang='lat' dir='ltr'><strong>lucubrationibus,</strong></span> <span class='ocrx_word' id='word_1_569' title='bbox 2763 3457 2821 3502; x_wconf 91' lang='lat' dir='ltr'><strong>ut</strong></span> <span class='ocrx_word' id='word_1_570' title='bbox 2875 3454 2919 3528; x_wconf 55' lang='grc' dir='ltr'><strong>’ἔ</strong></span> <span class='ocrx_word' id='word_1_571' title='bbox 2969 3462 3075 3502; x_wconf 86' lang='grc' dir='ltr'>ιιοιι</span> <span class='ocrx_word' id='word_1_572' title='bbox 3129 3443 3302 3500; x_wconf 86' lang='lat' dir='ltr'><strong>dicam</strong></span> <span class='ocrx_word' id='word_1_573' title='bbox 3347 3459 3469 3497; x_wconf 87' lang='lat' dir='ltr'><strong>cum</strong></span> 
     </span>
    </p>
   </div>
   <div class='ocr_carea' id='block_1_77' title="bbox 1879 3529 3476 3618">
    <p class='ocr_par' dir='ltr' id='par_1_77' title="bbox 1879 3529 3476 3618">
     <span class='ocr_line' id='line_1_77' title="bbox 1879 3529 3476 3618; baseline -0.007 -17"><span class='ocrx_word' id='word_1_574' title='bbox 1879 3546 2128 3611; x_wconf 88' lang='lat' dir='ltr'><strong>aemulis,</strong></span> <span class='ocrx_word' id='word_1_575' title='bbox 2169 3545 2360 3600; x_wconf 88' lang='lat' dir='ltr'><strong>saltem</strong></span> <span class='ocrx_word' id='word_1_576' title='bbox 2401 3559 2524 3600; x_wconf 91' lang='lat' dir='ltr'><strong>cum</strong></span> <span class='ocrx_word' id='word_1_577' title='bbox 2562 3543 2754 3598; x_wconf 90' lang='lat' dir='ltr'><strong>amicis</strong></span> <span class='ocrx_word' id='word_1_578' title='bbox 2780 3550 2836 3594; x_wconf 90' lang='lat' dir='ltr'><strong>et</strong></span> <span class='ocrx_word' id='word_1_579' title='bbox 2883 3538 3133 3594; x_wconf 87' lang='lat' dir='ltr'><strong>veritatis</strong></span> <span class='ocrx_word' id='word_1_580' title='bbox 3187 3529 3476 3618; x_wconf 34' lang='lat' dir='ltr'><strong>inquisito-.-</strong></span> 
     </span>
    </p>
   </div>
   <div class='ocr_carea' id='block_1_78' title="bbox 1878 3625 3472 3698">
    <p class='ocr_par' dir='ltr' id='par_1_78' title="bbox 1878 3625 3472 3698">
     <span class='ocr_line' id='line_1_78' title="bbox 1878 3625 3472 3698; baseline -0.006 -7"><span class='ocrx_word' id='word_1_581' title='bbox 1878 3636 2031 3693; x_wconf 89' lang='lat' dir='ltr'><strong>ribus</strong></span> <span class='ocrx_word' id='word_1_582' title='bbox 2057 3636 2348 3692; x_wconf 89' lang='lat' dir='ltr'><strong>defendere</strong></span> <span class='ocrx_word' id='word_1_583' title='bbox 2395 3635 2615 3690; x_wconf 90' lang='lat' dir='ltr'><strong>studeas</strong></span> <span class='ocrx_word' id='word_1_584' title='bbox 2638 3633 2706 3686; x_wconf 79' lang='lat'><strong>’°.</strong></span> <span class='ocrx_word' id='word_1_585' title='bbox 2757 3630 2868 3686; x_wconf 85' lang='lat' dir='ltr'><strong>Nec</strong></span> <span class='ocrx_word' id='word_1_586' title='bbox 2899 3630 3125 3686; x_wconf 86' lang='lat' dir='ltr'><strong>multum</strong></span> <span class='ocrx_word' id='word_1_587' title='bbox 3158 3629 3210 3683; x_wconf 91' lang='lat' dir='ltr'><strong>in</strong></span> <span class='ocrx_word' id='word_1_588' title='bbox 3245 3629 3370 3692; x_wconf 92' lang='lat' dir='ltr'><strong>hoc,</strong></span> <span class='ocrx_word' id='word_1_589' title='bbox 3397 3625 3472 3698; x_wconf 26' lang='lat' dir='ltr'><strong>(ut</strong></span> 
     </span>
    </p>
   </div>
   <div class='ocr_carea' id='block_1_79' title="bbox 1877 3722 3471 3798">
    <p class='ocr_par' dir='ltr' id='par_1_79' title="bbox 1877 3722 3471 3798">
     <span class='ocr_line' id='line_1_79' title="bbox 1877 3722 3471 3798; baseline -0.006 -15"><span class='ocrx_word' id='word_1_590' title='bbox 1877 3729 2089 3798; x_wconf 88' lang='lat' dir='ltr'><strong>opinor,</strong></span> <span class='ocrx_word' id='word_1_591' title='bbox 2147 3726 2421 3782; x_wconf 87' lang='lat' dir='ltr'><strong>laborabis</strong></span> <span class='ocrx_word' id='word_1_592' title='bbox 2480 3726 2545 3781; x_wconf 82' lang='grc' dir='ltr'><strong>³ο.</strong></span> <span class='ocrx_word' id='word_1_593' title='bbox 2581 3725 2703 3780; x_wconf 78' lang='lat' dir='ltr'><strong>Mox</strong></span> <span class='ocrx_word' id='word_1_594' title='bbox 2744 3725 2974 3779; x_wconf 88' lang='lat' dir='ltr'><strong>enimut</strong></span> <span class='ocrx_word' id='word_1_595' title='bbox 3017 3722 3141 3776; x_wconf 90' lang='lat' dir='ltr'><strong>talia</strong></span> <span class='ocrx_word' id='word_1_596' title='bbox 3179 3722 3231 3777; x_wconf 90' lang='lat' dir='ltr'><strong>in</strong></span> <span class='ocrx_word' id='word_1_597' title='bbox 3279 3736 3471 3775; x_wconf 88' lang='lat' dir='ltr'><strong>manus</strong></span> 
     </span>
    </p>
   </div>
   <div class='ocr_carea' id='block_1_80' title="bbox 1878 3810 3469 3891">
    <p class='ocr_par' dir='ltr' id='par_1_80' title="bbox 1878 3810 3469 3891">
     <span class='ocr_line' id='line_1_80' title="bbox 1878 3810 3469 3891; baseline -0.008 -14"><span class='ocrx_word' id='word_1_598' title='bbox 1878 3830 2026 3876; x_wconf 83' lang='lat' dir='ltr'><strong>recte</strong></span> <span class='ocrx_word' id='word_1_599' title='bbox 2084 3819 2577 3891; x_wconf 79' lang='lat' dir='ltr'><strong>phil050phantium</strong></span> <span class='ocrx_word' id='word_1_600' title='bbox 2629 3815 3006 3886; x_wconf 90' lang='lat' dir='ltr'><strong>pervenerint,</strong></span> <span class='ocrx_word' id='word_1_601' title='bbox 3069 3813 3113 3867; x_wconf 84' lang='lat' dir='ltr'><strong>si</strong></span> <span class='ocrx_word' id='word_1_602' title='bbox 3163 3812 3204 3842; x_wconf 80' lang='grc'><strong>³¹</strong></span> <span class='ocrx_word' id='word_1_603' title='bbox 3259 3810 3469 3865; x_wconf 81' lang='lat' dir='ltr'><strong>illorum</strong></span> 
     </span>
    </p>
   </div>
   <div class='ocr_carea' id='block_1_81' title="bbox 1879 3896 3471 3985">
    <p class='ocr_par' dir='ltr' id='par_1_81' title="bbox 1879 3896 3471 3985">
     <span class='ocr_line' id='line_1_81' title="bbox 1879 3896 3471 3985; baseline -0.008 -17"><span class='ocrx_word' id='word_1_604' title='bbox 1879 3912 2334 3983; x_wconf 87' lang='lat' dir='ltr'><strong>disputationibus</strong></span> <span class='ocrx_word' id='word_1_605' title='bbox 2360 3910 2706 3985; x_wconf 87' lang='lat' dir='ltr'><strong>conveniunt,</strong></span> <span class='ocrx_word' id='word_1_606' title='bbox 2760 3924 2868 3963; x_wconf 90' lang='lat' dir='ltr'><strong>non</strong></span> <span class='ocrx_word' id='word_1_607' title='bbox 2897 3907 3070 3960; x_wconf 91' lang='lat' dir='ltr'><strong>solum</strong></span> <span class='ocrx_word' id='word_1_608' title='bbox 3120 3896 3307 3958; x_wconf 86' lang='lat' dir='ltr'><strong>libenti</strong></span> <span class='ocrx_word' id='word_1_609' title='bbox 3350 3903 3471 3956; x_wconf 85' lang='lat' dir='ltr'><strong>ani-</strong></span> 
     </span>
    </p>
   </div>
   <div class='ocr_carea' id='block_1_82' title="bbox 1877 3994 3468 4074">
    <p class='ocr_par' dir='ltr' id='par_1_82' title="bbox 1877 3994 3468 4074">
     <span class='ocr_line' id='line_1_82' title="bbox 1877 3994 3468 4074; baseline -0.009 -15"><span class='ocrx_word' id='word_1_610' title='bbox 1877 4020 1968 4059; x_wconf 91' lang='lat' dir='ltr'><strong>mo</strong></span> <span class='ocrx_word' id='word_1_611' title='bbox 2008 4004 2302 4074; x_wconf 88' lang='lat' dir='ltr'><strong>recipient,</strong></span> <span class='ocrx_word' id='word_1_612' title='bbox 2352 4017 2539 4057; x_wconf 89' lang='lat' dir='ltr'><strong>verum</strong></span> <span class='ocrx_word' id='word_1_613' title='bbox 2589 4000 2752 4056; x_wconf 88' lang='lat' dir='ltr'><strong>etiam</strong></span> <span class='ocrx_word' id='word_1_614' title='bbox 2798 4005 2858 4052; x_wconf 92' lang='lat' dir='ltr'><strong>ut</strong></span> <span class='ocrx_word' id='word_1_615' title='bbox 2911 4012 3008 4052; x_wconf 89' lang='lat' dir='ltr'><strong>sua</strong></span> <span class='ocrx_word' id='word_1_616' title='bbox 3061 3994 3468 4050; x_wconf 86' lang='lat' dir='ltr'><strong>osculabuntur.</strong></span> 
     </span>
    </p>
   </div>
   <div class='ocr_carea' id='block_1_83' title="bbox 1879 4085 3472 4164">
    <p class='ocr_par' dir='ltr' id='par_1_83' title="bbox 1879 4085 3472 4164">
     <span class='ocr_line' id='line_1_83' title="bbox 1879 4085 3472 4164; baseline -0.011 -11"><span class='ocrx_word' id='word_1_617' title='bbox 1879 4097 1974 4152; x_wconf 88' lang='lat' dir='ltr'><strong>Sin</strong></span> <span class='ocrx_word' id='word_1_618' title='bbox 2007 4112 2136 4153; x_wconf 92' lang='lat' dir='ltr'><strong>vero</strong></span> <span class='ocrx_word' id='word_1_619' title='bbox 2165 4097 2218 4150; x_wconf 90' lang='lat' dir='ltr'><strong>in</strong></span> <span class='ocrx_word' id='word_1_620' title='bbox 2246 4110 2358 4156; x_wconf 91' lang='lat' dir='ltr'><strong>eos,</strong></span> <span class='ocrx_word' id='word_1_621' title='bbox 2389 4093 2481 4164; x_wconf 89' lang='lat' dir='ltr'><strong>qui</strong></span> <span class='ocrx_word' id='word_1_622' title='bbox 2519 4091 2882 4162; x_wconf 90' lang='lat' dir='ltr'><strong>promptiores</strong></span> <span class='ocrx_word' id='word_1_623' title='bbox 2912 4098 3039 4143; x_wconf 89' lang='lat' dir='ltr'><strong>sunt</strong></span> <span class='ocrx_word' id='word_1_624' title='bbox 3069 4086 3137 4140; x_wconf 93' lang='lat' dir='ltr'><strong>ad</strong></span> <span class='ocrx_word' id='word_1_625' title='bbox 3181 4085 3472 4155; x_wconf 83' lang='lat' dir='ltr'><strong>reprehen-</strong></span> 
     </span>
    </p>
   </div>
   <div class='ocr_carea' id='block_1_84' title="bbox 1878 4177 3471 4259">
    <p class='ocr_par' dir='ltr' id='par_1_84' title="bbox 1878 4177 3471 4259">
     <span class='ocr_line' id='line_1_84' title="bbox 1878 4177 3471 4259; baseline -0.011 -13"><span class='ocrx_word' id='word_1_626' title='bbox 1878 4191 2131 4255; x_wconf 91' lang='lat' dir='ltr'><strong>dendum,</strong></span> <span class='ocrx_word' id='word_1_627' title='bbox 2147 4204 2308 4259; x_wconf 88' lang='lat' dir='ltr'><strong>quam</strong></span> <span class='ocrx_word' id='word_1_628' title='bbox 2335 4188 2400 4240; x_wconf 90' lang='lat' dir='ltr'><strong>ad</strong></span> <span class='ocrx_word' id='word_1_629' title='bbox 2422 4184 2883 4255; x_wconf 89' lang='lat' dir='ltr'><strong>compatiendum,</strong></span> <span class='ocrx_word' id='word_1_630' title='bbox 2910 4179 3241 4236; x_wconf 76' lang='lat' dir='ltr'><strong>incurret-int</strong></span> <span class='ocrx_word' id='word_1_631' title='bbox 3263 4177 3331 4242; x_wconf 77' lang='grc'><strong>³³,</strong></span> <span class='ocrx_word' id='word_1_632' title='bbox 3365 4192 3471 4229; x_wconf 89' lang='lat' dir='ltr'><strong>non</strong></span> 
     </span>
    </p>
   </div>
   <div class='ocr_carea' id='block_1_85' title="bbox 1879 4269 3471 4356">
    <p class='ocr_par' dir='ltr' id='par_1_85' title="bbox 1879 4269 3471 4356">
     <span class='ocr_line' id='line_1_85' title="bbox 1879 4269 3471 4356; baseline -0.011 -18"><span class='ocrx_word' id='word_1_633' title='bbox 1879 4297 2204 4356; x_wconf 83' lang='lat' dir='ltr'><strong>magnopere</strong></span> <span class='ocrx_word' id='word_1_634' title='bbox 2235 4296 2358 4337; x_wconf 91' lang='lat' dir='ltr'><strong>cum</strong></span> <span class='ocrx_word' id='word_1_635' title='bbox 2395 4279 2475 4334; x_wconf 90' lang='lat' dir='ltr'><strong>eis</strong></span> <span class='ocrx_word' id='word_1_636' title='bbox 2521 4277 2945 4335; x_wconf 84' lang='lat' dir='ltr'><strong>colluctandum.</strong></span> <span class='ocrx_word' id='word_1_637' title='bbox 2979 4271 3364 4340; x_wconf 88' lang='lat' dir='ltr'><strong>Unusquisque</strong></span> <span class='ocrx_word' id='word_1_638' title='bbox 3417 4269 3471 4321; x_wconf 84' lang='lat' dir='ltr'><strong>in</strong></span> 
     </span>
    </p>
   </div>
   <div class='ocr_carea' id='block_1_86' title="bbox 1878 4362 3472 4438">
    <p class='ocr_par' dir='ltr' id='par_1_86' title="bbox 1878 4362 3472 4438">
     <span class='ocr_line' id='line_1_86' title="bbox 1878 4362 3472 4438; baseline -0.011 -7"><span class='ocrx_word' id='word_1_639' title='bbox 1878 4393 1977 4431; x_wconf 89' lang='lat' dir='ltr'><strong>suo</strong></span> <span class='ocrx_word' id='word_1_640' title='bbox 2005 4390 2164 4431; x_wconf 88' lang='lat' dir='ltr'><strong>sensu</strong></span> <span class='ocrx_word' id='word_1_641' title='bbox 2205 4373 2460 4438; x_wconf 87' lang='lat' dir='ltr'><strong>abundet,</strong></span> <span class='ocrx_word' id='word_1_642' title='bbox 2498 4371 2670 4426; x_wconf 90' lang='lat' dir='ltr'><strong>donec</strong></span> <span class='ocrx_word' id='word_1_643' title='bbox 2714 4369 2894 4425; x_wconf 87' lang='lat' dir='ltr'><strong>veniat</strong></span> <span class='ocrx_word' id='word_1_644' title='bbox 2945 4367 3034 4422; x_wconf 90' lang='lat' dir='ltr'><strong>illa</strong></span> <span class='ocrx_word' id='word_1_645' title='bbox 3081 4363 3192 4429; x_wconf 78' lang='lat' dir='ltr'><strong>lux,</strong></span> <span class='ocrx_word' id='word_1_646' title='bbox 3238 4377 3376 4432; x_wconf 87' lang='lat' dir='ltr'><strong>quae</strong></span> <span class='ocrx_word' id='word_1_647' title='bbox 3407 4362 3472 4415; x_wconf 86' lang='lat' dir='ltr'><strong>de</strong></span> 
     </span>
    </p>
   </div>
   <div class='ocr_carea' id='block_1_87' title="bbox 1879 4447 3471 4537">
    <p class='ocr_par' dir='ltr' id='par_1_87' title="bbox 1879 4447 3471 4537">
     <span class='ocr_line' id='line_1_87' title="bbox 1879 4447 3471 4537; baseline -0.01 -15"><span class='ocrx_word' id='word_1_648' title='bbox 1879 4470 1997 4523; x_wconf 87' lang='lat' dir='ltr'><strong>luce</strong></span> <span class='ocrx_word' id='word_1_649' title='bbox 2029 4467 2164 4524; x_wconf 86' lang='lat' dir='ltr'><strong>falso</strong></span> <span class='ocrx_word' id='word_1_650' title='bbox 2211 4464 2707 4537; x_wconf 85' lang='lat' dir='ltr'><strong>philosophantium</strong></span> <span class='ocrx_word' id='word_1_651' title='bbox 2741 4461 2873 4518; x_wconf 89' lang='lat' dir='ltr'><strong>facit</strong></span> <span class='ocrx_word' id='word_1_652' title='bbox 2913 4447 3190 4521; x_wconf 82' lang='lat' dir='ltr'><strong>tenebras,</strong></span> <span class='ocrx_word' id='word_1_653' title='bbox 3216 4472 3270 4510; x_wconf 81' lang='lat' dir='ltr'><strong>et</strong></span> <span class='ocrx_word' id='word_1_654' title='bbox 3316 4470 3471 4508; x_wconf 72' lang='lat' dir='ltr'><strong>tene-</strong></span> 
     </span>
    </p>
   </div>
   <div class='ocr_carea' id='block_1_88' title="bbox 1877 4544 3466 4628">
    <p class='ocr_par' dir='ltr' id='par_1_88' title="bbox 1877 4544 3466 4628">
     <span class='ocr_line' id='line_1_88' title="bbox 1877 4544 3466 4628; baseline -0.011 -14"><span class='ocrx_word' id='word_1_655' title='bbox 1877 4563 2004 4614; x_wconf 88' lang='lat' dir='ltr'><strong>bras</strong></span> <span class='ocrx_word' id='word_1_656' title='bbox 2031 4567 2180 4614; x_wconf 89' lang='lat' dir='ltr'><strong>recte</strong></span> <span class='ocrx_word' id='word_1_657' title='bbox 2202 4555 2646 4628; x_wconf 80' lang='lat' dir='ltr'><strong>cognoscentium</strong></span> <span class='ocrx_word' id='word_1_658' title='bbox 2677 4553 2723 4585; x_wconf 84' lang='grc'><strong>³³</strong></span> <span class='ocrx_word' id='word_1_659' title='bbox 2753 4553 3023 4607; x_wconf 90' lang='lat' dir='ltr'><strong>convertit</strong></span> <span class='ocrx_word' id='word_1_660' title='bbox 3048 4549 3101 4604; x_wconf 92' lang='lat' dir='ltr'><strong>in</strong></span> <span class='ocrx_word' id='word_1_661' title='bbox 3130 4548 3329 4601; x_wconf 86' lang='lat' dir='ltr'><strong>lucem.</strong></span> <span class='ocrx_word' id='word_1_662' title='bbox 3352 4544 3466 4602; x_wconf 71' lang='lat' dir='ltr'><strong>Ex~</strong></span> 
     </span>
    </p>
   </div>
   <div class='ocr_carea' id='block_1_89' title="bbox 1877 4637 3470 4727">
    <p class='ocr_par' dir='ltr' id='par_1_89' title="bbox 1877 4637 3470 4727">
     <span class='ocr_line' id='line_1_89' title="bbox 1877 4637 3470 4727; baseline -0.007 -24"><span class='ocrx_word' id='word_1_663' title='bbox 1877 4651 2020 4722; x_wconf 76' lang='lat' dir='ltr'><strong>plirit</strong></span> <span class='ocrx_word' id='word_1_664' title='bbox 2060 4651 2188 4704; x_wconf 82' lang='lat' dir='ltr'><strong>liber</strong></span> <span class='ocrx_word' id='word_1_665' title='bbox 2221 4671 2338 4727; x_wconf 81' lang='grc' dir='ltr'><strong>περι</strong></span> <span class='ocrx_word' id='word_1_666' title='bbox 2384 4668 2582 4722; x_wconf 72' lang='grc' dir='ltr'><strong>φυσεων</strong></span> <span class='ocrx_word' id='word_1_667' title='bbox 2641 4665 2915 4718; x_wconf 71' lang='grc' dir='ltr'><strong>μερισμσυ,</strong></span> <span class='ocrx_word' id='word_1_668' title='bbox 2964 4644 3060 4697; x_wconf 82' lang='lat' dir='ltr'><strong>hoc</strong></span> <span class='ocrx_word' id='word_1_669' title='bbox 3113 4651 3186 4694; x_wconf 85' lang='lat' dir='ltr'><strong>est</strong></span> <span class='ocrx_word' id='word_1_670' title='bbox 3237 4639 3304 4696; x_wconf 80' lang='lat' dir='ltr'><strong>de</strong></span> <span class='ocrx_word' id='word_1_671' title='bbox 3359 4637 3470 4694; x_wconf 75' lang='grc' dir='ltr'><strong>Νι(-</strong></span> 
     </span>
    </p>
   </div>
   <div class='ocr_carea' id='block_1_90' title="bbox 168 4740 2412 4816">
    <p class='ocr_par' dir='ltr' id='par_1_90' title="bbox 168 4740 2412 4816">
     <span class='ocr_line' id='line_1_90' title="bbox 168 4740 2412 4816; baseline -0.002 -17"><span class='ocrx_word' id='word_1_672' title='bbox 168 4755 320 4816; x_wconf 87' lang='lat' dir='ltr'><strong>ptos,</strong></span> <span class='ocrx_word' id='word_1_673' title='bbox 351 4746 442 4800; x_wconf 88' lang='lat' dir='ltr'><strong>sed</strong></span> <span class='ocrx_word' id='word_1_674' title='bbox 473 4748 513 4778; x_wconf 79' lang='grc' dir='ltr'><strong>⁸ο</strong></span> <span class='ocrx_word' id='word_1_675' title='bbox 561 4747 628 4801; x_wconf 87' lang='lat' dir='ltr'><strong>ab</strong></span> <span class='ocrx_word' id='word_1_676' title='bbox 656 4749 935 4802; x_wconf 84' lang='lat' dir='ltr'><strong>erroribus</strong></span> <span class='ocrx_word' id='word_1_677' title='bbox 975 4749 1290 4803; x_wconf 89' lang='lat' dir='ltr'><strong>emendatos</strong></span> <span class='ocrx_word' id='word_1_678' title='bbox 1340 4748 1652 4810; x_wconf 89' lang='lat' dir='ltr'><strong>introducit,</strong></span> <span class='ocrx_word' id='word_1_679' title='bbox 1688 4749 1778 4801; x_wconf 88' lang='lat' dir='ltr'><strong>de-</strong></span> <span class='ocrx_word' id='word_1_680' title='bbox 1804 4755 1857 4815; x_wconf 85' lang='lat' dir='ltr'><strong>D</strong></span> <span class='ocrx_word' id='word_1_681' title='bbox 1886 4755 2034 4797; x_wconf 87' lang='lat' dir='ltr'><strong>turae</strong></span> <span class='ocrx_word' id='word_1_682' title='bbox 2070 4743 2321 4797; x_wconf 82' lang='lat' dir='ltr'><strong>divisione</strong></span> <span class='ocrx_word' id='word_1_683' title='bbox 2348 4740 2412 4794; x_wconf 77' lang='lat'><strong>“.</strong></span> 
     </span>
    </p>
   </div>
   <div class='ocr_carea' id='block_1_91' title="bbox 1461 4924 2166 4981">
    <p class='ocr_par' dir='ltr' id='par_1_91' title="bbox 1461 4924 2166 4981">
     <span class='ocr_line' id='line_1_91' title="bbox 1461 4924 2166 4981; baseline 0.003 -5"><span class='ocrx_word' id='word_1_684' title='bbox 1461 4925 1716 4981; x_wconf 74' lang='lat' dir='ltr'><strong>VARIAE</strong></span> <span class='ocrx_word' id='word_1_685' title='bbox 1765 4924 2166 4980; x_wconf 80' lang='lat' dir='ltr'><strong>LECTIONES.</strong></span> 
     </span>
    </p>
   </div>
   <div class='ocr_carea' id='block_1_92' title="bbox 252 5081 1503 5152">
    <p class='ocr_par' dir='ltr' id='par_1_92' title="bbox 252 5081 1503 5152">
     <span class='ocr_line' id='line_1_92' title="bbox 252 5081 1503 5152; baseline -0.002 -17"><span class='ocrx_word' id='word_1_686' title='bbox 252 5085 265 5114; x_wconf 86' lang='grc'>¹</span> <span class='ocrx_word' id='word_1_687' title='bbox 295 5081 332 5135; x_wconf 87' lang='lat' dir='ltr'><strong>F</strong></span> <span class='ocrx_word' id='word_1_688' title='bbox 366 5083 626 5138; x_wconf 84' lang='lat' dir='ltr'><strong>tenebras.</strong></span> <span class='ocrx_word' id='word_1_689' title='bbox 706 5085 724 5113; x_wconf 83' lang='grc'>²</span> <span class='ocrx_word' id='word_1_690' title='bbox 753 5084 932 5138; x_wconf 77' lang='lat' dir='ltr'><strong>divina</strong></span> <span class='ocrx_word' id='word_1_691' title='bbox 958 5099 1068 5137; x_wconf 90' lang='lat' dir='ltr'><strong>om.</strong></span> <span class='ocrx_word' id='word_1_692' title='bbox 1101 5081 1164 5136; x_wconf 88' lang='lat' dir='ltr'><strong>A.</strong></span> <span class='ocrx_word' id='word_1_693' title='bbox 1241 5087 1262 5119; x_wconf 80' lang='grc'>⁸</span> <span class='ocrx_word' id='word_1_694' title='bbox 1294 5081 1332 5137; x_wconf 85' lang='lat' dir='ltr'><strong>F</strong></span> <span class='ocrx_word' id='word_1_695' title='bbox 1369 5081 1503 5152; x_wconf 84' lang='lat' dir='ltr'><strong>cybi.</strong></span> 
     </span>
    </p>
   </div>
   <div class='ocr_carea' id='block_1_93' title="bbox 171 5152 1635 5225">
    <p class='ocr_par' dir='ltr' id='par_1_93' title="bbox 171 5152 1635 5225">
     <span class='ocr_line' id='line_1_93' title="bbox 171 5152 1635 5225; baseline -0.004 -15"><span class='ocrx_word' id='word_1_696' title='bbox 171 5156 518 5222; x_wconf 79' lang='lat' dir='ltr'><strong>indigentiae.</strong></span> <span class='ocrx_word' id='word_1_697' title='bbox 591 5158 610 5187; x_wconf 80' lang='grc'>⁹</span> <span class='ocrx_word' id='word_1_698' title='bbox 636 5154 677 5208; x_wconf 79' lang='grc' dir='ltr'>Α</span> <span class='ocrx_word' id='word_1_699' title='bbox 713 5155 873 5225; x_wconf 86' lang='lat' dir='ltr'><strong>quod.</strong></span> <span class='ocrx_word' id='word_1_700' title='bbox 956 5155 996 5186; x_wconf 86' lang='grc'>¹⁰</span> <span class='ocrx_word' id='word_1_701' title='bbox 1025 5154 1065 5209; x_wconf 80' lang='lat' dir='ltr'>F</span> <span class='ocrx_word' id='word_1_702' title='bbox 1097 5165 1185 5207; x_wconf 80' lang='lat' dir='ltr'><strong>aut</strong></span> <span class='ocrx_word' id='word_1_703' title='bbox 1230 5155 1296 5208; x_wconf 87' lang='lat' dir='ltr'><strong>ab</strong></span> <span class='ocrx_word' id='word_1_704' title='bbox 1334 5152 1635 5207; x_wconf 85' lang='lat' dir='ltr'><strong>erroribus.</strong></span> 
     </span>
    </p>
   </div>
   <div class='ocr_carea' id='block_1_94' title="bbox 185 5226 1044 5294">
    <p class='ocr_par' dir='ltr' id='par_1_94' title="bbox 185 5226 1044 5294">
     <span class='ocr_line' id='line_1_94' title="bbox 185 5226 1044 5294; baseline -0.001 -14"><span class='ocrx_word' id='word_1_705' title='bbox 185 5226 306 5281; x_wconf 71' lang='lat' dir='ltr'><strong>“A</strong></span> <span class='ocrx_word' id='word_1_706' title='bbox 360 5227 526 5278; x_wconf 77' lang='lat' dir='ltr'><strong>rtmcti</strong></span> <span class='ocrx_word' id='word_1_707' title='bbox 575 5228 1044 5294; x_wconf 78' lang='lat' dir='ltr'><strong>praetermisimus.</strong></span> 
     </span>
    </p>
   </div>
   <div class='ocr_carea' id='block_1_95' title="bbox 174 5299 316 5351">
    <p class='ocr_par' dir='ltr' id='par_1_95' title="bbox 174 5299 316 5351">
     <span class='ocr_line' id='line_1_95' title="bbox 174 5299 316 5351; baseline -0.014 0"><span class='ocrx_word' id='word_1_708' title='bbox 174 5299 316 5351; x_wconf 81' lang='lat' dir='ltr'><strong>ritis.</strong></span> 
     </span>
    </p>
   </div>
   <div class='ocr_carea' id='block_1_96' title="bbox 174 5368 1032 5438">
    <p class='ocr_par' dir='ltr' id='par_1_96' title="bbox 174 5368 1032 5438">
     <span class='ocr_line' id='line_1_96' title="bbox 174 5368 1032 5438; baseline 0.001 -18"><span class='ocrx_word' id='word_1_709' title='bbox 174 5370 275 5438; x_wconf 73' lang='lat' dir='ltr'><strong>itii.</strong></span> <span class='ocrx_word' id='word_1_710' title='bbox 361 5369 402 5398; x_wconf 85' lang='grc'><strong>²²</strong></span> <span class='ocrx_word' id='word_1_711' title='bbox 439 5368 479 5421; x_wconf 69' lang='grc' dir='ltr'><strong>Α</strong></span> <span class='ocrx_word' id='word_1_712' title='bbox 521 5383 659 5436; x_wconf 80' lang='lat' dir='ltr'><strong>quae</strong></span> <span class='ocrx_word' id='word_1_713' title='bbox 715 5370 808 5422; x_wconf 51' lang='grc' dir='ltr'><strong>υἷι</strong></span> <span class='ocrx_word' id='word_1_714' title='bbox 848 5387 1032 5438; x_wconf 81' lang='lat' dir='ltr'><strong>parva.</strong></span> 
     </span>
    </p>
   </div>
   <div class='ocr_carea' id='block_1_97' title="bbox 174 5437 1169 5495">
    <p class='ocr_par' dir='ltr' id='par_1_97' title="bbox 174 5437 1169 5495">
     <span class='ocr_line' id='line_1_97' title="bbox 174 5437 1169 5495; baseline 0.005 -5"><span class='ocrx_word' id='word_1_715' title='bbox 174 5437 223 5478; x_wconf 65' lang='grc'><strong>³⁸</strong></span> <span class='ocrx_word' id='word_1_716' title='bbox 256 5441 296 5490; x_wconf 72' lang='grc' dir='ltr'><strong>Α</strong></span> <span class='ocrx_word' id='word_1_717' title='bbox 334 5451 550 5494; x_wconf 76' lang='lat' dir='ltr'><strong>vestrae.</strong></span> <span class='ocrx_word' id='word_1_718' title='bbox 627 5441 668 5478; x_wconf 74' lang='grc'><strong>³⁷</strong></span> <span class='ocrx_word' id='word_1_719' title='bbox 704 5437 918 5494; x_wconf 80' lang='lat' dir='ltr'><strong>obtusae</strong></span> <span class='ocrx_word' id='word_1_720' title='bbox 962 5456 1072 5494; x_wconf 89' lang='lat' dir='ltr'><strong>om.</strong></span> <span class='ocrx_word' id='word_1_721' title='bbox 1109 5439 1169 5495; x_wconf 82' lang='lat' dir='ltr'><strong>F.</strong></span> 
     </span>
    </p>
   </div>
   <div class='ocr_carea' id='block_1_98' title="bbox 173 5510 1486 5582">
    <p class='ocr_par' dir='ltr' id='par_1_98' title="bbox 173 5510 1486 5582">
     <span class='ocr_line' id='line_1_98' title="bbox 173 5510 1486 5582; baseline -0.002 -18"><span class='ocrx_word' id='word_1_722' title='bbox 173 5513 473 5565; x_wconf 76' lang='lat' dir='ltr'><strong>incurrent.</strong></span> <span class='ocrx_word' id='word_1_723' title='bbox 553 5510 597 5542; x_wconf 80' lang='grc'><strong>³³</strong></span> <span class='ocrx_word' id='word_1_724' title='bbox 627 5511 670 5564; x_wconf 86' lang='grc' dir='ltr'>Λ</span> <span class='ocrx_word' id='word_1_725' title='bbox 705 5512 956 5567; x_wconf 83' lang='lat' dir='ltr'><strong>tenebras</strong></span> <span class='ocrx_word' id='word_1_726' title='bbox 986 5510 1486 5582; x_wconf 84' lang='lat' dir='ltr'><strong>recognoscentium.</strong></span> 
     </span>
    </p>
   </div>
   <div class='ocr_carea' id='block_1_99' title="bbox 1289 5439 1686 5492">
    <p class='ocr_par' dir='ltr' id='par_1_99' title="bbox 1289 5439 1686 5492">
     <span class='ocr_line' id='line_1_99' title="bbox 1289 5439 1686 5492; baseline 0.003 -3"><span class='ocrx_word' id='word_1_727' title='bbox 1289 5441 1331 5471; x_wconf 79' lang='grc'><strong>²⁸</strong></span> <span class='ocrx_word' id='word_1_728' title='bbox 1370 5449 1423 5489; x_wconf 83' lang='lat' dir='ltr'><strong>ut</strong></span> <span class='ocrx_word' id='word_1_729' title='bbox 1459 5454 1568 5492; x_wconf 91' lang='lat' dir='ltr'><strong>om.</strong></span> <span class='ocrx_word' id='word_1_730' title='bbox 1619 5439 1686 5490; x_wconf 88' lang='lat' dir='ltr'><strong>A.</strong></span> 
     </span>
    </p>
   </div>
   <div class='ocr_carea' id='block_1_100' title="bbox 1583 5080 1824 5152">
    <p class='ocr_par' dir='ltr' id='par_1_100' title="bbox 1583 5080 1824 5152">
     <span class='ocr_line' id='line_1_100' title="bbox 1583 5080 1824 5152; baseline 0.017 -20"><span class='ocrx_word' id='word_1_731' title='bbox 1583 5081 1605 5112; x_wconf 78' lang='grc'><strong>’⁵</strong></span> <span class='ocrx_word' id='word_1_732' title='bbox 1641 5080 1683 5144; x_wconf 77' lang='grc' dir='ltr'>Α</span> <span class='ocrx_word' id='word_1_733' title='bbox 1711 5095 1824 5152; x_wconf 75' lang='lat' dir='ltr'><strong>per.</strong></span> 
     </span>
    </p>
   </div>
   <div class='ocr_carea' id='block_1_101' title="bbox 1717 5153 2138 5206">
    <p class='ocr_par' dir='ltr' id='par_1_101' title="bbox 1717 5153 2138 5206">
     <span class='ocr_line' id='line_1_101' title="bbox 1717 5153 2138 5206; baseline -0.005 0"><span class='ocrx_word' id='word_1_734' title='bbox 1717 5155 1754 5183; x_wconf 83' lang='lat'>“</span> <span class='ocrx_word' id='word_1_735' title='bbox 1783 5153 1827 5206; x_wconf 80' lang='grc' dir='ltr'>Α</span> <span class='ocrx_word' id='word_1_736' title='bbox 1868 5157 2138 5206; x_wconf 74' lang='lat' dir='ltr'><strong>accensus.</strong></span> 
     </span>
    </p>
   </div>
   <div class='ocr_carea' id='block_1_102' title="bbox 1125 5224 2105 5292">
    <p class='ocr_par' dir='ltr' id='par_1_102' title="bbox 1125 5224 2105 5292">
     <span class='ocr_line' id='line_1_102' title="bbox 1125 5224 2105 5292; baseline -0.002 -14"><span class='ocrx_word' id='word_1_737' title='bbox 1125 5226 1168 5257; x_wconf 67' lang='grc' dir='ltr'>ιδ</span> <span class='ocrx_word' id='word_1_738' title='bbox 1197 5228 1238 5278; x_wconf 83' lang='grc' dir='ltr'><strong>Α</strong></span> <span class='ocrx_word' id='word_1_739' title='bbox 1282 5242 1374 5278; x_wconf 84' lang='lat' dir='ltr'><strong>nos</strong></span> <span class='ocrx_word' id='word_1_740' title='bbox 1424 5226 1716 5278; x_wconf 84' lang='lat' dir='ltr'><strong>reddituros</strong></span> <span class='ocrx_word' id='word_1_741' title='bbox 1751 5224 2105 5292; x_wconf 81' lang='lat' dir='ltr'><strong>promisimus.</strong></span> 
     </span>
    </p>
   </div>
   <div class='ocr_carea' id='block_1_103' title="bbox 400 5289 3476 5366">
    <p class='ocr_par' dir='ltr' id='par_1_103' title="bbox 400 5289 3476 5366">
     <span class='ocr_line' id='line_1_103' title="bbox 400 5289 3476 5366; baseline -0.004 -16"><span class='ocrx_word' id='word_1_742' title='bbox 400 5297 437 5328; x_wconf 80' lang='grc'><strong>¹⁷</strong></span> <span class='ocrx_word' id='word_1_743' title='bbox 463 5297 514 5350; x_wconf 83' lang='grc' dir='ltr'><strong>Α</strong></span> <span class='ocrx_word' id='word_1_744' title='bbox 535 5289 708 5350; x_wconf 79' lang='lat' dir='ltr'><strong>cursu.</strong></span> <span class='ocrx_word' id='word_1_745' title='bbox 779 5298 822 5329; x_wconf 84' lang='grc'><strong>¹⁸</strong></span> <span class='ocrx_word' id='word_1_746' title='bbox 849 5299 891 5352; x_wconf 77' lang='grc' dir='ltr'>Α</span> <span class='ocrx_word' id='word_1_747' title='bbox 924 5298 1180 5352; x_wconf 85' lang='lat' dir='ltr'><strong>omnibus.</strong></span> <span class='ocrx_word' id='word_1_748' title='bbox 1253 5298 1290 5333; x_wconf 60' lang='grc'><strong>³)</strong></span> <span class='ocrx_word' id='word_1_749' title='bbox 1319 5297 1362 5348; x_wconf 74' lang='grc' dir='ltr'>Α</span> <span class='ocrx_word' id='word_1_750' title='bbox 1392 5311 1489 5364; x_wconf 92' lang='lat' dir='ltr'><strong>pro</strong></span> <span class='ocrx_word' id='word_1_751' title='bbox 1521 5295 1729 5366; x_wconf 88' lang='lat' dir='ltr'><strong>viribus</strong></span> <span class='ocrx_word' id='word_1_752' title='bbox 1751 5289 1947 5366; x_wconf 78' lang='lat' dir='ltr'><strong>nostris</strong></span> <span class='ocrx_word' id='word_1_753' title='bbox 1979 5293 2338 5348; x_wconf 84' lang='lat' dir='ltr'><strong>tractabimus.</strong></span> <span class='ocrx_word' id='word_1_754' title='bbox 2409 5292 2456 5366; x_wconf 78' lang='lat'><strong>’_&quot;</strong></span> <span class='ocrx_word' id='word_1_755' title='bbox 2489 5292 2535 5366; x_wconf 50' lang='lat'><strong>1}</strong></span> <span class='ocrx_word' id='word_1_756' title='bbox 2562 5310 2651 5366; x_wconf 89' lang='lat' dir='ltr'><strong>vos</strong></span> <span class='ocrx_word' id='word_1_757' title='bbox 2689 5299 2974 5366; x_wconf 77' lang='lat' dir='ltr'><strong>contentos</strong></span> <span class='ocrx_word' id='word_1_758' title='bbox 2997 5298 3101 5366; x_wconf 76' lang='lat' dir='ltr'><strong>ecl.</strong></span> <span class='ocrx_word' id='word_1_759' title='bbox 3166 5289 3207 5318; x_wconf 81' lang='grc'><strong>²¹</strong></span> <span class='ocrx_word' id='word_1_760' title='bbox 3237 5289 3280 5340; x_wconf 75' lang='grc' dir='ltr'><strong>Α</strong></span> <span class='ocrx_word' id='word_1_761' title='bbox 3322 5290 3476 5366; x_wconf 51' lang='lat' dir='ltr'><strong>ingen</strong></span> 
     </span>
    </p>
   </div>
   <div class='ocr_carea' id='block_1_104' title="bbox 1112 5361 3444 5436">
    <p class='ocr_par' dir='ltr' id='par_1_104' title="bbox 1112 5361 3444 5436">
     <span class='ocr_line' id='line_1_104' title="bbox 1112 5361 3444 5436; baseline -0.005 -14"><span class='ocrx_word' id='word_1_762' title='bbox 1112 5369 1154 5401; x_wconf 81' lang='grc'><strong>³³</strong></span> <span class='ocrx_word' id='word_1_763' title='bbox 1187 5371 1228 5421; x_wconf 84' lang='grc' dir='ltr'>Α</span> <span class='ocrx_word' id='word_1_764' title='bbox 1278 5367 1370 5422; x_wconf 84' lang='lat' dir='ltr'><strong>sed</strong></span> <span class='ocrx_word' id='word_1_765' title='bbox 1392 5361 1610 5420; x_wconf 49' lang='lat' dir='ltr'><strong>&#39;restrae</strong></span> <span class='ocrx_word' id='word_1_766' title='bbox 1657 5361 2042 5436; x_wconf 75' lang='lat' dir='ltr'><strong>solicitudinis</strong></span> <span class='ocrx_word' id='word_1_767' title='bbox 2079 5368 2339 5436; x_wconf 74' lang='lat' dir='ltr'><strong>meaeque</strong></span> <span class='ocrx_word' id='word_1_768' title='bbox 2396 5363 2440 5436; x_wconf 50' lang='grc' dir='ltr'><em>ἐ</em></span> <span class='ocrx_word' id='word_1_769' title='bbox 2482 5363 2530 5436; x_wconf 75' lang='grc' dir='ltr'><strong><em>Ε</em></strong></span> <span class='ocrx_word' id='word_1_770' title='bbox 2559 5365 2774 5436; x_wconf 82' lang='lat' dir='ltr'><strong>devota.</strong></span> <span class='ocrx_word' id='word_1_771' title='bbox 2824 5361 3220 5436; x_wconf 37' lang='lat' dir='ltr'><strong>_f‘ldiviuar_um</strong></span> <span class='ocrx_word' id='word_1_772' title='bbox 3271 5361 3444 5436; x_wconf 43' lang='lat' dir='ltr'><strong>om}!</strong></span> 
     </span>
    </p>
   </div>
   <div class='ocr_carea' id='block_1_105' title="bbox 1758 5437 2130 5492">
    <p class='ocr_par' dir='ltr' id='par_1_105' title="bbox 1758 5437 2130 5492">
     <span class='ocr_line' id='line_1_105' title="bbox 1758 5437 2130 5492; baseline -0.013 1"><span class='ocrx_word' id='word_1_773' title='bbox 1758 5438 1801 5468; x_wconf 69' lang='grc'><strong>’⁸</strong></span> <span class='ocrx_word' id='word_1_774' title='bbox 1841 5440 1885 5492; x_wconf 81' lang='grc' dir='ltr'><strong>Α</strong></span> <span class='ocrx_word' id='word_1_775' title='bbox 1915 5437 2130 5491; x_wconf 76' lang='lat' dir='ltr'><strong>debetis.</strong></span> 
     </span>
    </p>
   </div>
   <div class='ocr_carea' id='block_1_106' title="bbox 1568 5508 2471 5579">
    <p class='ocr_par' dir='ltr' id='par_1_106' title="bbox 1568 5508 2471 5579">
     <span class='ocr_line' id='line_1_106' title="bbox 1568 5508 2471 5579; baseline 0 -18"><span class='ocrx_word' id='word_1_776' title='bbox 1568 5510 1610 5539; x_wconf 66' lang='lat'><strong>3&quot;</strong></span> <span class='ocrx_word' id='word_1_777' title='bbox 1646 5509 1735 5564; x_wconf 87' lang='lat' dir='ltr'><strong>Sic</strong></span> <span class='ocrx_word' id='word_1_778' title='bbox 1766 5510 1840 5566; x_wconf 83' lang='lat' dir='ltr'><strong>A:</strong></span> <span class='ocrx_word' id='word_1_779' title='bbox 1877 5509 1914 5562; x_wconf 81' lang='lat' dir='ltr'>F</span> <span class='ocrx_word' id='word_1_780' title='bbox 1949 5509 2212 5579; x_wconf 66' lang='lat' dir='ltr'><strong>Explicuit</strong></span> <span class='ocrx_word' id='word_1_781' title='bbox 2239 5508 2471 5579; x_wconf 82' lang='lat' dir='ltr'><strong>quintus.</strong></span> 
     </span>
    </p>
   </div>
   <div class='ocr_carea' id='block_1_107' title="bbox 1903 5064 3471 5145">
    <p class='ocr_par' dir='ltr' id='par_1_107' title="bbox 1903 5064 3471 5145">
     <span class='ocr_line' id='line_1_107' title="bbox 1903 5064 3471 5145; baseline -0.004 -10"><span class='ocrx_word' id='word_1_782' title='bbox 1903 5080 1924 5110; x_wconf 84' lang='lat'><strong>&#39;</strong></span> <span class='ocrx_word' id='word_1_783' title='bbox 1953 5082 2149 5135; x_wconf 78' lang='lat' dir='ltr'><strong>arridet</strong></span> <span class='ocrx_word' id='word_1_784' title='bbox 2181 5094 2288 5134; x_wconf 94' lang='lat' dir='ltr'><strong>om.</strong></span> <span class='ocrx_word' id='word_1_785' title='bbox 2321 5079 2386 5131; x_wconf 84' lang='lat' dir='ltr'><strong>A.</strong></span> <span class='ocrx_word' id='word_1_786' title='bbox 2466 5078 2486 5109; x_wconf 82' lang='grc'>⁸</span> <span class='ocrx_word' id='word_1_787' title='bbox 2517 5078 2691 5131; x_wconf 83' lang='lat' dir='ltr'><strong>adhuc</strong></span> <span class='ocrx_word' id='word_1_788' title='bbox 2719 5064 2829 5131; x_wconf 79' lang='lat' dir='ltr'><strong>em.</strong></span> <span class='ocrx_word' id='word_1_789' title='bbox 2857 5075 2924 5130; x_wconf 84' lang='lat' dir='ltr'><strong>A.</strong></span> <span class='ocrx_word' id='word_1_790' title='bbox 3001 5075 3024 5110; x_wconf 80' lang='grc'><strong>⁷</strong></span> <span class='ocrx_word' id='word_1_791' title='bbox 3055 5078 3095 5130; x_wconf 84' lang='grc' dir='ltr'>Λ</span> <span class='ocrx_word' id='word_1_792' title='bbox 3131 5087 3302 5145; x_wconf 68' lang='lat' dir='ltr'><strong>atqui.</strong></span> <span class='ocrx_word' id='word_1_793' title='bbox 3380 5077 3401 5107; x_wconf 81' lang='grc'><strong>⁸</strong></span> <span class='ocrx_word' id='word_1_794' title='bbox 3427 5075 3471 5129; x_wconf 80' lang='grc' dir='ltr'>Λ</span> 
     </span>
    </p>
   </div>
   <div class='ocr_carea' id='block_1_108' title="bbox 2220 5147 3470 5217">
    <p class='ocr_par' dir='ltr' id='par_1_108' title="bbox 2220 5147 3470 5217">
     <span class='ocr_line' id='line_1_108' title="bbox 2220 5147 3470 5217; baseline -0.002 -15"><span class='ocrx_word' id='word_1_795' title='bbox 2220 5149 2544 5217; x_wconf 76' lang='lat' dir='ltr'><strong>&quot;Wuifade</strong></span> <span class='ocrx_word' id='word_1_796' title='bbox 2608 5159 2718 5205; x_wconf 90' lang='lat' dir='ltr'><strong>om.</strong></span> <span class='ocrx_word' id='word_1_797' title='bbox 2767 5149 2832 5202; x_wconf 85' lang='lat' dir='ltr'><strong>A.</strong></span> <span class='ocrx_word' id='word_1_798' title='bbox 2911 5147 2952 5180; x_wconf 81' lang='grc'><strong><em>³⁸</em></strong></span> <span class='ocrx_word' id='word_1_799' title='bbox 2982 5147 3151 5217; x_wconf 83' lang='lat' dir='ltr'><strong>operis</strong></span> <span class='ocrx_word' id='word_1_800' title='bbox 3206 5151 3314 5198; x_wconf 80' lang='lat' dir='ltr'><strong>om.</strong></span> <span class='ocrx_word' id='word_1_801' title='bbox 3405 5148 3470 5199; x_wconf 71' lang='grc' dir='ltr'><strong>Α.</strong></span> 
     </span>
    </p>
   </div>
   <div class='ocr_carea' id='block_1_109' title="bbox 2187 5155 3472 5288">
    <p class='ocr_par' dir='ltr' id='par_1_109' title="bbox 2187 5155 3472 5288">
     <span class='ocr_line' id='line_1_109' title="bbox 2220 5155 3470 5272; baseline -0.001 -72"><span class='ocrx_word' id='word_1_802' title='bbox 2220 5155 2261 5182; x_wconf 82' lang='grc'>¹¹</span> <span class='ocrx_word' id='word_1_803' title='bbox 2295 5155 2544 5272; x_wconf 62' lang='lat' dir='ltr'><strong>ll’ztll&#39;ade</strong></span> <span class='ocrx_word' id='word_1_804' title='bbox 2608 5159 2718 5205; x_wconf 90' lang='lat' dir='ltr'><strong>om.</strong></span> <span class='ocrx_word' id='word_1_805' title='bbox 2767 5155 2832 5202; x_wconf 86' lang='lat' dir='ltr'><strong>A.</strong></span> <span class='ocrx_word' id='word_1_806' title='bbox 2911 5155 2952 5180; x_wconf 86' lang='lat'><strong>&quot;</strong></span> <span class='ocrx_word' id='word_1_807' title='bbox 2982 5155 3151 5217; x_wconf 77' lang='lat' dir='ltr'><strong>operis</strong></span> <span class='ocrx_word' id='word_1_808' title='bbox 3206 5155 3314 5198; x_wconf 84' lang='lat' dir='ltr'><strong>om.</strong></span> <span class='ocrx_word' id='word_1_809' title='bbox 3405 5155 3470 5199; x_wconf 72' lang='grc' dir='ltr'><strong>Λ.</strong></span> 
     </span>
     <span class='ocr_line' id='line_1_110' title="bbox 2187 5217 3472 5288; baseline -0.004 -13"><span class='ocrx_word' id='word_1_810' title='bbox 2187 5222 2230 5253; x_wconf 85' lang='grc'>¹⁶</span> <span class='ocrx_word' id='word_1_811' title='bbox 2259 5222 2302 5275; x_wconf 90' lang='lat' dir='ltr'><strong>A</strong></span> <span class='ocrx_word' id='word_1_812' title='bbox 2332 5220 2410 5275; x_wconf 82' lang='lat' dir='ltr'><strong>sol</strong></span> <span class='ocrx_word' id='word_1_813' title='bbox 2435 5221 2546 5274; x_wconf 89' lang='lat' dir='ltr'><strong>iciti</strong></span> <span class='ocrx_word' id='word_1_814' title='bbox 2575 5221 2720 5276; x_wconf 85' lang='lat' dir='ltr'><strong>eritis</strong></span> <span class='ocrx_word' id='word_1_815' title='bbox 2769 5235 2832 5273; x_wconf 88' lang='lat' dir='ltr'><strong>ac</strong></span> <span class='ocrx_word' id='word_1_816' title='bbox 2871 5235 2920 5272; x_wconf 89' lang='lat' dir='ltr'><strong>v.</strong></span> <span class='ocrx_word' id='word_1_817' title='bbox 2951 5235 3002 5288; x_wconf 91' lang='lat' dir='ltr'><strong>p.</strong></span> <span class='ocrx_word' id='word_1_818' title='bbox 3061 5228 3326 5271; x_wconf 71' lang='lat' dir='ltr'><strong>exactores</strong></span> <span class='ocrx_word' id='word_1_819' title='bbox 3355 5217 3472 5284; x_wconf 77' lang='lat' dir='ltr'><strong>fue-</strong></span> 
     </span>
    </p>
   </div>
   <div class='ocr_carea' id='block_1_110' title="bbox 2848 5357 3470 5415">
    <p class='ocr_par' dir='ltr' id='par_1_110' title="bbox 2848 5357 3470 5415">
     <span class='ocr_line' id='line_1_111' title="bbox 2848 5357 3470 5415; baseline -0.008 0"><span class='ocrx_word' id='word_1_820' title='bbox 2848 5362 2892 5392; x_wconf 75' lang='lat'><em>&quot;</em></span> <span class='ocrx_word' id='word_1_821' title='bbox 2922 5361 3220 5414; x_wconf 80' lang='lat' dir='ltr'><strong>divinarum</strong></span> <span class='ocrx_word' id='word_1_822' title='bbox 3271 5373 3356 5411; x_wconf 86' lang='lat' dir='ltr'><strong>om</strong></span> <span class='ocrx_word' id='word_1_823' title='bbox 3405 5357 3470 5415; x_wconf 61' lang='grc' dir='ltr'><strong>Α.</strong></span> 
     </span>
    </p>
   </div>
   <div class='ocr_carea' id='block_1_111' title="bbox 2245 5423 3470 5503">
    <p class='ocr_par' dir='ltr' id='par_1_111' title="bbox 2245 5423 3470 5503">
     <span class='ocr_line' id='line_1_112' title="bbox 2245 5423 3470 5503; baseline -0.01 -12"><span class='ocrx_word' id='word_1_824' title='bbox 2245 5423 2288 5466; x_wconf 76' lang='grc'><strong>³⁰</strong></span> <span class='ocrx_word' id='word_1_825' title='bbox 2319 5435 2364 5490; x_wconf 83' lang='grc' dir='ltr'><strong>Α</strong></span> <span class='ocrx_word' id='word_1_826' title='bbox 2413 5435 2740 5489; x_wconf 82' lang='lat' dir='ltr'><strong>laborabitis.</strong></span> <span class='ocrx_word' id='word_1_827' title='bbox 2821 5423 2860 5464; x_wconf 56' lang='grc' dir='ltr'><strong>δέ</strong></span> <span class='ocrx_word' id='word_1_828' title='bbox 2892 5427 2932 5485; x_wconf 75' lang='grc' dir='ltr'><strong>Α</strong></span> <span class='ocrx_word' id='word_1_829' title='bbox 2986 5429 3254 5503; x_wconf 79' lang='lat' dir='ltr'><strong>quoniam.</strong></span> <span class='ocrx_word' id='word_1_830' title='bbox 3343 5429 3394 5463; x_wconf 57' lang='grc'><strong>⁸1</strong></span> <span class='ocrx_word' id='word_1_831' title='bbox 3425 5427 3470 5486; x_wconf 81' lang='grc' dir='ltr'>Α</span> 
     </span>
    </p>
   </div>
   <div class='ocr_carea' id='block_1_112' title="bbox 1706 5654 1953 5728">
    <p class='ocr_par' dir='ltr' id='par_1_112' title="bbox 1706 5654 1953 5728">
     <span class='ocr_line' id='line_1_113' title="bbox 1706 5654 1953 5728; baseline -0.004 -2"><span class='ocrx_word' id='word_1_832' title='bbox 1706 5654 1953 5728; x_wconf 78' lang='lat' dir='ltr'><strong>NOTAE.</strong></span> 
     </span>
    </p>
   </div>
   <div class='ocr_carea' id='block_1_113' title="bbox 255 5835 1776 5916">
    <p class='ocr_par' dir='ltr' id='par_1_113' title="bbox 255 5835 1776 5916">
     <span class='ocr_line' id='line_1_114' title="bbox 255 5835 1776 5916; baseline -0.004 -18"><span class='ocrx_word' id='word_1_833' title='bbox 255 5861 282 5888; x_wconf 72' lang='grc' dir='ltr'><strong>δ</strong></span> <span class='ocrx_word' id='word_1_834' title='bbox 312 5878 350 5901; x_wconf 78' lang='grc' dir='ltr'>υ</span> <span class='ocrx_word' id='word_1_835' title='bbox 384 5843 602 5916; x_wconf 76' lang='lat' dir='ltr'><strong>uuifade</strong></span> <span class='ocrx_word' id='word_1_836' title='bbox 631 5845 810 5914; x_wconf 75' lang='lat' dir='ltr'><strong>(sici).</strong></span> <span class='ocrx_word' id='word_1_837' title='bbox 837 5843 955 5899; x_wconf 87' lang='lat' dir='ltr'><strong>Jam</strong></span> <span class='ocrx_word' id='word_1_838' title='bbox 980 5841 1177 5897; x_wconf 86' lang='lat' dir='ltr'><strong>Petrus</strong></span> <span class='ocrx_word' id='word_1_839' title='bbox 1205 5840 1439 5916; x_wconf 70' lang='lat' dir='ltr'><strong>Alixitts,</strong></span> <span class='ocrx_word' id='word_1_840' title='bbox 1467 5835 1776 5916; x_wconf 28' lang='lat' dir='ltr'><strong>testes&#39;l’h&#39;on</strong></span> 
     </span>
    </p>
   </div>
   <div class='ocr_carea' id='block_1_114' title="bbox 179 5911 1778 5984">
    <p class='ocr_par' dir='ltr' id='par_1_114' title="bbox 179 5911 1778 5984">
     <span class='ocr_line' id='line_1_115' title="bbox 179 5911 1778 5984; baseline -0.004 -9"><span class='ocrx_word' id='word_1_841' title='bbox 179 5936 274 5979; x_wconf 87' lang='lat' dir='ltr'><strong>ma</strong></span> <span class='ocrx_word' id='word_1_842' title='bbox 301 5916 432 5980; x_wconf 82' lang='lat' dir='ltr'><strong>Gate</strong></span> <span class='ocrx_word' id='word_1_843' title='bbox 458 5911 807 5984; x_wconf 70' lang='lat' dir='ltr'><strong>,Wulfadum</strong></span> <span class='ocrx_word' id='word_1_844' title='bbox 838 5916 1161 5971; x_wconf 80' lang='lat' dir='ltr'><strong>Remensem</strong></span> <span class='ocrx_word' id='word_1_845' title='bbox 1191 5914 1514 5970; x_wconf 86' lang='lat' dir='ltr'><strong>canonicum</strong></span> <span class='ocrx_word' id='word_1_846' title='bbox 1540 5953 1554 5981; x_wconf 90' lang='lat'><strong>,</strong></span> <span class='ocrx_word' id='word_1_847' title='bbox 1585 5911 1778 5968; x_wconf 87' lang='lat' dir='ltr'><strong>deinde</strong></span> 
     </span>
    </p>
   </div>
   <div class='ocr_carea' id='block_1_115' title="bbox 1884 5828 3478 5904">
    <p class='ocr_par' dir='ltr' id='par_1_115' title="bbox 1884 5828 3478 5904">
     <span class='ocr_line' id='line_1_116' title="bbox 1884 5828 3478 5904; baseline -0.004 -13"><span class='ocrx_word' id='word_1_848' title='bbox 1884 5837 2274 5893; x_wconf 83' lang='lat' dir='ltr'><strong>Bituricensem</strong></span> <span class='ocrx_word' id='word_1_849' title='bbox 2320 5835 2629 5904; x_wconf 78' lang='lat' dir='ltr'><strong>episcopum</strong></span> <span class='ocrx_word' id='word_1_850' title='bbox 2659 5871 2675 5896; x_wconf 93' lang='lat'><strong>,</strong></span> <span class='ocrx_word' id='word_1_851' title='bbox 2725 5829 2872 5904; x_wconf 88' lang='lat' dir='ltr'><strong>innui</strong></span> <span class='ocrx_word' id='word_1_852' title='bbox 2921 5828 3250 5904; x_wconf 67' lang='lat' dir='ltr'><strong>conjegerat,</strong></span> <span class='ocrx_word' id='word_1_853' title='bbox 3290 5831 3370 5885; x_wconf 77' lang='lat' dir='ltr'><strong>(Il.</strong></span> <span class='ocrx_word' id='word_1_854' title='bbox 3403 5828 3478 5902; x_wconf 36' lang='lat' dir='ltr'><strong>de,</strong></span> 
     </span>
    </p>
   </div>
   <div class='ocr_carea' id='block_1_116' title="bbox 1886 5901 3167 5974">
    <p class='ocr_par' dir='ltr' id='par_1_116' title="bbox 1886 5901 3167 5974">
     <span class='ocr_line' id='line_1_117' title="bbox 1886 5901 3167 5974; baseline -0.01 -7"><span class='ocrx_word' id='word_1_855' title='bbox 1886 5911 1994 5966; x_wconf 88' lang='lat' dir='ltr'><strong>div.</strong></span> <span class='ocrx_word' id='word_1_856' title='bbox 2026 5909 2148 5964; x_wconf 84' lang='lat' dir='ltr'><strong>Nat.</strong></span> <span class='ocrx_word' id='word_1_857' title='bbox 2182 5908 2268 5964; x_wconf 88' lang='lat' dir='ltr'><strong>ed.</strong></span> <span class='ocrx_word' id='word_1_858' title='bbox 2300 5901 2650 5964; x_wconf 31' lang='lat' dir='ltr'><strong>0sonii’iti81</strong></span> <span class='ocrx_word' id='word_1_859' title='bbox 2671 5944 2685 5969; x_wconf 94' lang='lat'><strong>,</strong></span> <span class='ocrx_word' id='word_1_860' title='bbox 2714 5901 2956 5974; x_wconf 87' lang='lat' dir='ltr'><strong>Append.</strong></span> <span class='ocrx_word' id='word_1_861' title='bbox 2995 5917 3047 5973; x_wconf 92' lang='lat' dir='ltr'><strong>p.</strong></span> <span class='ocrx_word' id='word_1_862' title='bbox 3081 5901 3167 5958; x_wconf 88' lang='lat'><strong>80.</strong></span> 
     </span>
    </p>
   </div>
   <div class='ocr_carea' id='block_1_117' title="bbox 3317 463 3532 519">
    <p class='ocr_par' dir='ltr' id='par_1_117' title="bbox 3317 463 3532 519">
     <span class='ocr_line' id='line_1_118' title="bbox 3317 463 3532 519; baseline -0.005 -2"><span class='ocrx_word' id='word_1_863' title='bbox 3317 463 3455 519; x_wconf 70' lang='lat'><strong>109.2</strong></span> <span class='ocrx_word' id='word_1_864' title='bbox 3526 511 3532 516; x_wconf 89' lang='lat'><strong>.</strong></span> 
     </span>
    </p>
   </div>
  </div>
