3956 5666
542 380 568 438 1
583 377 684 437 325

1926 380 2044 440 JOA
2052 381 2210 441 NNIS
2248 383 2449 444 SCOTI

3678 392 3790 451 1034

1486 636 2292 758 JOANNIS
2353 645 2877 766 SCOTI

2022 878 2334 961 LIBER

881 1088 1015 1217 DE
1095 1081 1540 1220 EGRESSU
1618 1088 1751 1220 ET
1831 1089 2352 1220 REGRESSU
2432 1091 2833 1226 ANIMAE
2906 1095 3044 1227 All
3127 1094 3457 1233 DEUM.

1827 1421 2509 1509 FRAGMENTUM.

518 1711 635 1765 Cod.
679 1711 875 1764 collect.
914 1709 1186 1764 membran.
1222 1709 1279 1761 n°
1318 1710 1428 1775 596,
1452 1710 1505 1764 ι’
1528 1711 2088 1828 Μιίοωθεὲῗδὲἓὲἓῒὲ

2198 1711 2423 1842 ἐξοὲᾍῖ
2440 1712 2524 1841 ﬁt:
2557 1714 2612 1767 9.
2640 1739 2707 1753 —
2731 1712 2807 1769 α.
2827 1712 2953 1769 Cari.
2978 1715 3153 1771 Greith
3184 1715 3523 1782 Sptcilegium
3538 1715 3790 1769 Vatican-

2245 1810 2260 1839 υ
2287 1810 2335 1839 ιι.
2360 1810 2422 1829 vv
2443 1810 2522 1839 σιιο

2028 1962 2295 1984 ﬂ

585 2121 601 2136 .
680 2120 695 2135 .
774 2119 791 2135 .
866 2117 882 2135 .
959 2118 976 2134 .
1054 2117 1070 2135 .
1146 2119 1163 2135 .
1239 2117 1256 2135 .
1333 2118 1351 2135 .
1427 2117 1444 2134 .
1524 2117 1541 2134 .
1619 2093 1634 2134 ;
1731 2115 1747 2131 .
1848 2114 1863 2129 .
1961 2113 1978 2131 .
2082 2114 2097 2131 .
2128 2076 2317 2141 Auris
2341 2076 2660 2133 transeuntis
2681 2076 2855 2133 adhuc
2880 2091 2940 2132 eo
2966 2076 3177 2149 longius
3223 2079 3311 2136 Ad
3339 2080 3524 2152 ipsam
3551 2078 3791 2151 siquidem

509 2172 799 2229 Possident
846 2169 1016 2227 ﬂuere
1055 2179 1113 2227 et
1166 2186 1274 2227 non
1325 2178 1494 2227 stare.
1560 2167 1744 2225 Ludus
1788 2166 1987 2224 merito
2018 2167 2103 2226 di-
2206 2170 2427 2242 proprie
2451 2170 2759 2227 divinarum
2784 2184 2965 2226 rerum
3004 2173 3387 2245 πρωτοτύπων,
3426 2173 3486 2227 ιά
3530 2183 3634 2241 est,
3665 2173 3791 2244 priu-

508 2275 657 2322 ctum
716 2272 801 2321 est
835 2265 930 2320 Dei
970 2280 1004 2320 a
1044 2264 1324 2336 magistro,
1374 2262 1538 2319 veluti
1581 2277 1680 2333 per
1725 2262 1863 2317 haec
1921 2268 2106 2317 trans-
2140 2275 2160 2289 ί
2204 2264 2463 2336 cipalium
2512 2263 2887 2335 exemplorum
2929 2263 3216 2320 veritatem
3257 2266 3640 2335 praesentium
3678 2266 3789 2321 visi-

508 2358 755 2415 ducentis
780 2372 879 2414 nos
925 2357 980 2412 in
1012 2372 1098 2423 ea,
1139 2370 1280 2427 quae
1308 2369 1438 2411 vere
1468 2362 1614 2422 sunt,
1646 2360 1704 2409 et
1748 2351 1897 2409 nullo
1943 2352 2104 2409 modo
2200 2356 2500 2428 biliumque
2529 2371 2712 2414 rerum
2746 2364 3061 2426 comparata
3106 2355 3397 2427 dispositio
3426 2396 3444 2423 ,
3490 2372 3669 2428 neque
3692 2372 3789 2412 om-

506 2459 813 2507 moventur.

932 2536 1052 2594 Alia
1089 2538 1145 2592 in
1180 2538 1412 2611 idipsum
1447 2539 1653 2594 theoria

576 2669 635 2727 Si
680 2685 811 2727 vero
858 2677 915 2725 et
960 2656 1077 2727 nos“
1105 2670 1207 2741 ipsi
1266 2671 1563 2728 secundum
1616 2670 1986 2727 dominantem
2040 2672 2096 2727 in

499 2766 781 2837 praesenti
821 2773 1040 2821 nostrae
1068 2774 1296 2821 naturae
1341 2765 1782 2836 consequentiam
1826 2772 1939 2819 tum
1980 2763 2097 2835 qui-

501 2856 621 2912 dem
643 2854 798 2925 juxta
830 2855 1239 2913 similitudinem
1269 2863 1576 2912 ceterorum
1605 2855 1661 2911 in
1696 2864 1837 2912 terra
1884 2855 2095 2910 anima-

496 2948 628 3004 lium
658 2948 795 3015 nati,
823 2947 1019 3005 deinde
1039 2948 1193 3017 pueri
1217 2947 1370 3014 l‘acti,
1402 2947 1599 3004 deinde
1632 2946 1780 3003 ﬂoris
1814 2946 2047 3002 oximori
2074 2946 2091 2978 ι

496 3039 672 3096 instar
710 3038 995 3109 juventute
1030 3039 1085 3095 in
1113 3040 1394 3096 horrorem
1439 3040 1729 3095 vetustatis
1755 3037 2093 3095 advenientis

498 3132 723 3199 mortui,
776 3140 829 3187 et
857 3132 924 3187 ad
972 3132 1137 3188 aliam
1184 3131 1355 3187 vitam
1402 3131 1684 3197 translati,
1743 3130 1901 3186 ludus
1960 3131 2091 3185 dicti

493 3237 684 3280 sumus
724 3224 817 3279 Dei
852 3223 920 3279 ab
964 3225 1069 3281 isto
1114 3224 1320 3281 deifero
1365 3225 1648 3297 magistro.
1696 3223 1886 3295 Neque
1932 3234 2089 3279 extra

493 3319 957 3389 consequentiam.
992 3317 1075 3373 Ad
1101 3316 1339 3372 futuram
1371 3318 1638 3388 siquidem
1662 3317 1877 3372 divinae
1902 3331 2090 3372 verae-

493 3425 599 3481 que
623 3411 766 3465 vitae
790 3410 1142 3481 principalem
1173 3410 1404 3465 formam
1432 3426 1694 3482 praesens
1721 3412 1829 3464 vita
1868 3424 2087 3479 compa-

494 3509 615 3556 rata
638 3500 795 3555 ludus
827 3509 932 3566 est,
960 3510 1015 3555 et
1046 3516 1228 3567 omne,
1266 3501 1311 3556 si
1346 3502 1473 3570 quid
1504 3501 1645 3557 aliud
1675 3501 1742 3557 de
1771 3502 1873 3556 hoc
1902 3500 2084 3557 efﬁca-

494 3593 612 3650 cius
653 3594 1006 3649 constitutum
1054 3602 1156 3649 est.
1208 3592 1327 3663 Ipse
1368 3593 1635 3663 siquidem
1675 3594 1728 3648 in
1766 3592 2082 3664 epitaphio'

492 3685 549 3743 in
589 3684 904 3743 Caesarium
953 3687 1035 3742 sui
1073 3686 1095 3718 ³
1128 3685 1354 3741 fratrem
1402 3686 1639 3757 apertius
1687 3686 1963 3752 ostendit,
2004 3686 2083 3742 sic

494 3779 679 3836 dicens
714 3796 728 3832 :
760 3778 903 3834 Talis
934 3781 1039 3835 vita
1070 3790 1271 3846 nostra,
1301 3779 1514 3850 fratres,
1542 3780 1820 3835 viventium
1853 3781 1921 3834 ad
1956 3789 2086 3835 tem-

490 3888 608 3943 pus,
638 3871 810 3942 qualis
834 3872 886 3926 in
911 3881 1052 3928 terra
1078 3872 1256 3927 ludus.
1285 3872 1410 3927 Non
1443 3874 1717 3927 existentes
1740 3873 2009 3944 efﬁcimur,
2036 3881 2085 3925 et

488 3964 619 4035 [acti
660 3964 985 4032 resolvimur,
1025 3967 1289 4021 somnium
1326 3980 1510 4021 sumus
1558 3965 1834 4034 instabile,
1880 3965 2082 4020 volatus

2199 2450 2332 2507 nino
2398 2464 2519 2506 esse
2583 2446 2961 2504 aestimabitur
3024 2447 3151 2513 his,
3202 2447 3296 2518 qui
3341 2448 3493 2503 viam
3546 2463 3785 2519 carpere,

2198 2552 2462 2614 quantum
2493 2539 2749 2613 possibile
2786 2548 2874 2597 est
2896 2580 2912 2607 ,
2959 2539 3028 2596 ad
3057 2540 3277 2597 divinae
3308 2541 3675 2612 speciositatis
3700 2540 3788 2596 tor.

2197 2651 2344 2693 mam
2384 2636 2532 2707 digni
2556 2633 2685 2691 facti
2724 2641 2872 2701 sunt,
2899 2633 3041 2689 sicut
3084 2648 3265 2706 neque
3311 2632 3612 2690 ludibrium
3646 2649 3786 2689 rem

2196 2728 2431 2801 cuipiam
2459 2737 2517 2784 et
2539 2728 2796 2784 existenti
2836 2726 2917 2784 rei
2952 2737 3331 2798 comparatum
3368 2741 3499 2785 esse
3527 2727 3782 2785 universa-

2197 2822 2323 2879 liter
2351 2821 2652 2893 judicatur.

2619 2975 2739 3032 Alia
2765 2976 2819 3031 in
2842 2975 3071 3048 idipsum
3101 2976 3330 3032 theoria.

2266 3133 2536 3191 Fortassis
2563 3141 2744 3188 autem
2774 3140 2830 3188 et
2868 3131 3286 3188 transmutabile
3315 3132 3684 3189 materialium
3708 3148 3783 3188 re-

2191 3242 2335 3293 rum,
2361 3240 2496 3296 quas
2513 3224 2972 3287 commendamus,
2997 3224 3053 3279 in
3081 3222 3250 3279 aliam
3271 3224 3439 3280 aliter
3465 3223 3780 3281 transferen-

2190 3318 2328 3373 tium
2358 3327 2411 3373 et
2435 3317 2819 3373 trauslatarum
2847 3316 3235 3388 privationem,
3263 3332 3331 3373 ac
3355 3317 3573 3374 nullum
3599 3318 3779 3374 baben-

2192 3411 2326 3464 tium
2374 3408 2783 3464 fundamentum
2814 3417 3034 3480 praeter
3081 3408 3328 3480 primam
3372 3410 3669 3474 rationem,
3696 3424 3782 3480 per

2191 3517 2355 3573 quam
2384 3500 2652 3567 feruntur,
2702 3501 2981 3573 sapienter
3020 3501 3365 3573 provideque
3389 3512 3449 3559 et
3486 3503 3687 3566 ferunt,
3712 3513 3779 3565 et,

2193 3594 2319 3648 dum
2351 3593 2707 3648 aestimantur
2736 3608 2767 3647 a
2794 3592 2951 3648 nobis
3003 3592 3203 3658 teneri,
3244 3593 3570 3666 perfugiunt
3602 3594 3782 3664 magis,

2188 3701 2350 3757 quam
2382 3695 2655 3751 tenentur,
2681 3695 2737 3741 et
2763 3685 3088 3742 desiderium
3122 3697 3379 3743 nostrum
3415 3688 3472 3742 in
3499 3704 3562 3743 se
3586 3688 3783 3759 patiam

2188 3786 2279 3833 tur
2306 3779 2510 3844 teneri;
2553 3779 2728 3851 magis
2753 3794 2884 3835 vero
2912 3794 3010 3834 nos
3050 3779 3201 3851 ipsos
3224 3791 3422 3852 utpote
3464 3782 3708 3853 repulsos
3733 3789 3783 3834 et

2187 3879 2377 3928 tenere
2401 3881 2457 3928 et
2479 3872 2653 3928 teneri
2679 3887 2786 3928 non
2814 3872 3133 3927 valentium.
3179 3874 3562 3931 Ponderatam
3603 3874 3782 3946 quippe

2190 3978 2322 4019 suae
2347 3973 2576 4021 naturae
2604 3963 2976 4021 deﬁnitionem

1784 4140 2036 4196 VARIAE
2073 4140 2480 4199 LECTIONES.

559 4282 576 4313 ί
624 4278 801 4345 Corn,
854 4281 974 4337 cod.
1051 4282 1269 4337 ocimori
1337 4297 1387 4337 c.

1474 4281 1617 4336 lossa
1652 4281 1725 4333 ii.
1780 4279 2054 4348 mnigdali.
2122 4279 2526 4350 Amigdalarum
2581 4294 2713 4336 vero
2770 4280 2823 4335 in
2873 4277 3233 4335 vocabulario
3285 4293 3486 4336 vetere
3537 4281 3787 4336 theon

487 4351 869 4424 interpretatio
894 4364 977 4410 est
1014 4352 1361 4409 mandalnuz.
1401 4349 1484 4410 Cl‘.
1516 4350 1676 4408 Grall‘
1698 4351 1841 4408 Diut.
1878 4351 1922 4406 ll
1960 4365 2016 4422 p.
2049 4349 2141 4407 45.
2218 4349 2408 4408 ⁸Ὀοᾱ.
2438 4351 2764 4424 ephilaphio.
2840 4351 2862 4384 ³
2901 4350 3011 4409 Sic.
3042 4352 3210 4418 cod.;
3247 4351 3293 4408 f.
3321 4370 3485 4408 nam
3506 4355 3532 4408 .’
3608 4353 3631 4383 ⁸
3664 4352 3785 4409 Cod.

1428 4601 1532 4716 J
1538 4598 1921 4712 OAN
1925 4593 2227 4712 N18
2325 4595 2848 4716 ποτε

1865 4829 2390 4952 VERSIO

663 5082 1314 5215 OPERUM
1358 5073 1363 5078 ’
1413 5090 1541 5210 b.
1609 5077 2312 5210 DIONYSII
2410 5071 3600 5212 AREOPAGITAE.

487 4422 865 4493 digiuitionem.

486 5360 3585 5421 EditioColontensisa1556.r..,..................‘........
3703 5362 3747 5410 Δ

488 5423 728 5475 Editionis
758 5422 975 5482 eiusdem
1012 5424 1179 5473 variae
1226 5420 1488 5473 lectiones.
1559 5455 1573 5471 .
1643 5458 1657 5472 .
1725 5458 1740 5473 .
1808 5458 1821 5472 .
1892 5456 1906 5470 .
1974 5456 1987 5469 .
2054 5455 2067 5469 .
2136 5453 2149 5467 .
2219 5455 2233 5469 .
2302 5454 2318 5469 .
2385 5455 2399 5469 .
2465 5454 2480 5469 .
2547 5454 2560 5467 .
2627 5451 2726 5482 .___.
2795 5448 2814 5468 .
2879 5451 2892 5466 .
2961 5453 2978 5468 .
3044 5453 3060 5468 .
3128 5455 3145 5469 .
3217 5456 3238 5473 .
3309 5457 3327 5474 .
3395 5460 3415 5473 .
3477 5460 3495 5476 .
3556 5460 3577 5474 .
3700 5425 3766 5474 Δ·

486 5483 603 5556 god.
639 5496 729 5534 ms.
762 5476 1495 5556 iiatisli,_S."Emmeram:"137
1521 5484 1640 5533 bibl.
1692 5497 1785 5533 rev
1831 5482 2152 5524 “mammis-
2187 5484 2479 5530 membrana
2513 5493 2615 5532 sect
2650 5476 2733 5526 ΧῙ-
2800 5512 2818 5531 ο
2884 5511 2901 5524 -
2965 5513 2982 5529 ο
3049 5515 3069 5529 μ
3136 5518 3155 5532 -
3219 5520 3240 5537 .
3313 5518 3331 5536 .
3396 5520 3414 5537 .
3477 5520 3495 5538 .
3560 5524 3579 5540 .
3703 5486 3744 5556 ξ

488 5544 605 5618 god.
638 5558 728 5594 ms.
762 5547 846 5616 971
889 5545 987 5591 liih‘
1046 5546 1074 5558 "
