3956 5300
176 350 305 413 lose
944 346 1195 418 VERSIO
1233 356 1518 417 omum
1560 357 1617 413 s.
1661 355 1980 416 DlONYSlI.
2019 386 2088 397 —
2124 358 2557 415 TESTIMONIA.
3276 352 3414 408 l026

1461 542 2135 681 TESTIMQNIA.

1759 711 1775 723 ,.

311 868 524 946 Νἰοοιαί
546 888 609 944 Ρ.
695 868 764 945 ad
791 866 1038 947 Carolina
1068 886 1284 945 Calvum
1307 890 1487 946 literae
1508 872 1571 947 de
1590 891 1796 947 Joanne
1819 890 1974 946 Scolo
1998 887 2553 980 ‘OperumS.Dionysii
2574 877 2917 956 Areopagitae
2952 885 3231 958 interprete
3249 925 3268 953 ,

1542 999 1671 1037 ann.
1701 981 1799 1038 861
1827 980 1904 1036 vel
1928 980 2052 1037 862.

227 1128 441 1194 Νηιὼοὶ
461 1136 663 1194 Colleet.
683 1138 749 1194 ea:
770 1137 881 1192 bibl.
909 1137 1081 1194 Om.
1107 1141 1160 1204 [ἰ.
1188 1154 1233 1191 e.
1259 1139 1554 1203 Oxoniensi,
1592 1139 1672 1191 vel
1692 1138 2003 1202 Oxomensi],
2029 1134 2106 1188 ed.
2134 1135 2342 1187 Bulaeus
2365 1136 2821 1190 Historia-Univers.
2864 1137 3001 1189 Paris
3024 1138 3058 1185 t.
3084 1136 3124 1198 l,
3150 1150 3196 1198 p.
3241 1135 3351 1188 184.

372 1272 642 1348 Nicouus
671 1288 728 1346 S.
770 1289 828 1345 S.
874 1288 935 1343 D.
974 1288 1172 1344 dilecto
1203 1287 1311 1343 filio
1339 1285 1557 1341 CAROLO
1577 1283 1813 1357 glorioso
1835 1283 2170 1339 Francorum
2201 1283 2332 1354 regi.
2648 1361 2653 1366 .
2756 1359 2761 1364 Α

240 1380 382 1438 Sane
409 1381 699 1452 plurimum
725 1393 825 1435 nos
857 1378 1132 1443 laetiﬁcat,
1167 1377 1309 1449 quod
1348 1375 1399 1431 in
1442 1374 1668 1449 imperio
1699 1382 1753 1429 et
1783 1388 1950 1454 regno
1980 1382 2158 1428 vestro
2178 1414 2193 1440 ,
2224 1382 2279 1429 et
2308 1372 2615 1455 specialiter
2642 1372 2902 1437 Parisius,
2935 1373 3198 1429 bonarum
3224 1374 3423 1430 artium

169 1471 343 1529 studia
378 1468 853 1542 praedecessorum
878 1477 1180 1524 vestrorum
1208 1483 1337 1522 cura
1377 1464 1617 1521 stabilita
1650 1462 1990 1534 repullulent,
2026 1478 2251 1542 quarum
2286 1461 2581 1519 seminibus
2616 1458 2851 1519 Ecclesia
2897 1461 2991 1519 Dei
3025 1461 3335 1530 fructiﬁcat,
3372 1475 3430 1522 et

171 1562 337 1617 animi
365 1538 679 1633 vegetamur
704 1560 773 1616 ad
804 1560 945 1617 illius
976 1558 1361 1637 defensionem:
1380 1554 1487 1611 Sed
1521 1568 1693 1624 nuper
1714 1552 2009 1639 doluimus,
2040 1560 2099 1606 ut
2142 1538 2366 1607 relatum
2403 1560 2487 1607 cst
2520 1547 2837 1621 apostolatui
2886 1561 3091 1617 nostro,
3122 1554 3266 1623 quod
3291 1567 3429 1622 opus

169 1654 407 1725 Dionysii
436 1650 968 1724 Areopagitae,un
999 1650 1066 1706 de
1106 1648 1301 1705 divinis
1332 1647 1653 1723 Nominibus
1680 1652 1734 1701 et
1760 1644 2085 1700 caelestibus
2114 1642 2402 1699 Ordinibus
2422 1658 2614 1713 graeco
2641 1644 2925 1727 descripsit
2951 1644 3425 1716 eloquio,quidam

166 1745 252 1798 vir
271 1742 532 1807 Joannes,
550 1741 998 1813 nationeScotus,
1028 1752 1198 1808 nuper
1219 1735 1494 1792 transtulit
1519 1735 1571 1790 in
1594 1734 1879 1815 Latinum:
1908 1733 2052 1805 quod
2072 1732 2237 1815 juxta.
2253 1734 2457 1788 morem
2495 1730 2767 1789 Ecclesiae
2788 1733 2941 1789 nobis
2959 1734 3123 1799 mitti,
3150 1745 3208 1791 et
3242 1745 3427 1792 nostro

159 1833 368 1905 judicio
393 1832 583 1888 debuit
614 1812 936 1903 approbari;
966 1829 1286 1905 praesertim
1320 1842 1443 1884 cum
1486 1826 1630 1883 idem
1668 1812 1906 1881 Joannes
1937 1818 2139 1883 multae
2165 1812 2423 1881 scientiae
2459 1838 2580 1881 esse
2619 1826 2960 1895 praedicetur
2985 1826 3136 1891 olim,
3166 1827 3263 1883 sed
3319 1842 3426 1883 non

168 1938 299 1979 sane
332 1939 525 1994 sapere
546 1925 599 1979 in
628 1924 947 1994 quibusdam
974 1923 1244 1994 frequenti
1278 1936 1497 1977 rumore
1528 1910 1763 1976 dicatur.
1793 1918 1931 1975 Hinc
1956 1928 2061 1985 est,
2090 1907 2234 1990 quod
2259 1917 2534 1975 dilectidni
2562 1927 2774 1975 vestrae
2798 1911 3150 1975 Vehementer
3170 1930 3427 1991 rogantes

171 2016 510 2081 mandamus,
537 2026 803 2087 quatenus
841 2008 1158 2085 apostolatui
1201 2024 1388 2070 nostro
1412 2012 1749 2083 praedictum
1795 2006 2056 2067 Joannem
2095 2008 2488 2084 repraesentari
2531 2006 2760 2076 faciatis,
2804 2023 2896 2067 aut
2923 2022 3070 2069 certe
3094 2013 3335 2070 Parisius
3371 2014 3423 2069 in

81 2140 89 2147 -
170 2105 385 2173 Studio,
414 2106 570 2179 cujus
597 2107 792 2178 capital
825 2106 937 2177 jam
982 2107 1110 2161 olim
1158 2105 1325 2162 fuisse
1359 2104 1693 2175 perhibetur,
1735 2102 1938 2157 morari
1980 2118 2088 2158 non
2132 2102 2344 2170 sinatis,
2376 2106 2443 2157 ne
2486 2116 2607 2157 cum
2647 2103 2827 2158 tritico
2864 2105 3004 2160 Sacri
3036 2102 3235 2174 eloquii
3261 2118 3425 2176 grana

170 2197 414 2255 zizaniae
455 2208 512 2255 et
554 2196 665 2258 lolii
711 2197 940 2254 miscere
966 2184 1333 2265 dignoscatur,
1359 2203 1415 2250 et
1444 2206 1639 2264 panem
1670 2192 2058 2262 quaerentibus
2087 2206 2349 2249 venenum
2382 2191 2642 2264 porrigat.
2675 2180 2869 2250 Datum
2899 2211 2989 2251 an.
3014 2193 3099 2249 111.

759 2511 1009 2601 Ejusdem
1036 2528 1283 2598 epistolae
1303 2528 1654 2599 fragntentum
1678 2528 1743 2582 ea:
1768 2524 1984 2583 Decreto
2006 2525 2185 2582 lvonis
2225 2526 2564 2581 Carnotensis
2591 2528 2835 2597 episcopi.

1290 2686 1393 2737 lvo.
1418 2684 1611 2738 αιτιοι.
1638 2697 1720 2749 ep.
1746 2682 1951 2738 Deerat.
1976 2684 2032 2736 P.
2058 2697 2105 2737 tv
2140 2698 2187 2736 c.
2215 2684 2322 2737 104.

245 2817 499 2889 Relatum
532 2841 616 2889 est
654 2831 977 2903 apostolatui
1024 2842 1230 2898 nostro,
1263 2828 1407 2901 quod
1442 2844 1579 2899 opus
1606 2810 1766 2886 beati
1810 2828 2052 2901 Dienysii
2091 2827 2473 2899 Areopagitae,
2503 2826 2646 2897 quod
2675 2825 2742 2882 de
2772 2827 2970 2884 divinis
3000 2826 3318 2886 Nominibus
3347 2832 3430 2886 vel

170 2923 498 2979 caelestibus
526 2921 820 2979 Ordinibus
863 2936 1060 2993 graeco
1099 2921 1386 2991 descripsit
1414 2918 1648 2990 eloquio,
1693 2918 1913 2990 quidam
1962 2918 2047 2974 vir
2094 2917 2351 2985 Joannes,
2385 2932 2583 2989 genere
2635 2914 2851 2985 Scottis,
2894 2933 3068 2990 nuper
3097 2920 3150 2975 in
3178 2917 3429 2978 Latinum

168 3013 532 3069 transtulerit.
565 3012 718 3080 Quod
762 3014 917 3084 juxta
962 3016 1167 3070 morem
1216 3014 1371 3069 nobis
1408 3013 1569 3080 mitti,
1597 3020 1654 3069 et
1685 3022 1871 3069 nostro
1922 3011 2335 3084 debuimudicio
2390 3010 2698 3084 approbari,
2737 3012 3058 3082 praesertim
3112 3028 3233 3069 cum
3286 3014 3427 3071 idem

164 3098 428 3171 Joannes,
460 3104 589 3159 licet
625 3104 828 3161 multae
873 3105 1133 3164 scientiae
1166 3120 1285 3161 esse
1316 3105 1677 3175 praedicetur,
1715 3103 1846 3159 olim
1876 3118 1982 3160 non
2013 3118 2145 3160 sane
2192 3118 2386 3176 sapere
2423 3103 2478 3159 in
2532 3102 2858 3173 quibusdam
2902 3104 3171 3174 frequenti
3211 3120 3429 3161 rumore

165 3198 461 3252 diceretur.
502 3197 687 3267 itaque
707 3199 851 3268 quod
878 3200 1140 3255 hactenus
1163 3199 1423 3254 omissum
1466 3205 1573 3262 est,
1602 3206 1782 3253 vestra
1829 3196 2092 3252 industria
2124 3196 2387 3268 suppleat,
2418 3203 2474 3251 et
2497 3194 2654 3251 nobis
2681 3194 2983 3265 praefatum
3011 3209 3145 3267 Opus
3170 3196 3288 3252 sine
3317 3196 3427 3251 ulla

165 3285 521 3373 cunctatione
542 3286 742 3373 mittat,
768 3295 1057 3356 quatenus,
1088 3287 1217 3343 dum
1245 3302 1275 3342 a
1302 3286 1471 3343 nostri
1490 3287 1824 3357 apostolatus
1847 3285 2054 3355 judicio
2083 3285 2247 3343 fuerit
2270 3287 2643 3358 approbatum,
2670 3290 2740 3346 ab
2775 3290 3026 3348 omnibus
3051 3291 3431 3349 incunctanter

167 3383 361 3431 nostra
387 3379 710 3435 auctoritate
738 3376 1014 3449 acceptius
1046 3377 1333 3433 habeatur.

319 3682 588 3748 Anastasii
619 3692 681 3748 S.
704 3673 973 3750 Romanae
1011 3689 1267 3747 Ecclesiae
1312 3674 1688 3746 aibliothecan‘i
1717 3689 1786 3743 ad
1816 3677 2067 3746 Car’olunt
2094 3676 2311 3747 Calvum
2336 3693 2518 3751 literae
2540 3695 2604 3749 de
2623 3683 2829 3751 Joanne
2856 3652 3034 3759 Scoto,
3063 3694 3287 3767 Operam

1290 3783 1347 3840 S.
1379 3782 1618 3855 Dionysii
1641 3784 1995 3856 AreOpagitae
2016 3787 2313 3856 interprete.

162 3942 907 3999 l'lditiolBasileensisa.1505.
978 3981 992 3996 .
1062 3982 1076 3997 .
1144 3980 1157 3994 .
1224 3979 1238 3993 .
1307 3981 1318 3994 .
1389 3978 1402 3989 .
1452 3978 1482 3999 Α.
1553 3975 1568 3991 .
1637 3975 1652 3990 .
1720 3973 1724 3986 ς

1882 3960 1899 3993 δ
1966 3974 1981 3991 ο
2052 3976 2066 3991 ο
2130 3977 2142 3990 ι
2211 3977 2227 3991 ο
2293 3976 2307 3991 ο
2375 3976 2386 3989 ο
2452 3957 2468 3993 ἱ
2535 3976 2552 3993 ο
2618 3979 2631 3991 ι
2700 3976 2715 3992 ο
2782 3976 2797 3991 ο
2865 3977 2877 3989 ι
2949 3979 2959 3989 ι
3029 3973 3040 3986 υ
3110 3973 3125 3987 ο
3193 3976 3206 3989 ο
3277 3974 3289 3987 ι
3388 3939 3427 3989 Ρ

160 4004 338 4072 Editio
362 4003 544 4072 Usserii
566 4011 611 4054 tn
632 3997 957 4072 Epistolarum
976 4004 1351 4072 Hibernicarugm
1372 3997 1647 4072 sylloge,.p.
1670 4000 1722 4051 45

160 4062 293 4115 Cod.
319 4060 697 4117 memoremus".
724 4067 859 4119 illut.
884 4074 1109 4131 Lxxxtx.,
1134 4081 1243 4131 sup.
1267 4060 1343 4128 15,
1366 4060 1783 4125 membrsii.,sec.
1809 4078 1857 4113 xi
1882 4063 1959 4115 ‘vel
1985 4063 2065 4115 'xu.
2128 4100 2141 4114 .
2207 4100 2222 4115 .
2293 4097 2307 4113 .
2376 4100 2388 4113 .
2456 4078 2471 4112 ε
2538 4098 2551 4110 .
2621 4100 2633 4111 .
2704 4099 2716 4112 .
2784 4100 2797 4113 .
2862 4100 2876 4114 .
2943 4093 2959 4112 .
3027 4094 3039 4112 .
3112 4095 3124 4111 .
3194 4093 3208 4109 .
3275 4096 3288 4109 .
3400 4060 3429 4110 J

194 4248 201 4259 .
266 4192 391 4265 nter
417 4218 599 4265 cetera
643 4210 842 4276 studia,
880 4226 1019 4283 quae
1055 4220 1164 4267 tam
1213 4209 1499 4288 laudabilis
1531 4210 1697 4277 actio,
1733 4224 1897 4280 quam
1928 4208 2287 4265 Saluberrima
2324 4204 2697 4283 commonitio,
2736 4208 2869 4278 quin
2906 4204 3071 4263 etiam
3101 4210 3117 4240 ¹
3158 4207 3429 4264 odorifera

153 4286 369 4360 volans
388 4304 571 4374 opinio
595 4304 662 4360 de
691 4304 950 4360 virtutum
974 4316 1039 4356 ac
1070 4316 1291 4375 imorum
1317 4286 1578 4377 quailtate
1604 4300 1657 4373 gn;
1684 4309 1924 4366 tuorum,
1949 4315 1983 4355 ο
2028 4298 2272 4375 Dictator
2296 4299 2511 4371 inclyte,
2549 4288 2857 4355 mortalium
2887 4306 3099 4355 mentes
3127 4298 3348 4366 excitat,
3376 4312 3433 4356 et

158 4394 244 4449 ad
276 4392 634 4450 efl‘odiendam
663 4394 983 4465 sapientiam
1010 4394 1030 4426 ³
1061 4390 1310 4449 hortatur
1344 4390 1490 4447 Velut
1529 4391 1815 4447 thesauros
1841 4382 1883 4456 ‘,
1913 4388 2043 4444 illud
2089 4404 2304 4459 quoque
2344 4404 2449 4445 non
2496 4388 2844 4444 mediocriter
2885 4380 2907 4420 ⁸
2940 4397 3024 4444 est
3068 4389 3433 4446 admiratione

154 4486 526 4554 stupendum,
556 4486 701 4556 quod
746 4501 851 4541 non
885 4489 1057 4542 solum
1105 4485 1304 4541 latinos
1342 4483 1553 4550 Patres,
1582 4484 1675 4539 sed
1702 4492 1758 4539 et
1791 4497 2017 4555 graecos
2051 4481 2236 4537 rimari
2268 4496 2374 4536 non
2403 4495 2603 4546 cessas,
2627 4488 2683 4535 et
2709 4493 2931 4535 romana
2961 4473 3140 4552 lingua
3170 4480 3433 4551 pollentes

153 4570 523 4643 pelasgarum
552 4572 573 4604 ‘
601 4572 735 4630 facis
763 4580 944 4632 rerum
975 4592 1080 4631 non
1103 4564 1124 4608 θ
1147 4583 1416 4646 expertes.
1442 4558 1524 4630 'l‘u
1569 4564 1768 4646 quippe
1806 4575 1960 4639 facis,
1992 4574 2084 4643 qui
2110 4574 2177 4630 ad
2219 4567 2521 4629 iaciendum
2568 4570 2800 4629 suscitas
2829 4584 2885 4630 et
2928 4576 3183 4643 hortaris,
3216 4576 3343 4647 quia
3378 4587 3436 4634 et

156 4677 279 4717 nos
320 4678 484 4734 saepe
526 4678 776 4734 magnam
808 4666 1025 4720 domum
1066 4662 1259 4720 fecisse
1292 4664 1543 4730 dicimur,
1574 4678 1682 4719 non
1732 4672 1908 4719 tamen
1938 4660 2207 4729 manibus,
2230 4663 2323 4718 sed
2364 4660 2630 4717 all’atibus.
2665 4659 2860 4718 Beatus
2893 4664 3071 4734 itaque
3110 4667 3433 4738 Areopagita

154 4753 487 4825 Dionysius,
516 4754 860 4811 Atheniensis
896 4755 1154 4821 antistes,
1175 4770 1333 4825 quem
1378 4755 1518 4810 inter
1542 4762 1724 4809 cetera
1754 4756 1969 4809 constat
2017 4750 2279 4808 industria
2324 4759 2435 4818 tua,
2481 4754 2943 4823 praestantissime
2968 4760 3270 4830 principum
3301 4762 3346 4825 ⁸,
3378 4762 3433 4813 in

157 4858 462 4899 romanum
491 4859 797 4900 sermonem
820 4841 1155 4905 translatum,
1192 4848 1397 4895 tantum
1436 4850 1541 4907 εει,
1570 4848 1630 4894 ut
1662 4839 1775 4909 ipse
1807 4838 2079 4910 patentius
2108 4842 2128 4873 '
2155 4840 2318 4903 nosti,
2353 4844 2421 4896 ad
2466 4841 2863 4914 intelligendum
2893 4847 3152 4915 difﬁcilis,
3172 4857 3435 4918 quantum

155 4950 433 4992 sermone
461 4936 504 4968 ‘°
531 4935 775 4991 sublimis
804 4955 816 4989 :
845 4936 955 4991 imo
990 4942 1192 5004 quanto
1205 4932 1447 4989 difficilia
1485 4938 1611 4988 sunt
1650 4930 1948 4996 intellectu,
1976 4938 2031 4986 et
2068 4928 2175 4984 alta
2200 4932 2497 5000 mysteriis,
2526 4946 2665 5002 quae
2704 4932 2817 5003 ipse
2842 4944 3211 5007 perscrutatus
3244 4937 3311 5000 ιι,
3337 4951 3437 4989 ευ-

155 5043 344 5101 perna
372 5028 651 5085 revelante
674 5028 845 5100 gratia
870 5025 1075 5091 didicit,
1103 5034 1159 5081 et
1193 5040 1390 5080 arcana
1427 5021 1743 5093 theologiae,
1772 5022 1954 5080 divina
1983 5037 2043 5077 se
2069 5022 2305 5078 ducente
2336 5040 2520 5090 manu,
2547 5023 2818 5092 ingressus
2844 5026 2897 5081 in
2926 5024 3295 5081 sanctuarium
3322 5023 3436 5078 Dei

152 5118 360 5175 ablato
390 5118 655 5175 velamine
680 5116 999 5189 penetravit.

248 5211 553 5268 Mirandum
598 5209 760 5279 igitur
803 5210 845 5241 η
888 5216 989 5272 est,
1019 5207 1145 5280 quia
1178 5205 1347 5276 pietas
1375 5215 1465 5265 tua
1506 5216 1607 5264 nec
1634 5203 1760 5259 talia
1797 5206 2099 5267 indiscussa
2131 5202 2400 5279 reliquit,
2423 5207 2537 5273 sed,
2560 5205 2648 5262 hic
2681 5204 2807 5260 licet
2834 5207 2887 5261 in
2920 5214 3062 5260 terra
3106 5202 3442 5268 ambulat".
