4008 6286
359 5002 368 5008 ’
439 4998 656 5037 numero
681 4999 800 5047 vos;
834 4981 1022 5036 Usser.
1047 4996 1260 5032 numero
1289 4995 1397 5032 vos.

436 5054 459 5084 ’
480 5051 521 5106 F
559 5052 734 5122 glossa
761 5053 800 5104 i.
825 5067 874 5122 ς.
908 5050 1189 5122 undarum.
1268 5047 1429 5122 ‘°_Sic
1461 5047 1545 5122 EF
1573 5057 1627 5102 et
1653 5047 1837 5122 Usser.
1859 5063 1873 5112 ;
1899 5058 2096 5122 vestrae
2115 5047 2225 5102 om.

437 5116 588 5188 novi?
606 5120 866 5175 modernis
911 5119 1258 5181 editionibus,
1288 5118 1329 5171 F
1348 5126 1421 5188 et
1461 5116 1645 5188 Usser.
1677 5118 1818 5188 novis
1850 5117 2208 5188 modernt'sque
2241 5117 2591 5188 editionibus.

437 5187 690 5260 BCDI-Vlrc.
715 5190 892 5260 glossa
915 5191 954 5242 ἱ.
981 5206 1028 5260 e.
1065 5185 1433 5260 graecosgiFG
1456 5185 1653 5260 euinci
1675 5187 1940 5260 c._glossa_
1969 5187 2008 5240 ἱ.
2054 5203 2100 5241 e.

474 334 605 393 εδει

1219 485 1278 495 υσ-

1836 318 2116 394 JOANNIS
2167 335 2361 395 scort

2076 461 2126 519 Α
2154 449 2560 512 anfractuosum
2613 444 2696 524 ’⁸,
2757 460 3017 532 longeque
3077 475 3109 516 a
3156 454 3432 520 modernis
3481 462 3742 524 sensibus

3596 348 3741 406 105‘!

474 561 948 625 Gloriosissimo
1021 562 1475 642 catholicorum
1548 580 1761 642 regum
1796 561 2035 642 Caroic

2157 556 2444 612 remotum,
2470 549 2652 605 multis
2677 551 2906 617 invium,
2933 552 3119 622 paucis
3141 542 3184 585 ¹⁶
3211 545 3483 624 apertum,
3516 571 3623 614 non
3641 575 3740 618 so-

546 643 829 720 lemnes
861 649 1171 704 extremus
1221 641 1476 720 sophiae
1529 635 1912 702 stridentium
1946 660 2035 702 sa-

2157 635 2265 690 lum
2289 637 2515 708 propter
2560 641 2960 712 antiquitatem,
2986 657 3175 698 verum
3206 645 3388 700 “etiam
3419 647 3740 705 caelestium

549 719 756 782 intem.

538 835 704 893 Valde
742 837 956 907 Quidem
979 836 1292 892 admiranda
1319 837 1601 908 dignisque
1623 837 1884 892 virtutum
1928 836 2051 890 lau-

467 928 626 984 dibus
656 937 739 982 est
764 927 1140 998 exaggeranda
1194 927 1586 983 catholicorum
1625 927 1868 982 virorum
1921 927 2050 982 reli-

466 1018 771 1088 giosissima
807 1018 1131 1083 sollicitudo,
1165 1018 1284 1089 qui,
1313 1019 1440 1074 dum
1490 1019 1634 1074 vitae
1661 1020 1932 1075 humanae
1957 1035 2051 1090 pe-
2087 1021 2090 1024 ’

467 1111 716 1166 ricuiosis
755 1111 1015 1181 exagitari
1045 1111 1295 1165 videntur
1343 1111 1358 1140 ¹
1391 1110 1682 1174 aerumnis,
1721 1111 1826 1164 lixa
1865 1119 2046 1164 tamen

466 1204 666 1257 mentis
695 1203 1014 1267 intentione,
1041 1203 1346 1257 divinarum
1378 1216 1559 1256 rerum
1587 1202 1872 1257 laboriosis
1898 1202 2046 1257 inve-

464 1274 846 1362 stigationihus
897 1291 1110 1361 purgati
1140 1292 1183 1355 ⁸,
1211 1289 1502 1345 fructuosis
1548 1291 1948 1346 inventionibus
1984 1289 2047 1344 iis

463 1382 733 1447 luminati,
756 1381 1031 1451 perpetuis
1052 1379 1587 1450 immutabilibusque
1610 1382 1859 1436 veritatis
1881 1391 2044 1450 atque

461 1473 629 1528 divini
660 1482 683 1514 ³
711 1472 914 1527 amoris
967 1470 1516 1540 contemplatipnibus
1546 1469 1791 1540 perfecti,
1824 1485 1928 1524 non
1963 1469 2044 1522 in-

465 1575 546 1621 ter
575 1563 830 1619 mortales
859 1563 1125 1629 habitare,
1149 1563 1244 1619 sed
1271 1563 1323 1618 in
1358 1562 1643 1620 caelestem
1671 1563 2042 1619 conversatio-

461 1671 585 1712 nem
607 1663 845 1710 mutatos
872 1654 894 1685 ’⁵
923 1655 1142 1725 penitus
1165 1669 1286 1710 esse
1328 1653 1603 1724 iudicandi
1631 1663 1774 1710 sunt.
1803 1654 1858 1709 ln
1899 1669 2036 1725 quo-

459 1762 580 1801 rum
627 1759 724 1800 vos
782 1760 1008 1801 numero
1061 1744 1083 1776 ⁸
1129 1759 1250 1800 esse
1295 1745 1618 1800 constitutos
1673 1745 1852 1800 nullus
1892 1752 2037 1800 recte

2156 726 2490 784 altitudinem
2517 732 2927 802 mysteriorum.
2965 731 3424 805 Fertur'namque
3447 736 3743 808 praefatus

2155 821 2442 893 Dionysius
2472 823 2636 880 fuisse
2664 827 2958 896 diScipulus
2987 838 3150 899 atque
3178 829 3395 899 adiutor
3420 832 3578 889 Pauli
3607 850 3742 907 apo-

2152 913 2299 978 stoli,
2331 930 2361 968 a
2391 931 2498 984 quo
2534 916 2945 973 Atheniensium
2967 920 3290 977 conStitutus
3311 932 3397 978 est
3425 925 3739 996 episcopus,

2151 1004 2306 1074 cujus
2329 1005 2504 1064 Lucas
2529 1009 2576 1040 ²⁰
2598 1021 2992 1067 commemorat
3014 1012 3068 1067 in
3094 1013 3739 1088 A'ctibus‘apostolorum,

2149 1101 2202 1148 et
2256 1093 2562 1166 Dionysius,
2613 1098 2898 1168 episcopus
2951 1097 3217 1163 Corinthi,
3270 1104 3357 1158 vir
3429 1107 3739 1176 antiquus,

2149 1181 2336 1238 beatus
2357 1199 2570 1255 quoque
2598 1186 2930 1258 Polycarpus
2982 1189 3036 1244 in
3066 1191 3294 1260 epistola
3332 1194 3399 1248 ad
3445 1196 3740 1251 ecclesiam

2147 1269 2510 1339 Athenarum,
2540 1275 2802 1331 Eusebius
2831 1279 2956 1332 item
2980 1276 3243 1349 Pamphili
3269 1282 3324 1336 in
3357 1283 3739 1339 ecclesiastica

2147 1361 2397 1426 historia,
2421 1379 2521 1418 nec
2539 1380 2645 1420 non
2676 1367 2838 1422 etiam
2867 1368 2910 1400 ¹¹
2935 1377 3157 1424 sanctus
3183 1369 3326 1441 Papa
3353 1371 3653 1444 Gregorius
3682 1375 3739 1428 in

2149 1448 2379 1538 home'lia
2406 1466 2527 1516 sua,
2556 1452 2929 1538 ubi‘brcviter
2957 1457 3270 1528 angelorum
3303 1459 3524 1517 ordines
3563 1477 3736 1532 expo-

2143 1544 2270 1598 suit.
2331 1532 2484 1626 liunc
2537 1532 2768 1604 eundem
2817 1552 3035 1620 quoque
3073 1550 3179 1608 nun
3210 1535 3442 1625 praefati
3471 1536 3606 1622 ~viri,
3637 1538 3739 1612 Sed

2143 1632 2233 1687 alii
2291 1633 2536 1717 moderni
2587 1639 2846 1716 temporis
2889 1629 2948 1679 ’δ’
2981 1633 3268 1717 asserunt,
3309 1641 3577 1714 quantum
3623 1648 3737 1702 vita

2138 1719 2261 1792 ejus
2301 1738 2331 1776 a
2384 1713 2631 1781 fidelibus
2671 1713 2804 1783 viris
2862 1713 3058 1786 tradita
3102 1713 3354 1799 testatur,
3384 1717 3737 1808 temporibus

455 1845 668 1909 vestros
718 1833 945 1890 allectus
992 1835 1326 1918 intuentium
1365 1835 1612 1889 dubitare
1668 1834 2034 1904 permittitur,

2137 1811 2316 1918 Eapae
2337 1811 2648 1881 Clementis,
2674 1813 3009 1876 sué'cesSoris
3022 1819 3280 1878 videlicet
3300 1795 3445 1886 Petri
3468 1795 3734 1897 apostoli,

455 1925 700 1996 piissime
752 1924 1250 1994 gloriosissimeque
1301 1919 1542 1994 Regum,
1595 1922 2036 1994 quandoquidem

458 2015 701 2071 civilium
724 2014 950 2084 plusque
991 2029 1152 2084 quam
1182 2017 1203 2048 ⁸
1232 2013 1469 2068 civilium
1499 2012 1758 2068 bellorum
1786 2012 2037 2067 maximis

454 2103 792 2174 assiduisque
804 2101 1315 2173 perturbationibus,
1331 2102 1584 2172 insuper'
1607 2103 1770 2156 etiam
1805 2116 2037 2172 pagana-

453 2210 574 2250 rmn
598 2195 620 2224 ⁸
649 2193 892 2266 gentium
921 2193 1228 2248 barbaricis
1259 2192 1590 2257 incursibus,
1615 2185 2033 2245 christianorum

450 2299 677 2355 regnum
743 2283 943 2354 passim
997 2283 1374 2337 invadentibus
1427 2281 1567 2336 allisi
1600 2322 1615 2346 ,
1684 2298 1790 2336 non
1851 2291 2032 2335 tamen

450 2373 652 2443 regalis
712 2372 884 2427 animi
940 2370 1237 2426 stabilitate
1279 2370 1510 2440 dejecti,
1562 2359 1716 2439 qdasi
1760 2369 2030 2440 quoddam

452 2461 728 2519 immobile
753 2461 1218 2532 saxum,Neptuni
1234 2461 1404 2517 limite
1430 2461 1750 2517 naturaliter
1770 2461 2028 2528 deﬁxum,

449 2552 816 2623 crispissimos
871 2551 1337 2621 validissimosque
1387 2551 1691 2606 cerularum
1721 2554 1743 2584 ’
1771 2551 2032 2606 tumultus

447 2643 628 2698 stabili
667 2643 910 2712 duraque
961 2640 1140 2697 fronte
1194 2640 1501 2712 repellens,
1559 2650 1672 2697 toto
1715 2651 1934 2698 vestrae
1986 2639 2029 2673 ³⁸

447 2733 648 2789 mentis
678 2733 897 2798 intuitu,
931 2740 1149 2802 totaque
1200 2732 1380 2787 cordis
1401 2732 1686 2786 devotione
1717 2739 2026 2786 sanctarum

448 2825 856 2896 Scripturarum
930 2833 1164 2888 secreta,
1237 2824 1472 2878 ducente
1527 2825 1635 2878 Deo
1686 2832 1742 2879 et
1799 2824 2028 2880 rationis

440 2902 670 2981 lumine,
705 2913 1076 2982 investigatis,
1126 2913 1622 2984 investigantesque
1668 2912 1916 2984 diligitis,
1971 2921 2028 2969 et

446 3020 554 3062 non
584 3004 756 3062 solum
786 3003 983 3059 latialis
1012 3007 1052 3038 ἰ
1081 3005 1280 3076 eloquii
1328 3005 1592 3062 maximos
1618 3007 2025 3063 sanctissimos-

437 3115 552 3171 'que
594 3106 845 3154 auctores
873 3098 1210 3168 perquiritis,
1243 3113 1431 3154 verum
1479 3099 1645 3169 etiam
1677 3100 1731 3154 in
1766 3114 2021 3176 augmen-
2052 3137 2100 3202 ο

439 3198 558 3244 tum
579 3187 970 3244 aedificationis
987 3188 1286 3243 catholicae
1309 3187 1431 3243 fidei
1454 3187 1609 3244 novis
1636 3187 1678 3218 ¹¹
1701 3188 2025 3243 editionibus

438 3280 498 3334 in
541 3279 756 3334 laudem
812 3278 1097 3332 christiani
1143 3277 1411 3348 dogmatis
1470 3280 1698 3340 suam
1742 3278 1786 3316 ι’
1835 3279 2024 3335 Patres

439 3369 782 3425 addidicistis
812 3368 856 3398 "
881 3368 1184 3423 consulere.
1210 3367 1348 3423 Hinc
1371 3375 1476 3434 est,
1503 3369 1648 3439 quod
1679 3376 1733 3423 et
1769 3368 2024 3439 ingenioli

438 3459 616 3515 nostri
642 3459 964 3528 parvitatem
992 3474 1097 3513 non
1130 3459 1405 3529 dedignati
1432 3459 1564 3514 estis
1604 3459 1900 3528 impellere,
1925 3474 2025 3514 nec

407 3570 410 3574 ·
436 3566 542 3606 nos
567 3550 713 3606 velut
733 3549 936 3604 otiosos
967 3549 1300 3621 inertiaeque
1325 3565 1515 3606 somno
1552 3551 1758 3622 supitos
1779 3552 2022 3622 perpessi

435 3644 574 3698 'estis
589 3642 854 3708 dormire,
883 3658 971 3708 ne,
993 3642 1118 3697 dum
1143 3643 1407 3714 hesperiis
1434 3634 1478 3675 δ’
1494 3642 1830 3698 solummodo
1857 3644 2026 3714 apici-

436 3726 605 3789 bus"
632 3733 868 3789 studium
893 3733 1268 3802 impendimus,
1312 3733 1380 3786 ad
1422 3731 1739 3802 purissimos
1766 3733 2026 3802 copiosis-

437 3824 715 3894 simosque
733 3820 952 3877 Graium
977 3821 1164 3876 latiées
1189 3825 1489 3884 recurrere,
1515 3821 1874 3893 haustumque
1899 3825 2024 3879 inde

439 3921 655 3968 sumere
676 3928 781 3967 non
802 3911 1124 3966 valeremus.
1148 3907 1680 3982 Jussionihusi’taque
1703 3913 1899 3968 vestris
1925 3929 2021 3968 nc-

438 4009 548 4072 que
560 4003 800 4059 volentes
817 4017 989 4072 neque
1000 4001 1242 4058 valentes
1255 4002 1543 4069 obsistere,
1562 4004 1722 4058 rudes
1733 4002 2020 4058 admodum

441 4095 647 4152 tirones
661 4095 834 4150 adhuc
847 4080 1230 4150 helladico'rum
1243 4094 1542 4150 Studiorum
1577 4092 1622 4129 "
1639 4134 1654 4161 ,
1685 4091 1936 4150 fatemur.
1952 4124 2022 4134 —

440 4186 570 4256 quid
593 4201 734 4241 enim
760 4186 958 4255 pudeat
983 4194 1080 4238 nos
1104 4183 1264 4238 fateri
1286 4191 1502 4239 vestrae
1545 4184 2023 4241 sereniludini‘i—t-

439 4274 580 4330 ultra
597 4273 742 4328 vires
763 4282 995 4335 nostras,
1029 4273 1144 4342 ipso
1172 4280 1352 4328 tamen
1371 4272 1528 4337 duce,
1551 4272 1643 4342 qui
1664 4283 1748 4328 est
1767 4273 1856 4328 lux
1872 4287 2020 4330 men-

439 4366 573 4441 tium
588 4373 641 4420 et
661 4364 927 4419 illuminat
941 4363 1253 4418 abscondita
1277 4365 1645 4431 tenebrarum,
1671 4360 1838 4422 libros
1862 4377 2019 4436 quau

2137 1899 2364 1958 Romam
2421 1907 2658 1973 venisse,
2716 1916 2771 1963 et
2825 1911 2895 1967 ab
2947 1927 3016 1967 eo
3059 1914 3407 1982 praedicandi
3453 1917 3734 1989 Evangelii

2137 1995 2308 2064 gratia
2341 1995 2384 2026 ³⁸
2410 1996 2462 2050 in
2506 2008 2688 2066 partes
2709 1998 3005 2056 Galliarum
3037 2000 3302 2059 directum
3320 2006 3519 2074 fuisse,
3541 2019 3605 2064 et
3629 2008 3732 2066 Pa-

2139 2087 2251 2140 risii
2267 2087 2572 2160 "uiartyrii
2591 2092 2637 2122 ³⁸
2653 2091 2821 2160 gloria
2843 2101 3162 2149 comitatum
3175 2095 3349 2153 fuisse
3377 2113 3504 2154 cum
3530 2101 3732 2156 beatis-

2129 2179 2420 2234 ‘simis‘suis
2441 2183 2806 2248 consortibus,
2829 2185 3052 2242 Rustico
3081 2187 3290 2244 scilicet
3309 2199 3473 2260 atque
3499 2192 3549 2224 "
3571 2193 3732 2248 Elat-

2141 2268 2335 2323 therio.
2363 2269 2506 2327 Haec
2537 2272 2701 2342 igitur
2729 2286 2912 2330 nostra
2935 2279 3332 2350 qualiscunque
3363 2284 3435 2336 sit
3477 2285 3524 2322 ²⁷
3554 2293 3732 2340 trans-

2135 2351 2266 2412 latio
2294 2372 2401 2446 non
2433 2363 2650 2432 quidem
2693 2363 2937 2435 proliXae
2962 2367 3188 2440 indiget,
3220 2369 3281 2425 ut
3309 2369 3571 2440 arbitrer,
3598 2376 3731 2446 apo-

2134 2451 2309 2523 logiae
2333 2456 2423 2520 ’7‘,
2452 2471 2573 2510 cum
2603 2459 2853 2516 omnibus
2880 2461 2997 2531 ejus
3038 2462 3290 2528 aemulis,
3320 2465 3638 2537 quicunque
3674 2479 3728 2523 et

2131 2543 2534 2616 qualescunque
2564 2549 2698 2614 sint,
2730 2548 2984 2606 facillima
3014 2568 3121 2608 una
3159 2557 3518 2624 responsione
3545 2559 3727 2628 possi-

2130 2646 2252 2687 mus
2281 2633 2326 2666 ¹⁸
2347 2648 2660 2703 occurrere,
2685 2647 2901 2694 vestrae
2925 2641 3176 2699 videlicet
3193 2643 3518 2700 ‘celsit'udini
3547 2649 3726 2716 nerine

2131 2725 2370 2793 potuisse
2389 2741 2568 2797 neque
2601 2728 2854 2785 debuisse
2883 2745 2989 2786 non
3020 2733 3260 2798 obedire.
3291 2731 3349 2790 Si
3385 2731 3510 2805 quis
3540 2739 3722 2791 autem

2132 2813 2294 2868 nimis
2321 2815 2509 2871 tardae
2529 2824 2623 2870 aut
2661 2818 2823 2873 nimis
2853 2819 3140 2877 inusitatae
3174 2823 3515 2895 redarguerit
3537 2825 3722 2881 elocue

2131 2905 2315 2972 tionis,
2337 2908 2603 2974 attendat,
2630 2923 2736 2963 non
2759 2925 2846 2990 me
2874 2910 2920 2944 ²⁹
2943 2906 3172 2978 tantum,
3199 2913 3293 2969 sed
3314 2923 3371 2969 et
3390 2929 3448 2970 se
3474 2907 3523 2948 “
3543 2901 3720 2987 ipsum

2128 2995 2264 3050 nihil
2290 2996 2330 3027 ⁸¹
2364 3011 2522 3066 posse
2564 2998 2684 3069 plus
2709 2997 2975 3076 accipere,
3027 3005 3188 3073 quam
3219 3003 3363 3074 quod
3400 3006 3517 3076 ipse
3536 3008 3720 3063 distri-

2129 3085 2266 3152 buit,
2307 3087 2398 3156 qui
2433 3087 2623 3144 dividit
2659 3075 2888 3163 singulis
2925 3095 3169 3162 propria,
3222 3103 3386 3166 prout
3420 3075 3566 3153 i‘vult.
3619 3099 3716 3155 Sin

2129 3191 2257 3232 vero
2281 3178 2572 3234 obscuram
2620 3181 2907 3252 minusque
2935 3193 3179 3254 apertam
3209 3187 3524 3256 praedictae
3551 3189 3720 3244 inter-

2127 3271 2447 3342 pretationis
2483 3273 2682 3328 seriem
2711 3273 3054 3344 iudicaverit,
3103 3277 3302 3343 videat,
3334 3295 3421 3334 me
3448 3281 3718 3352 interpre-

2128 3371 2234 3417 tem
2279 3363 2439 3433 hujus
2479 3366 2663 3436 operis
2706 3365 2752 3403 ³³
2779 3382 2901 3423 esse
2929 3373 2995 3434 ⁸³,
3042 3383 3148 3424 non
3183 3371 3572 3438 expositorem.
3617 3373 3716 3430 Ubi

2125 3452 2282 3508 valde
2301 3455 2625 3524 pertimesco
2644 3496 2659 3521 ,
2690 3469 2758 3510 ne
2786 3455 2924 3512 forte
2951 3457 3162 3529 culpam
3195 3459 3342 3515 infidi
3376 3460 3422 3493 ἰ
3447 3463 3717 3534 interpre-

2128 3544 2195 3598 tis
2221 3543 2513 3599 incurram.
2543 3546 2613 3598 At
2641 3546 2685 3600 si
2730 3555 2822 3600 aut
2846 3555 2890 3587 ³⁸
2918 3547 3181 3619 superflua
3220 3552 3489 3618 quaedam
3528 3568 3719 3622 super-

2124 3634 2335 3706 adjecta
2357 3649 2499 3702 esse,
2527 3645 2622 3690 aut
2659 3637 2724 3693 de
2748 3637 3058 3707 integritate
3087 3655 3317 3711 graecae
3349 3646 3716 3699 constructio-

2124 3727 2210 3783 nis
2247 3728 2516 3798 quaedam
2562 3729 2751 3786 deesse
2789 3730 3087 3788 arbitratus
3131 3731 3316 3797 fuerit,
3369 3745 3622 3789 recurrat
3651 3736 3720 3790 ad

2123 3812 2363 3875 codicem
2393 3833 2668 3891 graecum,
2695 3820 2840 3877 unde
2879 3836 2981 3893 ego
3029 3820 3422 3894 iuta-pretatus
3449 3841 3610 3892 sum;
3642 3827 3714 3882 ibi

2123 3909 2372 3968 fortassis
2416 3911 2675 3978 inveniet,
2725 3911 2872 3969 itane
2905 3923 2994 3969 est
3019 3912 3068 3946 ⁸⁸
3094 3929 3286 3970 necne.
3321 3915 3438 3973 Hoc
3461 3926 3642 3973 tamen
3669 3923 3714 3956 ³⁷

2121 4002 2254 4056 mihi
2285 3999 2536 4071 idoneum
2567 3999 2686 4056 fore
2712 4002 3007 4059 arbitratus
3053 4019 3193 4070 sum,
3235 4005 3459 4063 omissis
3481 4005 3714 4063 aliorum

2121 4089 2447 4161 conjecturis
2471 4091 2613 4148 illius
2631 4091 2680 4129 ³⁸
2705 4091 2876 4148 solius
2893 4094 3122 4149 arbitrio
3146 4095 3524 4164 succumbere,
3554 4098 3645 4154 cui
3665 4097 3714 4130 ”

2121 4188 2335 4251 Oportet
2369 4196 2456 4237 me
2494 4180 2900 4252 Obtemperare.
2943 4181 3177 4240 Sanctus
3219 4199 3348 4256 ergo
3395 4185 3712 4259 Dionysius,

2119 4281 2182 4328 ut
2236 4273 2604 4344 praediximus
2645 4273 2726 4340 ⁸⁸,
2766 4276 3112 4346 Areopagita,
3159 4290 3223 4331 ex
3281 4278 3403 4334 vico
3459 4279 3711 4335 videlicet

2121 4365 2311 4422 Martis
2349 4367 2730 4422 denominatus
2765 4396 2837 4407 —
2884 4367 3024 4424 Ares
3047 4368 3093 4399 “
3141 4383 3377 4438 namque
3424 4385 3455 4424 a
3486 4371 3713 4428 Graecis

442 4462 569 4508 tuor
585 4451 2020 4525 sanctipatrisDionysiiAreopagitae,|episcopiAthe-
2049 4489 2097 4549 D
2120 4456 2320 4512 bellum
2359 4464 2583 4512 vocatur
2620 4483 2694 4496 -—
2727 4456 2919 4528 primis
2957 4455 3265 4527 iuventutis
3307 4468 3442 4515 suae
3485 4459 3714 4517 ﬂoribus

440 4559 799 4616 narum,quos
813 4543 1032 4613 scripsit
1050 4545 1117 4599 ad
1134 4543 1497 4612 Timotheum,
1513 4546 1821 4616 episcopum
1844 4547 2020 4617 Ephe-

439 4638 667 4702 siorum,
707 4645 766 4690 et
808 4634 994 4690 decem
1039 4634 1295 4703 epistolas
1346 4633 1587 4704 ejusdem
1616 4635 1684 4690 de
1710 4633 1918 4691 Graeco
1958 4636 2010 4691 in

2126 4547 2436 4603 acadetuiae
2480 4547 2673 4602 studiis
2693 4547 2957 4613 eruditus,
3003 4549 3199 4605 deinde
3223 4549 3405 4605 divino
3432 4560 3602 4620 atque
3628 4553 3712 4606 ilF-

2119 4635 2315 4692 eil‘ahili
2345 4634 2608 4690 miraculo
2622 4635 2815 4693 solaris
2839 4636 3119 4708 eclipseos,
3150 4651 3290 4708 quae
3312 4639 3455 4694 facta
3479 4651 3568 4696 est
3582 4657 3709 4695 con-

439 4726 690 4780 Latinum
745 4724 1138 4792 transtulimus,
1191 4740 1325 4794 opus
1374 4712 1550 4792 valde,
1595 4733 1655 4779 ut
1705 4725 2010 4794 opinamur,
2119 4726 2228 4782 ﬁxo
2255 4726 2485 4782 Domino
2527 4735 2716 4783 nostro
2755 4726 2883 4796 Jesu
2934 4727 3155 4784 Christo
3193 4729 3240 4761 ’θ’
3273 4729 3454 4786 crucis
3487 4731 3706 4800 patibu-

997 4832 999 4834 ·
1709 4815 1964 4871 VARIAE
2000 4815 2400 4873 LECTIONES.

510 4913 594 4967 ‘E
640 4913 939 4966 videantur.
1042 4914 1062 4942 ⁸
1111 4909 1151 4964 F
1205 4917 1442 4979 purgate.

1544 4917 1566 4949 ³
1614 4909 1777 4963 divini
1821 4923 1932 4963 om.
1985 4908 2048 4962 F.

1502 4985 1538 5048 ξ
1551 4979 1891 5048 propiusque
1909 4994 2068 5048 quam
2088 4977 2130 5032 ιτ
2151 4979 2449 5048 plusquam.

2165 4916 2189 4948 δ
2217 4908 2469 4966 Usserius
2513 4911 2736 4975 mutati;
2764 4908 2802 4963 F
2845 4909 3038 4975 putati.
3139 4911 3160 4942 ⁸
3191 4906 3283 4966 Sic
3313 4909 3524 4975 BCDH;
3567 4911 3703 4968 EFG

2549 4979 2780 5058 {Uss-er.
2805 4990 2863 5058 et_
2885 4981 3123 5058 insuper.
3200 4981 3248 5058 _'
3271 4981 3315 5036 Η
3339 4997 3701 5058 paganorum:

2312 5047 2468 5102 CDH.
2547 5051 2584 5081 ”
2622 5049 2663 5102 F
2685 5048 2890 5103 latiaris
2915 5066 2965 5105 c.
2999 5047 3231 5106 tilossai.
3259 5067 3307 5104 ε.
3331 5047 3505 5103 latini.
3589 5052 3633 5081 ¹¹
3658 5052 3703 5106 Ε

2700 5119 2744 5150 ⁸⁸
2775 5118 2866 5174 Sic
2893 5118 3141 5184 restitui;
3199 5118 3425 5174 BCDEH
3479 5120 3701 5185 cilius,

2845 4909 3038 4978 putati.

2146 5203 2396 5258 graecos;
2439 5186 2624 5244 Usser.
2658 5187 2914 5258 Hellados
2943 5198 3146 5258 patres.
3228 5190 3270 5220 "
3293 5189 3333 5244 F
3374 5189 3698 5258 addidistis;

437 5258 484 5314 E
511 5271 564 5314 et
594 5255 772 5314 lisse}.
797 5261 882 5327 pio
927 5255 1120 5330 uﬂ'gct'u
1165 5257 1510 5330 addidistis.”
1539 5256 1583 5330 ξξ
1616 5256 1655 5310 F
1693 5255 1872 5326 glossa
1895 5255 1958 5330 Δί.
2001 5271 2048 5310 e.
2091 5255 2293 5330 latinis.
2371 5259 2415 5290 “
2446 5259 2500 5330 EA
2533 5258 2709 5330 glossa
2763 5257 2801 5310 i.
2825 5274 2874 5312 ο.
2903 5255 3111 5330 litteris.
3187 5261 3228 5292 ”
3256 5258 3296 5312 F
3343 5257 3700 5314 θυρῶσαι-ιω

436 5323 853 5399 gymnasiorum.
934 5323 1034 5380 ’Ὗ
1050 5327 1393 5382 tenebrosum.
1471 5326 1514 5360 ¹⁹
1539 5323 1724 5382 υεδθιί
1749 5325 2050 5397 paucisque.
2127 5327 2173 5358 ’δ
2203 5327 2388 5383 Usser.
2418 5323 2573 5397 cujus
2595 5337 2644 5382 et
2662 5326 2858 5382 Lucas.
2935 5329 2978 5360 ⁸⁸
3005 5328 3048 5382 li
3073 5341 3142 5383 et.
3215 5331 3261 5362 “
3290 5346 3358 5400 qu

439 5399 684 5468 temporis
721 5413 831 5468 om.
862 5395 968 5468 F.__
1025 5398 1072 5436 ’³
1091 5397 1271 5468 gratia
1287 5412 1394 5468 om.
1441 5396 1519 5468 F.
1609 5397 1656 5434 ’δ
1690 5393 1890 5468 Parisii
1917 5412 2026 5468 om.
2057 5396 2098 5450 Ε
2130 5407 2184 5468 et
2206 5395 2391 5468 Usser.
2465 5399 2510 5432 "
2537 5397 2622 5452 EF
2646 5407 2702 5451 et
2732 5397 2913 5468 Usser.
2964 5410 3278 5468 martyrum.

439 5395 684 5466 temporis
721 5413 831 5452 om.
862 5395 923 5451 F.
954 5465 967 5466 ί
1025 5398 1072 5436 ’³
1091 5397 1394 5466 gratiarum.
1441 5396 1504 5451 F.

3465 5345 3496 5383 ϐ
3517 5345 3699 5381 ποι-

3386 5397 3434 5433 ⁸⁸
3453 5397 3592 5453 CDll
3618 5409 3696 5451 et.

437 5465 587 5538 "__sit
641 5483 749 5538 om.
785 5467 824 5520 E
847 5478 902 5521 et
924 5465 1108 5538 Usser.
1142 5467 1208 5498 ’τ’
1233 5465 1274 5521 F
1306 5466 1481 5537 glossa
1503 5467 1540 5518 i.
1573 5483 1619 5520 e.
1649 5466 1999 5538 excusationis
2073 5467 2120 5498 ³⁸
2148 5467 2282 5522 CDH
2305 5483 2600 5538 possumus.
2642 5466 2792 5538 η’[ῌ
2815 5483 2896 5538 nia
2923 5483 3050 5523 non.
3107 5465 3171 5500 ’³⁸
3213 5485 3269 5523 σε
3291 5483 3402 5538 om.
3433 5465 3497 5522 Ε.
3575 5467 3620 5538 ξι
3657 5469 3700 5522 Ε

438 5535 532 5606 nil.
582 5601 591 5606 Α
636 5536 679 5568 δ’
706 5537 892 5606 Usser.
937 5535 1094 5605 hujus
1125 5535 1682 5606 operis'interpretem.

1787 5534 1832 5566 ³⁸
1859 5533 1943 5588 EF
1997 5553 2114 5607 esse
2153 5533 2314 5607 hujus
2340 5539 2528 5607 aperis.

2634 5536 2681 5609 ff
2707 5536 2794 5609 Ei:
2820 5537 3289 5609 ﬁdi_interpretis.
3345 5537 3697 5609 ηψπ-,βω

435 5601 770 5687 interpretis:
847 5601 1016 5687 “mut
1040 5601 1166 5687 om.
1193 5605 1254 5658 E.
1306 5607 1374 5687 ,ξε
1397 5601 1539 5687 E_'et
1562 5605 1748 5687 υδδςῐυἱ
1799 5621 1928 5658 esse.
2008 5606 2073 5687 Ἰ
2098 5601 2553 5687 BCDEMt‘rint‘um.
2625 5606 2800 5687 "13E
2821 5601 2887 5687 et
2928 5601 3117 5687 Usser:
3146 5607 3406 5687 anins;_l"
3433 5601 3695 5687 engines:

435 5671 599 5744 libri;
657 5678 699 5709 ³ο
726 5674 765 5729 F
789 5691 837 5730 c.
863 5675 1038 5744 glossa
1069 5675 1223 5727 libro.
1303 5676 1348 5712 ⁸ο
1401 5684 1458 5728 ιιι
1510 5675 1867 5744 praediximus
1892 5690 2000 5730 om.
2034 5675 2093 5730 F.
2171 5677 2215 5709 “
2262 5676 2439 5732 BCDH
2473 5679 2600 5732 aris.
2675 5679 2721 5711 δ’
2760 5675 2800 5730 F
2843 5675 3073 5732 Domino
3109 5690 3285 5731 nostra
3317 5671 3451 5732 Jun
3477 5671 3696 5730 Clu-isto

440 5742 666 5809 conﬁxo.
