4008 6286
156 352 295 423 ιοιι

823 348 1073 408 VERSIO
1123 346 1409 407 OPERUM
1448 347 1505 404 S.
1551 345 1956 409 DIONYSII.—
1979 344 2359 404 CAELESTIS
2396 346 2787 406 IERARCHIA.

3291 352 3433 411 i048

156 459 473 536 informium
516 458 1112 531 supernaturaliumque
1150 456 1598 529 speeulationum.
1639 455 1746 512 Sed
1773 462 1826 530 Α
1851 453 2249 522 similitudines,
2284 471 2392 513 non
2431 457 2660 513 aestimo
2700 470 3026 529 quemquam
3064 456 3202 514 bene
3228 462 3443 532 sapien-

158 552 287 622 quia
314 558 370 621 et
394 549 765 629 hocgmysticis
790 549 1020 621 eloquiis
1057 558 1143 606 est
1170 547 1631 614 decentissimum,
1649 561 1748 617 per

157 639 726 715 incomprehensibilia
752 650 810 695 et
832 640 851 671 ί
893 640 1073 696 divina
1101 640 1403 710 aenigmata
1451 636 1748 703 occultare,

157 743 218 801 et
248 734 449 807 inviam
491 732 676 790 multis
709 746 914 803 ponere
943 745 1159 790 sacram
1186 730 1534 800 abditamque
1562 743 1751 800 super-

157 822 555 894 mnndanorum
596 821 962 896 intelleeiuum
989 822 1294 879 veritatem.
1345 819 1442 876 Est
1466 819 1612 875 enim
1640 834 1751 876 non

154 914 337 987 omnis
381 927 580 978 sacer,
629 926 804 983 neque
852 910 1132 977 omnium,
1185 918 1247 965 ut
1294 910 1510 981 eloquia
1559 910 1749 970 aiunt,

156 1004 384 1071 scientia
425 1016 477 1059 ι.
540 1001 601 1059 Si
652 1011 832 1085 autem
889 1001 1160 1058 deformes
1205 1002 1501 1075 imaginum
1555 1001 1755 1062 deseri-

154 1096 344 1167 ptione
384 1105 407 1136 ι
466 1108 660 1152 causas
726 1095 1094 1153 aestimaverit
1143 1096 1264 1167 quis
1313 1095 1658 1151 dehonestari
1707 1094 1750 1162 ³,

155 1185 348 1241 dicens
407 1182 600 1240 referri
650 1184 731 1241 sic
779 1193 961 1255 turpes
1011 1186 1362 1243 formationes
1406 1184 1757 1242 deiformibus

153 1283 215 1329 et
244 1273 265 1305 ⁸
294 1273 648 1329 sanctissimis
695 1272 1157 1343 dispositionibus,
1209 1273 1405 1339 stillicit
1459 1275 1530 1343 ad
1579 1288 1703 1344 eum
1735 1276 1755 1307 ⁸

153 1360 358 1430 dicere,
387 1362 657 1433 quomodo
679 1362 873 1433 duplex
914 1371 999 1419 est
1045 1373 1266 1420 sanctae
1302 1362 1754 1425 manifestationis

154 1452 393 1525 modus,
440 1467 581 1518 unus
635 1452 854 1527 quidem
903 1452 1058 1529 quasi
1111 1466 1484 1525 consequens,
1536 1461 1758 1523 propter

154 1539 363 1611 similes
397 1541 826 1611 provenientium
871 1540 894 1573 °
939 1556 1216 1597 sacrarum
1286 1542 1579 1613 ﬁgurarum
1628 1542 1758 1597 ima-

155 1630 335 1704 gines,
365 1630 503 1686 alter
524 1644 655 1687 vero
679 1638 902 1701 propter
927 1629 1221 1688 dissimiles
1254 1631 1553 1687 formarum
1579 1632 1756 1695 factu-

154 1710 273 1793 ras,
296 1721 349 1775 in
373 1720 594 1777 omnino
623 1722 1017 1807 inconsequens
1042 1731 1100 1778 et
1123 1723 1434 1788 indecorum
1466 1722 1749 1788 formatus,

1850 555 1964 605 tum
1984 547 2377 603 contradicere.
2407 547 2465 603 ln
2488 549 2531 579 ’ί
2555 548 2770 619 quidem
2792 549 2937 604 enim
2959 550 3370 619 pretiosioribus
3393 555 3442 601 η’

1847 636 2022 693 sacris
2046 637 2457 694 formationibus
2486 637 2533 669 “
2565 651 2902 709 consequens
2943 648 3029 695 est
3078 650 3133 695 et
3173 642 3221 677 "
3256 642 3443 707 seduci

1849 726 2172 783 auriformes
2223 727 2484 798 quasdam
2527 725 2879 787 aestimantes
2923 744 3047 788 esse
3089 733 3136 775 'l
3181 732 3443 792 caelestes

1850 820 2136 886 essentias,
2166 829 2224 877 et
2263 820 2525 893 quosdam
2567 820 2715 879 viros
2744 819 3038 892 fulgureos,
3068 822 3263 880 decora
3286 824 3444 881 indu-

1853 917 1935 965 tos
1960 911 2302 979 vestimenta,
2333 910 2563 971 candide
2591 918 2646 967 et
2670 910 2824 982 ignee
2846 911 3183 984 innocueque
3206 914 3446 985 resplen-

1853 1000 2041 1057 dentes
2068 1001 2135 1068 8⁸,
2162 1011 2218 1057 et
2251 1003 2663 1073 quibuscunque
2693 1001 2813 1058 aliis
2837 1002 3106 1058 similibus
3132 1002 3443 1074 imaginatis

1854 1092 2042 1157 formis
2083 1092 2350 1165 theologia
2386 1092 2644 1149 caelestes
2666 1092 2921 1165 ﬁguravit
2944 1093 3267 1151 intellectus.
3292 1094 3446 1162 Quod

1855 1184 2074 1253 quidem
2121 1199 2191 1239 ne
2237 1192 2574 1255 paterentur,
2623 1185 2713 1255 qui
2771 1184 2902 1239 nihil
2944 1184 3243 1241 visibilibus
3269 1186 3446 1244 ‘honis

1854 1276 2018 1331 altius
2047 1276 2371 1347 intelligunt,
2397 1284 2708 1332 sanctorum
2734 1277 3103 1349 theologorum
3140 1278 3446 1335 restitutiva

1856 1363 2116 1437 sapientia
2128 1374 2184 1425 et
2204 1363 2247 1399 ⁸⁷
2271 1365 2339 1421 ad
2359 1366 2639 1422 indecoras
2649 1366 3113 1423 dissimilitudines
3129 1367 3449 1424 mirabiliter

1857 1456 2135 1515 descendit
2170 1495 2186 1522 ,
2237 1472 2342 1512 non
2398 1457 2700 1514 concedens
2762 1458 3039 1514 materiale
3093 1469 3336 1514 nostrum
3392 1459 3447 1516 in

1860 1548 2106 1619 turpibus
2117 1547 2442 1621 imaginibus
2459 1564 2685 1607 manens
2704 1552 2751 1587 ’⁸
2765 1550 3107 1621 requiescere
3119 1551 3163 1586 ’³
3179 1568 3193 1617 ;
3211 1566 3448 1621 purgans

1856 1656 1987 1701 vero
2011 1657 2227 1698 sursum
2254 1657 2444 1699 versus
2483 1642 2528 1676 ³ο
2565 1643 2799 1699 animam
2838 1642 2905 1709 “,
2946 1650 3002 1699 ct
3039 1657 3330 1714 suggerens
3356 1644 3450 1698 de-

1859 1729 2133 1786 formitate
2154 1731 2627 1801 compositionum,
2649 1740 2901 1802 tanquam
2922 1747 3097 1803 neque
3109 1729 3257 1802 justo
3275 1746 3449 1802 neque

151 1792 350 1887 itaque
378 1812 659 1884 colendam
704 1798 1175 1887 superessentialis
1213 1817 1460 1891 θιαρχίας
1505 1816 1526 1849 ⁷
1576 1816 1750 1883 beati-
1785 1813 1827 1872 Β
1853 1835 1982 1876 vero
2008 1792 2435 1892 probante-esse,
2476 1792 2652 1893 neque
2690 1792 2843 1878 valde
2885 1792 3277 1889 materialibus,
3319 1792 3447 1893 quia

150 1902 399 1962 tudinem
466 1904 983 1962 manifestatitorum
1068 1905 1403 1976 eloquiorum
1490 1907 1750 1984 mysticae

153 1996 475 2069 _traditiones
562 1997 849 2069 aliquando
917 1998 1133 2070 quidem
1220 2007 1280 2057 ut
1358 1997 1624 2063 rationem
1696 2008 1752 2054 et

150 2086 489 2164 intellectum
526 2097 580 2159 et
607 2088 900 2155 essentiam
927 2087 1172 2154 laudant,
1203 2087 1440 2145 divinam
1470 2087 1745 2145 rationali-

153 2186 325 2249 tatem
369 2179 392 2211 ⁸
435 2189 490 2235 et
536 2179 858 2252 sapientiam
924 2180 1041 2250 ejus
1091 2179 1473 2247 declarantes,
1525 2190 1580 2237 et
1625 2195 1751 2237 vere

150 2269 478 2327 existentem
540 2270 983 2339 subsistentiam,
1037 2279 1093 2326 et
1147 2285 1333 2327 eorum
1362 2311 1377 2337 ,
1414 2286 1554 2342 quae
1599 2282 1747 2338 sunt,

152 2359 541 2430 subsistentiae
586 2375 804 2417 causam
835 2376 1041 2428 veram,
1096 2370 1151 2416 et
1198 2360 1353 2432 quasi
1402 2360 1581 2416 lumen
1629 2377 1749 2418 eam

153 2449 457 2525 reformant
494 2451 539 2518 ',
587 2460 644 2509 et
688 2453 853 2508 vitam
922 2462 1141 2519 vocant,
1193 2456 1357 2510 tantis
1411 2456 1750 2512 mirabilibus

153 2541 637 2602 reformationihus
705 2546 1112 2618 gloriosioribus
1180 2550 1400 2619 quidem
1466 2550 1745 2606 existenti-

152 2635 260 2709 bus
291 2634 359 2699 ¹⁰,
383 2643 437 2691 et
463 2634 770 2691 materiales
815 2638 1164 2695 formationes
1205 2639 1470 2705 excellere
1508 2655 1751 2711 quoquo-

153 2724 323 2803 inodo
354 2725 395 2757 ¹¹
433 2726 695 2796 probatis,
737 2726 1111 2795 deficientibus
1143 2738 1199 2797 et
1242 2728 1321 2797 sic
1364 2730 1671 2797 thearchiea
1704 2731 1747 2761 "

155 2815 230 2871 ad
270 2816 551 2872 veritatem
592 2816 963 2875 similitudine.
1001 2819 1094 2889 Est
1138 2819 1281 2874 enim
1333 2835 1497 2890 super
1532 2834 1747 2876 omnem

155 2910 454 2966 essentiam
481 2919 538 2967 et
556 2912 746 2983 vitam,
777 2913 924 2979 nullo
964 2914 1184 2983 quidem
1237 2915 1282 2949 ⁸³
1338 2915 1509 2985 ipSam
1548 2914 1748 2970 lumine

155 3000 630 3058 characterizante
654 3042 670 3069 ,
703 3003 959 3074 omnique
988 2992 1198 3061 ratione
1225 3014 1280 3067 et
1303 3005 1575 3073 intellectu
1602 3005 1750 3060 simi-

155 3088 386 3163 iitudine
411 3090 579 3162 ipsius
604 3092 1102 3166 incomparabiliter
1122 3095 1414 3153 derelictis.
1447 3095 1748 3167 Aliquando

1851 1910 1931 1965 sic
1960 1911 2205 1981 turpibus
2244 1910 2440 1966 similia
2480 1912 2776 1967 secundum
2799 1912 3079 1968 veritatem
3103 1920 3228 1975 sunt
3261 1926 3447 1982 super-

1849 2002 2106 2059 caelestia
2142 2013 2198 2061 et
2240 2004 2422 2059 divina
2470 2004 2800 2075 spectacula.
2859 2004 2965 2061 Sed
3015 2006 3196 2076 itaque
3237 2014 3294 2061 et
3342 2006 3447 2060 hoc

1850 2081 2148 2165 intelligere
2177 2101 2410 2164 oportet,
2455 2094 2587 2149 nihil
2614 2107 2801 2150 eorum
2836 2110 2977 2165 quae
3003 2104 3147 2158 sunt,
3176 2109 3296 2150 esse
3323 2094 3446 2149 uni-

1851 2183 2131 2239 vcrsaliter
2160 2183 2284 2239 boni
2311 2183 2718 2254 participatione
2740 2184 3028 2255 privatum.
3052 2184 3352 2255 Siquidem,
3378 2191 3439 2238 ut

1849 2270 2185 2342 eloquiorum
2210 2274 2412 2330 veritas
2437 2273 2535 2339 ait,
2564 2273 2743 2347 omnin
2780 2273 2914 2329 bona
2944 2274 3099 2329 valde
3123 2285 3171 2328 ε.
3196 2274 3292 2329 Est
3318 2288 3446 2345 ergo

1847 2380 1912 2420 ex
1942 2366 2192 2422 omnibus
2217 2365 2517 2437 intelligere
2548 2364 2718 2421 bonas
2744 2364 3159 2436 speculationes,
3204 2373 3260 2419 et
3298 2364 3441 2419 invi—

1848 2455 2091 2510 sibilibus
2135 2465 2190 2511 et
2237 2454 2688 2517 intellectualibus
2713 2469 2778 2509 ex
2810 2455 3051 2510 materiis
3077 2453 3374 2511 reformare
3399 2455 3447 2488 ⁸⁸

1848 2547 2018 2602 dictas
2045 2546 2335 2613 dissimiles
2359 2545 2737 2601 similitudines
2769 2563 2783 2599 :
2821 2545 2993 2601 altero
3033 2545 3192 2601 modo
3231 2544 3445 2599 intelle-

1847 2638 2113 2703 ctualibus
2147 2637 2489 2703 habentibus,
2516 2650 2655 2705 quae
2681 2634 3028 2699 sensibilibus
3056 2634 3215 2689 aliter
3256 2633 3443 2689 distri-

1848 2729 1975 2782 buta
2015 2737 2159 2783 sunt.
2206 2726 2417 2783 Etenim
2461 2725 2613 2787 furor
2642 2724 3103 2790 irrationabilibus
3130 2724 3347 2794 quidem
3372 2738 3443 2779 ex

1846 2818 2088 2888 passibili
2145 2827 2293 2873 motu
2336 2817 2516 2882 inest,
2577 2824 2633 2872 et
2685 2816 2831 2871 omni
2884 2814 3353 2875 irrationabilitate
3400 2812 3447 2845 ³³

1847 2918 1930 2965 est
1970 2910 2203 2980 repletus
2242 2908 2564 2965 furibundus
2595 2923 2783 2964 eorum
2825 2915 3024 2963 motus.
3076 2905 3183 2962 Sed
3230 2904 3447 2961 intelle-

1847 3000 2114 3057 ctualibus
2138 3000 2311 3057 altero
2347 3000 2505 3056 modo
2547 3007 2759 3070 oportet
2797 2997 3071 3054 iraseibile
3120 2996 3442 3069 intelligere,

1849 3091 2149 3156 declarans,
2179 3098 2240 3145 ut
2275 3090 2526 3155 aestimo,
2564 3103 2753 3143 eorum
2796 3086 3008 3143 virilem
3052 3086 3447 3142 rationabilita-

153 3189 290 3255 vero
312 3180 664 3238 dissimilibus
677 3181 1203 3255 manifestationibus
1229 3185 1441 3254 ahipsis
1464 3184 1693 3255 eloquiis
1716 3187 1744 3225 δ
1774 3177 1820 3239 C
1852 3193 1958 3239 tem
1985 3190 2041 3238 et
2063 3182 2325 3236 immitem
2353 3180 2399 3211 “
2428 3180 2666 3250 quietem
2700 3180 2753 3233 in
2787 3176 2983 3233 divinis
3011 3185 3065 3232 et
3094 3174 3444 3253 immutabili-

154 3271 599 3340 supermundane
645 3270 927 3351 laudatur,
980 3288 1100 3345 eam
1148 3274 1492 3341 invisibilem,
1535 3284 1592 3331 et
1633 3274 1747 3330 infi-

156 3357 331 3439 nitam
362 3398 380 3427 ,
432 3360 1135 3435 incomprehensibiiemque
1182 3362 1227 3411 ιε’
1278 3363 1635 3431 vocantibus,
1692 3374 1747 3420 et

152 3463 223 3530 ea
254 3448 410 3513 ",ex
440 3450 669 3533 quibus,
697 3466 805 3533 non
840 3452 971 3527 quid
1020 3461 1121 3521 est,
1172 3453 1267 3509 sed
1316 3453 1443 3525 quid
1489 3469 1595 3509 non
1642 3463 1741 3517 est,

152 3527 513 3611 signiﬁcatur.
553 3528 668 3600 Hoc
693 3527 858 3609 enim,
890 3553 949 3598 ιιι
977 3545 1225 3610 aestimo,
1251 3545 1521 3615 potentius
1560 3554 1646 3602 est
1693 3544 1746 3600 in

156 3631 303 3709 ipsa,
341 3632 596 3702 quoniam
642 3634 880 3705 quidem,
924 3646 984 3691 ut
1029 3636 1240 3713 occulta
1290 3646 1345 3697 et
1396 3638 1745 3705 sacerdotalis

154 3723 380 3793 traditio
431 3724 875 3806 subintroduxit,
930 3743 1035 3793 non
1094 3743 1215 3803 esse
1267 3729 1561 3785 secundum
1615 3731 1744 3799 quid

154 3826 350 3887 eorum
384 3828 523 3885 quae
547 3824 692 3889 sunt,
738 3830 857 3879 eam
892 3832 1020 3881 vere
1057 3817 1284 3874 dicimus
1312 3819 1397 3884 i';
1439 3819 1747 3889 ignoramus

155 3912 342 3987 autem
413 3897 915 3979 superessentialem
978 3908 1148 3979 ipsius
1206 3916 1262 3964 et
1316 3909 1636 3966 invisibilem
1692 3919 1747 3979 et

152 3994 485 4075 ineffabilem
513 3992 907 4083 inlinahtatem.
953 4000 1010 4055 Si
1050 4002 1211 4081 igitur
1242 4001 1582 4073 depulsiones
1619 4004 1661 4035 ³⁷
1692 4003 1744 4057 in

154 4086 359 4165 divinis
394 4102 573 4153 verae,
618 4088 943 4174 intentiones
972 4091 1016 4143 ξ’
1052 4106 1178 4147 vero
1226 4084 1614 4173 incumpactae,
1650 4094 1746 4163 ob:

150 4175 405 4254 seuritati
444 4191 765 4245 arcanorum
816 4179 985 4250 magis
1031 4189 1155 4251 apta
1196 4188 1281 4253 est
1320 4198 1417 4252 per
1458 4182 1747 4254 dissimiles

153 4264 574 4343 reformationes
614 4268 659 4336 ξ’
691 4264 1081 4358 ωδηίςβειειιίοέ
1113 4271 1181 4326 Et
1220 4288 1365 4327 nunc
1409 4272 1591 4344 itaque
1638 4289 1744 4343 non

153 4366 347 4439 turpes
375 4358 584 4430 replent
616 4359 875 4417 caelestes
915 4372 1139 4437 ornatus
1176 4362 1511 4433 eloquiorum
1555 4379 1747 4429 sacrae

151 4446 979 4537 descriptiones,‘dissimilibus
1035 4469 1129 4509 eos
1182 4453 1474 4510 formarum
1520 4456 1745 4522 facturis

1850 3274 1951 3329 bus
2016 3273 2396 3327 fundamentis.
2463 3268 2661 3324 Eodem
2733 3266 2895 3322 modo
2953 3263 3443 3334 concupiscentiam

1850 3365 2079 3437 quidem,
2112 3379 2233 3420 esse
2286 3362 2514 3419 dicimus
2560 3360 2613 3415 in
2663 3357 3123 3415 irrationabilibus
3169 3353 3442 3411 inconsul-

1852 3465 1961 3511 tam
1989 3456 2260 3525 quandam
2300 3462 2356 3507 et
2395 3449 2728 3507 materialem
2765 3463 2833 3505 ex
2872 3446 3109 3503 naturali
3154 3454 3303 3502 motu
3351 3451 3444 3499 aut

1849 3546 2237 3602 consuetudine
2263 3544 2317 3600 in
2341 3542 2689 3599 mutabilibus
2721 3539 3121 3596 incontinenter
3146 3535 3442 3607 ingenitam

1846 3636 2279 3708 passibilitatem,
2308 3642 2363 3690 et
2385 3631 2807 3688 irrationabilem
2833 3628 3134 3701 corporalis
3153 3625 3444 3697 voluptatis

1847 3728 2475 3795 continuitatem,simul
2512 3742 2673 3783 omne
2720 3724 2917 3780 animal
2970 3720 3338 3793 commllentis
3384 3718 3441 3773 in

1848 3820 2143 3875 secundum
2180 3833 2398 3874 sensum
2439 3816 2876 3887 concupiseibile.
2922 3814 3056 3871 Cum
3102 3826 3231 3867 vero
3282 3808 3443 3865 dissi-

1846 3911 2003 3966 miles
2044 3908 2423 3973 similitudines
2464 3905 2915 3963 intellectualibus
2954 3904 3441 3972 circumponentes,

1846 4001 2337 4075 concupiscentiam
2390 3999 2471 4055 eis
2517 3996 3021 4054 circumformemus
3065 3994 3134 4059 ³⁵,
3188 4004 3431 4046 amorem

1846 4093 2086 4147 divinum
2128 4091 2298 4161 ipsam
2352 4087 2650 4161 intelligere
2690 4094 2905 4156 oportet
2941 4098 3105 4155 super
3175 4080 3438 4137 rationem

1846 4191 1902 4238 et
1954 4181 1999 4216 ⁸⁸
2044 4181 2373 4237 intellectum
2415 4176 2924 4241 immaterialitatis,
2965 4183 3021 4231 et
3060 4171 3354 4228 inflexibile
3386 4175 3443 4224 et

1845 4284 1951 4332 non
1981 4269 2229 4347 indigens
2264 4267 2588 4324 desiderium
2630 4262 3153 4338 superessentialiter
3186 4266 3370 4315 castae
3387 4265 3444 4313 et

1845 4354 2191 4437 impassibilis
2229 4356 2715 4429 contemplationis,
2758 4363 2814 4412 et
2852 4355 2921 4411 ad
2962 4353 3105 4409 illam
3151 4364 3343 4422 puram
3387 4356 3443 4403 et

1844 4438 2284 4524 sublimissimam
2313 4450 2635 4515 claritatem,
2680 4457 2736 4505 et
2781 4443 3104 4502 invisibilem
3130 4453 3186 4498 et
3212 4437 3439 4496 formift-

150 4530 588 4621 rnanifestantes,
630 4550 685 4621 et
706 4530 819 4612 per
857 4543 956 4598 has
989 4542 1334 4621 ostendentes
1367 4545 1738 4617 materialibus
1769 4532 1818 4593 Ι)
1842 4560 1962 4601 eam
1990 4542 2443 4619 pulchritudinem
2470 4551 2725 4597 aeternae
2770 4554 2895 4595 vere
2939 4546 2995 4593 et
3022 4532 3309 4591 invisibilis
3350 4546 3438 4621 so-

147 4616 319 4705 simul
342 4618 592 4705 omnibus
614 4616 1105 4709 supermundalium
1134 4616 1178 4665 ’δ
1204 4616 1569 4706 exceilentias.
1606 4637 1742 4723 Quia
1844 4616 2073 4713 eietatis,
2125 4642 2181 4709 et
2229 4633 2391 4707 veluti
2433 4632 2479 4666 ³⁷
2530 4631 2823 4702 potentiam
2875 4626 3076 4696 excipit
3126 4623 3341 4694 quidem
3384 4620 3439 4723 in

147 4732 290 4776 vero
315 4730 371 4777 et
401 4731 646 4780 nostrum
673 4723 913 4779 animum
941 4725 1203 4780 reducunt
1242 4720 1413 4798 magis
1456 4710 1745 4784 dissimiles
1844 4710 2127 4795 sufﬁcienti
2148 4733 2203 4793 et
2225 4726 2278 4796 in
2301 4722 2661 4787 conversibili,
2686 4728 2740 4777 et
2759 4735 2790 4775 a
2817 4718 2964 4775 nullo
2981 4716 3142 4786 allligi
3163 4713 3375 4771 valente
3393 4710 3441 4743 "

1444 4836 1700 4926 unus
1738 4835 2141 4893 LECTIONES.

258 4940 343 4997 ’et
373 4958 482 4998 om.
507 4943 572 4999 A.
682 4945 704 4978 ⁸
743 4944 783 4998 E
808 4945 1189 5008 descriptionis.
1302 4946 1324 4979 ³
1352 4948 1393 5002 Α
1424 4948 1771 5002 inhonestum.
1875 4949 1897 4981 ⁵
1925 4948 1964 5004 Α
1994 4965 2076 5004 ac.

147 5032 193 5089 ς.
232 5029 284 5068 e.
309 5013 616 5089 dignitatis.
718 5015 741 5048 ⁸
777 5015 875 5089 Sic
901 5008 1032 5089 A‘E;
1064 5015 1183 5089 ‘Bll‘
1220 5016 1603 5089 rationabilem.
1624 5010 1635 5089 ’ξ
1700 5021 1733 5052 "
1770 5017 1811 5071 A
1843 5018 2093 5089 formant.
2205 5017 2251 5074 ξ’
2290 5008 2335 5072 Α
2387 5008 2789 5089 formationibns
2832 5012 3142 5089 castioribus
3183 5010 3439 5089 matre-nn:-

148 5083 274 5153 bus.
314 5151 320 5153 Α
372 5082 415 5115 ⁸⁸
448 5081 535 5137 BH
562 5077 838 5153 quomodo.
942 5077 1051 5139 “A
1077 5086 1295 5139 divina.'
1374 5086 1416 5118 "
1440 5087 1481 5141 Α
1508 5087 1704 5142 lumine
1728 5077 1861 5153 ipse:
1910 5095 1915 5105 '
1959 5080 2085 5142 ‘VA
2109 5099 2155 5142 et
2183 5077 2771 5153 inwmnrehensibilem.
2842 5082 2920 5153 ﬂ”
2965 5081 3012 5135 A
3051 5095 3208 5153 quae.
3305 5077 3349 5153 ξ’
3388 5078 3434 5153 ᾼ

149 5151 473 5227 ﬁdicines:
536 5144 654 5227 ίῖᾼ
678 5149 993 5227 negationes.
1032 5224 1040 5227 Α
1071 5155 1114 5187 ⁸⁸
1139 5154 1183 5208 Α
1206 5156 1615 5227 affirmationes.
1672 5159 1712 5191 "
1740 5144 1779 5210 Ᾰ
1809 5158 2167 5227 formationes.
2244 5157 2289 5211 ’°.
2323 5144 2412 5210 ΒΗ
2457 5151 2982 5227 ξιῳενηιιιηάὶᾳζίιιηι.
3063 5144 3127 5227 "‘_
3160 5147 3265 5201 Pro
3299 5144 3372 5224 In
3390 5146 3433 5199 Δ

153 5221 288 5277 Per.
362 5223 408 5255 “
434 5222 478 5276 Α
499 5218 883 5298 pretiosioreg.'
934 5223 979 5257 ”
1017 5224 1059 5279 A
1082 5218 1263 5298 saeros:
1286 5224 1649 5298 formationes.
1727 5227 1773 5298 ’ξ
1809 5218 1856 5281 et
1884 5222 2088 5298 om'A.‘
2138 5228 2185 5277 υ
2211 5242 2322 5298 esse
2342 5218 2547 5298 ριῐιζΑζ
2624 5224 2671 5259 ’⁵
2694 5221 2977 5298 candidum
3016 5227 3073 5273 et
3107 5218 3314 5298 igneum
3353 5218 3434 5276 ius

152 5283 717 5367 nocueresperg‘entes.
794 5293 836 5341 ’Τ
865 5304 912 5367 et
942 5308 1049 5367 om.
1078 5294 1157 5367 A.‘
1197 5295 1265 5367 A"
1286 5283 1657 5367 :A'Areninneits.
1736 5296 1781 5329 ”
1806 5298 1848 5350 Α
1873 5283 2152 5367 qniescere.
2229 5294 2373 5367 ".V'AA
2407 5296 2599 5365 ferens.
2638 5363 2651 5367 Α
2696 5292 2739 5323 ³³
2791 5292 2837 5345 Α
2878 5289 3104 5367 animae.
3128 5283 3146 5288 ⁷
3180 5286 3225 5317 ³²
3272 5283 3318 5338 Α
3365 5298 3431 5367 (ξι

150 5352 803 5437 ραιεγὶαιιεὺωῖρνιηαξρη
863 5363 1684 5437 “Apmnisirrationabilitatis.
1762 5352 2199 5435 “A'imma’nem‘.
2278 5352 2933 5437 9'A'circumformanttts.
2973 5357 3017 5389 ³⁸
3104 5367 3154 5413 et
3196 5370 3306 5412 om.
3363 5352 3431 5412 Α.

151 5430 201 5497 '7
232 5429 387 5485 νείκεε
417 5446 526 5486 οιηι
556 5430 615 5486 Β·
707 5431 753 5493 ³9
777 5432 821 5487 Α
842 5448 871 5487 a
897 5431 1039 5487 nullo
1066 5432 1317 5505 aﬂligitur
1340 5434 1558 5491 virtute.
1870 5452 1871 5455 η
2106 5440 2110 5449 '
2168 5431 2173 5446 τ
2382 5429 2385 5432 ⁴
2442 5448 2445 5451 ν
2544 5429 2547 5431 ’
2625 5429 2639 5450 ’·

1691 5545 1939 5635 NOTAE.

1920 5673 1941 5701 ε
1984 5661 2117 5743 Gen.
2154 5661 2194 5747 i.

2182 4949 2205 4983 ⁸
2241 4946 2284 5002 Α
2312 4948 2468 5011 hunc.
2578 4945 2600 4977 ⁸
2646 4942 2691 5001 Α
2739 4942 3166 5013 perveniendum.
3257 4938 3436 5013 ’ΒΕῌ

228 5668 259 5700 ι
297 5655 488 5713 Matth.
532 5657 658 5721 VII;
699 5657 716 5712 Ι
755 5657 877 5713 Cor.
921 5658 982 5713 ll.

229 5727 260 5767 δ
298 5725 456 5815 Rom.
505 5727 611 5795 XI;
651 5728 670 5783 1
710 5727 846 5782 Tim.
894 5727 994 5795 Vl;
1039 5727 1175 5783 Psal.
1215 5726 1365 5811 CXL.
