3956 5348
545 394 697 452 illi?)

1825 387 2106 447 JOANNIS
2144 383 2342 443 SCOTI

3705 391 3821 450 10H

555 523 655 580 per
691 504 1034 562 inconfusum
1063 515 1120 563 et
1174 505 1674 562 incommutabilem
1714 507 1729 536 ί
1781 505 1994 559 divinae
2038 501 2155 572 pul-
2180 500 2231 560 A
2258 499 2523 554 essentias
2556 496 2626 554 est
2649 498 3158 556 inconvenientibus
3197 499 3573 576 dissimilibus
3603 503 3825 562 sinulitu-

554 598 877 658 chritudinis
922 613 1188 666 amorem,
1239 607 1294 655 et
1342 598 1701 655 universalem
1750 595 2147 653 revocationem

554 694 611 749 in
660 694 735 759 id,
784 692 937 764 quod,
974 707 1102 749 vere
1159 700 1242 748 est
1282 694 1657 764 appetendum.
1717 690 1824 746 Sed
1872 698 1926 744 et
1977 689 2148 758 ipsam

555 783 1085 841 irrationabilitatem
1157 792 1212 839 et
1278 784 1738 840 inseusualitatem
1813 783 1864 837 iu
1934 783 2149 852 quidem

536 874 1014 932 irrationabilibus
1077 877 1400 933 animalibus
1434 917 1450 944 ,
1515 888 1609 933 aut
1671 877 1979 939 inanimatls
2032 891 2148 932 ma-

535 965 734 1033 ~teriis,
770 965 1036 1038 defectum
1085 968 1314 1023 rationis
1361 976 1415 1023 et
1471 984 1664 1025 sensus
1718 969 1934 1039 proprie
1992 981 2151 1023 voea-

555 1072 720 1112 mus:
758 1058 822 1112 in'
871 1070 1053 1114 autem
1097 1059 1538 1123 immaterialibus
1587 1070 1641 1114 et
1701 1059 2151 1116 intellectualibus

563 1147 818 1202 essentiis
835 1188 848 1210 ,
883 1159 1072 1204 sancte
1093 1159 1147 1205 et
1171 1149 1426 1208 decenter
1452 1153 1894 1222 supereminens"
1925 1155 2111 1207 earum
2132 1193 2146 1216 ,

566 1246 626 1295 ut
648 1241 1146 1308 supermundalium
1167 1283 1183 1307 ,
1215 1243 1540 1299 conﬁtemur
1559 1255 1737 1299 nostra
1766 1247 2077 1313 transitoria,
2095 1255 2150 1299 ct

561 1329 828 1396 corporali
850 1329 1058 1384 ratione
1084 1339 1140 1385 et
1166 1331 1432 1387 materiali
1457 1332 1691 1388 alienato
1723 1334 2148 1403 incorp'oralibus

561 1417 758 1474 animis
797 1434 959 1475 sensu
976 1422 1015 1472 ³.
1051 1421 1147 1475 Est
1189 1421 1374 1491 itaque
1413 1437 1519 1477 non
1559 1423 1649 1478 et‘
1679 1425 1925 1480 dissonas
1971 1424 2147 1480 refor-

561 1523 714 1564 mare
728 1515 754 1546 ⁸
774 1509 1100 1567 caelestibus
1121 1512 1346 1577 formas,
1368 1523 1423 1568 et
1441 1529 1509 1570 ex
1528 1515 1724 1570 vilibus
1746 1517 2002 1572 materiae
2025 1531 2149 1585 par-

567 1597 713 1653 tibus
735 1638 750 1663 ,
779 1599 1034 1668 quoniam
1064 1607 1119 1656 et
1146 1601 1259 1670 ipsa
1290 1617 1355 1658 ex
1397 1617 1528 1659 vere
1566 1604 1715 1660 bono
1743 1605 2147 1662 subsistentiam

537 1690 874 1758 possidens,
905 1706 1006 1760 per
1032 1706 1246 1752 omnem
1271 1694 1353 1749 sui
1375 1695 1714 1752 ‘materialem
1739 1696 2148 1767 dispositionem

559 1782 937 1837 resonantias‘
977 1785 1241 1854 quasdam
1299 1783 1679 1860 intellectualis
1731 1786 2150 1858 pulchritudinis

547 1876 827 1943 ’habet,-et
847 1877 1105 1946 possibile
1129 1886 1212 1934 est
1233 1893 1450 1948 pereas
1471 1854 1748 1936 reduciad
1767 1881 2152 1938 immateriales
2182 1854 2224 1914 Β

538 1967 768 2036 ‘primas
797 1969 1009 2025 formas
1050 1970 1410 2038 dissimiliter,
1439 1981 1498 2027 ut
1529 1959 1728 2028 dictum
1755 1983 1871 2040 est,
1899 1975 2153 2030 similitu-

559 2060 776 2117 dinibus
795 2062 1092 2133 acceptis",
1116 2075 1171 2119 et
1184 2063 1391 2120 eisdem
1405 2068 1554 2120 "non
1576 2065 1844 2130 siniiliter,
1871 2067 2154 2138 eompacte

543 2158 745 2206 autem
789 2161 842 2208 et
881 2154 1105 2225 pulchre
1132 2155 1693 2227 intellectuallbusque
1715 2168 1769 2214 et
1807 2158 2155 2216 sensibilibus

563 2243 991 2310 proprietatibus
1011 2245 1268 2302 definitis.
1305 2247 1452 2304 Haec
1492 2250 1750 2320 mysticos
1774 2250 2052 2321 theologos
2074 2252 2155 2306 in-

554 2333 850 2392 veniemus
876 2349 982 2389 non
1017 2335 1190 2391 solum
1239 2337 1558 2393 caelestium
1605 2340 2020 2410 dispositionum
2059 2341 2156 2397 de—

572 2421 964 2479 clarationibus
1007 2423 1331 2482 mirabiliter
1377 2427 1912 2497 circumlormantes,
1942 2432 2035 2488 sed
2065 2433 2154 2488 et“

563 2512 696 2581 ipsis
739 2511 1035 2586 aliquando
1088 2518 2046 2581 tliearchicis“‘manil‘estationibus.
2088 2527 2157 2582 Et

552 2601 850 2672 aliquando
879 2607 1096 2676 quidem
1140 2609 1310 2680 ipsam
1338 2626 1402 2666 ex
1429 2612 1724 2668 luminibus
1748 2606 2002 2684 pretiosis
2043 2617 2156 2672 lau-

555 2691 731 2758 ‘dant,
765 2702 821 2748 ut
855 2695 1022 2750 solem
1065 2697 1343 2766 iustitiae,
1377 2710 1435 2755 ut
1463 2701 1672 2757 stellam
1705 2707 2055 2772 matutinam,
2101 2710 2154 2764 in

571 2781 812 2837 animum
857 2795 1048 2841 sancte
1069 2787 1366 2854 orientem,
1399 2799 1458 2844 et
1489 2799 1548 2845 ut
1590 2788 1766 2848 lumen
1800 2793 2156 2852 incircumve-

563 2872 725 2929 late“
775 2886 829 2931 et
871 2879 1369 2937 intellectualiter"
1407 2885 1836 2956 resplentlensn:
1869 2880 2155 2959 aliquando

551 2978 695 3019 vero
721 2981 787 3020 ex
826 2968 1052 3035 mediis,
1095 2980 1154 3025 ut
1196 2973 1373 3042 ignem
1407 2975 1639 3030 innocue
1665 2978 2034 3048 Spleudentem
2055 3021 2068 3045 ,
2097 2989 2156 3034 ut

569 3067 766 3123 aquam
813 3057 992 3113 vitalis
1030 3060 1379 3129 plenitudinis
1426 3065 1724 3132 dalricem,
1772 3079 1828 3123 et
1861 3071 2155 3140 symbolice

511 3169 514 3172 ~
548 3143 851 3200 dicendum
873 3159 895 3214 ,'
936 3149 989 3203 in
1031 3160 1277 3207 ventrem
1308 3155 1628 3210 subeuntem
1653 3198 1667 3220 ,
1713 3158 2041 3231 [luminaque
2072 3178 2154 3215 rc-

2255 591 2473 646 dinibus
2505 590 3194 666 reformant",sec_undum
3245 593 3431 649 dictas
3474 609 3690 651 causas.
3729 597 3822 654 Non

2215 739 2220 742 _
2253 680 2397 736 enim
2427 680 2672 738 fortassis
2691 696 2863 754 aeque
2890 699 2996 738 non
3010 683 3058 714 ²²
3086 699 3190 738 nos
3217 685 3274 739 in
3310 686 3701 758 quaestionem
3727 691 3824 758 qui-

2253 773 2374 828 dem
2397 788 2465 828 ex
2480 774 2794 850 indigentia,
2827 775 2878 828 in
2898 791 3173 848 anagogen
3192 777 3486 848 quoque”
3513 792 3615 845 per
3632 778 3827 850 diligen-

2251 873 2360 920 tem
2393 866 2696 921 divinorum
2717 867 3116 924 scrutationem.
3137 867 3501 933 veniremus,
3534 870 3643 926 nisi
3682 869 3829 943 defer.

2251 959 2414 1012 mitas
2461 972 2560 1013 nos
2613 966 2968 1027 extorqueret
3013 957 3496 1026 manifestatoriae
3546 960 3827 1034 angelora

2247 1050 2748 1119 reformationis“,
2763 1067 2869 1111 non
2884 1053 3080 1119 _sinens
3113 1061 3378 1123 nostrum,
3405 1055 3828 1108 animum-rean-

2233 1157 2380 1196 -nere
2395 1141 2813 1196 indissimilibus
2836 1141 3128 1196 formarum
3151 1141 3412 1209 (aucturis,
3437 1143 3546 1211 sed
3569 1142 3827 1198 luctantem

2253 1247 2450 1304 negare
2497 1233 2811 1290 materiales
2856 1235 3277 1304 possibilitates,
3335 1243 3398 1289 et
3451 1246 3828 1301 assuescenteei

2252 1341 2384 1396 pure
2423 1326 2640 1382 extendi
2668 1341 2766 1395 per
2791 1325 3020 1381 visibilia
3062 1327 3117 1382 in
3155 1327 3659 1397 supermundanas
3683 1326 3830 1380 situs».

2251 1417 2424 1473 dines.
2999 1447 3001 1449 ι
3577 1494 3581 1495 ν

2323 1510 2494 1566 Tanta
2527 1510 2742 1579 quidem
2769 1528 2800 1568 a
2825 1513 3136 1585 nobisdicta
3152 1523 3281 1569 sunt
3297 1523 3546 1587 propter
3559 1511 3832 1569 materizies

2249 1608 2306 1656 et
2345 1601 2786 1657 inconvenientes
2830 1603 3138 1658 divinorum
3179 1603 3543 1674 eloquiorum
3596 1602 3829 1672 angelica-

2251 1705 2371 1745 rum
2384 1692 2430 1747 ’Ψ
2451 1692 2746 1761 imaginum
2766 1694 3176 1764 descriptiones.
3211 1695 3428 1751 Deinde
3455 1703 3650 1749 autem
3685 1709 3832 1764 segre-

2252 1796 2383 1854 gare
2408 1783 2477 1815 "'
2507 1793 2739 1854 oportet,
2767 1785 2896 1855 quid
2921 1786 3089 1856 ipsam
3113 1787 3337 1856 quidem
3359 1800 3494 1841 esse
3537 1784 3830 1840 lerarehiam

2255 1876 2601 1938 aestimemus
2632 1877 2702 1943 “,
2730 1879 2926 1948 quidve
2955 1879 3070 1948 ipsa
3098 1879 3378 1933 lerarchia
3425 1877 3671 1948 prosit"
3694 1875 3830 1932 lent—

2253 1968 2433 2024 chiam
2451 1967 2884 2025 sortientibus“,
2905 1967 3017 2023 Dux
3035 1983 3169 2024 vero
3184 1969 3254 2022 sit
3272 1967 3570 2023 sermonis
3591 1965 3830 2028 Christus.

2217 2079 2219 2082 ‘
2253 2061 2298 2114 si
2327 2059 2545 2128 quidem
2582 2058 2715 2115 mihi
2742 2057 2827 2114 fas
2859 2059 3068 2121 dicere,
3095 2074 3281 2121 meus,
3315 2057 3497 2112 totius
3523 2055 3830 2111 lerarehiae

2253 2147 2709 2205 manifestationis
2756 2149 3175 2219 inspiratio.rTu
3204 2165 3364 2213 vero,
3401 2164 3442 2204 ο
3473 2164 3644 2219 puer,
3659 2153 3831 2207 secun-

2255 2241 2381 2297 dum
2421 2249 2668 2297 sanctam
2693 2249 2911 2297 nostrae
2949 2239 3318 2296 sacerdotalis
3345 2239 3676 2296 traditionis
3699 2240 3830 2309 ιφ.

2213 2373 2216 2376 .
2255 2331 2538 2395 lationem,
2567 2331 2684 2401 ipse
2711 2340 2897 2386 sancte
2937 2338 2992 2384 et
3031 2331 3292 2385 deCentcr
3335 2330 3602 2392 ausculta
3645 2329 3831 2384 mirabi-

2254 2423 2380 2478 liter
2397 2422 2691 2487 dictorum,
2717 2422 3008 2478 divinusin
3031 2421 3144 2476 Deo
3159 2421 3283 2476 et"
3307 2421 3362 2476 in
3387 2421 3650 2479 doctrina
3662 2419 3826 2479 {arma

2211 2533 2220 2569 ς
2254 2525 2309 2570 et
2338 2525 2550 2572 secreto
2577 2514 2774 2579 animi,
2820 2526 2968 2584 quae
3004 2522 3196 2569 saneta
3243 2520 3416 2576 sunt,
3461 2513 3828 2581 circumtean

2254 2622 2318 2660 ex
2335 2605 2608 2661 immunda
2635 2603 2998 2668 multitudine,
3026 2611 3284 2672 tauquam
3299 2601 3614 2664 uniformis
3629 2601 3826 2655 eosub.

2255 2697 2371 2752 Non
2403 2697 2548 2752 enim
2581 2695 2696 2761 fas,
2722 2705 2783 2754 ut
2809 2696 3021 2766 eloquia
3056 2695 3238 2760 aiunt,
3271 2695 3328 2748 in
3359 2709 3572 2764 porcos
3600 2692 3831 2762 prdicare

2211 2819 2214 2821 λ
2242 2789 2604 2845 'invisibilinm
2631 2789 3042 2862 margaritarum
3067 2785 3424 2842 inconfusqu
3442 2797 3501 2840 et
3520 2783 3837 2839 lucifomem

2257 2881 2665 2950 beneficumque
2693 2885 2946 2935 ornatum
2967 2888 3011 2931 θ.

2787 2978 3183 3069 CAPITULUM
3219 3009 3305 3065 ιη.

2257 3131 2397 3196 Quid
2425 3131 2489 3185 sit
2510 3129 2554 3160 ³ο
2592 3126 2882 3186 Ierarclu'a,
2909 3137 3105 3194 etquae
3133 3141 3226 3193 per
3262 3122 3609 3178 Ierarcliiam
3639 3127 3828 3178 milites.

556 3230 892 3293 ‘dundantem
913 3280 928 3306 ,
959 3241 1479 3325 immensurabiliter
1519 3247 1830 3304 reﬂuentia:
1866 3211 2154 3321 aliquando
2181 3211 2225 3273 C
2329 3239 2423 3294 Est
2450 3237 2666 3307 quidem
2698 3235 2966 3292 lerarchia
2998 3235 3294 3325 secundum
3335 3251 3426 3290 me
3458 3237 3601 3292 ordo
3623 3237 3829 3296 divinus,

565 3337 746 3383 autem
788 3346 854 3386 ex
900 3334 1239 3401 novissimis,
1290 3345 1348 3391 ut
1399 3348 1730 3409 unguentum
1761 3355 1954 3408 suave,
1993 3352 2050 3396 ut
2080 3344 2154 3397 la-

559 3417 744 3488 pidem
792 3415 1170 3491 angularemb.
1215 3423 1322 3479 Sed
1366 3435 1420 3480 et
1464 3427 1744 3482 bestialem
1776 3431 1874 3498 ipsi
1923 3430 2153 3486 formam

563 3507 1379 3579 circumpouunt,etleoniseiu
1413 3525 1468 3570 et
1483 3519 1762 3586 pantheris
1799 3518 1844 3550 “
1871 3522 2158 3589 speciem”

514 3625 515 3628 η
568 3607 844 3666 coaptant,
881 3609 938 3656 et
974 3602 1330 3671 pardaliniam
1365 3606 1598 3660 vestiunt
1621 3615 1674 3661 et
1699 3622 1881 3662 ursam
1908 3611 2155 3668 saevien-

563 3695 679 3742 tem
693 3699 741 3742 α.
762 3685 969 3745 Addam
985 3703 1179 3749 veroet
1199 3695 1583 3764 quodomnium
1606 3698 1763 3754 vilius
1783 3714 1902 3756 esse
1916 3709 1972 3756 et
1989 3704 2160 3773 magis

513 3805 516 3808 ~
563 3779 876 3851 signiﬁcare
897 3783 1074 3838 visum
1117 3796 1229 3852 est,
1261 3787 1386 3856 quia
1432 3797 1488 3842 et
1527 3791 1728 3846 vermis
1758 3793 1938 3860 specie
1985 3793 2154 3864 ipsam

564 3873 815 3944 ’seipsam
862 3877 1391 3938 circumformantem
1421 3882 1649 3938 divini"
1678 3885 1952 3955 sapientes
1984 3888 2154 3942 tradi-

570 3960 832 4019 deruntd.
861 3965 954 4023 Sic
974 3983 1164 4025 omnes
1189 3973 1493 4042 theosophi,
1512 3983 1566 4030 et
1583 3975 1793 4031 occulta
1807 3977 2157 4048 inspiratione

569 4057 885 4125 prophetae,
912 4063 1114 4117 sanctis
1145 4063 1581 4122 incontaminatis
1609 4068 1945 4140 distinguunt
1972 4081 2156 4129 sancta

573 4156 885 4202 sanctorum
905 4191 920 4215 ,
954 4159 1008 4206 et
1038 4153 1354 4210 dissimilem
1391 4167 1633 4213 sanctam
1665 4160 2041 4229 figurationem
2068 4164 2156 4220 ho-

574 4248 787 4306 norant,
812 4250 869 4294 ut
889 4257 1062 4314 neque
1090 4245 1269 4301 divina
1304 4249 1594 4305 immundis
1627 4253 1927 4308 traetahilia
1947 4256 1988 4287 "
2014 4256 2154 4323 sint,

579 4343 754 4399 neque
799 4333 1124 4390 mirabilium
1155 4338 1543 4407 agalmatum”
1571 4343 1794 4398 studiosi
1827 4347 2156 4418 contempla-

574 4427 723 4475 tores
763 4430 1018 4494 tanquam
1061 4428 1205 4481 veris
1245 4439 1560 4485 remaneant
1582 4429 1786 4502 ﬁguris.
1819 4433 1886 4489 Et
1904 4436 1945 4468 “
1971 4436 2152 4492 divina

2257 3339 2312 3384 et
2355 3327 2576 3385 scientia
2606 3368 2620 3392 ,
2661 3336 2714 3382 et
2759 3327 2936 3390 actio,
2968 3323 3216 3379 deiformi
3261 3333 3544 3393 quantum
3589 3326 3829 3395 possibile,

2259 3415 2752 3487 siuuilata",juxta
2780 3416 2824 3446 ³¹
2851 3415 3047 3469 inditas
3071 3414 3120 3468 ci
3144 3413 3414 3469 divinitus
3440 3415 3831 3470 illuminatioars

2259 3509 2733 3584 proportionaliter
2765 3509 2817 3562 in
2842 3507 2932 3562 Dei
2963 3505 3381 3586 similitudinem
3416 3508 3737 3562 ascendens.
3767 3508 3831 3560 De

2263 3605 2381 3664 vina
2408 3601 2778 3673 pulchritudo,
2806 3609 2865 3653 ut
2895 3598 3118 3666 simpia,
3151 3607 3210 3652 ut
3252 3599 3504 3668 Optima,
3546 3610 3606 3654 ut
3652 3599 3834 3653 teletar-

2260 3695 2415 3750 ehica
2429 3693 2498 3757 ³³,
2525 3707 2655 3762 pura
2677 3691 2891 3761 quidem
2907 3700 2986 3745 est
3003 3689 3392 3743 universaliter
3413 3693 3574 3745 omni
3596 3691 3834 3746 dissimiii-

2263 3787 2484 3849 tudine;
2551 3783 2892 3842 distributiva
2949 3796 3112 3846 vero,
3172 3781 3487 3837 secundum
3551 3782 3832 3853 dignitatern

2261 3873 2681 3943 uniuscujusque
2725 3871 2924 3942 preprii
2974 3870 3224 3937 luminis;
3266 3881 3325 3927 et
3357 3867 3668 3941 perfectiva
3699 3873 3745 3925 in
3769 3887 3834 3924 sa-

2261 3967 2465 4025 crilicio
2489 3964 2842 4027 divinissimo,
2876 3963 3168 4018 secundum
3204 3962 3274 4015 ad
3309 3962 3557 4031 seipsan
3605 3961 3838 4032 perfecto-

2263 4075 2380 4114 rum
2403 4068 2683 4126 compaete
2716 4054 3104 4110 immutabilem
3133 4050 3554 4107 formationem.
3601 4052 3838 4120 Interpre-

2262 4150 2393 4208 tatio
2421 4150 2586 4220 igitur
2610 4145 2915 4202 lerarchiae
2941 4153 3046 4208 est,
3071 4142 3137 4197 ad
3165 4143 3365 4208 Deum,
3394 4154 3674 4212 quantum
3700 4141 3840 4213 possi-

2260 4242 2405 4308 bile,
2462 4240 2758 4297 similitudo
2812 4246 2866 4296 et
2911 4238 3129 4300 unitas,
3183 4236 3646 4307 ipsumliabeus
3696 4235 3850 4299 omnis

2259 4343 2480 4390 sanctae
2507 4343 2562 4392 et
2589 4331 2850 4388 scientiae
2889 4334 2943 4385 et
2971 4329 3206 4385 actionis
3232 4328 3434 4382 ducem
3464 4369 3481 4392 ,
3534 4341 3592 4383 et
3622 4331 3688 4383 ad
3715 4342 3838 4381 suum

2260 4405 2654 4483 divinissimum
2701 4421 2950 4476 decorem
2999 4417 3422 4474 immutabiliter
3470 4418 3700 4488 quidem
3733 4415 3838 4470 deﬁ-

584 4511 771 4583 itaque
795 4516 1157 4572 honoriﬁcam
1184 4519 1328 4575 veris
1360 4523 1736 4591 negationibus
1755 4566 1768 4590 ,
1801 4534 1856 4579 et
1878 4527 1945 4579 ad
1967 4527 2149 4580 novis-
2181 4551 2234 4612 Β
2261 4519 2808 4588 niens,quantumque
2823 4512 2868 4544 ”
2892 4509 3584 4612 possibilcnreformans‘”,
3602 4524 3726 4612 suos
3751 4507 3837 4612 lau-

570 4601 708 4656 sima
731 4614 1132 4676 compactarum
1156 4613 1582 4668 resonantiarum
1597 4614 1642 4645 ¹¹⁰
1658 4615 1884 4670 diversis
1904 4616 2156 4672 similitu—

508 4705 513 4788 l‘
573 4689 810 4774 dinibus.
852 4693 996 4751 Nihil
1045 4713 1177 4771 ergo
1221 4700 1650 4772 inconsequens,
1697 4704 1744 4759 si
1794 4711 1850 4759 et
1891 4706 2155 4764 caelestes

2262 4614 2480 4668 datores
2515 4607 2781 4680 agalmata
2824 4603 2999 4660 divina
3029 4600 3264 4671 perlicit,
3305 4603 3541 4672 specula
3573 4602 3840 4691 clarissim

2261 4710 2317 4758 et
2358 4699 2557 4756 munda
2581 4739 2598 4764 ,
2648 4697 2918 4769 receptiva
2951 4693 3271 4766 principalis
3327 4694 3567 4750 luminis
3612 4705 3668 4751 et
3707 4690 3842 4766 dii-isi

1874 4838 2131 4902 VARIAE
2167 4838 2459 4900 LECTION
2470 4837 2572 4895 ES.

697 4939 1164 5016 A_immutabilem.
1274 4945 1360 5000 Ἀ
1405 4948 1889 5016 supereminentias.

571 5009 897 5086 materialg‘rn
918 5022 964 5066 et
988 5013 1273 5069 alienatum
1303 5009 1718 5086 incorporalibus
1761 5019 1924 5072 animi
1966 5037 2174 5077 sensum
2223 5009 2550 5078 emetientes.

575 5080 738 5160 gina}.
814 5080 894 5160 'li
942 5085 1239 5160 acceptqtis.
1315 5080 1706 5160 ε’..λὶὶῖιιεάςεῃιΔ
1739 5149 1750 5160 ,
1789 5089 2015 5160 ’etom.
2065 5093 2131 5144 A.

576 5149 620 5174 η
669 5150 708 5172 ’³
733 5163 820 5192 nm
872 5151 902 5188 Δ
1011 5149 1178 5204 ι’ίΔΙί
1214 5155 1515 5202 υιιηιΙιιρνηρΔ
1596 5158 1638 5187 ¹⁵
1687 5149 2155 5212 Α’ςηρρὶαιὶεαιρηι-

1967 4953 1988 4984 ³
2021 4948 2113 5007 Sic
2149 4953 2268 5018 BE;
2305 4951 2399 5007 ΑΗ
2427 4959 2659 5008 nostram
2690 4946 3114 5018 transitoriame}
3149 4945 3503 5018 corporalem
3530 4947 3775 5018 ratione!
3806 4954 3838 4994 εί

2629 5017 2711 5072 ‘et
2759 5031 2868 5072 om.
2913 5015 2958 5068 A
3055 5007 3100 5045 ’⁸
3139 5014 3186 5068 Α
3235 5007 3512 5072 formare.
3617 5017 3698 5069 ‘A
3734 5017 3838 5066 ina:-

2234 5095 2278 5168 ξο
2386 5091 2603 5168 divinis.
2651 5087 2720 5168 _“
2744 5090 2797 5168 _A
2837 5083 3244 5168 circumvoluteﬂ
3295 5161 3310 5168 _
3334 5085 3382 5115 ¹⁹
3507 5086 3835 5168 ‘inrisibilim.

2237 5162 2333 5204 ¹⁶Ᾱ
2373 5162 2550 5204 diuina
2651 5162 2691 5190 ιτ
2741 5162 2763 5182 ι
2806 5170 2823 5184 μ
2896 5165 2936 5176 ι,
2965 5171 2994 5178 λῃ
3130 5167 3178 5174 ___

2651 5159 2691 5190 ιτ
2741 5157 2763 5182 ι
2806 5170 2823 5184 π
3361 5155 3836 5209 Δ·’·ιιει--ιιιειιιι
