4008 6286
77 335 104 390 Ξ
117 330 228 387 043

761 330 1006 387 VERSIO
1047 328 1328 386 OPERUM
1371 330 1428 384 S.
1472 322 1790 384 DIONYSII.
1817 323 1887 368 4—-
1911 327 2287 384 CAELESTIS
2323 322 2724 383 lERABCHlA.

3207 324 3372 389 ’1046

76 444 266 508 radii,
319 451 376 497 et
421 441 588 496 indita
635 432 853 510 quidem
900 439 1150 496 claritate
1165 433 1210 482 ἶι·
1237 455 1390 495 sacrc
1443 436 1668 506 repleta,
1699 437 1752 498 Α
1776 433 2023 490 doctrina
2055 449 2152 503 per
2175 435 2880 503 inspectorum‘sscrorum
2907 431 3211 500 scientiam.
3259 432 3374 497 Non

71 549 316 604 eamque
339 534 538 589 iterum
559 533 778 602 copiose
797 532 852 588 in
877 547 967 598 ea,
993 546 1132 601 quae
1157 539 1475 600 sequuntur,
1497 526 1680 583 declav

74 624 612 692 rantia,secundum
657 623 866 678 divinas
909 622 1074 688 leges.
1124 619 1240 676 Non
1291 619 1435 674 enim
1481 616 1568 673 fas
1595 622 1678 671 est

71 725 408 772 sanctorum
427 712 823 784 perfectoribus
842 720 936 766 aut
956 720 1142 765 sancte
1168 704 1674 780 perfectis,.operari

73 804 263 873 quid-
307 803 531 863 omnino
578 809 794 871 praeter
841 800 1090 870 proprias
1133 796 1538 858 teletarcbias'
1585 808 1678 853 aut

73 910 273 950 sacras
313 893 726 955 ordinationes;
770 892 874 946 sed
924 904 1100 960 neque
1149 888 1446 944 subsistere
1498 885 1674 949 aliter,

74 984 192 1039 nisi
218 984 240 1016 δ
269 984 505 1043 divinam
552 982 722 1052 ipsam
745 985 766 1018 ⁵
795 981 1096 1035 claritatem
1125 985 1383 1049 appetant
1427 976 1471 1042 ⁸,
1520 984 1577 1030 et
1610 975 1676 1030 ad

74 1081 258 1150 ipsam
271 1055 426 1132 sa'cre
449 1083 505 1130 et
527 1075 781 1129 decenter
804 1071 1150 1140 respiciant’,
1176 1081 1238 1124 et
1265 1065 1674 1125 reformentur.8

74 1168 384 1232 secundum
433 1163 862 1233 uniuscujusque
929 1172 1239 1221 sanctorum
1305 1159 1675 1216 intellectuum

75 1260 409 1330 analogiam.
439 1257 629 1312 Nonne
653 1270 782 1326 ergo
804 1253 1136 1310 lerarehiam'
1163 1253 1255 1324 qui
1284 1253 1438 1318 dicit,
1463 1266 1676 1308 sacram

76 1350 360 1419 quandam
390 1345 768 1402 universaliter
790 1343 1033 1399 declarat
1054 1341 1675 1412 dispositionem’,ima-

75 1441 264 1512 ginem
287 1439 506 1496 divinae
551 1435 915 1507 speciositatis
962 1436 1014 1489 in
1037 1434 1316 1489 ordinibus
1357 1440 1414 1487 et
1434 1430 1678 1486 scientiis

76 1527 450 1593 lerarcbicis,
493 1526 748 1598 propriae
810 1523 1222 1579 illuminationis
1281 1521 1673 1578 sacriﬁcantem

79 1621 366 1691 mysteria,
399 1626 455 1672 et
481 1618 565 1672 ad
587 1615 863 1687 proprium
893 1614 1240 1684 principium,
1274 1626 1334 1668 ut
1358 1611 1512 1676 licet,
1539 1611 1676 1666 assi~

81 1713 371 1768 milatam?
419 1711 516 1766 Est
553 1709 696 1764 enim
741 1709 1034 1777 unicuique
1078 1705 1406 1762 lerarchiam
1444 1705 1676 1762 sortien-

1783 524 1826 572 ιο
1839 539 1970 595 ergo
1992 524 2368 594 unusquisque
2388 524 2720 585 lerarebicae
2747 520 3119 595 dispositionis
3139 521 3272 586 ordo
3293 537 3377 578 sc-

1779 617 2015 673 cundum
2044 616 2332 686 propriam
2373 615 2675 685 analogiam
2703 611 2988 674 reducitur
3015 610 3083 666 ad
3118 611 3359 674 divinam

1761 707 2242 778 ’cooperation‘em,
2271 706 2360 776 illa
2385 707 2954 776 perliciens‘gratiaet
2971 702 3239 768 Dmdata
3270 705 3380 758 vir-

1781 807 2098 870 tutel,quae.
2121 800 2480 855 thearchiae"
2503 799 2824 856 naturaliter
2855 809 2915 856 et
2951 795 3380 872 supernaturali-

1778 901 1865 948 ter
1890 894 2040 946 unita
2068 893 2264 956 sunt“,
2296 900 2352 946 et
2379 893 2450 946 ab
2473 907 2540 947 αι
2563 892 3098 962 superessentialiter
3121 903 3243 948 acta
3265 933 3283 955 ,
3311 894 3380 952 ,ρ’

1760 984 1857 1038 ad
1916 983 2229 1052 possibilem
2282 982 2452 1045 Deum
2499 983 3166 1054 diligentium'animorurn
3191 984 3371 1042 imita-

1777 1075 1983 1130 tionem
2008 1074 2308 1129 ierarebiee
2335 1073 2716 1129 manifestata.
2789 1078 2808 1101 *
3015 1107 3050 1112 η

2315 1162 2716 1218 CAPITULUM
2751 1163 2925 1218 Wa“
2992 1193 2994 1196 ν
3081 1188 3084 1191 ·
3143 1220 3148 1224 .

1975 1254 2116 1320 Quid
2145 1253 2403 1323 signiﬁcet
2437 1253 2744 1323 angelorum
2779 1255 3194 1324 cognominatio.

1841 1344 2012 1415 igitur
2033 1343 2307 1398 lerarcbia
2331 1341 2634 1411 liae".quid
2661 1343 2816 1407 sit",
2842 1342 3162 1408 utaestimo,
3181 1344 3373 1400 bene“

1777 1453 1807 1491 a
1833 1436 1990 1492 nobis
2009 1435 2256 1500 definita,
2285 1433 2581 1506 angelicam
2614 1434 2939 1491 lerarchiam
2962 1435 3008 1466 ³³
3036 1449 3375 1505 consequen-

1777 1537 1860 1580 ter
1875 1525 2282 1580 “laudandum
2303 1525 2391 1590 ’τί
2419 1534 2473 1580 et
2512 1524 2792 1580 mirabiles
2820 1526 2865 1580 ’β
2888 1525 3015 1595 ejus
3059 1526 3110 1581 in
3141 1527 3374 1598 eloquiis

1775 1615 2072 1672 formarum
2105 1614 2344 1671 facturas
2381 1615 2424 1650 ³⁸
2466 1615 2918 1683 supermuudanis
2955 1616 3129 1674 oculis
3160 1618 3376 1674 intuen-

1768 1705 1986 1770 dum“,
2023 1701 2086 1760 'ut
2129 1706 2482 1761 ascendamus
2515 1705 2572 1760 in
2607 1704 3154 1780 deiiormosissimam
3183 1723 3372 1764 eorum

79 1807 220 1861 tium
247 1803 530 1878 perfectio,
555 1804 654 1857 hoc
685 1810 799 1867 est,
845 1801 1138 1855 secundum
1168 1799 1444 1869 propriam
1485 1796 1672 1852 analo-
1707 1781 1752 1840 Β
1778 1796 2178 1866 simplicitatem
2200 1810 2298 1865 per
2320 1795 2578 1868 mysticus
2599 1794 3014 1858 "reformationes
3034 1797 3100 1864 δι,
3130 1806 3194 1854 et
3213 1799 3374 1854 simul

79 1898 231 1965 giam
282 1895 336 1949 in
387 1893 482 1950 Dei
533 1891 894 1946 imi-tationem
949 1890 1284 1953 ascendere,
1332 1895 1389 1943 et
1418 1887 1678 1942 Omnium

79 1986 352 2048 divinius,
381 1991 444 2038 ut
471 1982 684 2052 eloquia
715 1984 864 2038 aiunt
883 2024 898 2047 ,
935 1983 1027 2037 Dei
1059 1988 1465 2050 cooperatorem
1491 1977 1675 2042 fierit,

80 2084 142 2131 et
167 2075 450 2131 ostendere
476 2071 714 2128 divinam
743 2072 797 2126 in
838 2074 1017 2142 seipso
1046 2071 1336 2133 actionem,
1381 2067 1676 2124 secundum

80 2165 234 2235 quod
281 2163 540 2233 possibile
590 2169 675 2217 est
702 2201 716 2226 ,
763 2161 1132 2225 relucentem;
1185 2166 1370 2229 utpote
1421 2157 1677 2228 quoniam

79 2251 558 2313 ordo-lerarcbiae
582 2260 688 2315 est,
719 2252 980 2320 quosdam
1010 2247 1228 2318 quidem
1255 2247 1498 2318 purgari,-
1523 2260 1683 2317 quos-

83 2350 214 2402 dam
255 2362 382 2401 vero
415 2361 676 2417 purgare;
723 2353 778 2398 et
819 2343 1080 2412 quosdam
1110 2339 1330 2412 quidem
1362 2339 1679 2404 illuminari,

83 2438 352 2509 quosdam
391 2452 518 2492 vero
541 2436 948 2501 “illuminare;
990 2443 1047 2490 et
1093 2433 1354 2504 quosdam
1386 2431 1605 2502 quidem
1637 2433 1677 2472 ίι

84 2527 303 2603 perﬁci,
334 2526 599 2596 quosdam
630 2540 758 2581 vero
786 2525 1071 2596 perlicere,
1101 2523 1390 2592 unicuique
1419 2521 1684 2577 d‘eiforme

83 2617 406 2671 adunationi
420 2615 786 2687 qualicunque
801 2614 978 2670 modo.
999 2613 1185 2668 Divina
1199 2613 1684 2683 beatitudo’,-quau-

87 2695 204 2760 tum
237 2708 290 2761 in
321 2708 630 2765 hominibus
659 2707 968 2773 dicendum,
1000 2721 1133 2776 pura
1165 2705 1381 2774 quidem
1411 2715 1495 2760 est
1523 2705 1685 2760 simul

85 2801 238 2861 omni
261 2801 305 2831 “
332 2800 962 2869 dissimilitudine,plena
993 2814 1124 2854 vero
1142 2798 1184 2833 ί³
1213 2798 1432 2853 hnninis
1455 2798 1684 2883 aeterni,

85 2891 406 2962 perfecta,et
423 2907 526 2947 non
541 2892 790 2962 indigens
802 2890 1152 2946 simulomnis
1163 2889 1533 2958 perfectionis,
1559 2906 1687 2961 pur-

88 2998 229 3052 gans
241 2991 295 3038 et
316 2983 625 3037 illuminans
653 2991 706 3037 et
728 2982 1036 3052 perliciens.
1064 2980 1232 3048 Magis
1248 2990 1425 3035 autem
1441 2981 1687 3051 purgatio

88 3080 277 3126 sancta
298 3079 350 3125 et
390 3070 709 3125 illuminatio
731 3079 787 3123 et
809 3069 1070 3138 perfectio
1092 3081 1255 3136 super
1278 3069 1672 3139 purgationem,

87 3162 474 3232 snperlumen,
498 3171 625 3215 ante
647 3160 909 3230 perfecta,
931 3175 1027 3228 per
1046 3159 1280 3227 seipsam
1299 3157 1566 3228 perfecta,
1581 3174 1675 3228 per
1705 3139 1750 3199 ο

87 3255 320 3322 seipsam
352 3251 699 3323 perfectionis
735 3251 1058 3320 principium
1081 3290 1097 3316 ,
1125 3247 1197 3305 ‘et
1245 3250 1423 3304 omnis
1458 3249 1675 3320 quidem

85 3342 394 3397 lerarchiae
423 3357 608 3407 causa,
651 3342 934 3412 omnisque
979 3340 1122 3395 sacri
1151 3339 1448 3395 secundum
1486 3354 1676 3409 super-

85 3432 418 3486 cminentem
447 3431 908 3487 cxcelsitudinem.
947 3429 1174 3500 Oportet
1202 3431 1403 3500 itaque,
1434 3439 1492 3483 ut
1517 3431 1680 3484 aesti-

86 3543 179 3583 mo
207 3567 223 3591 ,
276 3528 583 3597 purgandos
621 3516 837 3595 quidem
878 3540 1043 3594 puros
1087 3523 1274 3595 perfici
1321 3527 1542 3580 omnino
1567 3567 1581 3590 ,
1623 3535 1680 3581 et

85 3617 235 3679 omni
266 3617 485 3671 liberari
512 3615 962 3672 dissimilitudinis
985 3615 1336 3670 confusione:
1365 3615 1678 3670 illuminan-

85 3711 187 3763 dos
208 3720 333 3764 vero
359 3709 555 3779 repleri
586 3710 748 3764 divini
781 3709 1086 3770 luminis“.
1105 3710 1172 3764 ad
1201 3708 1674 3780 contemplativam

85 3798 457 3855 habitudinem
487 3806 542 3854 et
570 3800 819 3855 virtutem
843 3801 896 3853 in
922 3799 1300 3855 "castissimis
1327 3801 1522 3854 tuentis
1550 3815 1678 3855 ocu-

84 3892 152 3945 lis
185 3890 521 3945 renovandos
546 3908 559 3945 :
589 3906 654 3945 ex
687 3890 1002 3962 imperfecto
1033 3890 1476 3946 "restaurandos
1511 3892 1679 3962 parti-

84 3984 236 4052 cipes
263 3982 380 4036 ﬁeri
409 3980 813 4052 exploratorum
843 3997 1121 4037 sacrorum
1150 3981 1477 4052 perfectivac
1502 3982 1678 4036 srien-

88 4072 200 4125 tiae
255 4084 271 4124 :
321 4080 638 4142 purgatores
678 4087 841 4137 vero,
885 4071 1254 4142 magnitudine
1277 4072 1320 4110 ⁸⁷
1343 4069 1678 4142 purgationis

82 4162 207 4216 aliis
228 4161 441 4216 tradere
473 4164 691 4233 propria
719 4163 968 4220 castitate
999 4182 1012 4217 :
1044 4163 1436 4218 illuminatores
1471 4171 1674 4227 autem,

86 4251 149 4304 ut
171 4246 558 4307 luculentiores
588 4253 816 4316 animos,
833 4261 888 4307 et
917 4254 982 4307 ad
1009 4251 1476 4323 participationem
1515 4253 1675 4307 lumi-

84 4344 170 4398 nis
197 4350 252 4397 et
281 4342 718 4398 distributionem
755 4343 972 4413 proprie
1010 4343 1289 4411 habentes,
1337 4350 1392 4398 et
1415 4343 1678 4398 ditissime

84 4441 310 4488 sanctae
329 4435 521 4504 repleti
546 4434 894 4500 claritatis",
911 4435 1130 4490 omnino
1151 4449 1306 4489 suum
1331 4435 1672 4504 superexcel-

85 4523 204 4578 lens
226 4523 405 4578 lumen
433 4525 486 4580 in
516 4539 630 4590 eos,
662 4525 916 4595 quidigni
944 4535 1069 4580 sunt
1089 4524 1313 4590 lumine,
1345 4526 1672 4595 superi-ehe-

85 4627 147 4668 re
185 4628 200 4666 :
241 4613 576 4684 perfectores
605 4629 754 4680 vero,
781 4623 1035 4684 tanquam
1067 4624 1446 4684 praeceptores
1491 4612 1670 4685 perfe-

81 4705 262 4760 ctivae
295 4707 621 4772 traditionis,
639 4710 899 4778 perlicere
927 4708 1280 4784 perliciendos
1303 4709 1672 4766 sacratissima

1781 1887 1962 1942 omnis
1985 1885 2322 1942 ierarcliicae
2346 1885 2942 1956 scientiaefprineipium
2957 1887 3291 1944 laudabimus
3320 1890 3373 1946 in

1780 1977 2040 2032 divinitus
2067 1976 2311 2047 praefata
2365 1977 2410 2008 δ’
2439 1976 2791 2048 religiositate
2827 1988 2882 2032 et
2935 1977 3298 2039 teletarchicis
3330 1981 3374 2011 ⁸³

1778 2069 2079 2139 gratiarum
2111 2069 2438 2125 actionibus.
2493 2068 2735 2124 Primum
2781 2069 2942 2130 simul
2967 2071 3214 2129 conmium
3244 2071 3372 2136 illini

1781 2163 1967 2219 dicere
1989 2178 2200 2228 verum,
2224 2171 2284 2217 ut
2307 2164 2556 2220 bonitate
2581 2164 2873 2224 universali
2903 2167 3375 2235 superessentialis

1781 2249 2064 2308 thoarchia
2080 2253 2144 2320 ⁸⁵,
2169 2269 2527 2323 θοιουῐηίιιιειθ
2552 2263 2698 2319 sunt,
2727 2257 2993 2312 essentias
3014 2257 3374 2324 substituens,

1783 2346 1851 2400 ad
1893 2359 2018 2401 esse
2059 2345 2301 2400 adduxit.
2349 2345 2446 2400 Est
2471 2345 2617 2400 enim
2641 2345 2751 2400 hoc
2795 2346 3293 2412 omniunrcausae,
3316 2355 3376 2402 et

1783 2452 1948 2508 super
1969 2437 2152 2492 omnia
2196 2437 2456 2494 bonitatis
2485 2438 2760 2508 propriam
2785 2477 2801 2502 ,
2848 2438 3376 2498 adtcommunionem

1783 2540 1936 2585 suam
1976 2544 2062 2593 ea,
2095 2539 2439 2597 quaesout,
2480 2543 2707 2593 vocare,
2753 2538 2812 2583 ut
2841 2530 3377 2598 unicuique-comm,

1784 2633 1923 2688 quae
1975 2627 2141 2684 sunt,
2193 2629 2260 2671 ex
2297 2617 2516 2688 propria
2566 2617 2824 2672 definitur
2872 2619 3140 2688 analogia.
3187 2619 3378 2674 Omnia

1787 2711 1953 2780 igitur
1980 2729 2004 2775 ,-
2049 2723 2188 2778 quae
2237 2717 2404 2774 sunt,
2452 2708 2782 2778 participant
2829 2709 3218 2777 providentiam
3246 2749 3262 2774 ,
3299 2723 3380 2766 ex

1785 2799 2226 2872 superessentiali
2255 2809 2312 2855 et
2333 2799 2706 2855 causalissima
2734 2799 3024 2863 divinitate.
3044 2809 3375 2856 manantem.

1786 2893 1902 2948 Non
1929 2893 2074 2948 enim
2103 2885 2354 2946 fortassis
2395 2898 2610 2953 essent,
2653 2890 2756 2944 nisi
2789 2905 3014 2957 eorum,
3047 2904 3188 2959 quae
3231 2899 3376 2954 sunt,

1787 2985 2079 3041 essentiam
2149 2998 2218 3039 ex
2284 2982 2552 3052 principio
2605 2981 3037 3036 assumerent”.
3079 2981 3376 3041 Existentia

1791 3074 1968 3144 igitur
1998 3073 2178 3128 omnia
2225 3086 2346 3128 esse
2423 3072 2542 3140 ejus
2615 3071 2978 3140 participant;
3051 3085 3171 3128 esse
3205 3072 3374 3148 cnim

1778 3168 2017 3223 omnium
2051 3175 2136 3221 est
2173 3181 2337 3235 super
2355 3179 2476 3220 esse
2509 3163 2764 3218 divinitas
2785 3163 2830 3194 ³⁸
2861 3181 2874 3218 λ
2934 3163 3166 3220 viventia
3197 3172 3378 3223 autem

1779 3257 1967 3314 eadem
1994 3271 2157 3327 super
2184 3272 2399 3310 omnem
2427 3256 2591 3310 vitam
2620 3253 2834 3309 viviﬁ'ca
2870 3255 3130 3310 virtute."
3167 3256 3379 3312 :‘ratioo

1780 3349 1922 3404 italia
1944 3349 1990 3380 ³³
2031 3356 2085 3402 et
2128 3346 2511 3401 intellectualia
2575 3346 2764 3404 eadem
2794 3345 2836 3379 ³³
2881 3350 3044 3416 super
3084 3356 3380 3414 omnemct

1783 3439 2048 3494 rationem
2093 3445 2149 3492 et
2193 3437 2524 3492 intellectum
2560 3451 2657 3506 per
2687 3450 2746 3490 se
2771 3435 3012 3506 perfecta
3047 3445 3103 3492 et
3127 3444 3378 3506 anteper-

1779 3527 1920 3584 feeta
1963 3526 2230 3597 sapientia
2263 3526 2337 3580 ⁸ο.
2369 3526 2721 3595 Clarumque,
2749 3526 2878 3595 quia
2918 3526 3065 3581 circa
3085 3541 3212 3584 eam,
3256 3526 3380 3582 illae

1778 3619 2140 3677 essentiarum
2177 3625 2364 3683 sunt,
2394 3631 2755 3687 quaecunque
2795 3617 3267 3674 innumerabiliter
3307 3618 3377 3677 ab

1780 3725 1843 3766 ea
1871 3718 2216 3779 acceperunt.
2249 3707 2483 3763 Sanctae
2513 3722 2644 3779 ergo
2668 3707 2984 3764 caelestium
3016 3707 3374 3762 essentiarum

1779 3800 2162 3870 dispositiones
2192 3813 2353 3868 super
2372 3813 2460 3863 ea,
2490 3807 2865 3868 quaetantum
2903 3803 3048 3863 sunt,
3079 3805 3133 3851 et
3157 3797 3377 3852 irratio-

1779 3889 2028 3945 nabiliter
2070 3889 2306 3945 viventia
2336 3929 2351 3954 ,
2399 3889 2698 3943 secundum
2741 3888 3378 3944 noscrationalia'ierar.

1778 3981 1966 4036 cliicae
1993 3979 2298 4034 traditionis
2320 3977 2720 4048 participatio"
2747 3976 2925 4031 factae
2953 3985 3100 4031 sunt.
3131 3976 3377 4031 invisibi—

1778 4071 1901 4126 liter
1941 4069 2086 4124 euim
2129 4070 2185 4124 in
2241 4069 2478 4125 divinam
2528 4068 2890 4123 imitationem
2939 4068 3148 4138 seipsas
3199 4066 3374 4122 refor-

1765 4167 2035 4228 mantes,
2079 4168 2135 4216 et
2182 4161 2249 4215 ad
2306 4159 2674 4216 thcarchicatn
2725 4157 3134 4213 similitudinem
3185 4170 3376 4227 super-

1779 4254 2052 4308 mundane
2125 4253 2450 4322 aspicientes
2480 4293 2494 4317 ,
2552 4260 2605 4304 et
2681 4250 2914 4305 formare
2949 4248 3002 4304 o"
3059 4257 3376 4318 appetentes

1777 4344 2194 4401 intellectualem
2250 4359 2402 4400 suam
2448 4344 2683 4414 speciem
2714 4383 2728 4408 ,
2772 4343 3105 4414 copiosiores
3151 4341 3375 4412 pulchre

1779 4435 1984 4490 habent
2026 4433 2094 4490 ad
2129 4447 2250 4490 eam
2278 4434 2684 4490 cetnmuniones
2708 4473 2724 4499 ,
2763 4431 3117 4487 adtendentes
3155 4429 3373 4499 quidem

1776 4535 1900 4582 sunt
1929 4527 2165 4600 [omnem
2193 4527 2379 4580 vitam.
2420 4525 2571 4595 Ipsae
2592 4539 2722 4596 ergo
2765 4532 2892 4580 sunt
2923 4523 3098 4592 primo
3127 4529 3186 4575 et
3209 4521 3375 4574 innu-

1774 4619 2103 4675 merabiliter
2118 4618 2207 4690 Ml],
2236 4628 2290 4673 et
2325 4634 2538 4688 semper
2561 4619 2626 4672 ad
2646 4631 2942 4681 summum,
2974 4622 3233 4685 quantum
3267 4611 3372 4678 fas,

1775 4711 1829 4767 in
1851 4712 2265 4767 confirmatione
2281 4711 2328 4743 “
2351 4711 2516 4765 divini
2560 4718 2616 4764 et
2651 4708 2960 4764 inﬂexibilis
2983 4707 3186 4764 amoris
3205 4707 3374 4761 intenc

1384 4798 1636 4855 VARIAE
1673 4800 2074 4879 LECTIONES.

173 4889 283 4960 LA
332 4889 530 4944 inditae
585 4904 638 4958 q.
708 4888 1014 4960 claritatis.‘
1091 4888 1112 4920 ²
1142 4889 1446 4960 Aquidem.

81 4961 102 5004 ε
133 4958 228 5014 ΑΕ
273 4969 540 5028 appetunt.
608 4957 616 4958 ί
648 4959 668 4990 ⁷
692 4958 782 5012 AE
829 4957 1128 5022 respiciunt.

78 5031 230 5082 (tam.
309 5029 350 5065 ιι
374 5030 584 5098 quidem
613 5043 721 5082 om.
749 5028 815 5085 A.
889 5029 936 5078 ."
970 5029 1025 5098 AM
1049 5028 1112 5080 ab
1137 5029 1278 5086 omni
1303 5029 1480 5082 simul.

79 5171 120 5198 ²¹
156 5168 203 5221 Α
229 5176 285 5221 et
310 5168 798 5237 supernaturaliter
823 5168 1026 5222 insunt.
1105 5169 1148 5198 ²²
1175 5169 1274 5220 hac
1300 5182 1410 5222 om.
1445 5169 1508 5220 A.

78 5238 125 5269 ’⁸
155 5238 200 5290 Α
229 5237 436 5292 deinde.
536 5239 579 5271 ⁸⁷
609 5238 652 5290 Α
681 5237 969 5294 laudanda.

81 5308 125 5338 ³⁸
165 5308 212 5360 Α
257 5309 455 5363 divina.

1089 5237 1135 5269 ³⁸
1173 5237 1214 5289 Α
1247 5237 1628 5307 mirabilesqne.

557 5307 605 5339 ³³
651 5307 694 5360 Α
729 5307 1140 5376 perfectissimis.
1240 5306 1287 5369 υ
1330 5306 1675 5376 Adirinitas.

77 5377 173 5430 AB
216 5378 529 5432 divinitatis.
604 5378 648 5409 ³⁷
679 5375 973 5431 Ᾱεαηάεηι
1020 5394 1066 5432 s.
1107 5393 1158 5431 c.
1189 5392 1240 5430 v.
1271 5375 1518 5444 uni/inani
1548 5379 1805 5436 virtutem.

1224 5446 1269 5477 "‘
1312 5445 1405 5500 ΑΗ
1439 5449 1853 5518 partiripatione.

81 5448 276 5501 lectam
297 5456 352 5501 et
379 5447 781 5569 anteperlectam
805 5448 1134 5516 sapientiam.

81 5526 190 5569 tam
213 5547 284 5555 ——
309 5517 578 5569 innumera
617 5517 754 5569 iliter
807 5531 1134 5569 sunervacan

1560 4889 1646 4944 ³Α
1695 4895 1908 4962 propria
1946 4893 2237 4947 hostiarum
2297 4895 2599 4963 mysteria,

1261 4959 1283 4991 ⁸
1313 4959 1403 5012 ΛΕ
1432 4958 1803 5028 reformantan

1561 5030 1604 5060 ¹³
1637 5032 1675 5082 Α
1711 5031 1753 5085 ll
1786 5034 1909 5086 reri.

79 5099 316 5152 rendus:
360 5097 406 5152 et
442 5099 788 5168 imperfectos.
866 5099 906 5129 "
941 5097 1029 5151 BH
1060 5098 1489 5165 magnitudinem.
1567 5099 1609 5130 ¹⁸
1643 5101 1683 5152 Α
1719 5103 1973 5159 raritatis.

1580 5213 1581 5217 η
1613 5171 1657 5199 ’³
1681 5171 1721 5224 Α
1745 5184 1839 5225 est.

1727 5240 1772 5272 ²⁹
1809 5242 1852 5294 Α
1881 5243 2135 5310 facturae.

2703 4893 2725 4923 ’⁵
2763 4891 2809 4946 Α
2839 4900 2923 4946 'si.
3033 4897 3054 4928 ³
3111 4891 3150 4943 Α
3185 4888 3367 4960 ipsius.

1909 4965 1930 4996 ⁹
1959 4963 2001 5017 Β
2027 4981 2179 5017 sacra
2205 4961 2498 5033 quadam...
2534 4962 2891 5033 dispositione.
2945 5031 2949 5033 λ
2995 4961 3036 4992 ²⁰
3060 4961 3171 5033 lict
3212 4976 3370 5033 quos-

2012 5033 2111 5086 ”A
2142 5029 2316 5087 divino
2344 5033 2556 5086 lumine.
2617 5029 2689 5063 ἠ’
2707 5035 2761 5086 in
2789 5048 2897 5086 om.
2927 5031 2991 5084 Α.
3070 5030 3112 5060 ⁸⁸
3139 5029 3181 5081 Α
3218 5032 3373 5090 redit:

2076 5104 2117 5135 ¹⁹
2178 5103 2268 5158 Sic
2299 5103 2488 5165 codd.;
2529 5102 2576 5156 A
2609 5100 2820 5157 Nonne.
2937 5102 2982 5131 ¹⁰
3013 5101 3057 5154 A
3084 5099 3366 5152 divinitati.

1932 5172 1978 5204 ”
2002 5173 2048 5227 Α
2077 5173 2200 5228 bene
2232 5184 2307 5248 u_t_
2336 5173 2575 5248 aestimo.
2617 5247 2623 5248 ί
2671 5173 2716 5202 ³⁸
2738 5172 2786 5226 Α
2814 5169 3047 5248 angelico
3078 5167 3370 5248 Ierarchia.

2266 5243 2310 5274 ³⁰
2339 5243 2381 5296 Α
2411 5243 2712 5296 intuendae.
2850 5242 2892 5274 ³¹
2931 5240 2976 5292 A
2996 5238 3368 5307 "mutationes.

1772 5311 1817 5346 ³³
1867 5305 1906 5367 Ᾱ
1955 5313 2289 5377 essentiae‘et
2337 5313 2580 5383 principii
2627 5305 3015 5383 assumptione.
3175 5305 3265 5383 Sic
3293 5305 3365 5370 E;

1909 5384 1961 5454 ³⁸ί
1981 5367 2559 5454 rationalia'autem.
2639 5381 2754 5454 "AA‘
2781 5367 3032 5454 eandem.
3097 5367 3143 5406 ⁸⁰
3174 5374 3218 5427 Α
3247 5367 3370 5453 ρειςέ

1951 5453 1996 5484 ⁸⁸
2021 5451 2064 5505 ii
2096 5454 2399 5522 reformare.
2491 5450 2537 5488 ⁸³
2575 5448 3026 5522 Amullipliciter.’
3062 5460 3263 5499 onmem
3292 5448 3368 5522 tti-

78 5526 284 5592 tarn:—
309 5513 1204 5592 innumérabiliter__slt'pervacanca
1251 5524 1398 5583 sunt,
1440 5513 1499 5572 ὀι
1542 5534 1570 5572 e
1602 5513 1821 5587 periodo
1851 5523 2097 5592 sequenti
2147 5513 2395 5578 videntur
2443 5522 2547 5575 huc
2575 5520 2720 5576 illata
2742 5513 2891 5591 esse“.
2931 5516 3128 5571 Extant
3161 5529 3288 5570 vero
3315 5513 3366 5573 in

1606 5656 1856 5716 NOTAE.

80 5587 338 5652 omnibus
361 5588 656 5642 codicibus.
752 5585 794 5615 “
821 5585 860 5638 Β
891 5585 1358 5654 conﬁrmationem.

159 5737 181 5765 ³
225 5725 392 5806 lCor.
428 5727 525 5796 lll;
568 5726 810 5784 lllJuan.
848 5729 896 5794 l;
945 5726 1136 5786 Matth.
1166 5727 1229 5782 ν.
