4008 6286
669 319 814 378 1οη

2015 328 2132 386 «1οΑ
2141 329 2184 384 Ν
2189 329 2297 387 NIS
2333 329 2539 389 εί)οΠ

3803 346 3920 405 tots

667 445 777 504 tae,
819 445 876 494 et
915 429 1240 509 principales
1283 439 1703 496 illuminationes
1732 423 2162 497 iminaterialiter
2191 451 2247 499 et
2273 447 2321 506 Α
2349 445 2624 513 docuere,
2672 447 2866 504 deinde
2910 463 3008 521 per
3053 452 3198 522 ipsos
3237 453 3289 508 in
3321 467 3420 508 nos
3451 454 3725 510 scientiae
3771 463 3916 528 grati.

666 540 802 596 pure
832 528 1174 599 recipientes,
1205 537 1260 584 et
1285 529 1354 583 ad
1393 529 1538 598 ipsas
1569 529 1886 595 ordinatae,
1933 538 1989 585 et
2034 530 2242 588 intelle-

663 616 898 674 ctualem
942 618 1203 674 habentes
1246 634 1470 677 omnem,
1504 621 1692 675 vitam.
1742 619 1894 691 Ipsae
1940 635 2070 691 ergo
2117 629 2244 675 sunt

663 706 842 776 primo
889 707 1462 766 et‘innumeraoiliter
1501 710 1518 742 ⁸
1574 709 1630 766 in
1683 709 2096 781 participatione
2146 709 2243 764 Dei

665 795 860 864 factae,
887 806 944 853 et
968 799 1144 868 primo
1176 807 1231 854 et
1273 799 1643 870 multipliciter
1670 800 2127 863 manifestatrices
2152 800 2238 855 di-

661 886 821 944 vinae
846 887 1241 944 occultationis.
1269 888 1564 959 Propterea
1585 897 1640 944 et
1664 889 1805 944 ultra
1834 889 2021 944 omnia
2038 903 2238 959 cogam

661 976 958 1033 minatione
983 977 1225 1049 angelica
1269 978 1510 1034 selectim
1541 979 1735 1051 dignae
1780 977 1961 1035 factae
1995 986 2143 1049 sunt,
2172 994 2238 1035 eo

660 1067 804 1140 quod
830 1070 1006 1140 primo
1034 1071 1087 1126 in
1118 1071 1319 1141 seipsas
1343 1073 1364 1103 ⁸
1408 1071 1576 1126 edunt
1606 1071 1844 1126 divinam
1892 1069 2238 1126 illuminatio:

659 1177 815 1240 nem,
828 1169 883 1218 et
903 1177 1000 1232 per
1021 1175 1078 1218 se
1105 1162 1159 1216 in
1181 1177 1279 1218 nos
1309 1163 1575 1229 delerunt,
1603 1177 1744 1232 quae
1771 1177 1932 1234 supra
1964 1177 2062 1216 nos
2089 1170 2234 1224 sunt,

658 1252 1139 1310 manifestationes.
1177 1253 1478 1325 Siquidem,
1511 1261 1571 1308 ut
1604 1253 1870 1320 theologia
1895 1253 1988 1319 ait,
2017 1268 2115 1323 per
2139 1268 2236 1308 an-

656 1341 803 1413 gelos
829 1343 986 1398 nobis
1010 1342 1240 1400 donatae
1267 1353 1393 1400 sunt
1410 1384 1426 1409 ,
1471 1352 1527 1399 et
1553 1343 1814 1416 gloriosos
1853 1359 2068 1414 quoque
2109 1353 2235 1400 ante

656 1431 827 1504 legem
853 1441 1068 1493 nostros
1095 1443 1277 1504 patres
1303 1434 1477 1506 angeli
1511 1435 1577 1491 ad
1611 1434 1854 1490 divinum
1883 1433 2231 1501 reducebant,

654 1523 799 1594 quod
827 1524 1092 1594 agendum
1127 1523 1556 1592 introducentes,
1583 1533 1640 1580 et
1664 1528 1732 1581 ad
1759 1532 1961 1580 rectam
1989 1524 2234 1580 veritatis

652 1614 793 1670 viam
819 1630 886 1671 ex
915 1630 1103 1673 errore
1146 1626 1202 1672 et
1249 1619 1358 1672 vita
1407 1617 1685 1674 immunda
1738 1617 2096 1682 reducentes,
2137 1623 2232 1671 aut

648 1705 870 1762 ordines
899 1720 1090 1763 sacros
1139 1708 1521 1780 mysteriorum
1563 1707 2059 1780 supermundalium
2084 1746 2100 1773 ,
2135 1715 2231 1763 aut

2345 536 2674 592 descenditd.
2703 539 2794 594 Sic
2812 555 2941 615 ergo
2969 543 3336 600 divinissimus
3357 544 3583 601 Gabriel
3615 547 3928 610 Zachariam,

2343 627 2558 696 quidem
2607 644 2874 685 summum
2919 633 3254 690 sacerdotem
3320 636 3590 708 mysteria
3639 638 3916 705 edocui",

2344 715 2447 770 hoc
2491 726 2612 784 est,
2671 721 2986 790 prophetam
3027 723 3087 762 ’ί-
3117 723 3232 780 fore
3279 739 3350 779 ex
3393 726 3514 795 ipso
3552 736 3759 782 contra
3792 743 3918 798 ηε

2341 806 2512 875 gratia
2542 807 2722 864 divina
2751 811 3082 866 nasciturum
3106 829 3338 883 puerum
3362 815 3636 869 divinitus
3669 817 3921 872 διεξιών

2340 895 2476 951 riter
2499 899 2699 954 mundo
2725 899 3152 960 manifestaadae
3177 905 3347 960 virilis
3371 906 3500 960 Jan
3553 906 3786 962 divinae
3813 924 3917 977 ope-

2339 986 2584 1043 rationis.
2616 988 3005 1061 Mariamque"
3033 994 3302 1063 qnomodo
3327 995 3379 1048 in
3401 996 3447 1040 'i
3473 995 3601 1066 ipsa
3630 995 3777 1051 foret
3801 997 3915 1051 divi-

2338 1092 2466 1132 num
2499 1077 2783 1136 ineﬂabilis
2807 1081 3024 1138 divinae
3047 1083 3384 1140 l'ormationis
3413 1086 3754 1156 mysterium
3775 1088 3815 1140 τ.
3839 1091 3920 1142 Ast

2337 1167 2478 1222 alius
2512 1169 2826 1240 angelorum
2861 1169 3064 1243 Josepb
3106 1175 3430 1239 erudiebat,
3479 1177 3776 1246 quomodo
3813 1192 3916 1231 vere

2338 1255 2691 1329 itnplerentur
2718 1262 2974 1319 divinitus
3000 1258 3265 1334 promissa
3302 1266 3645 1337 progenitori
3701 1266 3860 1321 David
3877 1271 3910 1318 ε.

2334 1349 2488 1404 Alius
2514 1365 2644 1406 vero
2678 1362 2956 1421 pastores,
2987 1363 3240 1425 tanquam
3280 1357 3582 1412 multorum
3614 1359 3911 1414 radiati-ct

2333 1436 2551 1493 silentio
2574 1454 2866 1496 conversos
2889 1442 2934 1474 ¹⁶
2957 1443 3339 1514 evangelizavil
3358 1485 3374 1509 ,
3414 1455 3632 1500 etcum
3663 1460 3736 1500 eo
3762 1446 3910 1500 miti.

2335 1528 2464 1582 tudo
2501 1529 2774 1586 exercitus
2799 1530 3048 1588 caelestis
3081 1532 3228 1588 illam
3255 1534 3412 1589 valde
3453 1534 3794 1590 laudabilem
3816 1548 3904 1590 tra-

2333 1617 2532 1673 debant
2570 1619 2658 1675 bis
2680 1659 2696 1686 ,
2743 1620 2838 1690 qui
2869 1621 2923 1676 in
2955 1629 3097 1677 terra
3128 1633 3288 1688 sunt,
3325 1625 3706 1695 doxologiam.
3748 1625 3908 1694 Respi-

2321 1709 2581 1778 .ciamque
2614 1711 2683 1765 ad
2710 1710 3107 1766 excelsissimas
3135 1713 3474 1785 eloquiorum
3509 1716 3744 1772 luminis
3769 1732 3907 1786 appa-

646 1795 888 1852 oceultas
927 1797 1182 1865 visiones,
1223 1809 1317 1854 aut
1365 1799 1573 1855 divinas
1596 1798 1860 1870 quasdam
1890 1797 2234 1867 antepraedi-
2260 1789 2306 1849 B
2333 1796 2576 1853 ritiones.
2607 1798 2776 1855 Video
2795 1800 2964 1866 enim,
2986 1801 3239 1870 quoniam
3269 1812 3326 1857 et
3352 1804 3470 1873 ipse
3518 1803 3712 1870 Iesus,
3737 1820 3902 1876 super-

647 1887 888 1943 cationes
941 1889 1255 1961 prophetice
1311 1889 1617 1946 revelantes
1641 1901 1705 1946 ι.
1775 1887 1834 1944 Si
1882 1897 2063 1944 autem
2109 1887 2233 1958 quis

647 1979 863 2043 dixerit,
903 1990 960 2034 et
987 1981 1111 2037 inde
1134 1981 1444 2037 immediate
1471 1980 1639 2036 fuisse
1665 1979 1990 2051 quibusdam
2016 1987 2233 2034 sancto-

647 2085 765 2123 rum
797 2069 1186 2142 tbe0phanias,
1218 2071 1391 2127 discat
1430 2081 1488 2127 et
1522 2071 1625 2126 hoc
1655 2069 1928 2140 sapienter
1951 2085 2016 2124 ex
2047 2083 2234 2124 sacra-

646 2157 874 2219 tissimis
901 2162 1127 2233 eloquiis
1153 2203 1169 2228 ,
1213 2161 1485 2234 quomodo
1531 2162 1633 2218 hoc
1671 2162 1800 2232 quid
1827 2169 1883 2216 ct
1910 2161 2070 2231 quale
2097 2162 2121 2194 ³
2147 2170 2231 2217 est

645 2255 739 2310 Dei
769 2254 1061 2320 occultum,
1090 2269 1248 2310 nemo
1275 2254 1408 2308 vidit
1432 2268 1607 2324 neque
1633 2253 1897 2310 videbith.
1940 2252 2225 2324 Theopha-

645 2345 769 2400 niae
797 2354 979 2399 autem
1001 2345 1204 2399 sanctis
1232 2343 1407 2398 factae
1430 2352 1555 2400 sunt
1583 2343 1878 2401 secundum
1904 2345 2226 2415 praedictio-

644 2451 741 2492 nes
765 2451 796 2490 a
824 2437 932 2490 Deo
958 2433 983 2468 δ
1006 2450 1104 2506 per
1127 2436 1386 2505 quasdam
1430 2451 1615 2492 sacras
1650 2434 1963 2491 videntibus
1996 2450 2225 2507 propor-

644 2526 922 2582 tionalium
961 2527 1224 2582 visionum
1272 2526 1758 2585 manifestationes.
1801 2526 1916 2596 Ipsa
1948 2526 2113 2598 igitur
2138 2543 2230 2582 sa-

639 2617 978 2688 pientissima
1026 2617 1288 2689 theologia
1316 2617 1576 2673 visionem
1629 2616 1796 2683 illam,
1827 2631 1967 2686 quae
2005 2615 2061 2670 in
2108 2614 2222 2686 ipsa

639 2715 725 2764 est
760 2708 1068 2780 descripta,
1115 2707 1374 2764 revelavit
1429 2708 1668 2767 divinam
1692 2749 1709 2774 ,
1763 2708 1918 2778 quasi
1959 2707 2014 2762 in
2043 2707 2216 2763 forma

639 2797 948 2854 informium
979 2797 1414 2864 similitudinum,
1458 2812 1527 2852 ex
1565 2798 1864 2854 videntium
1893 2797 1949 2852 in
1980 2796 2221 2852 divinum

640 2889 974 2954 reductiona,
1006 2889 1232 2960 pulchre
1268 2889 1453 2945 vocari
1494 2889 1897 2960 tbeophaniam,
1937 2886 2091 2958 quasi
2125 2901 2224 2956 per

636 2981 811 3051 ipsam
844 2995 913 3036 ex
944 2981 968 3013 ⁸
993 2980 1303 3036 videntibus
1333 2980 1514 3035 divina
1544 2980 1686 3035 facta
1713 2978 2127 3043 illuminatione,
2165 2985 2221 3032 et

636 3071 768 3141 quid
797 3072 1102 3127 divinorum
1135 3072 1267 3143 ipsis
1293 3071 1429 3127 mire
1459 3070 1872 3140 perdocentibus
1900 3069 1942 3122 ⁸.
1987 3066 2095 3123 llas
2123 3083 2221 3122 au?

2332 1886 2645 1945 caelestium
2672 1889 3029 1945 essentiarum
3061 1893 3534 1962 superessentialis
3565 1900 3824 1959 essentia,
3849 1895 3906 1947 at

2331 1979 2419 2046 id,
2455 1981 2598 2051 quod
2625 1983 2920 2038 secundum
2966 1998 3066 2040 nos
3093 1992 3196 2048 est,
3228 1983 3650 2040 immutabilitcr
3683 1987 3900 2046 venias.

2331 2086 2437 2126 non
2480 2071 2653 2127 resilit
2693 2073 2734 2106 ιτ
2756 2073 2859 2127 sub
2905 2087 2967 2128 se
3010 2080 3065 2128 et
3112 2074 3333 2129 militari
3381 2084 3438 2128 et
3472 2075 3659 2130 electa
3692 2075 3900 2131 humana

2328 2159 2467 2215 bona
2492 2161 2542 2194 "r
2563 2160 2926 2227 ordinatione,
2971 2161 3063 2218 sed
3094 2161 3351 2218 obediens
3377 2163 3642 2218 subditur
3669 2163 3840 2219 Patris
3857 2177 3900 2218 ct

2331 2252 2423 2307 Dei
2449 2268 2544 2323 per
2571 2255 2791 2324 angelos
2817 2255 3282 2326 dispositionibus.
3316 2255 3381 2309 Et
3410 2271 3514 2326 per
3535 2259 3756 2313 medios
3776 2258 3904 2328 ipsos

2328 2345 2686 2400 annuntiatur.
2723 2345 2921 2416 Ioseph
2949 2361 2981 2401 a
3019 2355 3174 2417 patre
3213 2346 3472 2418 disposita
3514 2349 3611 2402 ﬁlii
3646 2350 3716 2402 ad
3744 2351 3900 2421 Aegy-

2328 2444 2475 2504 ptum
2507 2435 2743 2491 recessio
2765 2475 2780 2498 ,
2829 2444 2893 2500 et,
2923 2436 3115 2491 iterum
3147 2437 3214 2489 ad
3241 2435 3508 2491 Judacam
3557 2453 3626 2493 ex
3679 2440 3908 2510 Aegypta

2327 2523 2658 2581 transductio
2681 2526 2734 2579 ι).
2777 2526 2845 2581 Ει
2895 2541 2993 2595 per
3038 2527 3258 2598 angelos
3302 2528 3476 2598 ipsum
3515 2529 3772 2584 videmus
3815 2533 3902 2585 sub

2324 2614 2567 2685 palemis
2629 2614 3068 2687 legislationibus.
3124 2617 3432 2672 ordinatum
3454 2620 3502 2671 ἱ.
3569 2617 3728 2674 Iusto
3773 2622 3900 2676 eain

2323 2704 2505 2761 dicere
2543 2715 2602 2760 ut
2639 2706 2832 2762 scienti
2860 2707 3059 2762 nostris
3085 2706 3900 2766 sacerdotalibustraditiaaih

2321 2809 2598 2865 expressa,
2626 2797 2769 2852 etde
2792 2798 2983 2868 angelo
3010 2798 3183 2865 ipsum
3209 2799 3393 2855 Jesutn
3425 2799 3912 2866 eonfortante;ast

2321 2885 2448 2955 quia
2494 2894 2552 2940 et
2587 2885 2705 2956 ipse
2747 2885 2905 2947 Iesus
2942 2903 3039 2957 per
3081 2897 3323 2944 nostra
3371 2888 3685 2945 salutarem
3721 2890 3900 2945 balet-

2320 2973 2573 3044 cientiam
2588 2975 2642 3024 ιες
2659 2984 2718 3031 et
2739 2976 3223 3041 manifestatoriam
3239 2977 3464 3044 veniens
3487 2980 3900 3044 ordinationem.

2319 3065 2542 3135 angelus
2582 3066 2760 3137 magni
2799 3067 3008 3127 consilii
3053 3066 3371 3137 appellatur.
3416 3067 3682 3133 Etenim,
3724 3069 3914 3141 alipta.

635 3136 744 3218 tem
775 3162 984 3218 divinas
1029 3136 1262 3219 visiones
1307 3136 1525 3234 gloriosi
1575 3170 1761 3233 patres
1806 3161 2216 3220 nostri'er‘uditi
2244 3136 2290 3198 (ἶ
2320 3158 2602 3229 angelus"
2626 3136 2938 3228 praedictus
2966 3136 3520 3230 ait'l,iquaecunqne
3543 3136 3900 3236 audiritalfaf

633 3263 759 3309 sunt
801 3256 822 3288 '
849 3269 944 3324 per
991 3255 1196 3311 medias
1239 3254 1498 3310 caelestes
1547 3255 1793 3311 virtutes.
1840 3257 1924 3311 An
1949 3258 1972 3291 ⁸
2015 3272 2121 3314 non
2159 3266 2216 3312 et

632 3357 845 3398 sacram
863 3343 1600 3420 legislationcnteloquiorum
1616 3344 1834 3399 traditio
1853 3344 1998 3400 velut
2011 3361 2108 3414 per
2121 3358 2180 3400 se
2191 3343 2214 3378 "

633 3434 850 3504 quidem
881 3433 1012 3488 dicit
1040 3449 1106 3489 ex
1153 3433 1264 3488 Deo
1299 3431 1468 3503 Moysi
1506 3433 1762 3487 donatam
1786 3472 1801 3498 ,
1835 3442 1894 3486 ut
1919 3434 2084 3488 etiam
2116 3448 2215 3489 nos

640 3539 768 3580 vere
784 3526 994 3590 doceat,
1016 3525 1226 3579 divinos
1247 3539 1367 3578 eam
1387 3538 1507 3579 esse
1527 3533 1582 3579 et
1603 3538 1788 3579 sacros
1809 3523 2148 3580 characteres
2162 3524 2217 3577 οἳ

631 3613 803 3670 Docet
832 3625 1014 3671 autem
1047 3615 1225 3670 ethoc
1251 3615 1526 3685 sapicnter
1551 3614 1837 3686 theologia,
1869 3630 1967 3686 per
1995 3616 2214 3686 angelos

630 3719 752 3760 eam
782 3705 834 3760 in
863 3719 962 3760 nos
989 3706 1298 3776 provenire,
1329 3715 1585 3776 tanquam
1624 3704 1806 3761 divino
1831 3705 1986 3775 legali
2021 3704 2216 3760 ordine

634 3795 766 3851 illud
793 3795 1038 3864 legaliter
1065 3805 1320 3866 ponente,
1360 3795 1461 3850 hoc
1505 3802 1608 3861 est,
1653 3809 1750 3865 per
1776 3795 1949 3865 prima
1976 3792 2212 3862 secunda

630 3885 684 3940 in
713 3885 953 3940 divinum
983 3885 1026 3916 ¹⁶
1060 3885 1258 3941 reduci.
1295 3885 1502 3961 Etenim
1528 3900 1634 3940 non
1660 3884 1831 3940 solum
1857 3894 1912 3938 ct
1942 3886 1993 3938 in
2019 3899 2210 3954 super-

627 3973 821 4046 positis
843 3983 898 4028 et
919 3974 1174 4046 subjectis
1193 3974 1410 4038 animis,
1438 3974 1532 4029 sed
1554 3981 1610 4029 et
1635 3973 1688 4028 in
1711 3988 1883 4044 aeque
1904 3975 2213 4044 potentibus

627 4065 743 4136 ipsa
777 4064 864 4120 lex
888 4065 1606 4136 delinitursupercsseutiali
1643 4064 1884 4120 omnium
1913 4063 2210 4120 ordinatio.

625 4157 710 4212 nis
731 4157 1013 4230 principio,
1045 4157 1148 4214 hoc
1172 4167 1274 4224 est,
1299 4172 1397 4229 per
1423 4173 1860 4231 unamquamque
1884 4157 2209 4214 lerarchiam

624 4248 828 4318 primas
851 4256 907 4312 et,
931 4248 1138 4312 medias
1162 4257 1219 4304 et
1246 4248 1466 4304 ultimas
1489 4263 1612 4304 esse
1634 4258 1692 4305 et
1729 4250 2125 4315 ordinationes,
2156 4259 2214 4304 et

623 4336 850 4398 virtutes
874 4376 890 4403 ,
939 4347 994 4393 et
1037 4337 1304 4393 minorum
1351 4352 1472 4394 esse
1513 4336 1805 4393 diviniores
1862 4339 2112 4394 doctores
2156 4347 2211 4395 et

623 4429 1062 4492 manuductores,
1091 4430 1144 4483 in
1178 4429 1415 4485 divinam
1445 4430 1823 4485 adductionem
1850 4439 1906 4486 et
1939 4430 2205 4486 illumina-

624 4515 830 4570 tionent
855 4525 911 4570 et
939 4517 1685 4598 communicationemﬂideo
1708 4529 1888 4575 autem
1913 4521 1980 4586 ¹.¹,
2005 4522 2138 4591 quia
2149 4531 2205 4577 et

623 4602 862 4660 divinum
873 4603 1071 4661 Christi
1089 4607 1438 4665 humanitatis
1452 4609 1763 4680 mysterium
1781 4607 1960 4679 angeli
1971 4611 2202 4679 primum

2317 3257 2415 3314 tre,
2447 3249 2791 3304 annuntiavit
2818 3251 2975 3306 nobis
2994 3250 3042 3304 1-.

2884 3383 3281 3440 CAPITULUM
3321 3385 3382 3440 ν.

2459 3495 2635 3571 Quare
2659 3511 2841 3566 omnes
2864 3496 3386 3571 caelestescssenliae
3417 3502 3785 3558 communiter

2872 3567 3046 3638 angeli
3071 3566 3340 3619 dicuntur.

2384 3699 2531 3756 Haec
2553 3699 2772 3770 quidem
2797 3707 2882 3756 est
2902 3739 2926 3765 ,μ
2947 3706 3208 3768 quantum
3237 3699 3306 3763 ad
3334 3715 3468 3764 nos,
3501 3717 3680 3758 causa
3712 3703 3892 3776 angeli-

2313 3805 2412 3852 cae
2438 3789 2492 3850 in
2521 3787 3574 3859 eloquiiscognotttinationis,,8cruuri
3605 3803 3818 3857 autem.
3845 3805 3898 3848 at

2314 3883 2573 3946 aestimo,
2601 3888 2846 3951 oportet,
2877 3881 2948 3935 ob
2982 3895 3144 3950 quam
3181 3895 3400 3936 causam
3435 3876 3890 3955 theokigi-omaes

2313 3972 2529 4042 quidem
2573 3969 2735 4026 simul
2777 3971 3042 4034 caelestes
3082 3971 3346 4027 essentias
3389 3973 3625 4043 angelos
3671 3986 3888 4030 vocant:

2313 4063 2382 4117 ad
2415 4060 2902 4121 manifestationem
2960 4069 3143 4130 autem
3182 4062 3463 4122 venientes
3505 4068 3891 4136 superabunda-

2313 4155 2444 4216 lium
2489 4155 2730 4225 ipsarum
2775 4152 3190 4223 dispositionum
3218 4191 3233 4218 ,
3281 4152 3539 4213 ordinem
3597 4157 3900 4228 angelicum

2313 4245 2625 4318 specialiter
2653 4245 2971 4310 nominant,
2999 4243 3319 4314 completive
3348 4244 3751 4302 terminantem
3773 4248 3890 4303 divi-

2314 4352 2413 4393 nas
2436 4343 2490 4393 et
2527 4335 2812 4398 caelestes.
2835 4348 2954 4394 res:
2985 4343 3126 4388 'ante
3163 4333 3338 4401 ipsum
3381 4345 3516 4394 vero
3557 4337 3904 4405 superposita.

2312 4427 2714 4500 archangelicos
2735 4425 2999 4484 ordinant
3030 4433 3274 4490 ornatus,
3299 4423 3702 4496 principesque
3730 4438 3786 4482 et
3805 4442 3887 4498 po-

2311 4526 2533 4574 testates
2557 4525 2613 4573 et
2639 4516 2886 4581 virtutes,
2913 4524 2970 4569 et
2993 4526 3344 4584 quascunque
3369 4511 3456 4566 his
3479 4514 3886 4582 superamus

2309 4607 2577 4668 essentias
2631 4605 2972 4679 eloquiorum
3028 4610 3374 4674 cognoscunt
3417 4603 3886 4672 manifestatoriae

1939 4739 2195 4798 VARIAE
2231 4740 2620 4803 LECTIONES.

692 4849 708 4880 ¹
733 4847 783 4920 ΔΔ
799 4849 1170 4920 multipliciter.

619 4988 761 5071 uina.
895 4980 1159 5071 ιχᾱῃὶιεηρ
1211 5005 1320 5045 om.
1377 4980 1814 5071 Βῐξςκξξθηηη

622 5057 810 5112 relatu.
925 5059 968 5090 ¹⁶
994 5059 1037 5123 A_
1065 5057 1330 5128 purgatos.
1453 5061 1496 5092 "
1537 5060 1626 5116 EH
1676 5057 1856 5114 relisit.

624 5126 669 5160 ”
694 5126 739 5181 A
771 5127 1068 5198 beneﬁcam.
1159 5130 1204 5160 “
1229 5127 1317 5185 BE
1363 5131 1566 5201 angelo.
1675 5131 1716 5164 ¹¹
1747 5131 1792 5186 Α
1823 5147 1851 5184 a

1279 4850 1433 4924 {BH
1465 4851 1517 4924 in
1564 4851 1765 4924 seipsis.
1841 4853 1863 4888 ³
1902 4853 2086 4924 Αᾼιῃοο
2129 4842 2334 4924 quidem
2368 4835 2519 4923 "quod
2557 4861 2662 4910 est.
2761 4853 2785 4884 ⁸
2809 4851 3170 4924 Asecundum
3217 4850 3454 4924 decentes
3482 4850 3684 4924 Deam.

620 4933 732 4974 om.
759 4917 825 4973 Α.
917 4917 1004 4986 ’Ἀ
1030 4917 1244 4988 quidem
1277 4922 1463 4993 divinis
1489 4923 1614 4992 ipsis
1641 4917 1816 4974 sancte
1839 4917 2240 4991 perﬁcicnliliua.
2329 4925 2350 4957 '
2380 4917 2428 4979 Ᾱ
2474 4930 2831 4994 perceperunt.
2926 4921 2948 4952 ⁸
2973 4922 3017 4974 Α
3046 4923 3170 4976 Aut.
3242 4922 3264 4955 '
3290 4919 3378 4974 BE
3399 4921 3543 4976 inde.

620 4988 761 5061 uina.
895 4989 1159 5061 “autem
1211 5005 1320 5045 om.
1377 4986 1487 5045 BH.
1579 4992 1622 5061 τ’
1651 4989 1740 5045 BH
1781 5007 1875 5060 per
1926 4991 2249 5061 prophetam.
2344 4993 2390 5028 “
2437 4993 2484 5050 Α
2527 4991 2752 5046 Mariam
2814 5007 3038 5061 quoque.
3138 4988 3213 5022 ἰδ
3249 4991 3313 5061 in
3360 5005 3470 5045 om.
3525 4991 3543 5045 1

3787 4856 3884 4905 ἀ’

3672 4924 3716 4955 ⁸⁸
3746 4923 3788 4976 Π
3810 4925 3879 4975 di-

2344 4993 2390 5028 “
2437 4988 2485 5050 Α
2527 4988 2752 5046 Mariam
2814 5007 3038 5062 quoque.
3138 4988 3213 5022 '“
3248 4991 3313 5062 in
3360 5005 3470 5045 om.
3525 4990 3595 5045 Α.

1957 5061 2001 5137 ξδ
2024 5060 2277 5137 Aresilit
2338 5079 2378 5126 a,
2426 5078 2483 5132 se
2519 5062 2766 5137 ordinata
2816 5060 2873 5132 et
2908 5069 3178 5136 assumpta
3237 5060 3471 5128 humana
3519 5062 3876 5119 ordinatione.

1675 5131 2043 5201 “Aangelus
2071 5130 2226 5185 dixit.
2475 5130 2477 5132 ’
2621 5130 2624 5132 ⁷
2731 5130 2738 5137 ’
2866 5130 2872 5132 ’
2978 5130 2985 5136 ’
3089 5130 3094 5131 “
3221 5143 3223 5146 ‘

2123 5219 2391 5293 NOTAE.

697 5343 724 5374 ι
756 5331 894 5408 βαρ.
919 5329 1062 5408 XIX,
1085 5330 1228 5408 §Xll
1247 5342 1302 5388 et
1322 5331 1526 5408 χξξις
1547 5333 1751 5408 indidi.
1778 5333 1876 5404 Vl;
1906 5333 2042 5392 Dan.
2066 5332 2190 5402 Vll;

619 5399 1498 5478 “illitudss-XLApogv.
1570 5399 1582 5408 ε
1699 5399 1727 5408 ·’
1817 5399 1872 5404 έτ
2172 5399 2201 5411 τ.

690 5473 719 5512 b
757 5469 914 5540 gum.
946 5471 1072 5540 XII;
1115 5469 1303 5529 lTim.
1337 5473 1414 5538 Vl.

692 5552 715 5597 ς
758 5539 916 5596 Deut.
945 5540 1037 5596 lx.

687 5610 713 5650 ιι
751 5608 946 5683 plana.
977 5610 1034 5683 1,
1063 5610 1195 5672 Luc.
1221 5610 1264 5682 1,
1295 5611 1358 5669 ιι.

691 5691 716 5720 ⁸
749 5677 880 5738 Luc.
907 5677 951 5738 Ι.

2370 5333 2543 5389 ‘Luc
3067 5344 3069 5346 ·

2369 5406 2395 5446 ⁸
2428 5403 2618 5458 Matth.
2659 5401 2731 5468 Ι·;’
2758 5402 2888 5458 Luc.
2927 5403 2988 5456 ll.

2362 5475 2392 5515 ιι
2433 5473 2620 5527 Matth.
2649 5472 2710 5526 ll.

2375 5545 2386 5583 ί
2431 5541 2560 5597 Luc.
2592 5538 2757 5597 XXII.
3014 5557 3016 5560 '

2371 5624 2385 5663 ι
2434 5612 2590 5669 loan.
2632 5610 2763 5680 XV;
2811 5611 2933 5682 lsai.
2965 5610 3055 5667 IX.
3170 5631 3175 5636 λ
