4008 6286
48 242 249 333 ’Μελ

786 264 1033 321 VERSIO
1061 263 1345 324 OPERUM
1384 265 1443 321 S.
1487 261 1806 331 DIONYSII.
1826 291 1897 307 --
1916 263 2293 324 CAELESTIS
2328 269 2719 329 IERARCHIA.

3228 281 3365 341 9050

62 378 440 439 traditionis.
490 377 732 435 Dicimus
773 385 952 435 autem
974 418 989 444 ,
1020 378 1149 448 quia
1174 393 1273 451 per
1310 392 1528 435 omnem
1558 392 1683 435 san-
1710 380 1759 439 Δ
1785 375 2124 447 eloquiorum
2151 368 2665 440 manifestationem.
2698 373 2923 444 Trinum
2947 389 3080 462 ergo
3106 378 3251 465 hunc

62 479 245 545 ctam
300 469 708 541 dispositionem
785 468 1112 525 excellentes
1165 470 1385 541 quidem
1459 469 1678 525 ordines

60 562 301 619 habent
324 569 381 618 et
406 562 423 594 ³
453 560 769 637 inferiorum
800 560 1217 633 dispositionum
1256 560 1679 617 illuminationes

60 665 148 711 ct
174 657 434 723 virtutes;
459 671 568 712 non
615 664 795 711 autem
839 654 1224 726 participantes
1266 668 1326 708 se
1355 654 1376 684 ⁸
1414 652 1679 709 excellen-

40 748 231 803 'tiurn
262 757 390 813 sunt
419 746 613 803 ultimi.
641 747 783 817 Ergo
803 745 1177 801 sanctissimos
1198 742 1678 800 excellentissima-

40 846 216 893 ‘rum
244 838 602 894 essentiarum
645 836 865 891 ordines
902 844 959 890 et
986 834 1007 866 ³
1036 834 1260 907 angelos
1288 842 1487 890 vocant
1529 834 1678 888 theo-

62 929 229 1001 logi;
261 929 464 984 etenim
500 936 627 983 sunt
650 927 1088 983 manifestatores
1123 935 1181 981 et
1205 927 1306 998 ipsi
1333 925 1677 984 thearcbicae

62 1020 503 1085 illuminationis
530 1034 578 1075 ι.
603 1020 859 1078 Ordinem
888 1036 1017 1077 vero
1040 1029 1341 1077 extremum
1369 1022 1674 1076 animorum

59 1116 409 1171 caelestium
436 1129 543 1170 non
569 1114 769 1170 habent
793 1114 1058 1170 rationem
1083 1113 1277 1169 archas
1304 1121 1397 1169 aut
1425 1114 1673 1179 thronos,

58 1212 181 1258 aut
206 1204 480 1275 seraphim
513 1204 791 1258 nominare
836 1203 878 1256 ⁸.
914 1202 1099 1273 Neque
1126 1203 1274 1259 enim
1323 1212 1409 1258 est
1455 1204 1508 1258 in
1552 1219 1670 1273 par-

63 1295 409 1365 ticipatione
453 1296 1031 1352 excellentissimarum
1073 1296 1369 1351 virtutum:
1404 1297 1499 1351 sed
1532 1297 1675 1351 sicut

62 1385 203 1453 ipse
232 1394 450 1441 nostros
476 1386 690 1440 divinos
717 1400 960 1441 summos
998 1386 1312 1442 sacerdotes
1353 1385 1565 1442 reducit
1603 1385 1673 1441 ad

60 1475 333 1545 cognitos
357 1476 407 1530 ei
435 1475 732 1550 divinitatis
762 1475 1000 1547 fulgores
1016 1515 1032 1541 ,
1059 1476 1140 1533 sic
1164 1486 1223 1531 et
1240 1485 1369 1531 ante
1400 1492 1461 1532 se
1485 1492 1676 1535 essen-

65 1569 288 1623 tiarum
329 1568 504 1624 adhuc
546 1568 856 1624 immundae
892 1568 1126 1625 virtutes
1165 1567 1464 1635 reducunt,
1508 1578 1566 1625 et
1601 1568 1672 1625 ad

64 1659 331 1714 divinum
377 1667 512 1714 sunt
557 1659 985 1721 consummantia
1029 1657 1305 1731 angelicas
1360 1658 1667 1727 lerarchias

1782 475 1991 534 natum,
2027 470 2180 538 quasi
2206 485 2368 526 unam
2393 479 2449 527 et
2470 487 2640 543 aeque
2660 475 2995 545 ordinatam,
3018 490 3075 535 et
3101 497 3228 538 vere
3255 486 3367 555 pris

1778 576 1923 615 mam
1943 560 2301 628 .lerarcbiam,
2328 564 2632 620 communis
2654 574 2844 622 noster
2867 568 3001 625 dixit
3029 572 3137 627 dux
3162 590 3176 628 :
3203 589 3309 644 qua
3335 570 3359 616 ἀ

1779 669 1885 709 non
1909 662 1994 710 est
2021 655 2063 686 ¹⁰
2087 653 2189 709 alia
2217 653 2555 721 deiformior,
2590 665 2647 713 et
2684 672 2781 727 per
2808 674 2868 715 se
2886 666 3367 733 praeoperantibus

1776 743 2085 799 Divinitatis
2124 744 2609 801 illuminationibus
2650 747 2961 805 immediate
3008 752 3047 781 "
3084 752 3361 810 intentior.

1777 832 2079 888 Secundam
2110 849 2243 889 vero
2264 851 2383 890 esse
2403 836 2557 891 aitex
2570 835 2935 894 Potestatibus
2955 849 3010 895 et
3024 841 3362 901 Dominatio-

1774 924 1932 979 nibus
1952 935 2006 978 et
2024 925 2322 980 Virtutibus
2335 926 2675 996 completam.
2705 927 2769 983 Et
2787 938 3061 985 ternarum
3075 934 3364 992 novissime

1774 1015 2086 1070 caelestium
2119 1016 2510 1071 lerarchiarum
2531 1056 2546 1081 ,
2575 1018 2891 1088 angelorum
2914 1028 2972 1076 et
3008 1022 3359 1096 archangelu-

1776 1122 1896 1162 rum
1924 1114 1979 1161 et
2004 1106 2406 1179 principatuum
2432 1107 2460 1146 ά
2489 1108 2921 1179 dispositionem.

2292 1262 2691 1321 CAPITULUM
2729 1265 2840 1321 Vll.

1769 1368 1849 1424 De
1871 1367 2145 1441 Seraphim
2167 1379 2215 1425 et
2247 1369 2543 1447 Cherubin}:
2558 1383 2604 1426 et
2639 1371 2863 1447 Turonis
2897 1383 2944 1430 et
2974 1374 3040 1432 de
3059 1374 3247 1447 fprima
3272 1394 3361 1437 eo-

2346 1457 2465 1495 rum
2489 1441 2517 1495 Ι
2521 1443 2784 1497 erarcltia.
2882 1452 2889 1461 '
3059 1441 3081 1503 ’θ

1841 1548 1994 1606 Hunc
2020 1566 2119 1607 nos
2144 1552 2411 1622 recepturi
2449 1560 2762 1608 sanctarum
2789 1550 3185 1612 lerarcliiarum
3207 1559 3358 1615 ordi-

1773 1652 1895 1692 nem
1921 1638 2173 1704 dicimus,
2210 1640 2334 1709 quia
2361 1628 2550 1695 omnes
2576 1642 2617 1673 ¹²
2644 1643 2957 1698 caelestium
2989 1645 3356 1703 intellectuum

63 1748 475 1819 dispositionis.
518 1748 630 1804 Nisi
655 1748 874 1819 quidem
898 1750 1022 1819 quis
1050 1726 1231 1805 el'hoc
1252 1750 1479 1811 dixem,
1511 1766 1664 1804 c0m_
1698 1735 1740 1794 Β
1770 1726 2264 1819 cognominationes
2279 1728 2698 1785 declarationem
2721 1731 3358 1807 habentuniuscujusque

62 1854 274 1896 munes
322 1855 451 1911 ergo
495 1840 517 1872 ⁸
557 1854 680 1895 esse
700 1854 888 1895 omnes
929 1838 1200 1910 angelicas
1234 1838 1662 1905 nominationes,

60 1933 377 1987 secundum
406 1933 648 1988 omnium
675 1932 937 1987 virtutum
974 1930 1291 1987 caelestium
1321 1931 1375 1986 in
1401 1929 1664 1989 deiforme

61 2035 132 2080 et
163 2040 233 2080 ex
262 2026 372 2081 Deo
400 2026 585 2081 datum
621 2017 801 2082 l'umen
831 2024 1225 2095 subiectionem
1269 2035 1326 2081 et
1363 2026 1665 2096 superemi-

62 2125 303 2171 nentem
339 2117 907 2173 communicationem.
954 2115 1061 2171 Sed
1109 2123 1169 2171 ut
1211 2115 1387 2187 magis
1430 2130 1461 2169 a
1506 2115 1663 2171 nobis

63 2207 220 2261 ratio
247 2205 534 2276 dijudicata
556 2208 659 2273 sit,
679 2207 1146 2263 considerabimus
1169 2221 1323 2263 sacre
1350 2208 1406 2263 in
1433 2207 1661 2277 eloquiis

66 2312 371 2368 expressas
396 2308 612 2355 sanctas
639 2308 695 2354 et
733 2300 960 2355 decoras
995 2296 1358 2371 proprietates
1403 2300 1661 2356 uniuscu-

56 2390 273 2461 jusque
307 2391 560 2448 caelestis
587 2390 977 2461 dispositionis.

606 2519 1017 2578 CAPITULUM‘
1033 2519 1121 2578 Vl.

62 2616 226 2699 Quae
264 2633 433 2703 prima
473 2624 772 2705 caelestium
810 2633 1153 2705 essentiagrum
1191 2631 1488 2705 dispositio,
1522 2652 1657 2705 quae

570 2704 762 2771 media,
790 2719 925 2773 quae
944 2703 1149 2758 ultima.

140 2838 341 2906 Quanti
364 2838 582 2909 quidem
605 2848 733 2895 sunt
758 2848 814 2896 et
838 2839 1027 2910 quales
1051 2839 1524 2910 supercaelestium
1564 2856 1654 2899 es—

60 2927 368 2983 Sentiarum
393 2936 644 2994 ornatus,
674 2937 727 2985 et
748 2929 1018 2998 quomodo
1045 2930 1343 2985 secundum
1367 2946 1463 2987 eos
1480 2930 1655 2987 lerar-

59 3018 228 3072 chiae
238 3016 610 3088 perﬁciuntur,
631 3017 802 3074 solam
818 3018 1109 3090 diligenter
1118 3021 1262 3076 scire
1276 3021 1396 3076 dico
1411 3029 1651 3076 contem-

1766 1815 2043 1871 deiformis
2061 1818 2426 1887 proprietatis.
2456 1819 2521 1873 Et
2551 1821 2770 1890 quidem
2797 1832 3040 1878 sanctam
3072 1824 3358 1899 Serapbim

1762 1907 2212 1973 nominationem,
2239 1909 2331 1979 qui
2361 1907 2405 1941 ¹⁸
2428 1909 2798 1967 Hebraeorum
2821 1923 2943 1969 sunt
2973 1915 3231 1984 scientes,
3264 1912 3360 1973 au‘

1762 1995 2107 2053 incendentes
2135 1999 2550 2055 manifestavcre
2580 2000 2648 2068 “,
2674 2012 2764 2057 aut
2790 2003 3207 2075 calefacientes;
3236 2022 3357 2064 eam

1761 2106 1892 2147 vero
1921 2090 2213 2146 Cherubim
2236 2092 2631 2149 multitudinem
2658 2096 2936 2163 scientiae,
2966 2110 3060 2152 aut
3083 2099 3352 2155 fusionem

1760 2185 2080 2255 sapientiae.
2103 2184 2334 2241 Pulchre
2357 2186 2519 2257 igitur
2533 2188 2703 2258 prima
2726 2188 3039 2245 caelestium
3060 2189 3356 2249 lerarchia-

1758 2293 1879 2333 rum
1908 2276 1977 2332 ab
2006 2276 2476 2333 excellentissimis
2506 2279 2758 2334 essentiis
2787 2282 3177 2349 sanctificatur,
3205 2284 3352 2340 ordi-

1757 2385 1880 2426 nem
1896 2356 2103 2425 habens
2115 2371 2365 2427 omnibus
2378 2370 2647 2439 altiorem,
2668 2372 2769 2427 hoc
2789 2374 3053 2438 est,circa
3070 2375 3238 2430 Deum
3253 2375 3355 2430 imo

1757 2462 1989 2517 mediate
2024 2462 2299 2528 collocari,
2349 2471 2404 2516 et
2446 2463 2622 2533 primo
2660 2473 2951 2535 operantes
2998 2466 3356 2537 theophanias

1755 2559 1812 2606 et
1847 2550 2213 2621 perfectiones
2259 2551 2313 2605 in
2349 2565 2469 2605 eam
2503 2559 2758 2622 tanquam
2808 2554 3110 2623 proximam
3146 2556 3348 2625 princi-

1752 2639 1933 2711 palius
1972 2640 2174 2695 deferri
2202 2641 2266 2694 ".
2295 2639 2689 2699 Calefacientcs
2729 2658 2861 2714 ergo
2901 2645 3251 2700 nominantur
3294 2654 3352 2701 et

1754 2736 1981 2805 Thmui,
2005 2748 2061 2795 et
2083 2738 2225 2795 fusio
2247 2741 2982 2813 sapientiaegmanifestativo
3008 2743 3348 2800 deiformium

1754 2845 1977 2887 suarum
2023 2833 2403 2890 habitudinum
2434 2836 2672 2893 nomine.
2709 2837 2905 2895 Mobile
2942 2839 3088 2895 enim
3134 2854 3351 2910 semper

1754 2935 1943 2977 eorum
1967 2924 2111 2978 circa
2138 2924 2341 2992 divina,
2368 2935 2425 2981 et
2446 2927 2785 2993 incessabile.
2801 2939 2854 2987 et
2869 2930 3128 2999 calidum,
3147 2939 3203 2987 et
3221 2946 3349 2988 acu-

1756 3022 1895 3079 tum,
1923 3022 1980 3069 et
2006 3014 2441 3085 superfervidum
2475 3017 2717 3075 intentae
2746 3019 2790 3050 "
2824 3028 2881 3074 et
2918 3035 3023 3075 non
3056 3020 3348 3092 indigentis

60 3109 327 3178 plativam
360 3122 547 3164 eorum
579 3109 951 3166 teletarchiam
975 3127 991 3177 ;
1019 3110 1195 3167 adhuc
1221 3118 1276 3166 et
1309 3126 1403 3167 eos
1425 3127 1531 3167 non
1557 3126 1650 3167 eo-
1678 3090 1723 3152 C
1754 3113 1810 3158 et
1830 3100 2137 3159 inﬂexibilis
2156 3118 2372 3176 semper
2400 3104 2678 3173 motionis,
2701 3116 2757 3162 et
2779 3090 3236 3179 superpositoruin
3264 3124 3363 3179 τερ,

59 3214 330 3270 gnoscere
351 3187 373 3231 δ
390 3201 634 3270 proprias
657 3201 888 3257 virtutes
901 3201 1407 3269 etilluminationes,
1422 3213 1477 3259 et
1497 3218 1653 3259 suam

59 3306 280 3346 sacram
310 3300 365 3345 et
410 3300 821 3362 superornatam
854 3293 1274 3351 ordinationem.
1318 3295 1656 3365 impossibile

59 3378 232 3441 enim,
250 3392 348 3434 nos
358 3380 430 3433 sci
439 3393 496 3433 re
510 3380 986 3449 supercaelestium
1001 3383 1300 3440 animorum
1316 3385 1588 3455 mysteria,
1600 3392 1658 3441 et

60 3467 440 3524 sanctissimas
458 3483 644 3543 eorum
664 3470 1024 3540 perfectiones
1038 3512 1055 3539 ,
1078 3474 1181 3529 nisi
1201 3473 1273 3529 ibi
1295 3474 1490 3529 dixerit
1508 3474 1653 3545 quis,

59 3572 421 3628 quaecunque
434 3574 529 3629 per
546 3574 639 3614 eos
659 3576 756 3617 nos
782 3561 803 3594 "
821 3572 1074 3631 tanquam
1095 3562 1308 3633 propria
1325 3563 1460 3618 bene
1480 3562 1656 3618 scien-

68 3656 156 3701 tes
189 3647 450 3703 Divinitas
474 3651 730 3723 mysteria
763 3651 965 3707 docuit.
995 3651 1113 3708 Non
1139 3667 1270 3725 ergo
1309 3668 1408 3709 nos
1435 3654 1652 3723 quidem

60 3735 237 3791 nihil“
256 3740 474 3808 proprio
497 3749 644 3795 motu
680 3741 933 3799 dicimus.
958 3741 1325 3813 Quaecunque
1349 3752 1529 3798 autem
1551 3758 1651 3797 an-

60 3825 359 3895 gelicarum
386 3829 813 3897 speculationum
843 3845 875 3885 a
905 3831 1111 3887 sanctis
1133 3832 1395 3903 theologis
1412 3841 1653 3887 contem-

64 3915 213 3983 plata
238 3926 384 3982 sunt,
414 3918 550 3975 haec
571 3920 828 3977 docentes
850 3936 967 3984 nos,
998 3931 1257 3991 quantum
1282 3930 1531 3994 potentes
1560 3937 1649 3977 su-

64 4019 209 4069 mus,
242 4021 593 4076 exponemus.
624 4007 827 4065 Omnes
856 4010 1124 4082 theologia
1161 4011 1425 4067 caelestes
1462 4026 1648 4067 essen-

65 4097 174 4150 tias
214 4111 403 4152 novem
453 4099 666 4154 vocavit
712 4100 1124 4157 manifestativis
1164 4100 1649 4173 cognominationi-

62 4188 167 4242 bus
191 4187 238 4241 ι).
273 4188 417 4255 Quas
453 4189 475 4219 ⁹
531 4191 746 4248 divinus
800 4199 986 4248 noster
1023 4202 1244 4250 sanctus
1286 4192 1558 4264 perfector
1595 4194 1649 4249 in

65 4286 181 4333 tres
197 4289 441 4348 segregat
464 4288 647 4337 ternas
671 4283 1071 4353 dispositiones.
1094 4284 1161 4340 Et
1180 4285 1411 4355 primam
1430 4286 1646 4354 quidem

62 4380 186 4421 esse
216 4366 345 4422 dicit
374 4370 517 4424 circa
552 4371 721 4427 Deum
754 4374 1077 4431 existentem
1106 4389 1341 4446 semper,
1358 4386 1414 4430 et
1441 4382 1648 4430 attente

1756 3195 1967 3250 ductive
1989 3205 2043 3251 et
2062 3197 2240 3251 active
2262 3196 2694 3262 assimilativum,
2723 3206 2978 3268 tanquam
3000 3198 3348 3255 rccaleficans

1755 3284 1844 3339 illa
1872 3293 1927 3341 et
1946 3286 2278 3341 resuscitans
2306 3285 2361 3341 in
2386 3286 2620 3361 similem
2650 3288 2887 3343 calorem
2918 3289 2985 3353 ",
3031 3296 3087 3343 et
3123 3288 3342 3357 igneum

1754 3373 1987 3428 caelitus
2011 3381 2068 3429 et
2095 3373 2412 3431 holocauste
2439 3377 2806 3447 purgativum,
2836 3384 2892 3433 et
2929 3376 3345 3432 incircumvela-

1755 3470 1868 3517 tum
1896 3470 1952 3517 et
1977 3462 2409 3536 inextinguibile,
2434 3465 2636 3521 habens
2661 3465 2823 3523 sicsic
2838 3467 2882 3499 ¹⁸
2895 3466 3349 3537 semperlucifor-

1752 3569 1894 3610 mem
1909 3563 1965 3610 et
1981 3555 2389 3612 illuminativam
2409 3559 2816 3629 proprietatem,
2831 3558 3010 3614 omnis
3026 3560 3347 3616 tenebrosae

1749 3646 2148 3702 obscurationis
2176 3649 2588 3718 persecutrieem
2616 3657 2671 3703 et
2705 3649 3217 3717 manifestatricem,
3243 3650 3344 3705 Se-

1752 3736 1962 3806 raphim
1994 3737 2418 3793 nominationem
2445 3746 2536 3813 aut
2566 3737 3060 3795 manifestationem
3083 3740 3258 3795 docet.
3298 3739 3342 3771 ¹⁹

1749 3820 1869 3896 Ipsa
1893 3840 2021 3880 vero
2044 3825 2335 3880 Cherubim
2357 3827 2717 3897 cognoscibile
2735 3843 2923 3884 eorum
2972 3836 3026 3883 et
3045 3829 3342 3892 deividum,

1748 3927 1807 3975 et
1828 3918 2123 3973 altissimae
2161 3915 2424 3973 luminum
2457 3918 2691 3973 dationis
2720 3919 3056 3989 acceptivum
3079 3957 3095 3983 ,
3130 3927 3187 3974 et
3209 3933 3340 3973 con-

1750 4007 2119 4079 templativum
2150 4008 2202 4063 in
2236 4009 2411 4079 prima
2438 4010 2741 4079 operatrice
2769 4010 2969 4065 virtute
2992 4008 3204 4064 divinae
3224 4007 3340 4080 pul-

1747 4098 2090 4164 chritudinis,
2121 4107 2177 4153 et
2203 4099 2573 4169 sapientilicae
2596 4099 2903 4156 traditionis
2940 4098 3239 4170 repletum,
3281 4106 3340 4153 et

1748 4191 2262 4248 communieativum
2286 4191 2499 4261 copiose
2532 4192 2601 4248 ad
2631 4192 2867 4247 secunda
2883 4190 3078 4246 fusioni
3095 4189 3335 4245 donatae

1747 4282 2067 4352 sapientiae.
2089 4281 2208 4351 Ipsa
2235 4293 2414 4337 autem
2445 4282 2834 4339 altissimarum
2857 4291 2911 4338 et
2930 4292 3334 4353 eompactarum

1747 4372 1953 4428 sedium
1974 4372 2123 4428 omni
2148 4372 2436 4443 diligenter
2464 4372 2693 4429 exaltari
2715 4373 3011 4445 ignominia
3034 4373 3331 4445 subiectio-

64 4458 165 4525 ipsi
193 4466 251 4512 et
275 4469 400 4514 ante
426 4461 557 4517 alias
588 4463 897 4520 immediate
927 4466 1071 4521 uniri
1102 4434 1372 4523 traditam.
1396 4467 1641 4523 Sanctis-
1676 4434 1723 4493 ί)
1747 4459 1853 4526 nis.
1871 4462 2005 4516 clad
2035 4434 2304 4517 summula
2335 4434 2771 4533 supermundane
2796 4479 3013 4519 sursum
3043 4434 3247 4527 ferens,
3280 4448 3343 4520 et

61 4547 231 4602 simos
248 4548 391 4604 enim
418 4550 665 4608 Thronos
687 4562 744 4610 et
764 4555 1009 4612 oculosos
1033 4564 1089 4612 et
1112 4571 1380 4627 pennosos
1402 4559 1639 4623 ordines,

61 4635 352 4692 Cherubim
385 4638 749 4698 Hebraeorum
777 4659 908 4699 voce
930 4655 986 4700 et
1007 4644 1292 4718 Seraphim
1314 4648 1639 4714 nominatos,

60 4726 358 4780 secundum
411 4732 661 4786 omnibus
706 4735 1096 4802 superpositam
1147 4737 1639 4807 propinquitatem,

61 4815 211 4871 circa
228 4816 393 4874 Deum
411 4822 722 4879 immediate
740 4825 939 4881 colloca
949 4827 990 4880 ri
1014 4826 1088 4880 ait
1105 4827 1318 4883 tradere
1336 4827 1639 4881 divinorum

1745 4551 1890 4605 omni
1921 4552 2260 4607 extremitate
2282 4551 2645 4609 inﬂexibiliter
2664 4552 2710 4589 ὀ
2737 4553 2791 4608 in
2820 4553 3263 4609 sublimissimum
3288 4554 3331 4590 εί

1744 4642 1955 4697 etcirca
1970 4656 2096 4696 vere
2111 4641 2384 4697 excelsum
2413 4643 2540 4698 totis
2560 4642 2850 4699 virtutibus
2878 4643 3333 4699 incommutabili-

1746 4738 1898 4785 teret
1913 4728 2177 4784 stabiliter
2197 4730 2537 4798 collocatum,
2550 4739 2606 4786 et
2627 4731 2792 4787 divini
2815 4732 3262 4801 superadventus.
3276 4731 3330 4787 in

1744 4820 2331 4891 omniimpassibilitate
2346 4822 2873 4881 etimmaterialitate
2894 4827 3255 4898 acceptivum,
3276 4834 3333 4878 et

1327 4957 1576 5012 VARIAE
1617 4954 2018 5012 LECTIONES.

134 5057 153 5091 ¹
178 5066 229 5113 et
251 5073 360 5116 om.
530 5064 553 5095 ⁸
570 5062 961 5142 βλᾳνιὶοῇραηε
983 5083 1113 5142 esse.
1187 5066 1208 5099 ³
1234 5076 1283 5142 et
1312 5080 1421 5142 orn.
1452 5067 1519 5122 A.
1548 5068 1615 5142 _"
1638 5066 1682 5121 A
1712 5066 2065 5142 nominandi._
2096 5066 2137 5142 ξ
2158 5083 2279 5142 ergo
2305 5083 2415 5142 om.
2442 5068 2553 5126 ΑΕ.
2613 5072 2655 5126 ,⁸
2684 5071 2775 5128 Sic
2798 5072 2965 5140 BEH;
2992 5073 3035 5126 Δ
3057 5074 3325 5142 ignorare.

58 5128 82 5162 '
114 5143 210 5184 nos
247 5144 357 5185 om.
392 5132 457 5186 A.

59 5214 218 5273 quae.
254 5199 338 5273 _“
375 5202 427 5273 Δί
452 5200 493 5256 E
537 5199 893 5273 manifestare.

569 5133 592 5166 '
621 5133 710 5206 Bll
738 5133 953 5205 quidem
982 5138 1128 5206 quid.
1204 5145 1225 5177 ο
1252 5138 1297 5191 Α
1334 5136 1470 5190 Has.
1546 5137 1589 5168 ¹⁰
1618 5147 1691 5191 est
1743 5151 1852 5190 om.
1880 5135 1946 5189 A.
1983 5205 1988 5206 ί
2026 5136 2066 5206 ἐ
2096 5134 2139 5190 Ε
2168 5133 2234 5191 ἰή
2257 5140 2549 5195 medietate.
2628 5144 2671 5175 “
2699 5143 2763 5197 de
2817 5159 2926 5198 om.
2950 5133 3087 5197 ἘΗζ

989 5205 1033 5288 ξι
1067 5205 1496 5288 Arbitrantur...
1521 5206 1845 5288 deferuntur.

3165 5139 3209 5172 ιι

1950 5205 1995 5236 ¹⁸
2042 5205 2088 5259 Α
2116 5214 2172 5260 et
2204 5207 2427 5275 forsitan
2472 5209 2706 5266 intimae.
2746 5210 2757 5215 ’
2796 5215 2839 5246 ¹⁷
2866 5213 2957 5267 ΑΕ
2986 5209 3325 5266 caliditatem.

63 5266 339 5357 :'i§ic‘B.,
372 5272 435 5357 Α
455 5266 849 5357 molientemque
870 5292 925 5331 se
955 5277 1029 5357 sic
1045 5294 1070 5357 ί
1152 5277 1422 5357 habentem
1449 5276 1526 5331 sic
1549 5266 1644 5343 sic,
1669 5274 1715 5330 il
1743 5275 1935 5331 habens
1971 5275 2067 5331 sic.
2146 5277 2187 5310 “
2204 5266 2268 5333 Ἀ
2288 5278 2306 5299 ⁶
2343 5281 2723 5337 nominationes
2766 5266 3329 5352 animaniiest‘ationes

1540 5454 1794 5515 NOTAE.

60 5336 274 5394 habent.
326 5336 329 5337 ⁷
371 5342 416 5380 ³⁸
442 5342 487 5398 Δ
511 5336 863 5414 ine/[altilium
971 5348 1014 5380 ¹¹
1045 5336 1089 5402 λ
1110 5348 1126 5366 ⁶
1153 5346 1485 5402 submissum.

1183 5513 1223 5547 υ

138 5572 165 5601 ι
196 5558 332 5616 ﬂeb.
361 5561 399 5617 Ι.

132 5629 170 5685 ,δ
197 5628 399 5687 Coloss.
428 5634 467 5687 Ι.

1824 5582 1845 5609 ο
1882 5569 2018 5641 Eph.
2047 5569 2140 5635 lll;
2164 5569 2372 5641 Quioss.
2404 5571 2443 5625 1.

1822 5641 1847 5679 tl
1880 5639 2109 5695 l.7Thes.
2136 5639 2223 5695 IV.
