2004 3143
312 157 389 192 ΙοὲΨ

311 211 460 251 amerina",
477 208 722 245 εεετῐέηηυιιιίέίκτε
735 208 768 244 in
790 215 896 244 divinas
920 216 1105 252 su'sce'ptiones
1119 212 1142 249 Α

311 260 471 299 apertum."
850 261 853 264 ’
942 267 944 269 ’
1068 261 1070 263 ’
1108 271 1110 274 ’

324 308 420 336 'Eaec
440 301 557 343 'qtiidem
584 305 724 335 nominum
753 307 882 342 ipsomm',
914 313 1044 342 quantutn
1075 308 1109 335 ad

311 359 361 381 nos
374 373 381 385 ,
410 352 565 380 declat-alio.
593 351 740 379 Dicendum
761 359 836 383 vero,
852 354 932 386 quam
946 352 1111 380 lerarchiam

311 404 405 425 eorum
420 398 609 426 aestimamus.
629 397 723 425 Omnis
741 397 848 432 quidem
870 398 942 424 enim
957 397 1110 425 lcrarcltiae

311 444 523 480 speculationem
537 446 620 472 Deum
637 444 754 472 imitanti
768 444 949 472 deifo‘rmitate
959 445 1107 480 dependen.

311 495 365 518 tem
381 489 566 518 iuﬂexibiliter
577 497 649 522 esse,
666 487 789 517 ct-divitti
805 497 913 517 omnem
929 490 1112 518 lerarchlcam'

312 536 446 563 actionem
462 536 489 562 in
503 535 863 571 participationem'sacram
887 538 915 563 et
937 536 1109 564 traditionem

311 580 478 615 purgationis
486 585 608 615 purae,et
615 580 696 607 divini
704 579 1021 615 ltnninis,ctpetifectivae
1027 581 1112 612 scien;

313 625 386 658 tiae,
404 625 570 652 sufficienter
589 626 645 661 jam
665 633 679 653 a
701 626 779 652 nobis
790 625 890 653 dictum
902 633 962 653 esse
983 626 1109 653 arbitror.

313 670 391 698 Nune
412 676 502 703 autem
519 668 609 698 dicere
635 670 715 706 digne
734 678 928 705 persequamur
941 664 948 686 ί
960 671 1111 698 excelsissi-

313 717 562 748 ntos‘intcllc‘ctus,
589 717 724 752 quomodo
745 715 801 752 jam
827 715 975 745 secundum
997 725 1044 744 eos
1070 718 1111 744 le-

312 762 418 789 rarcltia
441 763 474 789 ab
495 758 614 797 eloquiis
630 762 827 790 manifestatur.
848 762 947 790 Primis
970 762 1111 794 cssentiis,

312 808 382 842 quae
409 810 471 842 post
499 806 712 834 substantiticam
740 815 833 834 rarum
864 807 1031 834 titearcliiam
1057 808 1113 834 rol-

314 852 440 883 locatae.
471 856 498 879 et
525 852 606 879 veluti
637 853 663 879 in
691 848 832 879 vestibulis
859 852 942 886 ipsius
958 852 1108 884 ordinatae,

983 149 1131 188 'tOANNts
1150 156 1248 186 SCOTI

1888 163 1953 192 HE!

1157 219 1187 244 ct‘
1200 217 1233 242 att
1251 215 1463 245 vlmmaterialem
1478 222 1506 244 et
1528 217 1689 245 invlsibilem
1713 218 1956 254 pulchritudine,

1161 264 1291 295 quantum
1316 260 1368 292 fas,
1394 261 1420 288 in
1445 262 1914 297 contemplationem-adducuntur,
1935 272 1958 293 α

1161 306 1313 333 divinorum
1338 313 1450 341 operum
1474 307 1582 335 sciitiles
1595 309 1726 340 rationes,
1746 313 1779 336 ut
1802 311 1917 345 primae
1934 316 1959 339 et

1161 351 1233 379 circa
1244 351 1326 379 Deum
1340 352 1639 383 essentne-flectuntur.
1649 358 1676 381 et
1690 355 1725 381 ab
1740 354 1804 389 ipso
1817 355 1958 390 perfectio

1162 397 1204 423 nis
1224 397 1346 431 principe
1369 397 1555 424 excelsissimo
1580 398 1773 426 sanctilieatae
1801 404 1883 426 sunt.
1909 399 1957 427 Bo:

1161 446 1225 477 ergo
1248 442 1364 477 theologi
1391 447 1484 477 aperte
1507 442 1656 476 declarant,
1672 445 1834 479 suqtpositas
1855 445 1958 479 quidm

1161 487 1317 515 caelestium
1331 488 1525 517 essentiarum
1548 489 1737 524 dispositiones
1761 491 1958 525 superimtis

1161 536 1257 559 ornate
1275 533 1378 560 erudiri
1396 532 1507 561 deiticas
1527 534 1678 562 scientias:
1692 536 1822 563 omnium
1840 543 1910 563 vero
1927 537 1958 563 al

1162 577 1244 604 tiores
1264 578 1298 604 alt
1321 578 1375 611 ipsa
1400 578 1549 609 tliearcltia,
1565 583 1695 612 quantum
1713 580 1765 612 fas,
1787 581 1926 608 doctrinis
1943 585 1957 595 τ’

1161 621 1318 648 illuminari.
1335 622 1469 655 Quasdam
1482 623 1553 650 enim
1566 631 1658 650 earum
1674 624 1861 653 introducunt
1871 634 1888 653 a
1897 628 1957 660 prio-

1161 667 1235 695 ribus
1268 676 1345 695 sacre
1369 669 1507 700 cruditas,
1536 669 1678 697 Dominum
1706 678 1770 698 esse
1802 671 1955 699 estdesitum

1161 714 1310 746 Virtutum,
1337 720 1365 741 et
1389 722 1479 748 regem
1504 714 1605 748 gloriae
1630 715 1657 742 in
1683 716 1777 743 caelos
1806 718 1956 744 humanitus

1160 763 1300 793 receptum
1314 765 1337 784 ε.
1354 759 1488 792 Quasdam
1504 767 1568 786 vero
1579 760 1650 794 apud
1663 761 1751 794 ipsum
1768 760 1869 788 Iesum
1882 769 1956 796 quae

1161 809 1263 836 rentes,
1278 810 1305 832 et
1315 812 1364 839 pro
1376 805 1453 832 nobis
1473 812 1538 832 suae
1553 805 1662 832 divinae
1675 806 1797 834 actionis
1820 807 1954 834 scientiam

1161 851 1307 882 discentes,
1324 856 1350 877 et
1363 858 1410 878 eas
1425 851 1511 886 ipsutn
1526 850 1618 878 Iesum
1629 851 1791 880 immediate
1805 853 1954 880 docentem.

312 906 418 926 omnem
455 902 517 925 sunt
534 898 702 934 linvisibiicm
729 902 756 925 et
779 898 910 925 visibilem
941 897 1111 932 superexccl-
1129 894 1150 923 Β
1165 901 1195 924 et
1209 896 1393 931 praclargiens
1419 897 1458 923 eis
1479 897 1695 925 manifestantem
1711 905 1792 925 suam
1816 899 1953 926 humanm

312 939 398 971 lentes
420 943 518 971 factatn
547 944 556 959 ⁸
575 944 710 975 virtutem,
742 943 876 979 propriam
913 943 1109 971 aestimandum

312 993 355 1016 cst
368 997 427 1017 esse
445 994 471 1016 et
484 990 594 1017 omnino
613 988 806 1024 acquil‘ormcm
826 988 1004 1016 Jcrarcitiam.
1025 989 1110 1016 Puras

313 1033 396 1070 igitur
410 1042 457 1062 eas
477 1035 684 1067 acstintandum,
701 1043 753 1061 non
780 1037 808 1061 ιιι
831 1034 975 1061 immundis
999 1035 1111 1062 maculis

312 1083 339 1106 et
360 1077 593 1114 inquinationibus‘
617 1079 756 1111 liberatas,
773 1087 859 1114 ttequc
873 1084 902 1107 ut
926 1080 1110 1107 materialibtts

315 1130 438 1160 receptas
461 1126 612 1161 pltantasiis
629 1126 650 1159 ³,
672 1126 718 1152 sed
746 1129 774 1153 ut
807 1125 879 1152 omni
911 1125 1077 1160 subiectione
1101 1126 1111 1141 ⁵

313 1171 429 1198 mundus
442 1175 470 1197 et
481 1171 600 1203 altiores,
616 1176 642 1198 et
657 1171 728 1198 omni
745 1170 934 1206 superlirmato
950 1171 1050 1205 templo
1068 1177 1111 1198 se-

313 1217 432 1244 cundum
450 1217 667 1244 ‘eiicelsissimaut
687 1221 699 1237 δ
726 1217 890 1249 castitatem,
911 1216 1036 1244 'omnibus
1053 1217 1106 1244 dci-

314 1261 518 1289 i'ormosissimis
537 1262 685 1289 virtutibus
710 1261 947 1296 supercollocatas,
962 1266 990 1288 et
1002 1261 1111 1296 proprio

314 1314 363 1342 per
378 1314 407 1333 se
429 1311 518 1338 motu,
532 1311 559 1333 et
577 1306 671 1334 eodem
693 1311 781 1339 motu,
805 1307 952 1334 secundum
976 1306 1111 1341 diligentis

315 1351 401 1378 Deum
416 1347 623 1379 inconvcrsibile
643 1351 746 1379 ordinis
769 1351 953 1378 inflexibiliter
976 1356 1108 1386 receptas,

314 1400 342 1423 ct
359 1395 386 1423 in
402 1395 523 1430 subjecta
537 1396 728 1423 contumeliam
747 1396 858 1424 omnino
878 1396 1040 1429 nescientes,
1063 1397 1110 1423 sed

314 1442 489 1470 incasualem‘
507 1447 535 1470 et
557 1443 819 1481 intransmutabilem
835 1442 968 1470 habentes
983 1444 1110 1478 propriae

315 1487 454 1515 deiformis
482 1487 658 1522 specialitatis
686 1487 860 1523 purissimam
890 1488 1108 1516 coliocalionem.

314 1533 598 1568 Contemplativasque
613 1534 710 1561 iterum
726 1533 891 1561 sensibilium
915 1533 1109 1569 symbolarum,

316 1584 364 1606 aut
378 1579 598 1606 intellectualium
609 1579 816 1614 speculationes,
830 1586 918 1614 neque
929 1565 959 1606 iit
978 1576 1110 1607 varietate
1123 1565 1146 1597 Ο

316 1632 411 1653 sacrae
420 1625 579 1662 Scripturae
587 1625 708 1652 tlteoriae
715 1624 742 1652 in
751 1625 871 1652 divinant
880 1625 1015 1656 reductas,
1025 1625 1072 1653 sed
1083 1629 1112 1652 ιιι

316 1671 389 1698 omni
407 1670 579 1697 immateriali
602 1670 714 1697 scientia
737 1670 841 1697 altioris
861 1669 971 1697 luntinis
985 1670 1116 1704 repletas;

317 1719 344 1742 c't
356 1714 503 1743 formiticae
517 1720 544 1742 ct
557 1715 713 1751 principalis
724 1715 942 1749 pulchritudinis,
950 1718 976 1742 et
986 1722 1111 1749 superes-

318 1760 441 1787 sentialis
466 1765 493 1787 et
517 1759 674 1787 tcrlucettlis
694 1760 707 1775 ⁸
723 1759 959 1794 contemplatione,
983 1765 1112 1793 quantum

318 1805 359 1833 fas
373 1810 422 1836 est,
442 1804 556 1833 refertas
568 1826 575 1838 ,
592 1804 836 1832 communicatione
851 1808 941 1831 autem
955 1804 1019 1832 Jcsu
1039 1805 1114 1832 sinti-

320 1851 383 1878 liter
397 1850 476 1885 tligtic
492 1849 588 1881 factas,
617 1857 669 1877 non
692 1850 718 1876 in
736 1849 898 1884 imaginibus
919 1856 997 1877 sacre
1020 1850 1089 1878 ﬁctis
1102 1850 1112 1866 ⁷

320 1897 462 1925 formativc
487 1897 602 1932 figurant
628 1897 750 1924 deiiicam
775 1896 988 1927 similitudinem,
1015 1896 1061 1923 sed
1086 1900 1114 1922 ut

320 1950 385 1971 vere
418 1943 466 1977 ipsi
499 1942 719 1978 approximantes
742 1942 773 1969 in-
795 1942 883 1976 prima
908 1941 1115 1976 participatione

320 1989 449 2017 scientiae
461 1988 587 2016 deificum
602 1987 662 2023 ejus
673 1986 805 2014 luminum
817 1987 837 2020 ³,
846 1991 873 2014 ct
886 1987 948 2021 quia
958 1987 1011 2013 Deo
1027 1986 1114 2013 simile

319 2034 386 2070 ipsis
410 2032 607 2068 subiectissime
634 2033 645 2049 ’
660 2033 788 2061 donatum
803 2037 855 2066 est,
867 2037 895 2060 et
914 2032 1115 2059 communicant

321 2078 487 2113 ltujusmodi,
514 2082 542 2104 ut
565 2077 701 2113 possibile,
728 2077 754 2104 in
776 2076 992 2111 praeoperatrice
1016 2076 1115 2102 virtute

321 2123 425 2151 deiﬁcis
447 2123 531 2158 ipsius
548 2126 576 2149 et
598 2121 723 2149 humanis
741 2121 897 2148 virtutibus.
920 2120 1057 2147 Perfectas
1069 2127 1116 2147 au-

322 2174 375 2197 tem
402 2165 539 2200 similiter,
561 2174 613 2194 non
640 2171 670 2194 ut
691 2174 768 2194 sacra
793 2167 926 2193 varietate
952 2164 1122 2200 analyticam.

321 2214 463 2241 scientiam
488 2212 662 2244 illuminatas,
686 2211 734 2239 sed
757 2216 786 2238 ut
804 2211 906 2246 primae
920 2214 948 2237 et
967 2210 1115 2244 superemi-

1159 942 1352 977 beniguitatcm
1367 944 1398 969 ¹².
1422 942 1477 977 Ego
1490 945 1568 975 enim,
1595 944 1691 978 inquit,
1705 945 1816 978 disputo

1160 993 1184 1015 et
1194 988 1325 1022 judicium
1341 989 1466 1015 salutaria
1487 990 1511 1014 ιι.
1527 989 1610 1016 Miror
1622 994 1723 1021 autent,
1740 991 1807 1024 quia
1833 995 1863 1018 et
1883 992 1953 1018 caele

1160 1036 1241 1062 stium
1255 1036 1434 1062 essential-um
1458 1036 1573 1069 primae.
1588 1040 1612 1062 et
1641 1040 1750 1063 tantum
1770 1036 1856 1063 simul
1869 1044 1953 1064 cautes

1161 1082 1394 1116 supercmincntes
1413 1081 1577 1109 thearcliicis
1589 1081 1852 1113 illuminationibus,
1865 1086 1893 1109 ut
1904 1091 1952 1109 me

1161 1125 1249 1153 diatae
1260 1126 1432 1160 quaestiones
1445 1130 1598 1154 reverenter
1608 1126 1780 1161 appetant”.
1793 1126 1952 1154 Stasimum

1161 1172 1223 1199 inde
1246 1172 1422 1206 interrogant,
1446 1180 1530 1206 quare
1551 1172 1590 1198 tui
1616 1172 1695 1199 rubra
1706 1172 1875 1205 restituente,
1892 1175 1952 1208 apud

1161 1216 1264 1251 seipsas
1279 1225 1341 1243 vero
1353 1217 1503 1243 deliberant
1513 1221 1575 1244 ante
1586 1217 1768 1252 interrogare,
1782 1219 1952 1247 ostendth

1160 1262 1280 1296 quidem,
1296 1262 1355 1295 quia
1378 1263 1496 1296 discunt,
1520 1267 1547 1289 et
1563 1263 1685 1290 deiﬁcam
1710 1264 1860 1291 scientiam
1879 1272 1951 1299 appr-

1162 1310 1230 1336 tunt,
1248 1315 1299 1333 non
1319 1311 1406 1333 autem
1428 1307 1613 1341 praesilientes
1633 1315 1682 1343 per
1705 1308 1831 1336 divinam
1851 1317 1951 1344 proces-

1161 1352 1264 1379 sionent
1289 1353 1400 1379 inditam
1428 1353 1662 1380 illuminationem.
1695 1353 1755 1381 Non
1783 1362 1855 1389 ergo
1878 1356 1953 1390 prima

1160 1397 1316 1425 caelestium
1336 1398 1520 1424 intellectuum
1546 1398 1678 1425 lerarcltia
1700 1399 1733 1425 ab
1756 1400 1817 1433 ipsa
1841 1400 1954 1427 theletar‘

1162 1444 1221 1470 cbia
1235 1444 1414 1475 sanctiﬁcata,
1431 1451 1484 1477 quo
1501 1444 1527 1470 in
1542 1451 1601 1470 cant
1618 1444 1780 1472 immediate
1795 1446 1953 1472 extumuit.

1160 1490 1329 1517 sanctissima
1347 1490 1369 1508 ¹ι
1397 1490 1554 1524 purgatione
1574 1490 1659 1517 multo
1679 1490 1787 1517 lttminc
1811 1491 1954 1526 antepcrfe-

1161 1538 1221 1561 ctae
1243 1534 1483 1561 consummationis
1503 1535 1742 1569 proportionaliter
1761 1543 1827 1563 eam
1844 1536 1953 1571 impleas.

1162 1584 1290 1614 purgatur
1303 1584 1329 1605 ct
1350 1579 1516 1606 illtttttinatur
1539 1585 1566 1606 ea
1589 1580 1741 1614 perficitur,
1763 1582 1844 1608 omni
1862 1582 1955 1617 quidm

1164 1624 1342 1651 minoratione
1353 1632 1430 1658 pttra,
1444 1625 1522 1659 primi
1539 1633 1600 1652 vero
1615 1625 1723 1653 luminis
1737 1626 1953 1663 plenam-primo

1164 1669 1253 1696 datam
1266 1670 1446 1704 cognitionem
1458 1675 1485 1697 ct
1499 1671 1638 1697 scientiam
1651 1671 1828 1706 participans
1838 1672 1953 1707 perfecta.

1163 1714 1402 1748 Compreltendcns
1424 1722 1513 1742 autem
1528 1721 1554 1742 et
1572 1716 1622 1742 hoc
1635 1716 1753 1743 dixerim
1774 1716 1903 1746 fortassis
1914 1726 1953 1745 non

1160 1760 1311 1790 immerito,
1327 1761 1388 1793 quia
1404 1765 1430 1786 et
1444 1761 1566 1794 purgatio
1576 1766 1626 1791 est,
1639 1765 1666 1788 et
1677 1761 1861 1794 illttminatio,
1872 1767 1898 1790 et
1907 1770 1954 1797 per-

1164 1805 1244 1832 fectio
1271 1806 1378 1832 divinae
1396 1806 1524 1833 scientiae
1539 1807 1697 1841 assumptio,
1722 1807 1886 1842 ignorantia
1906 1808 1954 1842 qui-

1165 1850 1224 1877 dem
1239 1855 1330 1884 ttllmlc
1344 1858 1470 1885 purgans,
1482 1851 1629 1877 secundum
1641 1851 1768 1879 ordinem
1780 1852 1870 1879 indita
1882 1853 1954 1880 scieti-

1166 1896 1202 1922 tia
1215 1896 1407 1930 perl’cctiorunt
1419 1896 1601 1922 doctrinarum
1611 1916 1618 1927 ,
1630 1896 1791 1925 illuminans
1804 1903 1897 1925 autem
1910 1899 1953 1933 ips:

1166 1941 1255 1967 divina
1281 1942 1443 1975 cognitione,
1469 1948 1517 1975 per
1537 1949 1618 1976 quant
1633 1946 1662 1968 et
1685 1947 1787 1977 purgat
1811 1950 1869 1970 non
1892 1943 1955 1978 prius

1165 1986 1392 2019 contemplantem
1407 1987 1439 2017 ¹³,
1466 1993 1547 2020 quant
1580 1986 1736 2013 manifestat
1764 1995 1817 2022 per
1846 1987 1953 2015 altiorem

1167 2030 1407 2060 illuminatioucm,
1433 2035 1459 2056 et
1486 2031 1629 2064 perliciens
1653 2026 1756 2058 iterum
1782 2031 1852 2067 ipso
1869 2033 1954 2059 lumine

1167 2076 1314 2103 secundum
1340 2076 1461 2102 habitum
1477 2076 1589 2103 srientia
1612 2076 1850 2104 lucidissimarum
1869 2078 1956 2105 doctri-

1167 2128 1273 2147 narum.
1283 2121 1341 2154 lpsa
1353 2128 1417 2155 ergo
1424 2125 1475 2151 est,
1489 2126 1617 2155 qttantum
1629 2122 1662 2148 ad
1673 2127 1799 2150 nostram
1812 2122 1953 2153 acie-lim.

1166 2166 1253 2201 prima
1268 2166 1425 2193 caelestium
1440 2167 1620 2193 essentiarum
1630 2167 1786 2201 dispositio,
1802 2168 1835 2195 in
1851 2168 1953 2196 drmit:

1168 2212 1215 2238 Dei
1228 2215 1255 2238 et
1270 2212 1340 2238 circa
1355 2211 1437 2237 Deum
1451 2210 1705 2243 lmmediate‘stans,
1720 2215 1751 2238 et
1760 2211 1922 2247 simpliciter
1931 2218 1952 2238 tt

322 2257 411 2285 uentis
436 2256 615 2283 deitlcationis
644 2255 772 2290 repletas,
788 2254 938 2282 secundum
962 2251 1334 2282 excelsissi—Dincessantcr
1360 2255 1523 2282 circumiens
1547 2260 1684 2282 aeternam
1715 2256 1778 2291 ejus
1806 2257 1951 2285 scientiam.

323 2309 396 2329 mam
416 2302 450 2334 ιθ,
471 2306 601 2336 quantum
624 2302 649 2329 in
674 2301 798 2337 angelis,
823 2300 974 2328 divinorum
1001 2307 1112 2334 operum

324 2348 476 2375 scientiam.
483 2347 542 2375 Non
550 2348 621 2375 enim
630 2354 678 2383 per
685 2347 751 2374 alias
758 2350 866 2373 sanctas
873 2345 1017 2377 essentias,
1024 2346 1070 2371 sel
1080 2345 1114 2371 ab

325 2393 383 2427 ipsa
398 2393 536 2421 thcarcliia
551 2393 744 2424 sanctillcalae,
757 2392 784 2419 itt
794 2391 879 2426 ipsatn
894 2391 1050 2419 immediate
1063 2399 1111 2418 ex-

326 2439 481 2472 tenduntur,
490 2440 623 2467 omne’s‘°‘
637 2438 848 2474 supereminenti
861 2438 961 2465 virtute
973 2442 999 2464 et
1008 2437 1113 2469 ordine,

324 2489 353 2512 et
364 2485 397 2513 ad
411 2486 589 2514 castissimam
603 2486 714 2513 omnino
723 2485 914 2521 fortitudinem
935 2484 1114 2517 collocantur,

1166 2302 1312 2329 secundum
1337 2300 1603 2333 excellentissimam,
1631 2306 1763 2335 quantum
1793 2302 1824 2329 in
1850 2303 1951 2338 angelis.

1166 2354 1273 2381 semper
1299 2347 1423 2374 mobilem
1435 2347 1458 2362 ”
1470 2347 1686 2379 collocationem,
1702 2347 1806 2374 multas
1817 2348 1922 2382 quidem
1931 2354 1951 2373 (-l

1166 2393 1260 2420 beatas
1273 2393 1365 2420 videns
1389 2401 1454 2427 pure
1478 2393 1726 2427 contemplationes,
1743 2394 1844 2429 sitnplo
1857 2402 1919 2422 rem
1931 2399 1951 2420 et

1167 2440 1323 2467 immediate
1341 2440 1443 2474 fulgore
1456 2440 1474 2455 ¹⁷
1489 2439 1649 2471 illuminata,
1671 2444 1698 2466 et
1719 2439 1816 2467 divino
1834 2440 1950 2468 alimento

1168 2486 1284 2521 repleta;
1299 2486 1381 2512 multa
1396 2486 1504 2519 quidem
1519 2485 1605 2519 pritno
1617 2485 1678 2511 data
1693 2484 1811 2517 fusione,
1824 2486 1880 2514 sola
1897 2493 1950 2513 vero

944 2587 945 2591 η
968 2550 1096 2579 VARIAE
1117 2551 1316 2581 LECTIONES.

385 2598 440 2626 Sic.
460 2599 549 2629 codd.,
563 2599 581 2625 A
603 2605 799 2632 prosequamur.
838 2602 848 2616 π
868 2597 898 2623 Α⁴
914 2597 1044 2632 [aptarunt
1058 2597 1200 2632 propriam.
1231 2596 1251 2632 7’
1266 2596 1288 2623 Α
1303 2597 1478 2632 ηιαιρηαιὴιηι
1491 2601 1651 2629 receptarum
1662 2597 1877 2630 plmnlasmntm.
1914 2601 1923 2615 ι
1934 2598 1949 2622 Α

327 2633 510 2669 diminutione.
549 2634 560 2649 ⁵
577 2636 609 2660 A'
623 2632 878 2669 excellentissimam.

328 2669 352 2685 ‘°
365 2668 420 2695 A'E
442 2668 695 2695 excellentissimum.

327 2708 417 2730 tatem.
484 2704 506 2719 ¹³
517 2704 538 2730 Α
550 2707 682 2738 appetunt.

329 2739 351 2754 ³⁷
371 2738 416 2765 ΑΕ
427 2738 532 2767 simulas
544 2736 602 2766 vero
613 2737 787 2765 etimmediate
801 2736 914 2771 fulgores

917 2630 977 2657 “BH
989 2630 1154 2665 perlucentis.

743 2667 773 2716 "‘1
780 2669 810 2693 Α*
823 2667 951 2707 omnibus.
966 2674 970 2677 Α

1002 2665 1021 2680 ¹¹
1042 2665 1064 2691 Α
1079 2666 1208 2696 doctrina.
1225 2665 1246 2692 Ε
1259 2666 1402 2692 doctrinas.

796 2710 846 2736 qua
868 2702 896 2727 in
916 2709 973 2728 eam
984 2715 1015 2723 η-
1032 2702 1197 2728 sanctissima
1210 2708 1265 2729 om.
1280 2699 1335 2727 BH.

1474 2632 1484 2646 κ
1503 2632 1523 2657 Α
1539 2631 1636 2657 lutum.
1674 2632 1685 2647 '
1702 2631 1722 2657 Δ
1740 2632 1949 2659 διιὺειηηιὶαιίιετ.

1449 2666 1471 2681 ¹¹
1491 2666 1536 2694 Sic
1551 2665 1630 2698 ABE;
1648 2665 1669 2692 il
1685 2667 1824 2695 benignam
1839 2667 1949 2693 humani-

1400 2701 1422 2716 “
1443 2700 1463 2727 ll
1483 2700 1686 2735 contemplatire.
1758 2702 1778 2716 ιθ
1798 2701 1841 2728 BH
1855 2703 1947 2728 mobile.

1195 2632 1204 2646 ⁷
1223 2631 1256 2657 A‘
1273 2631 1435 2665 aacrefnctis.

1081 2781 1204 2809 NOTAE.

365 2839 378 2852 ι
399 2831 467 2859 Psal.
489 2831 578 2858 XXIII.

1204 2827 1216 2846 δ
1237 2827 1319 2854 Isaiae
1335 2827 1424 2854 LXIII.
