2004 3143
299 142 370 171 1055

298 253 348 280 per
360 244 448 281 prima
466 246 586 273 secunda
606 245 705 273 divinis
726 246 890 281 participare
913 244 1090 273 illuminatio-

299 290 389 318 uibus.
418 290 541 318 Invenies
563 294 655 319 autem
679 291 733 319 hoc
754 294 782 319 et
803 290 941 319 multoties
959 290 1093 326 theologis

299 342 467 369 expressum.
495 335 609 368 Quando
623 336 695 364 enim
709 336 801 364 divina
820 340 848 364 et
866 340 980 372 paterna
998 335 1094 363 huma-

301 380 373 407 nitas
387 379 470 408 Israel
485 380 702 408 conversibiliter
709 388 759 416 pro
770 388 848 408 sacra
862 380 921 415 ejus
937 380 1093 408 salutceru-

300 424 378 452 diens
394 425 413 457 ι,
442 430 469 452 et
484 425 677 453 ulciscentibus
691 429 721 453 et
734 426 885 454 immitibus
899 425 1053 453 nationibus
1066 425 1092 453 in

301 470 498 498 correctionem
509 470 628 503 tradens,
636 471 778 506 omnigeua
786 470 956 506 provisorum
964 470 991 498 in
998 470 1094 498 melius

302 515 484 548 traductione,
506 520 533 542 et
555 515 582 543 in
605 515 788 551 captivitatem
808 515 921 548 dimisit,
935 518 963 542 et
974 515 1008 543 ad
1021 514 1094 550 prio-

301 568 358 587 rem
373 561 521 589 clementer
533 561 640 589 reduxit
661 561 843 589 constantiam
853 561 881 594 ',
903 561 971 588 vidit
986 560 996 577 ³
1019 561 1094 588 theo-

301 605 423 640 logorum
438 613 508 633 unus
523 605 667 633 Zacharias
684 613 767 633 unum
787 605 947 640 primorum,
967 608 998 632 ut
1014 605 1094 633 aesti-

301 658 357 683 mo,
374 656 404 678 et
420 652 492 679 circa
514 651 598 678 Deum
618 651 787 687 angelorum,
808 658 952 679 commune
962 652 1045 684 enim,
1065 655 1094 678 ut

305 695 370 729 dixi,
384 700 426 724 est
437 697 562 724 omnibus
582 697 634 724 hoc
657 696 777 732 angelica
796 695 1042 732 cognominatione,
1060 695 1094 723 ab

300 741 359 776 ipso
379 741 435 770 Deo
448 743 595 770 discentem
615 741 648 769 de
670 741 722 769 hoc
743 740 897 769 consiliaria
908 740 928 775 ⁸,
951 745 982 768 ut
993 741 1093 769 dictum

300 791 352 820 est,
372 788 453 814 verba
468 796 475 814 :
488 787 602 815 alterum
615 794 680 814 vero
691 786 875 822 subiectorum
886 786 1051 823 angelorum,
1067 787 1093 814 in

299 839 441 859 occursum
461 832 539 867 primi
561 831 772 866 provenientem,
787 835 915 867 tanquam
937 832 971 859 ad
991 832 1091 859 illumi-

986 143 1127 173 IOANNIS
1146 143 1244 172 SCO’I‘I

299 198 409 227 omnino
424 198 516 226 divina
538 198 688 227 taxiarchia
713 199 844 227 divinitus
868 198 1068 234 promulgatum
1081 218 1088 230 ,
1104 201 1128 229 Α

1400 199 1597 228 CAPITULUM
1628 201 1673 229 IX.

1145 264 1183 291 De
1198 264 1364 299 Principibus
1379 271 1402 292 et
1417 267 1586 303 Arclmngelis
1599 267 1623 294 et
1635 268 1741 303 Angelis
1755 273 1780 295 et
1795 269 1829 296 de
1844 269 1934 296 sitim

1409 309 1498 328 eorum
1517 302 1664 329 lerarchia.

1180 365 1309 399 Reliquus
1350 366 1425 393 nobis
1459 367 1484 393 in
1524 368 1793 403 cantcmplationem‘
1812 375 1933 404 ornatus,

1145 411 1280 444 angelicas
1316 411 1479 439 concludens
1515 411 1685 448 Ierarchias,
1713 423 1728 442 a
1756 415 1935 445 deiformibns

1145 456 1325 491 Principibus,
1345 458 1522 493 Archangelis
1537 463 1563 486 ct
1589 460 1698 496 Angelis
1720 462 1884 497 dispositus.
1907 464 1935 490 Et

1148 503 1265 536 primum
1294 498 1305 519 ⁸
1330 503 1437 538 quidem
1469 504 1558 532 dicere
1588 508 1772 535 necessarium
1804 510 1934 541 aestimo,

1146 549 1291 575 secundum
1312 550 1383 583 quod
1408 548 1473 576 mihi
1496 551 1634 585 possibile,
1657 557 1818 581 sanctarum
1846 563 1934 582 carum

1146 594 1410 628 cognominationum
1425 595 1668 625 manifestationes.
1685 599 1847 627 Manifestat
1866 602 1934 628 enim

1146 639 1202 673 ipsa
1217 638 1325 674 quidem
1345 640 1500 668 caelestium
1515 642 1666 678 principum
1682 644 1747 671 illud
1765 644 1936 673 deifomiter

1145 684 1294 718 principale
1324 688 1351 711 et
1382 685 1517 713 ductivum
1551 678 1561 702 ί
1595 695 1655 715 cum
1682 690 1780 718 ordine
1809 699 1890 719 sacro
1912 698 1935 719 et

1145 730 1331 764 pri'ncipativis
1345 731 1366 746 '°
1382 724 1578 761 decentissimis
1590 725 1745 769 virtutibus,
1760 741 1790 763 et
1799 737 1834 764 ad
1848 738 1935 773 super-

1145 775 1292 810 principale
1307 777 1469 812 principium
1483 786 1529 806 eas
1554 780 1743 809 universaliter
1756 783 1898 816 converti,
1912 790 1935 811 et

1146 821 1213 848 alias
1230 822 1378 850 ierarchice
1401 824 1472 856 duci,
1492 829 1518 851 et
1543 825 1576 852 ad
1590 825 1653 853 illud
1679 826 1779 862 ipsum,
1806 834 1933 863 quantum

299 878 417 905 nationis
434 879 631 913 susceptionem
658 883 686 906 et
711 878 879 913 metalepsim
898 878 923 911 ⁸;
939 878 1034 907 deinde
1059 878 1092 906 ab

1146 867 1285 903 possibile,
1301 868 1444 897 reformari
1458 870 1479 885 “
1495 871 1665 915 princiﬁcum
1684 873 1865 908 principium,
1883 883 1932 902 ma-

299 922 358 958 ipso
385 923 505 951 divinum
527 923 667 951 consilium
688 928 817 958 tanquam
841 930 857 950 a
878 930 984 951 summo
1004 930 1096 951 sacer—

298 968 361 996 dote
372 968 517 1000 eruditum,
530 973 557 995 et
573 968 624 995 hoc
634 968 732 996 docere
752 968 907 1003 theologum
921 975 1092 999 conversum,

298 1013 426 1048 quoniam
447 1012 585 1042 Iructuose
606 1013 772 1042 habitabitur
792 1013 940 1041 Ierusalem
963 1022 979 1042 a
1002 1014 1088 1041 multi-

299 1058 392 1086 tudine
411 1059 550 1087 hominum
564 1065 589 1087 ι.
611 1059 688 1087 Alter
704 1064 795 1087 autem
818 1059 1003 1096 theologorum
1024 1060 1094 1087 Eze-

298 1102 368 1130 chiel
387 1103 413 1136 ιι,
432 1108 461 1131 et
479 1104 514 1131 ab
539 1104 596 1139 ipsa
612 1104 682 1141 dicit
702 1105 753 1132 hoc
770 1104 954 1132 sacratissime
973 1104 1094 1140 promul-

298 1153 390 1183 gatum
420 1156 480 1177 esse
501 1149 648 1177 Cberubim
679 1144 868 1186 superlirmata
899 1150 1093 1186 gloriosissima

299 1194 454 1222 Divinitate.
480 1194 558 1222 Enim
582 1195 678 1229 Israel,
690 1200 720 1223 ut
731 1195 832 1223 dictum
846 1199 902 1230 est,
916 1197 1091 1224 exercitativa

300 1240 454 1268 humanitas
477 1247 526 1275 per
550 1240 708 1276 disciplinas
740 1241 768 1268 in
798 1242 894 1270 melius
925 1243 1091 1274 traducens,

297 1284 403 1319 justitia
418 1286 508 1313 divina
521 1287 654 1314 obnoxios
672 1284 845 1321 contemnat,
869 1288 993 1316 innoxios
1012 1287 1092 1323 justi-

298 1329 370 1357 tlcat.
392 1329 449 1358 Hoc
476 1330 554 1358 docet
575 1330 586 1346 ⁸
605 1331 709 1367 primus
732 1336 793 1367 post
813 1331 971 1366 Cherubim,
988 1332 1093 1360 lumbos

296 1375 406 1410 saphiro
419 1376 598 1410 praecinctus,
616 1377 662 1412 qui
682 1377 808 1413 poderem
827 1377 838 1394 "
850 1376 928 1413 juxta
942 1379 1091 1414 symbolum

299 1420 482 1448 ierarchicum
505 1420 675 1449 induebatur.
703 1421 832 1458 Reliquos
851 1428 942 1451 autem
963 1423 1090 1460 angelos,

296 1465 343 1500 qui
364 1472 475 1493 secures
496 1465 653 1499 habebant,
684 1467 774 1495 divina
800 1467 948 1496 taxiarchia
974 1469 1090 1504 imperat

296 1517 311 1536 a
334 1510 418 1545 priori
440 1510 532 1538 doceri
545 1511 578 1539 de
591 1511 642 1539 hoc
656 1511 776 1539 divinum
791 1511 921 1547 judicium
935 1518 959 1540 ο.
985 1513 1018 1540 Et
1031 1514 1091 1548 qui-

1145 912 1328 948 nifestareque
1350 916 1602 949 superessentialcm
1618 912 1676 952 ejus
1690 916 1875 947 taxiarchiam
1894 928 1933 948 or-

1144 963 1209 986 natu
1228 954 1415 995 principalium
1432 961 1572 990 virtutum.
1598 956 1658 1000 Ipsa
1670 970 1762 993 autem
1780 967 1931 995 sanctorum

1144 1005 1384 1040 archange‘lorum,
1403 1005 1582 1042 aequipotens
1595 1009 1705 1044 quidem
1719 1015 1761 1038 est
1772 1011 1932 1039 caelestibus

1144 1049 1349 1085 principatibus;
1367 1050 1414 1078 Est
1427 1051 1498 1079 enim
1514 1057 1541 1079 et
1567 1060 1661 1081 eorum
1679 1058 1707 1082 et
1721 1055 1892 1091 angelorum,
1906 1063 1931 1083 ut

1144 1095 1210 1128 dixi,
1230 1095 1364 1124 lerarchia
1378 1096 1431 1125 una
1453 1102 1481 1125 et
1496 1097 1647 1134 dispositio.
1665 1097 1855 1130 Veruntamen
1871 1110 1930 1138 quo

1144 1142 1215 1170 niam
1241 1143 1349 1177 quidem
1367 1151 1420 1170 non
1443 1143 1485 1172 est
1498 1138 1645 1179 Ierarchia,
1661 1153 1715 1173 non
1734 1144 1764 1174 et
1789 1148 1893 1182 primas
1909 1154 1933 1176 et

1144 1189 1246 1217 medias
1281 1193 1310 1217 et
1340 1189 1448 1218 ultimas
1478 1184 1593 1220 virtutes
1624 1191 1753 1226 habens,
1787 1194 1932 1230 "change

1144 1233 1357 1263 lorum‘sanctus
1372 1236 1438 1263 ordo
1451 1237 1676 1266 communicative
1688 1238 1866 1268 [erarchicae
1880 1249 1932 1269 me-

1142 1278 1235 1307 dietati
1258 1284 1443 1308 extremorum
1469 1283 1609 1318 recipitur.
1636 1276 1746 1312 Etenim
1782 1287 1932 1314 sacratissi-

1144 1326 1196 1354 mis
1220 1326 1422 1361 Principatibus
1440 1330 1634 1363 communicat,
1658 1335 1685 1358 et
1700 1333 1808 1360 salictis
1820 1333 1932 1369 Angelis.

1143 1371 1210 1406 Ipsis
1230 1371 1349 1407 quidem,
1372 1373 1435 1407 quia
1457 1373 1491 1401 ad
1516 1376 1746 1409 superessentiale
1775 1378 1934 1412 principium

1142 1415 1328 1451 principaliter
1342 1417 1520 1451 convertitur.
1531 1423 1559 1447 et
1572 1419 1606 1447 ad
1628 1420 1727 1455 ipsum,
1752 1427 1785 1449 ut
1799 1423 1934 1457 possibile,

1142 1461 1317 1495 reformatur,
1338 1466 1365 1490 et
1389 1462 1499 1498 angelos
1514 1464 1624 1492 unilicat
1647 1467 1803 1494 secundum
1818 1468 1889 1496 bene
1898 1476 1936 1496 or-

1143 1511 1221 1535 natos
1244 1507 1304 1542 ejus
1317 1513 1345 1535 et
1359 1508 1498 1537 ordinatos
1512 1513 1540 1537 et
1559 1510 1709 1538 invisibiles
1730 1512 1864 1541 ducatus.
1883 1514 1936 1541 Istis

297 1556 358 1584 dem
379 1557 453 1584 enim
475 1557 554 1590 dixit,
578 1557 693 1585 mediam
714 1559 880 1593 pertransire
891 1558 1051 1592 Jerusalem,
1065 1563 1092 1587 et

1144 1559 1220 1585 vero,
1242 1553 1304 1588 quia
1324 1556 1351 1581 ct
1367 1554 1407 1581 eis
1420 1554 1554 1590 ypofetico
1567 1560 1614 1596 est
1638 1556 1736 1596 ordine
1751 1558 1865 1586 divinas
1882 1559 1936 1586 illu-

296 1602 364 1630 dare
378 1602 483 1638 signum
501 1603 530 1630 in
541 1602 645 1632 frontes
664 1603 836 1631 innoxiorum
850 1605 985 1638 virorum;
1009 1605 1089 1633 aliis:

296 1648 375 1677 Exite
387 1650 415 1677 in
427 1649 565 1678 civitatem
584 1654 646 1685 post
663 1658 737 1683 eum,
760 1655 788 1679 et
807 1652 950 1687 percutite,
966 1656 994 1680 et
1007 1652 1091 1681 nolite

295 1701 408 1730 parcere
420 1696 506 1723 oculis
519 1696 626 1729 vestris,
643 1697 677 1724 ad
698 1702 794 1725 omnes
814 1701 916 1730 autem,
929 1705 1011 1733 super
1024 1703 1091 1733 quas

295 1745 338 1768 est
356 1741 473 1776 signum,
486 1749 520 1769 ne
532 1741 752 1777 appropinquetis
764 1742 789 1768 ά.
813 1742 883 1775 Quid
896 1743 1017 1771 fortassis
1030 1744 1091 1779 quis

296 1786 397 1813 dixerit
414 1787 448 1814 de
466 1786 573 1815 dicente
585 1787 681 1823 angelo
698 1788 731 1815 ad
747 1787 861 1816 Daniel:
882 1788 972 1816 Exivit
985 1796 1089 1822 sermo;

295 1834 342 1858 aut
364 1830 397 1858 de
419 1831 477 1866 ipso
490 1832 588 1866 primo,
611 1831 699 1867 ignem
719 1839 753 1860 ex
773 1832 862 1862 medio
883 1833 1030 1861 Cherubim
1045 1841 1089 1862 re-

295 1875 435 1910 cipiente?
450 1881 462 1895 α
472 1876 526 1904 Aut
537 1876 602 1905 illud
620 1876 740 1911 ejusdem
753 1877 934 1906 abundantius
947 1878 974 1907 in
987 1879 1092 1907 ordinis

296 1921 410 1957 angelici
425 1922 619 1956 ostensionem,
632 1923 760 1957 quoniam
773 1927 801 1950 et
810 1923 955 1952 Cherubim
971 1924 1093 1952 immittit

295 1965 385 2002 ignem
407 1966 433 1994 in
456 1975 555 1995 manus
575 1972 696 1995 sanctam
718 1967 815 1996 stolam
836 1967 922 1996 induti
937 1968 959 1995 ι.
987 1968 1042 1996 Aut
1058 1969 1091 1996 de

294 2015 410 2039 vocante
433 2011 630 2040 divinissimum
651 2009 771 2046 Gabriel,
794 2016 821 2040 et
841 2012 947 2040 dicente
965 2013 1010 2040 ei:
1033 2012 1091 2040 Fac

295 2051 371 2084 illum
398 2057 540 2093 intelligere
555 2058 690 2092 {visionem
705 2058 739 2086 3?
763 2059 819 2086 Aut
838 2066 1017 2094 quaecunque
1038 2058 1090 2086 alia

294 2108 310 2128 a
334 2102 420 2130 sacris
441 2102 571 2138 theologis
594 2103 666 2131 dicta
686 2107 750 2131 sunt
772 2104 805 2131 de
826 2104 983 2132 caelestium
998 2104 1089 2132 thear-

295 2141 419 2175 chiarum
441 2147 567 2176 deilormi
589 2147 700 2176 ornatu.
721 2148 762 2176 Ad
782 2156 863 2184 quem
876 2153 987 2177 nostrae
1001 2149 1089 2177 ierar-

294 2191 372 2220 chiae
390 2192 535 2225 ordinatio,
557 2194 704 2221 secundum
724 2194 795 2228 quod
817 2194 945 2229 possibile
963 2198 1005 2222 est
1021 2194 1089 2222 assi-

295 2236 408 2268 milata,
440 2237 589 2274 angelicam
620 2239 869 2274 pulchritudinem,
900 2244 1032 2276 quantum
1060 2241 1086 2269 in

295 2279 457 2317 imaginibus
478 2283 598 2318 habebit,
621 2284 736 2313 formata
757 2292 804 2321 per
816 2294 877 2314 cum
891 2290 919 2314 et
930 2287 1040 2316 reducta
1053 2289 1086 2316 ad

295 2328 550 2360 superessentialem
576 2328 657 2357 simul
685 2329 773 2358 omnis
803 2330 954 2360 ierarchiae
981 2333 1085 2361 taxiar-

295 2372 384 2401 chiam
400 2374 435 2401 7‘.

1143 1597 1304 1626 minationes
1315 1599 1464 1639 ierarchice
1473 1601 1522 1634 per
1531 1594 1633 1635 primas
1644 1594 1766 1631 virtutes
1776 1604 1934 1639 suscipiens,

1141 1647 1169 1670 et
1180 1639 1282 1679 angelis
1295 1646 1340 1685 eas
1357 1636 1525 1672 deilormite'r
1540 1646 1715 1680 annuntians,
1726 1652 1757 1675 et
1767 1650 1820 1682 per
1831 1636 1935 1685 angelos

1142 1684 1219 1730 nobis
1236 1683 1423 1723 manifestans,
1438 1692 1585 1719 secundum
1601 1693 1708 1720 sacram
1720 1683 1936 1730 uniuscujusque

1141 1728 1270 1763 divinitus
1285 1734 1494 1764 illuminatorum
1510 1737 1672 1773 analogiam.
1688 1738 1743 1774 Ipsi
1755 1740 1834 1768 enim

1141 1779 1212 1808 sicut
1230 1780 1427 1816 praediximus,
1443 1782 1605 1817 completlve
1628 1789 1828 1812 consummant
1847 1793 1935 1813 omnis

1141 1825 1297 1853 caelestium
1313 1825 1465 1854 animorum
1480 1822 1683 1863 dispositiones,
1698 1830 1856 1858 Secundum
1869 1829 1934 1866 quod

1141 1869 1393 1901 consummandum'
1408 1873 1470 1907 est‘,
1493 1878 1524 1902 ut
1552 1874 1578 1902 in
1608 1875 1776 1905 caelestibus
1811 1878 1934 1906 essentiis

1142 1918 1445 1954 habentesvangelicam
1471 1920 1678 1956 proprietatem,
1705 1927 1734 1950 et
1759 1924 1854 1959 magis
1870 1923 1932 1959 apud

1141 1970 1190 1991 nos
1210 1962 1308 1999 angeli,
1322 1971 1404 2003 quam
1418 1964 1535 1999 priores,
1543 1966 1631 2001 aptius
1641 1959 1788 2001 nominati,
1803 1973 1932 2004 quantum

1140 2012 1168 2034 et
1180 2008 1253 2036 circa
1278 2007 1474 2048 signiﬂcpptius
1488 2009 1555 2045 ipsis
1574 2014 1617 2039 est
1642 2010 1784 2041 Ierarehia
1808 2014 1933 2052 etuiagis

1140 2053 1364 2095 circumornatus.
1645 2091 1649 2094 ,
1790 2095 1792 2097 _
1876 2056 1898 2094 ἡ.

1174 2091 1434 2129 Excellentissimam
1448 2100 1557 2136 quidem
1581 2091 1665 2135 enim,
1689 2106 1720 2131 ut
1742 2091 1851 2132 dictum
1879 2092 1918 2133 est

1139 2144 1352 2180 dispositionem,
1369 2150 1495 2181 tanquam
1519 2146 1570 2182 ipsi
1593 2147 1701 2175 occulto
1710 2148 1846 2184 primitus
1862 2149 1930 2176 ordi-

1139 2194 1202 2217 nate
1218 2183 1239 2207 θ’
1253 2190 1451 2225 proximantem
1461 2212 1468 2223 ,
1489 2192 1559 2220 clam
1576 2183 1717 2225 farmans,
1732 2194 1930 2222 aestimandum

1102 2226 1126 2256 D
1139 2236 1311 2264 sanctiﬁcare
1333 2236 1491 2265 secundam.
1504 2231 1656 2266 Secundam
1672 2246 1751 2273 vero,
1767 2248 1843 2275 quae
1863 2249 1930 2269 cotu—

1139 2281 1229 2316 pletur
1253 2289 1268 2309 a
1294 2282 1397 2310 sanctis
1424 2283 1657 2313 Dominationibus
1682 2288 1710 2313 et
1735 2285 1893 2314 Virtutibus
1905 2292 1930 2314 et

1138 2327 1331 2361 Potestatibus,
1347 2321 1459 2364 ejusque
1475 2332 1518 2358 est
1542 2329 1714 2366 Principibus
1728 2335 1757 2359 et
1770 2331 1928 2368 Archange-

1138 2374 1172 2402 lis
1184 2379 1212 2402 et
1234 2374 1343 2410 Angelis
1367 2375 1520 2403 Ierarchiae
1541 2376 1690 2412 principari
1710 2377 1747 2410 ",
1765 2377 1857 2413 prima
1876 2378 1930 2414 qui-

1138 2421 1199 2450 dem
1219 2421 1355 2449 Ierarchia
1379 2422 1566 2456 manifestius,
1581 2430 1611 2451 ea
1629 2430 1695 2452 vero
1712 2430 1787 2459 quae
1809 2428 1854 2452 est
1874 2428 1929 2454 post

962 2476 1090 2505 VARIAE
1108 2476 1308 2506 LECTIONES.

393 2531 554 2573 corripient:_
570 2571 574 2573 _
596 2532 606 2547 ‘
656 2532 915 2573 bypeﬁcentiantmt
925 2535 970 2563 AE
981 2535 1075 2573 _V_id_et.
1099 2538 1124 2573 _‘
1138 2537 1183 2565 AE
1198 2536 1384 2573 consolatorie.
1409 2537 1434 2573 _'
1447 2537 1470 2564 A
1484 2538 1684 2573 perceptionem.
1720 2540 1732 2557 ⁶
1747 2519 1795 2566 ΑΕ
1810 2538 1928 2565 docetur-

293 2563 486 2599 'Epoderam.
533 2563 741 2594 “laxiore/tiam
768 2576 822 2596 om.
847 2568 925 2597 BEII.

294 2597 315 2613 ίΙ
333 2599 347 2613 Δ
373 2599 482 2613 ἴλη-...μηδ
530 2601 551 2613 Il
568 2601 579 2613 Δ
604 2601 718 2613 ...λέ..-..-
754 2602 777 2613 ιι
801 2603 810 2613 Δ
868 2612 879 2613 η

329 2599 352 2626 Α
370 2599 491 2634 formari.
530 2601 551 2616 "
563 2601 718 2629 Aordinare
754 2602 777 2619 ”
795 2603 827 2631 A.
847 2612 962 2640 prauae.

980 2571 991 2588 ⁸
1004 2571 1049 2599 AF
1064 2571 1171 2600 mimus.

1217 2571 1228 2586 '
1242 2572 1264 2599 A
1285 2571 1434 2607 principale
1455 2571 1613 2601 eductivitm.
1648 2573 1669 2589 "
1688 2573 1712 2600 A
1725 2573 1926 2609 principalibus.

1064 2649 1188 2680 NOTAE.

328 2707 342 2755 ἰ
355 2700 443 2755 Ξῗῗιῗί.
451 2701 523 2755 "um
1172 2714 1183 2755 τ
1198 2708 1327 2755 Βῗίιζιιχὲ

357 2736 454 2764 Ezcch.
470 2737 535 2765 VIII.
1172 2744 1182 2762 τ
1198 2736 1298 2771 Ειεειιέ
1312 2743 1345 2771 x.

329 2776 340 2806 ς
355 2771 453 2799 Ezech.
468 2771 501 2799 Χ.
1172 2779 1184 2798 ³
1197 2778 1281 2806 Zach.
1295 2779 1315 2805 Ι.

326 2805 340 2825 δ
354 2806 452 2835 Ezech.
468 2807 511 2833 lx.
