3956 5488
181 358 321 412 ωπ

849 348 981 404 Villi
992 347 1094 403 $10
1134 341 1416 401 οιηςιιωι
1556 338 1785 396 DiONY:

1903 363 1972 374 —-
1991 332 2369 420 CAELESTIS
2401 330 2792 388 lERAllClllA.

3302 327 3438 383 {058

177 495 192 523 ι
216 490 331 538 am,
370 468 653 526 occultius.
710 465 1115 533 Principatumn
1157 472 1334 516 autem
1379 467 1435 513 et
1463 457 1772 524 Arehange-
1804 457 1847 513 Α
1881 465 2002 504 vum
2029 449 2320 505 secundum
2361 448 2594 537 visiones
2622 446 2967 501 distributum
2987 453 3092 511 est,
3113 452 3168 499 et
3191 445 3443 516 gentibus

177 564 360 620 lorum
384 571 444 627 et
486 559 814 631 Angeloruni
863 554 1314 613 manifestativam
1360 550 1764 622 dispositionem

177 653 443 710 humanis
497 650 784 706 lerarchiis
820 663 918 718 per
952 645 1390 716 consequentiam
1424 642 1765 714 praecipere,

181 756 247 800 nt
275 746 349 801 sit
363 759 464 814 per
505 743 751 798 ordinem
791 741 860 796 ad
887 741 1056 796 Deum
1087 739 1350 802 reductio,
1381 747 1437 792 et
1459 735 1764 801 conversio,

173 835 703 906 (al-communicatio,
735 844 791 889 et
821 834 1020 899 unitas,
1048 841 1285 887 attamen
1315 839 1370 885 et
1397 845 1427 883 a
1461 830 1568 884 Deo
1589 828 1767 884 omni-

183 928 295 982 bus
357 925 648 988 lerarchiis
713 928 917 996 optime
964 925 1156 988 indita,
1217 931 1272 978 et
1318 920 1770 978 communicative

181 1018 602 1089 superveniens,
630 1026 688 1073 et
713 1033 835 1081 cum
859 1025 1054 1071 ornatu
1082 1013 1446 1070 sacratissimo
1466 1012 1767 1082 processio.

180 1108 323 1165 lude
351 1107 619 1181 theologia
636 1116 877 1163 nostram
895 1106 1227 1161 lerarchiam
1253 1104 1459 1175 angelis
1473 1103 1768 1167 distribuit,

179 1200 489 1270 principem
542 1198 868 1255 Judaeorum
907 1198 1096 1268 populi
1141 1196 1370 1252 Michael
1409 1195 1693 1250 nominans
1723 1201 1770 1258 ⁸,

178 1302 239 1345 et
271 1291 404 1346 alios
433 1291 674 1361 gentium
715 1290 938 1345 amicos.
978 1289 1183 1343 Statuit
1205 1287 1348 1341 enim
1380 1285 1627 1342 excelsus
1665 1295 1776 1339 ter-

179 1383 367 1436 minos
392 1384 632 1452 gentium
647 1381 941 1438 secundum
964 1395 1247 1435 uulnerum
1270 1380 1581 1450 angelorum
1612 1377 1704 1432 Dei
1723 1376 1772 1432 δ.

184 1474 248 1526 Si
283 1483 462 1528 autem
486 1473 614 1543 quis
642 1473 862 1536 dixerit,
891 1483 946 1527 et
978 1473 1250 1541 quorundo
1278 1470 1648 1525 Hebraeorum
1666 1486 1774 1540 αβο-

178 1564 350 1635 pulus
383 1564 637 1620 reductus
672 1575 759 1621 est
786 1565 934 1621 solus
965 1565 1016 1619 in
1051 1563 1390 1620 thearchicas
1419 1562 1775 1617 illuminatio-

180 1674 320 1724 nes,
365 1658 834 1728 «spondendum,
892 1659 1020 1728 quia
1065 1674 1181 1712 nou
1231 1656 1547 1727 angelorum
1603 1665 1780 1711 rectas

180 1749 448 1806 scientias
491 1749 740 1806 accusari
791 1759 1007 1819 oportet
1035 1749 1264 1803 aliarum
1301 1750 1540 1818 gentium
1567 1749 1622 1802 in
1670 1764 1775 1802 non

1870 542 1975 599 illis
1997 543 2107 597 veri
2148 543 2248 599 Dei
2278 533 2510 596 ministri
2539 541 2704 595 duces
2751 537 2935 594 statuti
2974 546 3120 604 sunt,
3163 537 3444 594 formatio-

1868 648 1994 686 uum
2020 633 2090 688 ab
2134 631 2338 703 angelis
2384 629 2608 686 visionis
2649 628 3087 684 manifestatione
3107 627 3442 700 angelorum,

1868 723 2123 780 continuo
2147 724 2316 778 sacris
2338 721 2468 776 viris
2489 719 2676 795 Daniel
2697 729 2750 775 et
2777 718 2973 789 ioseph
2997 733 3062 775 ex
3092 717 3202 774 Deo
3226 733 3323 789 per
3350 734 3450 774 an-

1867 817 2015 888 gelos
2037 815 2272 873 revelata
2300 813 2346 871 ί.
2371 814 2548 871 Unum
2577 812 2720 882 enim
2742 822 2827 868 est
2851 812 3088 867 omnium
3121 811 3443 882 principium

1861 918 1924 964 et
1943 910 2298 981 providentia.
2331 907 2395 963 Et
2416 906 2564 962 nullo
2591 905 2748 974 modo
2771 904 3187 968 aestimandum,
3217 902 3450 960 Iudaeos

1870 1002 2085 1072 quidem
2102 1000 2345 1072 pleniter
2379 998 2598 1054 duxisse
2623 997 2976 1061 divinitatem,
3003 995 3238 1066 Angelos
3266 1003 3450 1050 autem

1872 1093 2196 1164 specialiter,
2229 1103 2324 1146 aut
2337 1106 2514 1160 aeque
2547 1087 2958 1154 honorabiliter,
2989 1095 3081 1141 aut
3117 1087 3382 1157 oppositis
3405 1086 3450 1150 ',

1871 1191 1964 1237 aut
1991 1183 2127 1238 Deos
2157 1182 2418 1252 quosdam
2459 1181 2661 1235 alteros
2701 1180 2969 1250 imperare
3009 1177 3133 1232 aliis
3160 1178 3452 1250 gentibus:

1875 1273 1968 1328 sed
1999 1281 2054 1327 et
2080 1271 2353 1341 eloquiuut
2386 1271 2538 1336 illud,
2573 1272 2870 1326 secundum
2915 1270 3084 1340 ipsam
3133 1279 3346 1324 sacrant
3376 1268 3458 1324 in-

1877 1363 2227 1435 telligentiam
2244 1362 2642 1433 accipiendum,
2667 1377 2774 1418 non
2798 1361 3172 1432 utpartiente‘
3199 1361 3309 1415 Deo
3333 1375 3456 1414 cum

1877 1455 2063 1511 alteris
2089 1455 2191 1510 diis
2231 1465 2323 1509 aut
2366 1452 2570 1525 angelis
2603 1461 2845 1508 nostrum
2887 1453 3138 1508 ducatum
3159 1492 3173 1517 ,
3208 1459 3263 1506 et
3295 1449 3460 1505 Israel

1879 1547 1932 1618 in
1960 1546 2141 1617 gentis
2180 1545 2549 1617 principatum
2597 1553 2652 1600 et
2678 1545 2864 1617 gentis
2892 1544 3147 1600 ducatum
3179 1551 3458 1606 contento,

1879 1639 1972 1708 sed
2001 1647 2060 1692 ut
2091 1639 2203 1707 ipsa
2236 1638 2454 1707 quidem
2496 1654 2603 1692 una
2628 1636 2790 1692 simul
2809 1637 3050 1692 omnium
3086 1634 3300 1692 excelsa
3329 1650 3461 1706 pro-

1881 1732 2141 1796 videntia,
2199 1746 2390 1784 manes
2445 1730 2694 1784 homines
2747 1729 3061 1784 salutariter
3113 1728 3460 1800 propriorum

179 1841 492 1898 existentes
546 1840 686 1896 Deos
726 1809 935 1904 ενι-διιε,
959 1840 1058 1894 ςθά
1109 1839 1228 1894 iung
1259 1809 1405 1910 31);“
1432 1838 1669 1910 propriis
1697 1840 1778 1893 in.
1811 1809 1852 1866 Β
1881 1825 2190 1896 angelorum
2271 1824 2622 1879 restitutoriis
2685 1823 3196 1878 manuductionibus
3278 1821 3463 1876 distri-

182 1931 518 1988 ﬂexionibus
555 1948 620 1988 ex
643 1948 737 1995 ea,
773 1947 914 2003 quae
943 1943 1028 1986 est
1058 1933 1110 1986 in
1137 1933 1400 1998 divinum,
1436 1941 1583 1988 recta
1615 1934 1776 1988 redu-

177 2026 372 2080 ctione
417 2024 736 2090 recidentes.
797 2039 982 2079 amore
1031 2020 1271 2094 proprio,
1305 2035 1358 2078 et
1395 2024 1670 2093 superbia,
1727 2033 1782 2080 et

186 2119 328 2189 ipsis
347 2119 665 2188 opinionum
688 2118 951 2174 divinitus
965 2128 1019 2172 et
1051 2119 1065 2150 ¹
1090 2117 1586 2178 eorrationahiliter
1609 2117 1779 2172 cultu.

190 2211 309 2267 lloc
327 2211 650 2282 perhibetur
677 2219 734 2266 et
761 2210 876 2280 ipse
912 2208 1282 2265 Hebraeorum
1308 2209 1539 2280 pepulus
1555 2224 1781 2280 perpes-

187 2315 291 2356 sus
326 2316 465 2356 esse.
523 2298 887 2371 Cognitionem
933 2299 1073 2354 enim
1131 2300 1250 2366 Dei,
1298 2301 1392 2366 ait,
1445 2298 1706 2370 repulisti,
1733 2311 1782 2354 et

184 2403 310 2464 post
335 2410 426 2456 cor
447 2402 598 2447 tuum
624 2392 778 2448 existi
803 2402 850 2448 ο.
876 2391 1062 2462 Neque
1079 2393 1224 2448 enim
1257 2403 1500 2448 coactam
1525 2393 1784 2448 habemus

188 2486 386 2550 vitam,
452 2499 630 2556 neque
674 2500 774 2555 per
822 2486 1163 2556 provisorum
1221 2487 1493 2557 propriam
1538 2495 1783 2555 potesta-

188 2586 308 2631 tem
355 2577 534 2632 divina
564 2577 771 2631 lumina
815 2577 1072 2646 providae
1127 2575 1542 2632 illuminatiouis
1587 2577 1785 2632 obcae.

193 2677 400 2724 canitur
431 2667 1034 2724 :sedintellectualium
1076 2669 1342 2726 visionum
1383 2668 1782 2735 dissimilitudo,

187 2760 522 2832 superplena
572 2769 800 2831 paterna
845 2761 1108 2828 bonitate,
1135 2761 1271 2818 lucis
1297 2761 1640 2817 donationem
1692 2768 1788 2815 aut

184 2845 425 2909 onmino
483 2869 589 2908 non
617 2854 976 2924 .paticipatam
997 2853 1159 2919 facit,
1183 2863 1238 2910 et
1268 2854 1334 2910 ad
1379 2870 1570 2908 earum
1608 2853 1786 2908 refor-

195 2946 496 3001 mationem
532 2947 1030 3013 non'distributam,
1065 2954 1160 3000 aut
1179 2945 1633 3016 .participatidnes
1659 2945 1788 3000 facit

191 3033 536 3101 diﬁ‘ereutes,
571 3051 772 3106 parvas
797 3047 893 3091 aut
919 3052 1161 3107 magnas,
1189 3037 1450 3092 obscuras
1469 3046 1563 3091 aut
1588 3036 1784 3102 claras,

191 3126 368 3205 anius,
395 3137 452 3180 et
479 3109 741 3197 siluzp'icis
768 3135 824 3181 et
855 3142 1069 3197 semper
1097 3127 1286 3186 eodem
1320 3128 1476 3183 modo
1525 3142 1584 3182 se
1611 3127 1647 3156 "
1689 3129 1785 3180 ha-

193 3203 384 3272 bentis
411 3229 465 3271 et
499 3193 888 3288 superexpansi
941 3193 1162 3274 fontalis
1217 3219 1374 3273 radii.
1420 3219 1621 3274 Deinde
1661 3219 1784 3288 quia
1818 3193 1862 3255 (ἶ

192 3315 265 3359 et
309 3305 431 3360 aliis
465 3307 732 3378 gentibus,
769 3324 837 3364 ex
886 3310 1082 3379 quibus
1112 3318 1166 3364 et
1220 3324 1320 3365 nos
1356 3311 1688 3380 respeximus
1733 3311 1788 3365 in

195 3397 342 3453 illud
366 3399 618 3478 ontnibus
665 3410 920 3469 paratum
972 3402 1024 3456 in
1065 3402 1414 3458 traditionem
1445 3412 1500 3457 et
1539 3411 1789 3474 apertum

197 3488 381 3543 divini
410 3488 631 3544 luminis
667 3498 723 3543 et
745 3506 996 3561 maguum
1025 3499 1081 3547 et
1109 3491 1386 3561 copiosum
1410 3492 1652 3564 pelagus,
1675 3508 1789 3548 non

197 3577 544 3652 alienigenae
594 3578 812 3648 quidam
872 3580 1211 3650 imperabant
1258 3581 1352 3647 dii,
1391 3597 1564 3636 unum
1609 3590 1792 3637 autem

195 3670 450 3725 omnium
503 3669 857 3740 principium,
898 3679 954 3724 et
993 3670 1067 3725 ad
1121 3670 1296 3741 ipsum
1340 3673 1671 3726 reduxerunt
1699 3686 1789 3727 se-

195 3770 460 3832 quentes,
507 3763 802 3818 secundum
860 3777 1296 3832 unamquamque
1327 3773 1553 3834 gentem
1589 3762 1793 3832 princi-

194 3863 407 3924 pantes
437 3853 634 3924 angeli.
669 3853 1060 3910 Melchisedech
1089 3853 1492 3926 intelligendqu
1523 3869 1792 3910 suumium

181 3947 574 4020 sacerdotem,
607 3946 935 4003 existentem
969 3947 1070 4002 Dei
1121 3947 1508 4003 amicissimum
1558 3932 1797 4003 existen-

203 4035 384 4100 tibus,
423 4053 530 4092 non
561 4036 908 4093 existentium
929 4078 944 4103 ,
984 4027 1280 4110 sed’ipsius
1309 4038 1328 4068 ²
1350 4053 1476 4093 vere
1511 4037 1797 4094 existentis

199 4125 413 4183 excelsi
477 4127 591 4182 Dei.
643 4127 854 4184 Etenim
900 4128 980 4185 sic
1033 4129 1352 4199 simpliciter
1402 4128 1797 4186 Melchisedech

204 4219 320 4289 ipsi
347 4219 369 4250 ³
398 4220 677 4292 tbeosophi
729 4235 840 4276 non
886 4221 1121 4277 amicum
1153 4220 1252 4277 Dei
1307 4230 1538 4287 tantum,
1594 4221 1688 4278 sed
1745 4229 1801 4277 et

202 4312 555 4368 sacerdotem
591 4323 923 4370 vocaverunt
945 4312 996 4367 ἀ.
1023 4312 1106 4370 An
1139 4322 1198 4368 ut
1237 4314 1571 4384 sapientibus
1614 4323 1803 4385 aperte

202 4400 609 4473 signiﬁcarent,
636 4403 764 4476 quia
801 4418 908 4458 non
953 4403 1127 4460 solum
1170 4403 1229 4461 in
1256 4403 1430 4476 ipsum
1475 4403 1516 4469 δ,
1549 4405 1641 4475 qui
1675 4421 1804 4464 vere

205 4502 329 4559 est,
357 4495 526 4551 Deum
555 4495 846 4560 convertit,
893 4496 1072 4552 adhuc
1117 4499 1295 4552 autem
1321 4505 1377 4552 et
1402 4497 1542 4564 aliis,
1573 4507 1803 4553 utsum-

212 4600 348 4640 tuus
363 4587 639 4654 sacerdos,
659 4589 1104 4660 eduxitea,qua‘e
1129 4597 1218 4644 eet
1243 4590 1312 4644 ad
1339 4605 1523 4646 veram
1549 4599 1606 4647 et
1628 4592 1800 4648 solam

208 4674 584 4742 divinitatem,
622 4677 954 4746 reductione.
983 4677 1052 4733 Et
1072 4679 1174 4734 hoc
1196 4690 1380 4736 autem
1416 4691 1561 4737 tuam
1592 4697 1803 4738 summe

207 4766 612 4831 sacerdotalem
653 4766 1064 4839 intelligentiam
1117 4769 1551 4840 atlinonebitnus,
1583 4774 1711 4844 quia
1751 4785 1808 4831 et

209 4861 487 4918 Pharaoni
506 4860 648 4933 apud
677 4862 822 4932 ipsos
841 4862 1135 4935 AegyptiOS
1156 4863 1457 4933 imperante
1475 4866 1670 4936 angelo
1692 4879 1739 4932 ο,
1755 4879 1812 4924 et

215 4951 645 5024 Babyloniorum
701 4952 930 5023 principi
995 4954 1245 5025 praeside
1297 4959 1518 5030 pr0prio
1567 4958 1809 5014 euntium

209 5045 597 5118 providentiae
619 5053 674 5096 et
700 5042 1085 5101 dominationis
1132 5047 1416 5111 providum
1444 5059 1498 5106 et
1524 5053 1806 5119 potestati-

1882 1919 2106 1984 hueute,
2131 1917 2244 1972 solo
2273 1917 2384 1973 fere
2413 1917 2552 1970 ultra
2604 1932 2793 1971 omnes
2813 1916 2978 1971 Israel
3023 1916 3074 1970 in
3111 1914 3222 1970 veri
3248 1914 3462 1971 Domini

1883 2009 2332 2066 illuminationom
2412 2017 2466 2063 et
2517 2009 2880 2080 cognitionem
2950 2023 3234 2064 converso.
3310 2006 3464 2064 Unde

1885 2104 2149 2175 theologia
2203 2105 2420 2174 quidem
2452 2102 2686 2173 seipsum
2732 2101 3036 2172 possedisse
3059 2101 3225 2156 lsrael
3261 2101 3314 2156 in
3337 2115 3467 2156 vere

1886 2197 1979 2253 Dei
2015 2198 2331 2252 famulatum
2362 2195 2696 2266 signiﬁcans,
2737 2195 2879 2264 facta
2905 2203 2978 2248 est
3016 2195 3186 2264 portio
3233 2192 3464 2257 Domini,

1885 2293 1961 2346 ait
1992 2293 2037 2345 ε.
2068 2291 2372 2349 Ostendens
2403 2300 2612 2356 autem,
2643 2297 2698 2345 et
2723 2305 2843 2345 eum
2876 2290 3078 2344 viritim
3109 2290 3310 2346 ceteris
3335 2304 3468 2359 gen-

1881 2385 2029 2439 tibus
2049 2383 2387 2439 distrihuisse
2415 2383 2630 2438 cuidam
2675 2391 2985 2436 sanctorum
3039 2381 3377 2453 angelorum,
3413 2381 3466 2435 in

1880 2478 2319 2548 cognoscendum
2371 2493 2467 2548 per
2489 2493 2614 2531 eum
2639 2491 2803 2530 unum
2829 2475 3071 2530 omnium
3120 2473 3467 2546 principium,

1889 2569 2112 2626 Michael
2147 2568 2282 2624 dixit
2311 2567 2593 2624 Judaicnm
2641 2568 2859 2624 duxisse
2896 2566 3153 2638 populum
3187 2567 3213 2606 ιι
3235 2607 3249 2630 ,
3283 2573 3472 2636 aperte

1890 2679 1987 2719 nos
2011 2664 2273 2725 edocens,
2316 2677 2478 2716 unam
2508 2677 2628 2716 esse
2649 2662 2894 2716 omnium
2945 2660 3365 2730 providentiam,
3391 2661 3471 2715 si-

1889 2756 2000 2812 mul
2043 2754 2296 2809 omnibus
2344 2751 2705 2807 invisibilibus
2747 2761 2804 2806 et
2828 2751 3132 2807 visibilihus
3182 2751 3474 2807 virtutibus

1887 2846 2325 2920 superessentiali
2335 2855 2414 2901 ter
2433 2845 2932 2916 supercollocatam,
2956 2861 3145 2901 omnes
3169 2853 3348 2900 autem
3373 2859 3474 2915 per

1888 2939 2126 3010 singulas
2174 2947 2363 3010 gentes
2408 2937 2740 3007 imperantes
2796 2937 3035 3009 angelos,
3085 2937 3138 2991 in
3184 2937 3357 3006 ipsum
3416 2946 3478 2989 nt

1887 3033 2164 3104 proprium
2191 3031 2519 3102 principium
2559 3039 2866 3100 sequentes,
2898 3031 3172 3086 voluntate
3196 3029 3474 3085 essetniali

1894 3141 2138 3196 quasque
2166 3127 2395 3179 virtutes
2417 3123 2714 3202 extendere
3330 3141 3332 3143 >

2422 3255 2819 3313 CAPITULUM
2865 3256 2933 3310 Χ.

1980 3374 2236 3447 Repetitio
2254 3383 2306 3428 et
2331 3373 2658 3445 congregatio
2680 3379 2701 3410 ⁷
2725 3371 2990 3442 angelicae
3012 3371 3382 3426 ordinationis.

1961 3489 2215 3546 Cennexa
2235 3498 2319 3544 est
2341 3488 2522 3559 itaque
2543 3487 2621 3544 sic
2639 3488 2755 3558 ipsa
2768 3488 2985 3559 quidem
3000 3486 3475 3543 honorabilissima

1891 3579 2040 3637 circa
2062 3579 2228 3635 Deum
2252 3578 2554 3634 animorum
2590 3577 2892 3649 dispositio,
2922 3592 2990 3632 ex
3021 3577 3370 3634 teletarehica
3407 3577 3476 3632 il-

1893 3668 2245 3724 luminatioue
2265 3667 2600 3723 sanctificata
2629 3669 2672 3732 ³,
2699 3667 2752 3721 ἰη
2787 3682 2908 3721 eam
2945 3666 3256 3722 immediate
3286 3682 3482 3722 ascen-

1894 3761 2090 3825 dendo,
2124 3759 2386 3815 occultior
2411 3768 2464 3815 et
2491 3758 2827 3813 manifestior
2863 3758 3163 3812 divinitatis
3204 3757 3481 3812 illumina-

1897 3853 2042 3908 tione
2059 3859 2323 3922 purgatur
2343 3859 2398 3905 et
2425 3850 2761 3905 illmninatur
2784 3859 2838 3905 et
2857 3850 3188 3921 perficitur’.
3205 3849 3482 3906 Occultior

1895 3947 2132 4020 quidem,
2165 3955 2420 4016 tanquam
2464 3943 2800 4008 invisibilior,
2827 3952 2884 3998 et
2917 3943 3091 4012 magis
3141 3942 3482 4013 simpliﬂcata

1897 4049 1952 4098 et
1976 4038 2232 4096 uniﬁcata
2256 4054 2270 4091 :
2309 4033 2646 4092 manifestior
2674 4047 2820 4098 vero,
2845 4042 3042 4089 utante
3067 4033 3212 4099 data,
3233 4029 3482 4104 etprimo

1897 4135 2084 4192 lucens
2109 4135 2173 4201 η,
2197 4143 2253 4190 et
2277 4132 2656 4208 universalior,
2682 4140 2739 4187 et
2782 4131 2951 4202 magis
2989 4131 3044 4185 in
3071 4144 3212 4195 eam,
3239 4138 3298 4183 ut
3325 4141 3486 4198 opor-

1901 4237 1998 4294 tet,
2016 4226 2188 4283 forma
2208 4223 2396 4280 effusa.
2414 4223 2498 4279 Ah
2519 4223 2632 4292 ipsa
2649 4231 2830 4277 autem
2853 4221 3046 4277 iterum
3067 4217 3485 4292 preportionali-

1902 4329 1985 4376 ter
2001 4317 2259 4382 secunda,
2274 4325 2379 4372 eta
2397 4313 2632 4370 secunda
2655 4311 2834 4378 tertia,
2849 4321 2905 4368 et
2923 4327 2990 4368 ex
3007 4311 3164 4368 tertia
3187 4312 3487 4384 secundum

1904 4429 2005 4471 nos
2022 4411 2312 4477 lerarchia,
2337 4407 2636 4466 Secundum
2662 4407 2830 4478 ipsam
2853 4405 2991 4462 bene
3018 4407 3266 4461 ornantis
3285 4403 3491 4460 taxiar-

1904 4510 2060 4573 ehiae
2072 4506 2272 4578 legem,
2295 4504 2348 4576 in
2368 4504 2648 4560 harmonia
2665 4501 2844 4557 divina
2872 4511 2928 4557 et
2947 4499 3216 4572 analogia,
3233 4499 3298 4554 ad
3326 4496 3500 4554 simul

1909 4599 2087 4656 omnis
2121 4597 2248 4654 boni
2291 4605 2540 4671 ornatus
2566 4592 3034 4666 superprincipale
3071 4591 3397 4663 principium
3437 4598 3497 4648 et

1911 4687 2429 4748 consummationem
2461 4686 2764 4744 ierarchiee
2793 4684 3093 4742 reducitur.
3125 4680 3497 4740 Manifestato-

1913 4795 2003 4837 res
2047 4789 2228 4834 autem
2274 4793 2466 4835 omnes
2509 4785 2565 4832 et
2585 4775 2764 4846 angeli
2810 4789 3024 4840 eorum,
3067 4774 3158 4843 qui
3198 4781 3326 4828 ante
3351 4772 3500 4844 ipsos

1916 4880 2075 4934 sunt;
2135 4871 2236 4942 ipsi
2291 4871 2511 4940 quidem
2559 4866 3022 4925 honorabilissimi
3072 4865 3170 4920 Dei
3215 4863 3505 4926 moventis,

1917 4959 2393 5032 proportionaliter
2450 4967 2634 5016 autem
2689 4958 2855 5014 ceteri
2913 4974 2977 5016 ex
3037 4956 3145 5010 Deo
3201 4963 3502 5008 motorum.

1919 5056 2147 5112 Tantum
2199 5054 2347 5110 enim
2407 5050 2650 5114 omnium
2711 5045 3180 5122 superessentialis
3227 5043 3514 5100 harmonia

1547 5190 1807 5254 VARlAE
1847 5193 2245 5256 LECTIONES.

305 5295 371 5350 ἰιι
397 5310 509 5349 om.
547 5293 611 5348 Ε.
640 5293 678 5322 ⁸·
703 5309 757 5347 :n
780 5310 881 5338 non,
915 5297 997 5341 me
1093 5298 1110 5328 ς
1152 5299 1166 5336 ε

207 5369 229 5402 ,

1152 5299 1312 5356 "uiua
1341 5326 1449 5360 mn.
1489 5306 1550 5351 .-\-
1633 5301 1653 5334 ³
1683 5306 1785 5361 ὶυδὶ
1824 5325 1932 5364 om.
1963 5308 2031 5362 Λ.
2107 5307 2130 5340 ⁸
2161 5307 2247 5364 ΒΗ
2273 5314 2327 5368 iit
2348 5318 2522 5386 pium.
2584 5315 2620 5386 ,³
2645 5305 2732 5360 ml
2767 5309 3048 5377 O,‘P]l=>5510«“-
3123 5296 3142 5326 θ
3174 5292 3261 5349 B“
3287 5305 3526 5365 i’“'°""“°
