4008 6286
534 283 668 375 loris

1909 294 2192 385 smmis
2232 326 2427 382 sum

3676 339 3817 393 illi)

531 438 819 518 unicuique
868 437 1213 494 rationalinm
1252 449 1306 494 et
1357 430 1803 495 iutellectualimn
1849 456 2004 497 sacro
2028 458 2119 497 or-
2148 452 2191 508 Α
2226 452 2401 499 tarum
2459 454 2769 500 sanctarum
2818 448 3100 513 virtutum,
3148 458 3203 503 et
3258 448 3560 505 minoribus
3588 470 3819 507 «inguina

530 542 660 588 natu
690 541 743 588 et
769 532 1017 588 ordinata
1073 532 1326 588 ductione
1369 533 1658 603 praevidit,
1702 542 1963 603 quantum
2006 536 2119 605 ipse

526 624 923 679 lerarchiarum
968 624 1342 696 unusquisque
1394 623 1529 679 ordo
1579 639 1737 681 sacre
1773 633 1829 680 et
1866 626 2120 682 decenter

526 716 741 786 .posiltI-s
778 724 881 781 est,
915 724 967 769 et
1009 722 1223 770 Onmem
1262 715 1591 772 lerarchiam
1637 717 1879 773 videmus
1902 717 1961 773 in
2005 717 2118 787 pri-

528 823 665 872 mas,
713 816 769 863 et
810 806 1040 871 medias,
1072 814 1128 862 et
1149 806 1368 862 ultimas
1399 808 1628 863 virtutes
1653 808 1900 863 divisam.
1929 807 2034 864 Sed
2064 817 2119 864 et

526 898 698 965 ipsam
724 910 822 966 per
847 896 1110 968 singulas,
1143 897 1451 967 specialiter
1478 897 1785 963 dicendum,
1812 892 2117 968 dispositio-

526 1003 650 1041 nem
684 987 816 1057 ipsis
846 987 1046 1042 divinis
1066 988 1362 1043 harmoniis
1390 988 1649 1044 discrevit
1682 1008 1695 1042 :
1728 1001 1949 1059 propter
1974 988 2115 1060 quod
2166 998 2171 1001 '

526 1087 581 1130 et
629 1077 775 1145 ipsos
798 1077 1168 1155 divinissimos
1217 1078 1501 1148 Seraphim
1554 1079 1653 1148 ipsi
1698 1080 1932 1151 theologi
1966 1081 2117 1134 aiunt

529 1167 761 1223 slterum
793 1167 1121 1223 ad'alterum
1172 1168 1408 1225 clamate
1434 1182 1483 1235 ει,
1531 1179 1718 1240 aperte
1775 1173 1826 1226 in
1883 1174 2004 1238 hoc,
2057 1180 2115 1225 ιιι
2158 1180 2167 1189 ‘

529 1256 780 1323 aestimo,
803 1257 1162 1325 declarantes,
1192 1260 1443 1328 quoniam
1492 1262 1822 1333 tlteologicas
1850 1263 2113 1318 scientias

526 1346 625 1419 ipsi
645 1349 803 1419 primi
817 1350 1069 1405 secundis
1086 1350 1320 1405 tradunt.
1337 1351 1647 1407 Addiderim
1668 1364 1847 1408 autem
1865 1353 2116 1408 fortassis

509 1440 707 1494 irt'hoc
754 1455 861 1494 non
907 1440 1223 1512 incongrue,
1266 1443 1391 1512 quia
1439 1452 1494 1498 et
1539 1446 1832 1499 secundum
1874 1446 2111 1516 seipsum

527 1534 899 1604 unusquisque
951 1541 1006 1588 et
1043 1533 1293 1589 caelestis
1333 1544 1389 1590 et
1430 1532 1698 1591 humanus
1738 1538 1949 1592 aninms
2001 1554 2115 1607 spe-

527 1621 692 1677 ciales
721 1623 880 1677 habet
908 1631 964 1678 et
991 1622 1197 1694 primas
1227 1634 1279 1679 et
1325 1625 1532 1681 medias
1559 1635 1613 1680 et
1649 1627 1868 1681 ultimas
1891 1629 2112 1682 ordina-

532 1714 708 1772 tiones
727 1724 781 1771 et
806 1716 1055 1782 virtutes,
1078 1717 1323 1772 addictus
1347 1733 1443 1790 per
1472 1722 1889 1792 unumquodque
1908 1722 1924 1752 ¹
1944 1722 2112 1777 ierar-

2223 545 2517 594 annectere
2559 538 2829 603 essentiis,
2871 542 2923 593 in
2953 542 3311 596 conversione
3353 542 3679 599 intentasse
3717 562 3814 600 au-

2220 628 2515 699 geiieorum
2545 638 2841 684 ornatuutn
2881 631 3234 687 taxiarchiae.
3265 632 3427 687 Juxta
3452 635 3609 689 enim
3639 650 3810 705 saepe

2224 734 2252 770 a
2282 717 2439 774 nobis
2487 728 2634 774 recte
2683 720 2946 775 redditam
2995 721 3262 777 rationem
3294 723 3445 792 ipsae
3470 725 3702 793 quidem
3728 740 3820 779 se-

2221 810 2567 881 petﬁrmatae
2630 812 3013 881 dispositiones
3076 814 3420 870 abundanter
3470 816 3691 870 habent
3760 828 3813 869 et

2220 903 2487 958 tninortun
2518 920 2702 959 sacras
2728 907 3107 976 proprietates,
3132 907 3356 962 ultimae
3380 898 3513 963 vero
3544 909 3815 977 majorum

2219 995 2587 1064 superpositas
2612 997 2996 1052 universitatrs
3023 1014 3125 1052 non
3160 999 3380 1065 habent,
3404 1000 3819 1070 particulariler

2220 1084 2274 1137 in
2323 1100 2416 1139 eas
2461 1086 2636 1154 primo
2688 1088 3071 1156 apparentibus
3128 1088 3670 1157 illuminationibns,
3723 1110 3815 1163 per

2219 1173 2425 1243 primas
2449 1174 2471 1205 ⁸
2498 1177 2975 1246 proportionaliter
2991 1181 3072 1232 eis
3095 1178 3423 1235 distributis.

2735 1307 2922 1362 CAPI'I
2943 1306 3129 1364 ULUll
3166 1309 3276 1363 Xll.

2219 1419 2396 1486 Quare
2416 1422 2699 1475 semiudum
2724 1422 2956 1477 homines
2979 1425 3258 1478 lemrrhue
3288 1442 3393 1493 ang
3422 1426 3457 1479 i’i
3494 1439 3749 1479 corruit"
3774 1428 3811 1480 ³.

2289 1535 2581 1601 Quaeritur
2606 1546 2787 1590 autem
2813 1546 2868 1590 ct
2896 1539 2994 1591 hoc
3025 1537 3436 1607 intelligibiliutn
3460 1541 3813 1608 eloquium

2218 1627 2460 1681 studiose
2503 1627 2835 1681 intuentibus
2855 1645 2867 1679 :
2887 1629 2929 1681 si
2958 1629 3103 1681 enim
3133 1631 3511 1699 pat'ttcipantia
3538 1630 3813 1684 excelsius

2218 1733 2336 1771 rum
2369 1718 2782 1775 universitatutn
2813 1735 2919 1771 tton
2953 1731 3079 1773 sunt
3109 1721 3296 1772 ultima
3316 1760 3333 1783 ,
3368 1722 3442 1780 ob
3470 1737 3652 1790 quam
3690 1740 3814 1776 «τιιι-

527 1807 809 1864 chicar'um
856 1808 1313 1865 illutninationum
1367 1815 1615 1883 proprias
1665 1829 1936 1885 anagogas
1981 1829 2109 1884 pro-
2144 1827 2184 1889 Β
2214 1828 2328 1867 sam
2355 1813 2650 1867 secundant
2696 1827 2796 1867 nos
2842 1828 3088 1869 summus
3125 1816 3382 1868 sacerdos
3431 1817 3671 1887 angelus
3719 1819 3816 1873 Do-

531 1899 907 1968 portionaliter
929 1898 1379 1968 manifestatas",
1406 1918 1500 1973 per
1527 1920 1664 1975 quas
1694 1906 2113 1975 unumquodque

529 1996 584 2046 in
614 1991 1033 2063 participatione
1055 1993 1132 2058 tit,
1165 1996 1305 2048 sicut
1336 1995 1566 2065 idipsum
1594 2006 1647 2050 et
1685 1994 1768 2050 fas
1801 2006 1885 2050 est
1909 2005 1963 2051 et
1994 2011 2113 2065 pos-

530 2083 720 2151 sibile,
775 2085 1400 2155 superincognitissimac
1438 2089 1772 2159 purgationis
1819 2088 2115 2159 plenissimi

528 2176 749 2231 luminis
769 2175 1168 2246 anteperl‘eetae
1188 2177 1554 2247 perfectionis.
1576 2180 1668 2233 Est
1687 2180 1830 2234 enim
1858 2180 1988 2234 nihil
2018 2194 2116 2249 per
2140 2198 2145 2203 ο

522 2284 585 2323 se
606 2267 943 2337 perfectum,
981 2266 1224 2337 indigens
1250 2269 1570 2324 universalis
1602 2269 1971 2338 perfectionis,
2011 2270 2114 2325 nisi

525 2376 654 2416 vere
684 2360 1136 2432 perfectissimum
1165 2368 1220 2415 et
1250 2371 1372 2416 ante
1399 2360 1721 2432 perfectum.

1056 2494 1454 2585 εειριτυιυιι
1495 2495 1584 2551 XI.

517 2601 711 2667 Quare
739 2619 916 2658 omnes
934 2604 1184 2659 caelestes
1205 2607 1458 2660 essentia:
1477 2608 1823 2662 communiter
1844 2603 2073 2663 Virtutes
2094 2606 2115 2635 '

1036 2675 1279 2730 caelestes
1310 2688 1553 2732 rocentur
1576 2677 1616 2731 ³.

604 2810 700 2868 llis
726 2820 909 2867 autem
936 2809 1199 2876 deﬁnitis,
1241 2810 1371 2865 illud
1419 2810 1642 2883 dignum
1693 2809 2017 2881 intelligere,
2045 2810 2116 2867 ob

518 2918 692 2975 quam
737 2918 956 2960 causam
1008 2917 1199 2958 omnes
1246 2902 1496 2957 similiter
1539 2903 1812 2974 angelicas
1848 2903 2116 2959 essentias

524 2996 760 3051 Virtutes
789 2994 1053 3050 caelestes
1091 3008 1286 3049 vocare
1339 2995 1739 3050 consuevimus.
1796 2992 1913 3048 Non
1967 2994 2113 3049 enim

514 3095 613 3141 est
654 3085 961 3152 dicendum,
1012 3093 1069 3139 ut
1097 3084 1149 3138 in
1189 3083 1413 3155 angelis,
1464 3084 1717 3155 quoniam
1743 3084 1983 3139 omnium
2018 3099 2116 3139 no-

2224 1906 2355 1961 mini
2405 1908 2788 1975 onmipotentis
2843 1906 2910 1960 ab
2957 1906 3186 1975 eloquiis
3232 1907 3553 1962 nominatur
3609 1909 3681 1962 ινῗ
3727 1910 3817 1964 Est

2219 2006 2395 2051 autem
2428 2013 2533 2051 non
2562 1997 2835 2051 contraria
2867 1981 3036 2061 ratio,
3082 2005 3142 2049 ut
3190 1997 3453 2061 uestium,
3496 2008 3633 2053 ante
3685 2003 3815 2052 deti-

2219 2089 2366 2144 nitis.
2403 2089 2641 2144 Dicimus
2687 2092 2865 2155 enim,
2906 2090 3036 2158 quia
3067 2088 3357 2144 universali
3389 2101 3444 2144 et
3472 2091 3816 2161 superpositi

2219 2180 2483 2250 majorum
2555 2189 2844 2251 ornantum
2910 2181 3111 2233 virtute
3178 2178 3566 2247 teliiqountnr
3626 2180 3819 2233 nidum.

2218 2271 2389 2329 Media
2452 2273 2599 2327 enim
2671 2282 2730 2327 et
2800 2272 3187 2343 proportionali
3252 2273 3594 2341 participant
3668 2273 3815 2341 juxta

2219 2381 2382 2418 unam
2412 2365 2573 2420 simul
2602 2373 2922 2419 cunctorum
2944 2373 3007 2418 et
3030 2364 3427 2432 conjtmetivam
3455 2367 3813 2419 societatem:

2138 2480 2141 2483 ·
2218 2462 2378 2531 quale
2442 2471 2553 2525 est,
2619 2470 2929 2517 sanctorum
2990 2458 3286 2514 Cnet-obitu
3333 2460 3473 2513 ordo
3524 2459 3815 2530 participat

2217 2568 2245 2606 s
2265 2552 2480 2621 :pientia
2510 2560 2564 2605 et
2586 2552 2814 2606 scientia
2843 2550 3058 2616 attiori;
3090 2550 3192 2603 sub
3228 2549 3374 2618 ipsos
3400 2558 3598 2602 autem
3634 2562 3815 2604 esseu-

2220 2647 2416 2701 tiarum
2476 2644 2860 2714 dispositiones
2918 2642 3248 2713 participant
3293 2641 3516 2710 quidem
3562 2651 3626 2695 et
3672 2642 3823 2712 ipsae

2219 2737 2488 2808 sapientia
2524 2746 2579 2792 et
2614 2737 2843 2791 scientia
2865 2772 2883 2800 ,
2920 2735 3232 2806 particulari
3273 2742 3458 2787 tamen
3496 2733 3566 2787 ad
3610 2732 3735 2788 illus
3766 2743 3815 2787 et

2217 2828 2479 2898 subjecta.
2528 2826 2597 2881 Et
2635 2826 2856 2896 quidem
2898 2809 3122 2879 omnino
3163 2825 3217 2879 itt
3261 2824 3696 2893 participatione
3736 2839 3817 2878 εις

2217 2918 2451 2988 pientiac
2485 2932 2606 2973 esse
2640 2917 2685 2982 ⁸,
2725 2925 2780 2971 et
2814 2917 3096 2980 scientiae,
3126 2929 3413 2970 etmnnune
3447 2923 3537 2969 est
3560 2916 3827 2969 omnibus

2218 3010 2572 3066 tleiforntibus
2594 3009 3051 3065 intellectualibus
3074 3010 3092 3038 ⁷
3123 3026 3134 3061 ;
3161 3017 3367 3061 attente
3392 3018 3683 3072 autem,et
3706 3008 3813 3075 pri-

2220 3120 2333 3171 mo,
2368 3115 2459 3160 aut
2486 3106 2747 3167 secundo,
2787 3115 2879 3157 aut.
2917 3101 3080 3167 infra,
3117 3115 3461 3171 nequaquam
3497 3114 3816 3162 commune,

531 3177 755 3234 "is-“lima
806 3186 888 3232 εει
936 3175 1218 3247 disposui”
1278 3177 1391 3245 ipsa
1447 3185 1759 3231 Sancumm
1812 3172 2109 3267 νίηωιιιηυ
2141 3194 2184 3252 C
2217 3198 2313 3253 sed
2343 3198 2485 3252 sicut
2524 3197 2815 3267 unicuique
2854 3205 2978 3250 ante
3000 3201 3223 3265 proin-ia
3253 3193 3514 3249 delinitur
3541 3192 3813 3261 analogia.

529 3279 585 3323 et
621 3269 839 3339 quidem
888 3268 1301 3324 novissimarum
1353 3277 1539 3323 sancta
1566 3277 1621 3322 et
1673 3269 1869 3322 decora
1920 3266 2116 3341 illumi-

530 3362 775 3429 natione,
808 3361 1268 3433 superpOsitarum
1292 3362 1296 3367 ’
1317 3362 1678 3417 essentiarum
1730 3360 2118 3431 dispositiones

520 3458 890 3530 participant;
941 3456 1162 3512 ultimae
1207 3470 1336 3511 vero
1382 3456 1681 3527 primarum
1728 3453 1874 3509 nullo
1921 3453 2111 3508 modo:

529 3572 547 3602 ι
563 3559 584 3604 ι
601 3547 755 3617 cuius
773 3548 947 3619 gratia
963 3547 1225 3602 caelestes
1244 3544 1460 3617 quidem
1481 3545 1710 3601 virtutes
1730 3558 1925 3600 omnes
1946 3544 2113 3598 divini

532 3640 840 3697 intellecms
859 3639 1227 3705 nominantur,
1252 3637 1537 3710 Seraphim
1561 3649 1740 3694 autem
1761 3648 1817 3693 et
1837 3637 2037 3692 Throni
2061 3644 2127 3691 et.

531 3726 942 3788 nominationes
996 3730 1142 3786 nullo
1194 3731 1372 3786 modo.
1406 3729 1772 3799 Partieipatae
1816 3729 1961 3783 enim
2012 3741 2111 3781 ex-

524 3835 742 3878 tremae
772 3821 1155 3879 excelsissimis
1180 3831 1305 3877 sunt
1345 3820 1740 3876 universalibus
1769 3820 2127 3891 proprietati~

528 3918 652 3973 bus.
694 3916 796 3987 ipsi
825 3930 1054 3986 namque
1077 3914 1291 3987 Angeli,
1321 3924 1376 3970 et
1414 3923 1539 3968 ante
1583 3912 1820 3986 Angelos
1869 3913 2115 3968 Archan-

514 4012 630 4082 geli
643 4054 657 4078 ,
671 4020 725 4068 ct
737 4010 1099 4082 Principatus,
1115 4020 1169 4065 et
1184 4008 1505 4075 Potestams,
1524 4017 1643 4079 post
1664 4009 1900 4064 Virtutes
1919 4008 1987 4061 ab
2001 4007 2113 4077 ipsa

514 4103 800 4175 stneologia
826 4103 1081 4168 ordinati,
1119 4102 1480 4157 communiter
1522 4112 1683 4170 saepe
1722 4114 1753 4152 ιι
1784 4099 1941 4154 nobis
1963 4098 2123 4153 simis

518 4198 656 4251 liter
682 4196 802 4250 ali.s
831 4195 1037 4251 sanctis
1066 4195 1326 4251 essentiis
1363 4194 1631 4250 caelestes
1656 4193 1884 4268 virtutes
1908 4207 2113 4247 vocans-

514 4301 635 4343 ttur.
690 4287 934 4343 D.cimus
978 4296 1180 4353 autem,
1208 4288 1331 4356 quia
1361 4287 1726 4343 communiter
1776 4286 1831 4340 in
1862 4286 2118 4342 omnibus

514 4388 744 4434 utentes
779 4378 1104 4434 caelestium
1140 4378 1509 4432 nominatione
1534 4378 1815 4443 virtutum,
1846 4391 1953 4432 non
1983 4392 2114 4433 con-

526 4466 795 4527 fusionem
821 4471 1099 4539 quandam
1120 4468 1548 4538 uniuscujusque
1583 4467 1956 4538 dispositionis
1979 4481 2108 4536 pro-

2217 3290 2328 3343 lloc
2359 3297 2538 3343 autem
2569 3298 2624 3343 et
2650 3289 2716 3341 de
2743 3288 2997 3342 otnnilms
3023 3288 3222 3342 divinis
3249 3286 3531 3341 mentibus
3556 3301 3677 3339 non
3708 3284 3817 3340 for-

2217 3382 2375 3436 tassis
2403 3382 2528 3450 quis
2551 3395 2741 3435 errans
2761 3381 3000 3436 deliniet.
3030 3380 3240 3434 Etenim
3270 3379 3411 3432 sicut
3442 3377 3611 3447 primi
3646 3378 3813 3430 abun.

2215 3474 2402 3528 danter
2448 3472 2643 3526 habent
2695 3472 2964 3525 minorum
3013 3481 3229 3525 sanctas
3273 3471 3649 3539 pulchraque
3684 3484 3809 3539 prn-

2213 3568 2496 3634 prietates,
2525 3567 2604 3617 sic
2636 3563 2836 3617 habent
2864 3563 3037 3616 ultimi
3068 3577 3162 3616 eas
3191 3564 3457 3631 priorum,
3489 3577 3605 3614 non
3631 3569 3823 3614 tanien

2214 3658 2487 3723 similiter,
2510 3657 2605 3711 sed
2637 3657 2799 3710 inl'ra.
2834 3655 2978 3710 Nihil
3009 3666 3170 3724 ergo,
3199 3663 3259 3708 ut
3295 3654 3565 3717 aestimo,
3612 3654 3813 3707 inordi-

2215 3756 2435 3815 natum,
2481 3751 2526 3804 si
2576 3760 2627 3804 et
2675 3749 2970 3803 secundum
3018 3762 3120 3802 nos
3156 3760 3425 3801 sunnntun
3468 3746 3821 3800 sacerdmem-

2216 3842 2464 3914 angelum
2497 3841 2764 3911 theolog'a
2813 3851 3005 3902 vocat,
3036 3837 3191 3907 juxta
3228 3838 3488 3891 virtutem
3527 3835 3811 3907 pmpriam

2213 3933 2628 4003 participantem
2671 3932 2986 4002 angelorum
3014 3928 3316 4001 hypol‘ctiea
3358 3928 3727 3998 proprietate,
3756 3938 3809 3980 ct

2215 4023 2283 4077 ad
2321 4021 2774 4077 ntanil‘estativam
2811 4036 2997 4074 eorum
3044 4020 3487 4081 similitudinem,
3538 4027 3810 4086 quantum

2214 4113 2472 4184 possibile
2530 4112 2872 4173 hominibus,
2928 4120 3226 4165 extentum.
3291 4108 3549 4162 Invenies
3590 4120 3808 4167 mitem,

2214 4206 2340 4275 quia
2368 4213 2424 4257 et
2451 4204 2580 4257 deos
2608 4202 2871 4272 theologia
2904 4211 3061 4255 vocat
3085 4209 3141 4255 et
3167 4199 3430 4255 caelestes
3454 4207 3509 4252 et
3536 4213 3812 4269 supernas

2213 4294 2480 4350 essentias
2500 4333 2516 4358 ,
2545 4302 2601 4347 et
2628 4294 2769 4363 apud
2797 4307 2893 4346 nos
2929 4292 3288 4346 amicissimos
3319 4290 3413 4344 Dei
3441 4298 3499 4344 et
3523 4290 3817 4343 mirabiles

2213 4388 2381 4450 viros,
2421 4397 2476 4441 et
2512 4387 2732 4457 quidem
2774 4386 2953 4441 divina
2990 4384 3323 4439 obscuritate
3372 4381 3817 4452 superessentiao’

2213 4477 2338 4532 liter
2363 4478 2524 4532 simul
2552 4476 2804 4531 omnibus
2829 4484 2886 4530 et
2917 4484 3120 4529 remota
3162 4485 3215 4528 et
3251 4474 3691 4542 supercollocata
3714 4513 3731 4536 ,
3757 4482 3810 4525 et

525 4563 816 4629 prietatuut
841 4537 1258 4615 introducimus
1284 4577 1301 4614 :
1325 4560 1418 4615 sed
1451 4537 1717 4629 quoniam
1750 4560 1803 4614 in
1834 4558 1939 4613 tria
1971 4559 2110 4614 divis-
2142 4537 2190 4598 D
2213 4569 2359 4624 nullo
2414 4570 2482 4623 ab
2538 4583 2602 4622 ea
2639 4566 2826 4623 eorum
2850 4607 2865 4631 ,
2904 4578 3044 4635 quae
3107 4575 3270 4631 sunt,
3319 4537 3481 4620 slinili
3530 4567 3809 4619 nonninnri

525 4652 730 4705 duntur
753 4652 1050 4706 secundum
1089 4666 1149 4705 se
1189 4652 1622 4723 supermundana
1677 4650 1888 4705 ratione
1921 4663 2113 4705 omnes

529 4744 694 4799 divini
727 4743 1055 4812 intellectus,
1077 4743 1132 4800 iu
1162 4746 1450 4801 essentiam
1477 4752 1534 4800 et
1561 4745 1812 4799 virtutem
1836 4751 1894 4798 et
1912 4755 2107 4812 operai

524 4837 750 4903 tionem,
799 4852 921 4892 cum
955 4838 1113 4892 simul
1157 4853 1346 4893 omnes
1378 4844 1470 4892 aut
1503 4829 1689 4891 eorum
1723 4836 1988 4905 quosdam
2027 4835 2112 4889 in.

524 4930 812 4986 observate
858 4933 1121 4986 caelestes
1169 4932 1454 4996 esse‘ntias,
1509 4938 1603 4984 aut
1647 4928 1915 4984 caelestes
1946 4942 2106 4984 voca-

526 5036 652 5076 mus
692 5025 942 5087 virtutes,
991 5038 1086 5078 eos
1128 5020 1577 5091 periphrastict‘is,
1606 5018 1896 5087 de'quibus
1929 5032 2109 5073 sermo

529 5123 633 5180 est,
663 5115 973 5187 signiﬁcare
1018 5130 1118 5171 nos
1162 5112 1557 5169 aestimandum
1599 5127 1664 5167 es
1711 5126 1799 5178 ea,
1843 5126 1983 5182 quae
2009 5125 2106 5181 per

521 5207 761 5278 singulos
789 5223 977 5263 eorum
1004 5216 1107 5272 est,
1134 5206 1369 5262 essentia
1393 5204 1479 5261 vel
1504 5205 1725 5259 virtute.
1751 5203 1936 5275 Neque
1956 5205 2101 5259 enim

519 5300 912 5369 superpositam
950 5300 1334 5370 proprietatem
1353 5298 1467 5371 jam
1494 5298 1633 5355 b-ne
1658 5310 1690 5351 a
1720 5297 1874 5353 nobis
1895 5297 2099 5353 discre-

2210 4661 2427 4732 proprie
2452 4670 2506 4715 et
2529 4661 2752 4715 omnino
2778 4659 3008 4713 valente.
3045 4658 3409 4714 Verumtamen
3440 4672 3810 4727 quaecunque

2211 4761 2265 4806 et
2302 4750 2743 4806 intellectualium
2774 4758 2826 4804 et
2871 4749 3211 4803 rationalium
3252 4749 3319 4801 ad
3364 4749 3637 4815 unitatem
3693 4750 3809 4813 eius

2210 4842 2601 4911 qualiscunque
2629 4841 2799 4895 virtus
2830 4839 3212 4895 ttnivcrsaliter
3238 4840 3609 4901 convertitur,
3648 4848 3702 4891 et
3743 4836 3807 4889 al

2209 4931 2422 4986 divinas
2458 4931 2625 5001 ipsius
2680 4930 3131 4993 illuminatioues,
3186 4935 3450 4996 quantum
3503 4926 3804 4993 possibile,

2214 5021 2611 5077 incessabiliter
2641 5020 2665 5053 ⁸
2696 5021 3025 5083 extenditur,
3084 5019 3379 5073 secundum
3420 5017 3722 5079 virtutem,
3760 5014 3806 5070 si

2204 5111 2409 5182 justum
2449 5112 2660 5176 dicere,
2702 5111 2885 5165 divina
2922 5110 3252 5176 imitatione,
3291 5117 3346 5163 et
3383 5107 3564 5162 divina
3608 5106 3805 5160 univo-

2210 5208 2423 5263 catione
2453 5207 2614 5278 digna
2645 5205 2790 5261 facta
2819 5214 2923 5259 est.

1793 5402 2048 5462 VARlAE
2105 5406 2505 5465 LECTIONES.

588 5524 609 5562 ι
637 5517 680 5574 E
713 5537 872 5576 unum
895 5523 1258 5595 quodcunque.
1334 5524 1373 5555 ί·
1407 5522 1448 5578 E
1471 5520 1802 5648 "anigitur.
1877 5517 1968 5573 ίοΕ
2008 5521 2182 5592 angeli
2202 5521 2451 5575 virtutes.
2526 5519 2625 5573 "E
2654 5529 2922 5575 cocuntur.
2985 5517 3007 5548 ⁸
3028 5515 3116 5572 BH
3141 5516 3334 5588 prima.
3408 5514 3491 5571 κε
3522 5526 3800 5569 mantnt.

588 5607 683 5647 me
710 5608 821 5648 om.
846 5594 912 5647 Α.
985 5593 1006 5625 ⁷
1044 5597 1086 5648 Α
1116 5594 1477 5648 nuellectibus.
1552 5592 1574 5626 ³
1686 5598 2024 5647 incessanter.

517 5593 543 5628 ⁸
572 5607 683 5647 εσσε
710 5608 821 5648 om.
846 5592 915 5647 Ai
985 5593 1006 5625 "
1044 5592 1477 5667 Ajaittelleclibur.
1552 5592 1574 5626 '
1605 5592 1653 5648 E
1686 5592 2024 5647 incessanter.
2104 5658 2109 5664 ,

2049 5700 2297 5761 NOTAE.

586 5808 613 5841 ι
642 5797 766 5857 lui.
808 5798 891 5857 γι.

2265 5799 2290 5837 ⁸⁵
2322 5795 2549 5855 ΜιιΙςιῡῐι.
2588 5793 2646 5860 ll,
2672 5792 2702 5846 7
2729 5809 2743 5850 ζ
2774 5791 2939 5861 Apoc.
2982 5789 3046 5847 ll.
