4008 6286
190 357 324 420 1031
369 384 371 386 ·

247 490 250 494 '
489 494 491 496 ·
683 459 1083 519 CAPITULUM
1123 456 1259 512 Xlll.

359 565 542 629 Quare
569 577 600 614 α
625 558 906 629 Scrapht'm
935 556 1145 629 dicatur
1172 559 1424 620 purgatus
1458 547 1616 616 fuisse

739 623 987 697 propheta
1019 623 1213 677 Isaias.

258 726 577 800 Age,ethoc
598 722 892 778 secundum
917 719 1168 772 virtutem
1197 713 1560 784 inspiciamus,
1584 707 1773 800 utquid

186 839 217 875 a
271 798 532 887 theologis
565 813 852 883 Seraphim
909 811 1105 865 missus
1153 806 1315 861 fuisse
1345 803 1554 858 dicatur
1594 811 1640 853 α.
1684 798 1772 852 Et-

185 914 334 969 enim
383 915 678 980 exponeret
725 905 1044 975 quisquam,
1073 901 1200 970 quia
1234 913 1336 952 non
1372 893 1772 964 suppositorum

185 1006 312 1076 quis
335 1002 680 1073 angelorum,
711 997 804 1052 sed
831 1010 968 1049 unus
1000 991 1214 1061 quidam
1252 984 1499 1042 maximis
1527 981 1776 1037 essentiis

190 1098 496 1154 innumeris
531 1103 728 1165 purgat
763 1088 1120 1146 sacerdotem.
1159 1083 1388 1150 Quidam
1424 1095 1552 1150 ergo
1590 1077 1774 1141 aiunt,

187 1190 316 1262 quia
351 1189 508 1258 juxta
545 1184 658 1255 jam
711 1191 836 1236 ante
885 1179 1147 1234 redditam
1197 1182 1511 1229 cunctorum
1565 1167 1776 1262 intelle-

184 1259 380 1335 ctuum
403 1277 676 1334 societatis
699 1271 1066 1328 deﬁnitionem
1086 1309 1098 1332 ,
1133 1281 1235 1322 non
1260 1280 1420 1319 unam
1445 1263 1586 1316 circa
1612 1259 1776 1313 Deum

189 1345 491 1440 primarum
541 1366 798 1422 tuentium
842 1361 1088 1416 nominat
1141 1357 1412 1426 eloquium
1452 1353 1502 1407 in
1546 1348 1780 1419 theologi

191 1445 570 1533 purgationem
610 1457 867 1519 venisse;
923 1452 1188 1522 quendam
1219 1463 1346 1513 vero
1389 1443 1778 1515 praestantium

191 1553 354 1607 nobis
403 1548 748 1619 angelorum,
789 1543 1216 1598 sanctiﬁcantem
1258 1536 1552 1608 prophetae
1586 1547 1783 1603 purga-

194 1644 423 1704 tionem,
471 1639 754 1709 Seraphim
801 1633 1247 1704 acquivocatiouc
1280 1631 1292 1659 '
1326 1637 1572 1683 vocatum
1620 1625 1783 1678 fuisse
1819 1695 1822 1698 ἢ

195 1741 420 1803 prOptcr
468 1733 676 1801 igneam
711 1738 766 1782 et
800 1727 1101 1782 caelestem
1139 1724 1404 1778 dictorum
1451 1720 1780 1775 oblationem

842 348 1091 406 \‘lﬂliSlO
1130 342 1409 398 ιιιιιιῑιιυιι
1452 343 1510 396 S.
1550 333 1868 395 DIONYSII.
1904 361 1970 372 —
1996 328 2372 386 CAELESTIS
2413 324 2805 381 ll‘IBARClllA.

3310 320 3454 376 106'}.

1789 450 1841 508 Α
1869 444 2002 498 haec
2040 452 2129 495 aut
2167 455 2386 510 aquam,
2423 445 2513 490 aut
2548 438 2776 491 alterum
2816 434 2943 504 quid
2977 449 3086 507 non
3123 431 3276 488 facile
3304 433 3450 503 igne-

1871 534 2135 591 scentium
2191 531 2670 603 proportionalitcr
2728 517 3034 582 calciicans.
3091 526 3266 604 Juxta
3310 528 3450 582 lumc

1873 627 2038 697 igitur
2074 623 2337 679 naturalis
2374 621 2732 676 ordinationis
2787 620 3085 690 rationem,
3121 628 3449 689 supernatu-

1879 716 2010 770 ralis
2047 717 2160 784 ipsa
2198 714 2376 767 omnis
2401 713 2526 768 boui
2557 721 2782 765 ornatus
2813 697 3039 766 visi-bilis
3077 721 3141 778 et
3170 711 3457 770 invisibilis

1817 878 1821 882 η
1877 809 2224 873 taxiarchiae,
2251 823 2519 876 congruae
2543 805 2938 861 dilucidationis
2955 804 3258 860 claritatem
3281 806 3456 875 primo

1876 908 2221 970 apparentem
2244 939 2260 963 ,
2290 907 2346 951 ut
2377 899 2428 952 in
2466 896 2854 967 copiosissimis
2891 895 3239 950 eiusionibus
3272 897 3457 952 excel-

1869 991 2191 1046 lentissimis
2239 991 2550 1044 manifestat
2597 987 2885 1043 cssentiis:
2937 999 2988 1042 et
3025 1003 3124 1058 per
3161 1004 3282 1052 eas,
3321 1003 3461 1058 quae

1878 1092 1994 1152 post
2037 1091 2161 1136 sunt
2191 1081 2496 1145 cssentiae,
2533 1081 2713 1136 divino
2753 1081 3078 1150 participant
3131 1081 3298 1135 radio.
3350 1081 3462 1136 llac
3508 1137 3512 1142 _

1878 1173 2023 1227 cnim
2047 1173 2066 1204 ⁸
2089 1173 2294 1242 primae
2315 1183 2699 1242 cognoscentes
2717 1171 2885 1226 Deum
2907 1214 2917 1234 ,
2938 1181 2996 1226 et
3019 1172 3253 1226 divinam
3278 1188 3464 1242 snper-
3507 1227 3512 1235 Α

1880 1264 2182 1320 cmiuettter
2221 1265 2593 1320 desiderantes
2633 1264 2922 1327 virtutem,
2971 1274 3024 1318 ct
3059 1264 3459 1334 pracoperatri—
3508 1319 3513 1330 ,

1879 1370 1975 1410 res
2018 1355 2154 1419 ticri,
2189 1364 2447 1424 quantum
2481 1354 2767 1425 possibile,
2813 1356 2921 1410 Deo
2959 1355 3118 1410 simili
3174 1356 3372 1410 virtute
3411 1363 3468 1412 et
3503 1402 3508 1406 .

1884 1446 2097 1500 actione
2142 1446 2333 1516 dignae
2380 1444 2601 1500 etfectae
2647 1453 2800 1510 sunt,
2851 1455 2907 1500 et
2951 1457 3071 1516 post
3115 1461 3172 1502 se
3201 1447 3463 1502 essentia:

1887 1537 2034 1607 ipsae
2084 1537 2150 1592 ad
2200 1537 2430 1591 similem
2483 1537 2757 1600 virtutem,
2800 1546 2858 1590 ut
2905 1539 3100 1604 virtus,
3129 1537 3467 1595 deil‘ormitcr

1885 1628 2213 1693 extendunt,
2241 1630 2458 1699 copiose
2490 1629 2619 1699 ipsis
2651 1631 2925 1686 tradentes
2951 1649 3018 1687 ex
3057 1626 3470 1702 superveniente

1889 1719 1941 1771 in
1989 1734 2084 1774 eas
2127 1718 2404 1784 claritate,
2451 1729 2506 1774 et
2546 1720 2666 1774 illae
2719 1722 2909 1776 iterum
2939 1723 3239 1793 subjectis:
3281 1735 3336 1778 et
3377 1741 3472 1794 per

190 1831 543 1890 peccatorum
562 1860 578 1884 ,
616 1829 671 1872 et
705 1816 914 1888 purgati
956 1815 1008 1869 in
1033 1813 1272 1869 divinant
1303 1809 1664 1866 obedientiam
1697 1823 1781 1862 re—
1815 1825 1859 1883 Β
1886 1811 2123 1881 'singulas
2143 1813 2313 1883 prima
2334 1814 2405 1878 ei,
2426 1830 2565 1883 quae
2583 1824 2658 1869 est
2684 1825 2804 1885 post
2826 1832 2966 1881 eam,
2987 1817 3164 1872 tradit.
3191 1817 3309 1887 Ipsa
3333 1833 3470 1888 aqu:

191 1910 726 1979 suscitatienetn._l£t
754 1907 1026 1976 eloquium
1059 1920 1223 1957 unum
1252 1919 1314 1956 cx
1346 1901 1630 1971 Seraphin]
1661 1900 1785 1952 sim-

196 2003 414 2072 pliciter
447 2003 648 2056 dixisse
691 1990 873 2059 aiunt,
924 2013 1029 2051 non
1075 1996 1219 2049 circa
1286 1994 1450 2047 Deum
1491 1990 1782 2064 collocata-

199 2109 344 2160 rum,
367 2090 458 2146 sed
484 2091 636 2146 nobis
664 2087 1051 2160 praestantium
1079 2085 1478 2156 purgativarum
1504 2084 1783 2137 virtutum.

197 2184 353 2238 Alter
405 2191 583 2237 autem
641 2198 744 2236 non
797 2179 956 2234 nimis
1005 2177 1470 2232 inconvenientem
1519 2175 1785 2245 quandam

187 2275 474 2344 praestitit
501 2273 628 2328 mihi
663 2271 962 2343 apo’logiam
995 2280 1156 2338 super
1183 2266 1490 2336 hujusmodi
1513 2275 1676 2321 statu.
1702 2265 1791 2319 Ait

201 2367 389 2431 etiim,
439 2367 564 2437 quia
623 2364 892 2435 propriam
945 2360 1286 2431 purgativam
1335 2357 1788 2414 sacriﬁcationem

206 2474 438 2526 magnus
470 2457 593 2520 ille,
625 2457 716 2525 qui
757 2462 886 2508 tunc
921 2462 1068 2516 erat,
1115 2452 1374 2506 visionem
1419 2449 1658 2504 formans
1690 2465 1788 2504 an-

203 2551 358 2623 gelus
399 2551 452 2605 in
486 2550 784 2606 docendum
825 2548 1006 2601 divina
1052 2545 1392 2614 theologum,
1435 2543 1486 2599 in
1532 2543 1697 2598 Deum
1738 2551 1794 2598 et

201 2649 330 2710 post
357 2641 525 2694 Deum
556 2641 610 2695 in
642 2640 1130 2710 praeoperatricem
1161 2635 1487 2691 lerarcltiam
1532 2635 1790 2704 reposuit.

211 2735 277 2786 l-Zt
318 2732 577 2800 numquid
614 2732 783 2800 igitur
816 2730 957 2784 haec
1001 2727 1137 2782 ratio
1181 2741 1344 2781 verax
1375 2726 1497 2780 est?
1528 2725 1617 2779 Ait
1649 2725 1793 2779 enim

197 2826 301 2896 qui
331 2827 433 2879 hoc
461 2825 597 2879 dixit
628 2841 639 2878 :
673 2822 953 2890 Quomodo
984 2821 1165 2874 divina
1194 2819 1368 2872 virtus
1398 2817 1452 2871 in
1494 2817 1674 2872 omnia
1705 2830 1796 2870 ve-

208 2917 367 2970 niens
394 2914 607 2984 implet,
635 2922 689 2968 et
715 2929 811 2984 per
831 2912 1010 2967 omnia
1043 2908 1494 2965 innuensuraliter
1520 2909 1761 2979 pervenit
1779 2947 1794 2971 ,

204 3015 266 3057 et
295 3003 548 3058 munibus
578 3004 772 3057 iterum
813 3011 896 3056 est
936 2999 1252 3064 invis'hilis,
1286 3014 1390 3054 non
1436 2999 1608 3054 solum
1640 2999 1796 3068 quasi

206 3099 281 3151 ab
311 3097 566 3151 omnibus
595 3093 1126 3166 superessentialitcr
1159 3103 1364 3148 remota
1385 3131 1401 3158 ,
1433 3092 1525 3148 sed
1555 3099 1610 3148 et
1639 3091 1793 3162 quasi

1889 1920 2068 1958 nonne
2115 1913 2170 1959 et
2219 1905 2269 1958 in
2310 1921 2502 1960 onmes
2548 1908 3020 1978 preportionaliter
3056 1911 3350 1978 pervenit?
3380 1909 3475 1964 Est

1887 2014 2016 2068 ergo
2063 1999 2220 2054 simul
2267 2001 2475 2055 cunctis
2527 2001 2842 2057 illznniuatis
2894 2004 3220 2074 principium
3278 2006 3474 2060 illumi-

1889 2091 2049 2146 nandi
2101 2090 2244 2146 Deus
2285 2093 2500 2162 quidem
2531 2103 2729 2147 natura
2786 2106 2839 2150 et
2875 2112 2996 2168 vere
3031 2107 3084 2151 et
3123 2097 3338 2168 proprie
3362 2138 3376 2160 ,
3417 2107 3477 2150 ut

1890 2181 2108 2236 luminis
2145 2185 2408 2248 essentia,
2460 2194 2512 2239 et
2549 2186 2714 2255 ipsius
2753 2163 2955 2242 esse’et
2997 2189 3176 2244 videre
3221 2189 3471 2245 causalis.

1891 2273 2005 2330 Hoc
2025 2275 2362 2332 deiformiter
2383 2287 2438 2331 ct
2459 2279 2570 2332 Deo
2591 2279 2768 2334 simile
2797 2291 3111 2348 permanet,
3137 2283 3474 2352 superposita

1891 2367 1940 2420 ci
1983 2376 2104 2436 post
2135 2382 2192 2422 se
2241 2383 2601 2439 unaquaeque
2633 2370 2814 2424 divina
2843 2371 3044 2424 lumina
3077 2388 3172 2441 per
3213 2387 3272 2428 se
3314 2374 3366 2427 in
3409 2373 3477 2427 ιι-

1892 2458 1998 2512 lam
2029 2460 2398 2514 transvehere.
2451 2461 2590 2527 Ergo
2614 2462 3128 2516 eseellentissimmn
3160 2464 3476 2518 caelestimn

1890 2549 2197 2603 auia-erum
2228 2550 2632 2621 dispositionem
2665 2552 2826 2606 simul
2873 2555 3114 2608 omnium
3146 2555 3476 2626 rcliqnarmn
3510 2593 3512 2595 ›

1893 2639 2180 2704 cssentiae,
2195 2641 2488 2694 secundum
2510 2641 2653 2711 quod
2676 2656 3010 2711 consequens
3031 2653 3115 2698 est
3132 2684 3146 2707 ,
3169 2655 3291 2715 post
3313 2644 3481 2698 Deum

1896 2729 2217 2800 principium
2259 2731 2524 2785 mirantur
2555 2734 2732 2786 omnis
2754 2747 2943 2787 sacrae
2977 2743 3032 2788 et
3069 2732 3282 2788 divinae
3305 2734 3482 2788 scien-

1899 2822 2044 2886 tiae,
2081 2830 2134 2875 et
2173 2821 2387 2876 divinae
2429 2823 2781 2885 imitationis.
2823 2834 3076 2894 tanquam
3127 2841 3224 2895 per
3271 2826 3389 2881 illas
3429 2827 3480 2882 in

1897 2925 2086 2966 omnes
2122 2919 2178 2966 et
2215 2926 2315 2967 nos
2349 2911 2529 2966 divina
2569 2912 2962 2967 illuminatioue
2997 2915 3305 2969 distributa.
3351 2915 3482 2968 Pro-
3515 2964 3522 2974 ,

1897 3013 2015 3074 pter
2042 3005 2186 3075 quod
2215 3014 2269 3060 et
2295 3021 2511 3061 omnem
2541 3023 2752 3061 sacram
2795 3018 2849 3060 et
2888 3009 2994 3061 Deo
3023 3006 3250 3061 similem
3287 3023 3484 3077 opcra-
3517 3057 3522 3064 .

1895 3099 2098 3152 tionem
2128 3098 2182 3152 in
2206 3097 2379 3152 Deum
2409 3098 2625 3168 quidem
2670 3099 2824 3168 quasi
2883 3099 3150 3158 consulem
3198 3100 3436 3153 referunt
3469 3117 3481 3153 :

207 3189 424 3244 occulte
453 3189 505 3242 in
536 3189 715 3242 omnia
742 3188 1060 3258 permittens
1090 3186 1342 3256 providas
1369 3200 1494 3240 suas
1521 3186 1793 3256 Operatio-
1824 3182 1867 3242 C
1901 3191 2097 3246 deinde
2141 3191 2348 3260 primos
2381 3190 2674 3248 deiformes
2709 3193 3040 3254 intellectus,
3080 3203 3336 3263 tanquam
3377 3195 3518 3262 pri»

211 3294 349 3343 nes,
380 3280 474 3334 sed
505 3288 686 3332 tamen
723 3287 778 3332 et
804 3279 1058 3332 on'n'iibus
1089 3276 1544 3332 intellectualibns
1567 3292 1796 3347 propor-

211 3368 494 3422 tionaliter
533 3368 875 3438 snperlucet,
925 3377 980 3423 et
1027 3368 1301 3438 propriam
1350 3367 1798 3422 illuminationcm

207 3464 471 3533 ingerens
500 3460 906 3532 pretiosissimis
936 3461 1217 3522 essentiis,
1250 3474 1346 3530 per
1376 3475 1469 3514 eas
1504 3452 1662 3530 quasi
1696 3460 1802 3529 pri-

210 3568 336 3608 mas
369 3554 430 3614 in
474 3553 815 3608 submunitas
853 3567 911 3606 se
951 3552 1087 3606 bene
1121 3561 1314 3605 ornate
1355 3551 1667 3616 distribuit,
1709 3566 1799 3606 se-

211 3647 452 3700 cundum
485 3645 907 3713 uniuscujusque
934 3643 1301 3711 dispositionis
1327 3641 1799 3710 contemplativam

211 3736 825 3794 continensurationem.
872 3734 1042 3800 Quam
1084 3741 1141 3784 ιιι
1204 3732 1441 3804 apertius
1482 3731 1691 3796 dicam,
1740 3741 1795 3786 ct

211 3841 318 3896 per
333 3826 843 3897 propria-exempla,
867 3825 964 3877 etsi
989 3821 1291 3877 deﬁcientia
1315 3821 1422 3876 Deo
1440 3823 1695 3877 onmilms
1721 3839 1806 3876 rc-

209 3928 403 3982 tnoto,
437 3929 788 3973 verumtamen
819 3917 974 3971 nobis
999 3915 1369 3969 manifestiora
1398 3933 1410 3968 :
1439 3915 1634 3969 solaris
1667 3915 1800 3968 rad'.i

215 4012 632 4067 distributiones
659 4012 708 4064 in
732 4011 962 4080 primam
991 4008 1271 4062 materiam
1298 4007 1433 4062 bene
1458 4007 1803 4070 distributae.

217 4104 449 4173 implent
472 4101 711 4158 omnium
743 4101 1056 4156 lucidiorem
1076 4139 1090 4163 ,
1122 4107 1176 4152 et
1200 4113 1294 4167 per
1322 4112 1440 4152 eam
1471 4097 1808 4162 manifestius

215 4196 473 4266 proprios
503 4193 782 4248 declarant
808 4203 826 4231 ³
850 4191 1193 4263 splendores;
1223 4191 1482 4244 accedens
1508 4203 1634 4242 vero
1661 4206 1807 4244 cras-

218 4289 456 4344 sioribus
504 4287 774 4352 materiis,
807 4285 1173 4340 obscuriorem
1220 4284 1382 4338 habet
1408 4284 1807 4340 distributivam

219 4378 776 4449 snperapparitionem
795 4417 811 4442 ,
834 4392 903 4431 ex
926 4376 1394 4429 illuminandarum
1419 4377 1763 4433 materiarum
1787 4377 1807 4408 ³

215 4471 294 4525 ad
319 4469 725 4526 illuminationis
751 4468 1146 4524 distributimnn
1172 4466 1412 4521 habitum
1447 4468 1812 4537 inopportnni-

1901 3296 2018 3337 nos
2051 3291 2365 3352 operatores
2404 3284 2709 3337 divinorum
2751 3295 2805 3338 et
2838 3285 3147 3354 magistros.
3187 3286 3302 3338 Non
3356 3302 3514 3355 ergo:

1902 3373 2072 3442 prima
2105 3382 2414 3428 sanctorum
2452 3374 2766 3445 angelorum
2805 3375 3083 3444 dispositio
3121 3377 3292 3445 nmgis
3328 3378 3515 3431 simul.

1901 3464 2156 3518 omnibus
2201 3465 2423 3519 habet‘
2459 3466 2672 3536 igneam
2723 3469 3136 3536 proprietatem,
3167 3479 3222 3523 et
3257 3470 3487 3524 etl‘nsam
3517 3505 3522 3525 -.

1901 3555 2114 3609 divinae
2136 3556 2430 3626 sapientiae
2455 3558 2800 3612 traditionem
2824 3569 2905 3624 ,et
2929 3561 3208 3630 mysticam
3231 3562 3490 3616 excelsis—

1903 3645 2093 3699 simam
2126 3645 2430 3701 divinarum
2465 3646 2913 3702 illuminationnm
2955 3651 3246 3714 scientiae,
3290 3662 3346 3706 ct
3379 3668 3520 3706 ses»

1905 3737 2077 3790 sivam
2123 3737 2508 3805 proprietatem
2557 3748 2895 3809 gestantem,
2929 3741 3164 3795 divinam
3196 3745 3494 3812 susceptio-

1907 3839 2028 3876 nem
2062 3825 2455 3893 signiﬁcantem
2478 3827 2500 3878 ?
2525 3827 2680 3896 Ipsae
2709 3845 2836 3884 vero
2879 3834 3275 3901 suppositarum
3317 3835 3522 3902 dispo-i

1907 3913 2130 3967 sitioncs
2146 3916 2513 3972 essentiarum
2538 3959 2553 3982 ,
2586 3919 2772 3989 ignea,
2799 3920 3072 3988 sapiente,
3116 3922 3353 3986 sciente,
3399 3923 3515 3976 Dei.

1909 4007 2244 4078 susceptoria
2282 4008 2480 4063 virtute
2522 4012 2843 4082 participant
2877 4013 3093 4081 quidem
3125 4013 3260 4067 infra
3284 4055 3300 4078 ,
3335 4024 3390 4068 et
3425 4017 3492 4068 ad

1911 4099 2114 4170 primas
2144 4100 2500 4169 aspicientes,
2531 4112 2585 4156 et
2611 4118 2707 4172 per
2735 4119 2830 4159 eas
2867 4113 2926 4158 ut
2969 4105 3270 4161 imitatione
3308 4107 3522 4164 divina.

1912 4192 2324 4262 praeoperative
2351 4193 2512 4263 digne
2543 4195 2714 4250 factas
2742 4195 2793 4250 in
2834 4195 3212 4252 deiiormitatis
3239 4199 3524 4268 possibile

1916 4283 2188 4337 reductae.
2226 4283 2409 4338 Dictas
2437 4299 2568 4352 ergo
2598 4296 2817 4342 sanctas
2841 4288 3233 4356 proprietates,
3264 4303 3492 4358 quarum

1913 4375 2262 4444 participatio
2289 4391 2385 4444 per
2414 4377 2616 4447 primas
2645 4386 2765 4447 post
2793 4391 2887 4434 eas
2928 4380 3284 4435 subsistentes
3323 4382 3454 4436 [inut
3477 4424 3493 4445 ,

1917 4466 2047 4537 ipsis
2080 4467 2185 4520 illis
2225 4476 2345 4537 post
2375 4467 2540 4522 Deum
2585 4477 2836 4538 tanquam
2880 4470 3164 4526 lerarcliiis
3208 4485 3492 4543 reponunt.

218 4571 362 4623 tate,
393 4570 447 4615 et
470 4561 634 4630 paulo
665 4569 786 4629 post
817 4574 884 4613 ex
925 4561 1024 4613 hoc
1063 4558 1128 4612 ad
1165 4557 1401 4626 perfecte
1428 4557 1538 4612 fere
1563 4559 1806 4614 indistri-
1840 4548 1889 4606 Ι)
1915 4559 2004 4612 Ait
2030 4574 2158 4628 ergo
2190 4559 2322 4614 haec
2347 4560 2534 4615 dicens
2563 4561 2614 4625 δ,
2648 4560 2905 4614 visionem
2927 4562 2998 4616 ab
3025 4561 3114 4616 illo
3138 4564 3157 4593 ⁷
3187 4573 3498 4633 susceptam

223 4654 414 4706 butum
450 4661 741 4706 coartatur.
785 4651 980 4705 llermn
1029 4649 1167 4721 ignis
1214 4649 1459 4704 caliditas
1506 4650 1676 4718 magis
1721 4664 1808 4705 se-

222 4747 400 4814 ipsam
439 4744 716 4799 distribuit
755 4744 808 4798 in
843 4742 1127 4812 capaciora
1153 4783 1172 4805 ,
1205 4751 1261 4796 et
1297 4742 1366 4794 ad
1404 4741 1811 4796 similitudinem

223 4851 386 4890 suam
415 4837 551 4891 bene
575 4835 950 4890 convenientia
976 4845 1030 4888 et
1055 4837 1193 4888 bene
1215 4835 1372 4890 ducta
1404 4854 1420 4888 ;
1452 4834 1518 4887 ad
1535 4834 1700 4890 *vcro
1730 4851 1814 4890 re-

226 4927 648 4984 formationibus
671 4930 972 4983 contrarias
994 4928 1262 4982 essentias
1313 4928 1422 4997 ipsa
1457 4927 1658 4981 nullum
1687 4931 1818 4987 abso

226 5034 397 5074 conso
447 5019 752 5088 primitivac
800 5018 1130 5088 operationis
1165 5017 1444 5085 vestigimn
1486 5019 1814 5074 manifestat.

231 5111 300 5165 Et
325 5113 426 5167 hoc
446 5127 512 5166 eo
541 5111 793 5182 autplius,
819 5111 944 5180 quia
975 5109 1086 5172 his,
1121 5123 1259 5178 quae
1288 5123 1390 5160 non
1419 5120 1541 5162 sunt
1570 5121 1814 5180 cognata,

226 5216 330 5272 per
358 5207 664 5272 Opportuna
696 5203 800 5257 sibi
831 5201 1080 5258 habentia
1107 5199 1411 5254 admittitur
1449 5201 1703 5270 primum,
1733 5211 1816 5256 ut-

229 5305 358 5363 pote
392 5295 559 5364 ignita
599 5293 809 5348 faciens
846 5291 916 5345 ab
957 5293 1126 5358 igneis
1167 5289 1586 5358 facile’mobilia,
1638 5304 1692 5349 et
1719 5310 1818 5364 per

1916 4646 2082 4704 fuisse
2111 4649 2357 4720 theologo
2400 4665 2498 4720 per
2539 4666 2701 4711 unum
2751 4653 3134 4721 imperantium
3175 4654 3330 4709 nobis
3373 4670 3522 4712 san-,

1917 4751 2126 4794 ctornm
2155 4751 2209 4794 et
2237 4743 2513 4796 beatorum
2546 4745 2892 4813 angelorum,
2920 4755 2975 4800 et
3016 4755 3142 4800 ante
3184 4746 3523 4806 illuminati-_

1919 4852 2040 4890 vam
2081 4837 2248 4905 ipsius
2291 4838 2763 4893 manuductionem
2801 4839 2855 4893 in
2897 4839 3040 4893 illam
3085 4850 3324 4895 sanctam
3369 4855 3489 4893 coa-

1921 4927 2327 5006 templationem
2365 4929 2688 4997 reposuisse.
2732 4929 2799 4983 Et
2838 4931 3027 4984 sedere
3070 4928 3200 4984 vidit
3239 4928 3518 4994 excelsisa

1919 5020 2086 5075 simas
2130 5021 2430 5085 essentias,
2475 5030 2734 5089 quantum
2783 5021 2835 5075 in
2873 5020 3130 5091 symbolis
3171 5020 3493 5082 dicendum,

1919 5119 2038 5181 post
2066 5110 2264 5170 Deum.
2292 5121 2349 5165 et
2375 5110 2519 5168 circa
2563 5112 2728 5166 Delum
2761 5095 3086 5175 collocatas,
3129 5108 3519 5180 snperprincim

1916 5201 2092 5273 palem
2138 5203 2506 5256 summitatem
2543 5202 2595 5256 in
2629 5201 2804 5258 medio
2843 5200 3343 5271 superiirmatarum
3387 5200 3516 5260 vir-_

1918 5302 2090 5348 tutum
2120 5293 2618 5364 supercotlocatam.
2655 5294 2850 5350 Didicit
2873 5308 3006 5363 ergo
3050 5291 3499 5360 visionibusipsc

1531 5425 1784 5482 VARIAE
1821 5425 2226 5484 LECTIONES.

306 5523 422 5594 ‘WA'
453 5497 746 5594 aequitvoce.
823 5523 844 5552 ³
877 5519 917 5574 ll
949 5519 1237 5574 declarent.
1320 5518 1341 5548 ⁸
1365 5519 1430 5572 Λ*
1449 5534 1647 5576 malm.
1729 5521 1744 5550 "
1777 5518 1864 5574 EH
1885 5529 1961 5574 al.

237 5595 260 5628 τ
296 5593 382 5648 ΑΕ
409 5595 476 5648 ab
496 5593 613 5646 illa.

2043 5521 2064 5552 ³
2085 5522 2152 5574 A“
2180 5520 2292 5576 Hae
2340 5525 2552 5586 etenim,
2584 5523 2621 5576 Ε
2677 5521 2784 5576 Eae
2829 5525 2992 5576 enim.
3072 5526 3092 5554 ⁸
3118 5523 3255 5577 ΑΕΗ
3287 5523 3488 5577 habent.

1773 5625 1946 5716 non
1960 5663 2019 5716 ις.

305 5768 335 5798 ⁸
361 5759 465 5812 lsa.
500 5755 586 5812 Vl.

1998 5758 2027 5794 λ·
2055 5755 2150 5807 let.
2189 5757 2267 5809 γι.
