4008 6286
1063 333 1076 342 4
1123 293 1161 324 ’⁸

504 317 642 383 δοξεεῖ

1892 325 2173 381 ,1οΛΝΝ15
2213 325 2410 384 SCU'I'I

3643 334 3783 389 ωσι

505 446 784 517 theologus
806 488 818 506 .
852 445 976 515 quia
1004 443 1158 515 jutta
1188 457 1405 498 onmem
1447 441 1956 512 superessentialem
1997 457 2086 496 su-
2117 446 2160 503 Α
2192 439 2311 510 plu,
2343 442 2482 496 sicut
2507 442 2801 496 secundum
2835 457 3202 507 nossumutus
3225 443 3478 498 sacerdos
3500 459 3600 514 per
3651 461 3782 500 suos

501 537 949 610 pert-mittentiam
977 532 1478 604 incomparabiliter
1493 529 1975 600 supereollocaunu
2003 539 2087 584 est

499 634 738 689 dMuunt
796 629 954 684 simul
986 628 1132 683 omni
1170 626 1361 680 visibili
1421 623 1785 694 invisibilith
1842 623 2082 685 virtute;

500 726 670 795 atqui,
707 723 832 795 quia
865 721 1106 776 omnium
1131 728 1212 773 est
1248 718 1752 780 remotissimorutn,
1784 724 1843 770 ιιι
1873 715 2085 768 univer-

499 818 643 877 sale,
697 830 873 885 neque
921 814 1112 884 primis
1160 826 1378 874 eorum,
1431 823 1570 877 quae
1621 817 1780 871 sunt,
1834 807 2088 861 essentiis

499 910 695 964 simile.
731 909 920 963 Adhuc
952 913 1006 958 et
1033 905 1274 959 omnium
1315 902 1484 970 ipsum
1519 899 1840 971 principium
1869 906 1923 952 et
1952 913 2084 952 cauo

499 1016 624 1054 sam
655 994 1088 1052 substantifieam
1117 1009 1268 1054 esse,
1297 1005 1352 1045 et.
1379 1007 1566 1044 (‘Ol'lltli
1588 1031 1602 1055 ,
1632 1003 1772 1059 quae
1811 1000 1964 1050 sunt,
1998 1001 2088 1041 se-

498 1100 646 1145 creta
677 1087 1055 1158 singu'aritate
1077 1081 1412 1138 immutabile
1435 1081 1947 1144 fumlatnentum,cx
1977 1093 2085 1148 quo

498 1190 553 1236 et
585 1194 708 1235 esse
735 1220 747 1242 ,
775 1189 830 1232 et
862 1179 996 1232 bene
1024 1189 1176 1238 esse,
1218 1175 1380 1228 etiam
1415 1173 1544 1244 ipsis
1570 1187 1783 1227 summe
1812 1169 2037 1225 munitis
2064 1171 2080 1201 ¹

498 1285 582 1332 est
611 1274 920 1328 virtutibus.
951 1271 1152 1326 Deinde
1177 1270 1392 1324 easdem
1420 1266 1886 1322 sanetissimorum
1920 1263 2083 1319 Sera-

500 1369 652 1441 phim
683 1366 908 1422 edoctus
934 1372 1018 1419 est
1047 1361 1334 1418 deiformcs
1359 1362 1591 1414 virtutes
1609 1401 1624 1424 ,
1669 1374 1823 1414 sacra
1860 1357 2081 1428 quidem

499 1463 742 1533 ipsorum
770 1456 1239 1528 coguominatioue
1262 1496 1276 1518 ,
1306 1454 1447 1524 quod
1467 1462 1555 1507 est
1586 1451 1843 1524 ignitum,
1879 1451 1944 1503 de
1973 1463 2081 1517 quo

496 1552 660 1624 paulo
684 1560 806 1623 post
847 1565 943 1604 nos
975 1548 1248 1611 dicemus,
1293 1554 1551 1615 quantum
1586 1545 1750 1598 nobis
1790 1539 2078 1614 possibile,

494 1640 1020 1701 sdbintroducerer‘in
1047 1637 1307 1694 deiforme
1333 1636 1531 1706 ignitae
1553 1635 1767 1689 virtutis
1786 1647 2073 1703 anagogas.

495 1737 720 1793 Marum
749 1750 877 1790 vero
906 1747 1144 1802 expansa
1169 1745 1322 1785 saera
1353 1728 1676 1782 formatione
1705 1727 1757 1779 in
1801 1725 2038 1780 divinum
2061 1766 2074 1789 ,

2191 531 2471 588 ministros
2517 542 2609 586 aut
2653 533 2964 588 sacerdotes
3013 549 3250 603 purgans
3284 545 3377 588 aut
3425 535 3782 603 illuminant,

2189 627 2303 696 ipse
2329 627 2529 682 dicitur
2557 643 2788 697 purgare
2813 639 2867 684 et
2895 629 3233 692 illuminare,
3284 643 3380 698 per
3424 631 3604 698 ipsum
3654 647 3780 699 pur-

2189 719 2328 790 gatis
2353 718 2666 781 ordinibus,
2699 733 2796 788 per
2835 734 2895 773 se
2937 719 2989 772 in
3019 718 3193 788 ipsum
3239 720 3634 788 t'epoiientibus
3660 734 3786 788 pro-

2187 812 2336 880 prias
2364 825 2550 865 sacras
2577 809 2964 880 operationes:
3008 809 3090 864 sic
3124 819 3179 864 et
3219 810 3498 879 propriam
3535 811 3786 882 prgati-

2188 918 2308 957 vam
2332 903 2614 958 scientiam
2656 913 2712 958 et
2757 902 3013 958 virtutem
3067 903 3182 973 ipse
3208 903 3596 975 purgationem
3629 906 3786 958 theo-

2186 994 2292 1066 logi
2351 997 2640 1066 perhciens
2690 995 2945 1066 angelus,
3007 997 3060 1050 in
3112 997 3281 1052 Deum
3335 997 3557 1066 quidem
3617 998 3784 1052 veluti

2187 1089 2497 1154 causalem,
2553 1090 2748 1144 deinde
2796 1089 2850 1143 in
2905 1089 3079 1159 ipsum
3133 1088 3458 1158 Serapbim,
3517 1099 3785 1160 tanquam

2185 1181 2362 1249 primo
2386 1190 2632 1251 agentem
2664 1196 2933 1234 sumntum
2968 1181 3334 1245 sacerdotem,
3361 1182 3618 1252 reponit;
3669 1182 3782 1237 vel-

2185 1273 2262 1328 uti
2286 1274 2534 1329 fortassis
2580 1273 2702 1344 quis
2747 1273 2970 1338 dixerit,
3007 1289 3137 1330 cum
3179 1273 3423 1345 angelica
3469 1276 3782 1330 revetentia

2182 1375 2476 1436 purgatura
2515 1367 2752 1421 edocens
2772 1405 2787 1430 ,
2817 1366 2942 1435 quia
2975 1365 3029 1420 in
3062 1376 3114 1419 te
3143 1375 3270 1420 ante
3299 1381 3388 1420 me
3413 1366 3785 1436 perﬁciendae

2183 1458 2527 1529 purgationis
2577 1457 2906 1528 principium
2953 1457 3169 1528 quidem
3216 1466 3300 1514 est
3350 1458 3668 1524 excelsum,
3713 1469 3784 1514 et

2182 1551 2414 1604 essentia
2435 1592 2449 1614 ,
2479 1559 2533 1604 ct
2553 1549 2813 1614 Creator,
2843 1557 2900 1604 et
2919 1549 3196 1616 causalis,
3239 1551 3556 1621 primasque
3595 1567 3784 1606 essen-

2185 1643 2286 1697 tias
2315 1644 2380 1696 ad
2408 1658 2527 1698 esse
2555 1644 2854 1708 adducens,
2881 1654 2937 1699 et
2959 1645 3106 1700 circa
3132 1644 3576 1699 sea-collocatione
3606 1647 3780 1699 conti—

2189 1749 2342 1800 nens,
2367 1747 2420 1790 et
2446 1736 2744 1790 observans
2785 1736 3232 1792 inconversibilcs
3257 1744 3308 1792 et
3329 1751 3470 1791 casu
3501 1745 3780 1798 carentes,

497 1829 551 1884 in
595 1827 821 1900 primis,
875 1823 1194 1886 in'mediis,
1238 1822 1292 1876 in
1320 1821 1539 1874 ultimis
1581 1817 1938 1872 intellectibus
1983 1815 2075 1870 ab-

2185 1838 2241 1882 et
2291 1829 2530 1897 seipsum
2573 1843 2796 1883 movens
2843 1828 2897 1882 in
2941 1828 3146 1898 primas
3194 1827 3540 1899 propriarum
3595 1828 3780 1896 provi-

495 1921 727 1977 solutam
765 1929 820 1972 et
858 1917 1179 1972 altissimam
1217 1913 1614 1967 extensiouem.
1659 1908 1765 1964 Sed
1801 1919 1855 1964 et
1875 1924 2080 1964 corum

495 2012 819 2068 tuuitilictun
844 2018 899 2065 et
929 2005 1261 2064 multiforme
1281 2005 1477 2058 videns
1517 2000 1898 2056 intellectualis
1935 2001 2082 2054 theo-

493 2109 675 2177 logus,
718 2113 773 2160 et
813 2103 914 2158 alis
958 2097 1216 2170 distingui
1246 2111 1365 2152 eam
1406 2095 1597 2150 subtus
1637 2097 1836 2164 pedes,
1881 2101 1937 2146 et
1961 2106 2077 2145 eam

491 2201 682 2254 subtus
709 2195 872 2251 facies
900 2186 1521 2255 visioncm,-eteum~in
1566 2184 1756 2239 mediis
1796 2182 1896 2238 alis
1939 2197 2082 2237 sem-

489 2304 591 2359 per
619 2296 823 2342 motum
843 2325 857 2348 ,
885 2282 951 2338 ad
984 2279 1306 2336 in-visibilem
1348 2290 1534 2332 eorum
1554 2315 1569 2341 ,
1610 2289 1746 2345 quae
1787 2273 1900 2327 visa
1929 2280 2077 2334 sunt,

496 2379 566 2434 ab
594 2379 713 2448 ipsa
747 2375 1001 2430 reductus
1039 2378 1124 2426 est
1162 2366 1480 2429 scientiam,
1525 2364 1867 2420 manifestata
1909 2362 1958 2416 ei
2001 2361 2080 2414 al-

499 2469 830 2525 tissimorum
863 2462 1228 2518 intellectuum
1263 2457 1502 2513 multivia
1533 2464 1608 2510 .et
1646 2454 1921 2510 multivida
1963 2454 2075 2508 vir-

493 2570 649 2615 tute:
682 2566 738 2613 et
763 2570 948 2612 eorum
986 2567 1138 2609 sacra
1181 2549 1501 2614 formidine,
1548 2562 1709 2617 quam
1755 2546 1953 2601 habent
1994 2561 2080 2598 su-

492 2650 862 2724 permundaue
892 2648 944 2702 in
977 2646 1227 2700 altiorutn
1258 2651 1306 2697 et
1349 2641 1654 2713 graviorum
1694 2636 1981 2708 superbam
2021 2643 2077 2689 et

490 2741 751 2796 audacem
779 2749 834 2794 et
863 2735 1246 2808 impossibilem
1278 2732 1666 2789 scrutationem
1695 2748 1706 2783 :
1741 2739 1796 2783 et
1836 2729 1888 2782 in
1925 2742 2076 2782 com-

489 2831 894 2888 mensuratione
921 2829 1086 2884 Deum
1111 2824 1434 2882 imitantium
1457 2822 1730 2878 actionum
1757 2817 2075 2875 incessabilc

488 2931 544 2975 et
573 2920 847 2976 altivolum
874 2933 1090 2989 semper
1114 2916 1386 2972 motionis.
1416 2913 1520 2968 Sed
1551 2922 1606 2966 et
1645 2912 1792 2965 illam
1835 2909 2073 2964 divinam

486 3024 542 3070 et
573 3013 794 3069 multum
838 3012 1137 3084 prcciosam
1170 3007 1515 3080 hymnodiatu
1543 3003 1786 3058 eruditus
1813 3009 1929 3066 est,
1965 2999 2074 3054 fore

490 3115 672 3162 mante
740 3105 1002 3160 visionem
1058 3101 1247 3172 angelo
1300 3099 1596 3156 secundum
1656 3091 1914 3150 virtutem
1969 3094 2066 3163 ipsi

489 3198 738 3268 theologo
759 3238 772 3262 ,
818 3206 873 3250 et
916 3164 1164 3250 tradente
1211 3190 1482 3263 propriam
1513 3204 1726 3244 sacram
1760 3187 2062 3243 scientiam.
2095 3164 2142 3226 C

464 3288 680 3345 Docuit
707 3303 835 3358 ergo
865 3302 987 3341 eum
1018 3295 1072 3340 ct
1102 3287 1224 3350 hoc,
1251 3284 1375 3354 quia
1410 3282 1657 3354 purgatio
1673 3289 1754 3335 est
1786 3289 2071 3350 quantum-

490 3395 702 3448 cunque
733 3378 974 3448 purgatis
1011 3377 1124 3446 ipsa
1173 3374 1386 3430 divinae
1432 3373 1698 3430 claritatis
1725 3371 2067 3442 incognitae,

486 3480 750 3542 quantum
804 3467 1100 3539 possibile,
1155 3464 1517 3536 participatio.
1574 3463 1717 3518 llaec
1767 3472 1945 3516 autem
1999 3477 2065 3515 ex

485 3561 659 3632 ipsius
688 3559 986 3613 divinitatis
1015 3556 1240 3612 remotis
1268 3555 1480 3617 causis,
1513 3568 1618 3624 qua
1658 3567 1847 3608 omnes
1886 3566 2070 3606 sacros

462 3649 794 3706 'intellectus
822 3645 1344 3718 superessentialiter
1365 3643 1723 3698 occultatione
1751 3642 2068 3712 perliciens,

485 3739 764 3794 altissimis
791 3738 936 3792 circa
968 3752 1027 3792 se
1059 3735 1350 3790 virtutibus
1399 3733 1739 3789 manifestior
1799 3733 2070 3802 quomodo

484 3840 600 3896 est,
632 3840 685 3885 et
716 3827 887 3899 magis
935 3828 1281 3897 semetipsum
1325 3823 1634 3880 manifestat
1675 3833 1731 3878 et
1773 3823 2064 3877 distribuit.

467 3922 690 3980 Deinde
715 3939 778 3978 ex
811 3921 1062 3976 secundis
1101 3929 1194 3973 aut
1238 3918 1575 3982 novissimis,
1618 3927 1712 3970 aut
1748 3917 1949 3972 nostris
1990 3915 2070 3969 in-

484 4015 882 4073 tellectualibus
912 4015 1230 4076 virtutibus,
1265 4021 1526 4083 quantum
1549 4010 1626 4064 ab
1657 4010 1770 4079 ipsa
1801 4023 2068 4078 unaquae-

483 4124 593 4180 que
633 4109 927 4164 secundum
991 4107 1252 4162 deifertue
1307 4104 1518 4166 extitit,
1573 4102 1654 4159 sic
1723 4101 2065 4156 manifestam

483 4215 636 4256 suam
669 4197 1116 4253 illuminationem
1147 4194 1396 4250 conducit
1442 4193 1509 4248 ad
1551 4193 1801 4264 propriae
1838 4193 2070 4246 occulta-

475 4291 650 4346 tionis
680 4289 1006 4344 laudandum
1039 4286 1305 4357 ignotum.
1333 4285 1501 4339 Lucet
1527 4294 1706 4339 autem
1732 4299 1829 4353 per
1857 4283 2066 4355 singula

483 4385 734 4441 secundis
759 4399 854 4454 per
877 4385 1070 4454 prima,
1091 4390 1147 4436 et
1166 4381 1211 4436 si
1241 4388 1454 4452 oportet
1472 4380 1710 4437 breviter
1731 4381 1936 4444 dicere,
1960 4381 2065 4450 pri-

480 4493 574 4531 mo
595 4492 661 4532 ea
681 4476 895 4531 occulto
916 4476 982 4529 ad
1005 4473 1352 4546 manifestum
1377 4474 1590 4529 ducitur
1617 4489 1713 4545 per
1736 4475 1939 4544 primas
1959 4472 2066 4526 vir-

486 4581 644 4626 tutes.
697 4569 808 4624 Hoc
844 4583 977 4640 ergo
1021 4567 1299 4640 theologus
1327 4567 1512 4621 didicit
1541 4583 1605 4622 ea
1639 4542 1811 4622 lucem
1835 4566 2064 4620 ducente
2097 4542 2142 4600 ί)

475 4677 608 4717 eum
639 4659 858 4731 angelo,
885 4659 988 4715 hoc
1015 4669 1130 4726 est,
1159 4659 1530 4730 purgationem
1549 4669 1612 4712 -et
1638 4672 1829 4716 omnes
1853 4657 2064 4711 divinas

483 4753 827 4824 operationes
848 4768 942 4823 per
964 4753 1166 4823 primas
1189 4752 1451 4807 essentias
1475 4751 1774 4807 relucentes
1799 4751 1850 4805 in
1875 4764 2064 4805 omnes

483 4845 723 4916 reliquas
771 4846 1015 4901 distribui
1058 4845 1355 4900 secumlum
1385 4845 1806 4915 uniuscujusque
1836 4845 1902 4898 ad
1945 4845 2061 4900 dei-

484 4936 617 4990 ticas
667 4933 1112 5004 participatioues
1159 4933 1482 5004 analogiam.
1538 4933 1764 5004 Propter
1816 4933 1958 5004 quod
2009 4943 2066 4989 et

487 5025 656 5097 iguitc
685 5035 1020 5096 purgattvam
1050 5023 1434 5093 proprietatem
1460 5022 1591 5092 ipsis
1617 5022 1899 5093 Seraphim
1924 5039 2060 5079 con-

484 5125 775 5186 sequcater
803 5125 921 5185 post
947 5115 1115 5169 Deum
1147 5113 1406 5183 reposuit.
1436 5112 1576 5167 Nihil
1618 5127 1753 5182 ergo
1795 5115 2067 5170 inordina-

453 5217 632 5272 tum,
662 5208 705 5262 si
731 5221 962 5280 purgare
1029 5207 1227 5262 dicitur
1271 5205 1573 5276 theologum
1624 5206 1926 5278 Seraphim.
1973 5207 2064 5263 Sic

482 5301 629 5354 enim
661 5299 798 5353 Deus
828 5307 1021 5371 purgat
1047 5313 1258 5362 omnes,
1284 5312 1513 5366 quorum
1545 5297 1706 5354 totius
1731 5298 2066 5369 purgationis

475 5401 568 5444 est
593 5405 777 5446 causa.
804 5389 970 5461 Magis
989 5398 1190 5455 autem,
1213 5388 1456 5459 proxime
1479 5388 1620 5442 enim
1645 5397 1857 5444 utemur
1877 5406 2062 5445 exem-

2185 1917 2378 1972 darum
2410 1919 2788 1988 operatiouum
2819 1919 3278 1988 participationes.
3308 1917 3424 1974 Hoc
3451 1918 3605 1973 enim
3649 1919 3782 1974 haec

2185 2025 2270 2064 me
2296 2010 2498 2065 docens
2535 2011 2610 2064 ait
2653 2011 2821 2079 ipsius
2837 2009 3132 2081 Seraphim
3161 2009 3521 2067 manifestare

2183 2116 2305 2156 nem
2333 2101 2372 2155 ².
2409 2101 2666 2155 Summus
2697 2111 2879 2156 autem
2906 2102 3164 2157 sacerdos
3193 2113 3256 2156 et
3285 2111 3408 2171 post
3441 2102 3618 2156 Deum
3643 2103 3772 2165 dux,

2183 2196 2299 2266 ipse
2330 2195 2722 2266 praestantium
2753 2195 3116 2250 esseutiarutn
3148 2205 3411 2258 ornatus,
3455 2209 3486 2247 a
3529 2210 3644 2264 quo
3675 2209 3780 2263 ego

2182 2300 2415 2357 purgare
2457 2282 2798 2339 deiformiter
2823 2283 3070 2338 eruditus
3117 2298 3260 2345 sum,
3306 2283 3420 2354 ipse
3469 2285 3641 2350 igitur
3687 2293 3770 2338 est

2181 2395 2281 2450 per
2327 2394 2414 2433 me
2445 2387 2510 2433 'te
2559 2391 2828 2449 purgans,
2874 2391 2970 2448 per
3003 2391 3174 2446 quem
3214 2378 3476 2446 proprias
3519 2376 3776 2446 providas

2181 2470 2422 2524 actiones
2448 2484 2514 2524 ex
2561 2471 2773 2523 occulto
2801 2477 2853 2520 et
2898 2469 3092 2522 innos
3129 2467 3382 2537 pr-otiuxit
3434 2468 3557 2536 ipsa
3609 2467 3772 2521 totius

2179 2577 2340 2617 causa
2371 2570 2427 2615 et
2453 2559 2630 2630 opifex
2659 2560 3015 2631 purgationis.
3043 2559 3190 2614 Haec
3219 2559 3441 2630 quidem
3471 2559 3568 2614 ille
3591 2560 3775 2613 docuit

2179 2665 2298 2716 me,
2332 2651 2423 2705 tibi
2456 2661 2637 2704 autem
2665 2665 2768 2721 ego
2801 2649 2975 2704 trado.
3019 2648 3131 2704 Tua
3175 2658 3355 2703 autem
3403 2648 3776 2704 concesserim

2178 2741 2526 2796 iutellectuali
2555 2750 2612 2795 et
2641 2741 2929 2795 diseretiva
2955 2741 3180 2795 scientia
3209 2780 3224 2804 ,
3255 2749 3351 2794 aut
3375 2739 3614 2795 alteram
3646 2755 3772 2811 par-

2178 2842 2286 2888 tem
2317 2834 2582 2887 dictarunt
2605 2847 2898 2887 causarum
2926 2820 3130 2888 absolvi
3161 2832 3529 2894 dubitatione,
3562 2839 3617 2885 et
3645 2845 3774 2884 ean-

2175 2925 2298 2980 dem
2351 2925 2621 2978 honorare
2670 2933 2795 2979 ante
2852 2924 3096 2986 alteram,
3127 2933 3384 2994 tauquam
3428 2937 3778 2994 consequens

2174 3026 2229 3072 ct
2275 3015 2599 3071 rationabile
2636 3024 2706 3069 ἐἰ
2755 3030 2928 3085 aeque
2979 3030 3164 3069 verum
3209 3013 3560 3078 habentem;
3608 3022 3706 3066 aut
3742 3028 3774 3065 a

2176 3119 2227 3164 te
2257 3109 2406 3178 ipso,
2437 3107 2581 3178 quod
2617 3122 2743 3162 vere
2778 3107 2898 3162 veri
2933 3089 3199 3171 vicinius,
3249 3107 3519 3172 invenire,
3591 3116 3687 3160 aut
3710 3106 3775 3159 ab

2176 3202 2347 3256 altero
2390 3202 2633 3263 discere,
2668 3199 2780 3254 Deo
2831 3199 3081 3254 videlicet
3107 3200 3306 3262 dante,
3351 3199 3598 3266 etprius
3642 3197 3776 3253 reci-

2176 3293 2450 3365 pientibus
2473 3291 2698 3362 angelis,
2722 3299 2777 3346 et
2797 3290 3109 3360 angelorum
3131 3290 3322 3344 amicis
3348 3289 3510 3343 nobis
3534 3289 3775 3344 revelare

2175 3401 2271 3456 per
2294 3383 2410 3453 ejus
2439 3383 2611 3454 magis
2643 3380 2929 3435 amabilem
2951 3380 3498 3450 contemplationem.

2679 3471 3085 3528 CAPITULUM
3125 3470 3263 3526 XIV.

2283 3567 2425 3634 Quid
2456 3565 2711 3636 signiﬁcet
2757 3564 2777 3594 ³
2815 3563 3042 3617 traditus
3077 3560 3345 3632 angelicas
3385 3576 3662 3614 numeras.

2241 3659 2309 3712 Et
2353 3659 2454 3713 hoc
2501 3665 2681 3711 autem
2732 3655 2975 3726 dignum,
3032 3664 3090 3708 ut
3119 3654 3367 3717 aestimo,
3415 3650 3771 3708 intellectuali

2173 3752 2502 3823 cognitione,
2521 3751 2644 3820 quia
2667 3749 3003 3818 eloquiorutu
3021 3748 3087 3801 de
3107 3745 3310 3815 angelis
3347 3744 3574 3799 traditio
3595 3743 3774 3798 milies

2172 3847 2324 3902 milia
2345 3860 2465 3902 esse
2510 3845 2586 3898 ait
2617 3856 2665 3908 ι,
2707 3853 2758 3898 et
2789 3843 2974 3896 decem
2997 3841 3018 3871 ⁸
3044 3839 3188 3894 miiia
3216 3839 3399 3894 decies
3435 3839 3640 3900 milies,
3671 3853 3758 3892 se-

2171 3938 2404 3990 cundum
2452 3951 2549 3989 nos
2598 3932 3012 3988 sublimissimos
3044 3944 3395 3984 numerorum
3443 3928 3499 3982 in
3532 3929 3770 3997 seipsaat

2173 4027 2454 4082 revolvens
2494 4035 2550 4080 et
2588 4022 2966 4092 multiplicans,
3002 4031 3057 4074 et
3101 4034 3200 4089 per
3227 4019 3325 4074 hos
3349 4029 3542 4088 aperte
3561 4018 3773 4087 signitio

2171 4137 2302 4179 cans
2347 4119 2762 4176 innumerabiles
2794 4115 3107 4171 caelestium
3148 4115 3518 4169 essentiamm
3546 4114 3766 4169 orditur-

2173 4218 2366 4272 tiones.
2401 4213 2595 4268 Multae
2619 4212 2762 4266 enim
2805 4217 2931 4264 sunt
2968 4208 3159 4263 beatae
3190 4205 3411 4260 militiae
3438 4219 3767 4274 supermun-

2169 4307 2370 4361 daliam
2394 4303 2781 4363 intellectuum,
2807 4300 3081 4354 infirmam
3107 4306 3160 4352 et
3183 4305 3482 4351 coartatam
3499 4311 3766 4366 superan-

2173 4410 2252 4454 tes
2281 4395 2636 4452 materialium
2665 4390 2962 4448 secundum
2985 4405 3084 4445 nos
3113 4403 3464 4444 numerorum
3486 4403 3768 4444 commen-

2169 4489 2522 4550 suratiouem,
2558 4497 2614 4540 et
2655 4500 2685 4538 a
2724 4482 2837 4537 sola
2883 4481 3122 4552 guostica
3157 4479 3433 4542 definitae,
3463 4479 3767 4534 sectmdutn

2169 4583 2339 4652 ipsam
2366 4576 2834 4650 supermnndanae
2876 4583 2934 4630 et
2975 4571 3225 4628 caelestis
3275 4568 3672 4640 intelligentiae
3715 4579 3768 4624 et

2169 4670 2432 4726 scientiae
2457 4667 2720 4724 ditissime
2765 4666 2844 4720 eis
2890 4662 3233 4718 donationem
3294 4661 3532 4714 sanitate
3585 4659 3764 4713 divina

2170 4761 2368 4816 multae
2406 4759 2665 4814 scientiae
2714 4753 3104 4825 sapientilicae,
3129 4751 3370 4806 onmium
3409 4749 3573 4804 simul
3630 4764 3764 4820 quae

2171 4863 2295 4909 stmt
2332 4849 2856 4922 superessentialiter
2886 4845 3168 4902 existentis
3187 4843 3459 4915 principii,
3487 4853 3543 4897 et
3564 4855 3762 4898 musae

2170 4941 2594 5006 substantiticae,
2627 4949 2682 4993 et
2721 4937 3050 4994 continentis
3091 4933 3325 4999 virtutis,
3369 4942 3426 4988 et
3471 4933 3762 4993 ambientis

2170 5034 2671 5093 consummationis.
2802 5056 2805 5058 -

2683 5111 2873 5167 CAPI'I
2893 5107 3085 5166 ULUM
3126 5107 3243 5162 XV.

2170 5214 2318 5280 Quae
2342 5214 2442 5267 sint
2489 5209 2797 5282 formativne
2821 5203 3177 5274 angelicorum
3202 5200 3448 5255 virtutum
3480 5197 3750 5268 imagines.

2241 5303 2343 5358 Fer
2369 5301 2512 5372 quod
2559 5304 2744 5358 restat,
2785 5293 3120 5350 remittentes
3152 5298 3415 5352 nostrum,
3449 5289 3494 5344 si
3521 5287 3748 5344 videtur,

2168 5390 2586 5450 intellectualem
2615 5386 2826 5442 oculum
2874 5383 3019 5438 circa
3051 5379 3311 5436 sublimes
3346 5375 3745 5449 contemplatio-

1731 5505 1985 5561 VARIAE
2020 5503 2422 5563 LECTIONES.

599 5597 816 5651 munit-ia
843 5611 951 5650 om.
982 5595 1090 5650 EH.

1169 5599 1188 5627 ’
1217 5598 1256 5650 Α
1280 5598 1570 5666 jussioncnt
1649 5598 1668 5628 ⁸
1699 5597 1736 5651 [ἰ
1769 5598 2049 5666 signiﬁcat.
2084 5597 2105 5628 ‘
2134 5596 2222 5651 Sic
2251 5596 2369 5651 AE:
2411 5594 2494 5648 Iiil
2527 5605 2580 5648 ct
2607 5603 2840 5647 centeno.

2001 5685 2248 5741 NOTAE.

555 5787 579 5814 ⁸
606 5775 740 5829 Dan.
778 5775 881 5838 VH,
924 5776 1007 5828 10.
