4008 6286
229 351 367 409 i065

888 355 1134 414 \‘ERSIO
1172 358 1455 417 Ul‘lillUM
1497 361 1552 416 S.
1595 359 1910 416 DIONYSII.
1940 390 1992 398 —
2035 357 2411 414 CAELESTIS
2449 357 2836 413 IEBARCHIA.

3364 327 3499 414 tace

225 479 325 521 nes
371 465 613 536 angelico
661 467 864 539 vigore,
897 471 964 526 ad
999 471 1270 528 dividuam
1314 483 1368 528 et
1405 475 1808 546 multipartitam
1838 477 1886 536 Α
1914 472 2186 544 propriam
2228 471 2535 528 manifestet
2557 473 2577 505 ³
2620 472 2908 527 actionem.
2939 471 3502 541 lnuneusurabilisque

225 555 568 613 latitudinem
591 559 936 619 multiformis
960 563 1323 634 angelicarnm
1349 568 1810 636 speciticationum

228 652 529 719 varietatis,
545 655 931 714 descendentes
945 658 1135 714 iterum
1154 661 1204 715 in
1222 661 1348 730 ipsis
1364 673 1616 734 tanquam
1635 663 1818 717 incon-

227 743 582 809 sequentihus
614 746 665 799 in
710 747 1108 819 simplicitatem
1153 754 1467 808 caelestium
1513 755 1814 808 animorum

227 831 499 902 analytice
523 834 752 891 reﬂexis.
779 836 953 894 Unum
975 841 1154 898 autem
1177 845 1244 898 sit
1273 846 1362 899 tibi
1388 847 1816 918 praecognitum,

225 925 498 990 (litoruodo
523 941 714 982 sacrae
761 929 1112 987 formatarum
1141 934 1432 1005 imaginum
1465 939 1819 994 resolutiones

225 1013 444 1068 easdem
491 1016 779 1087 aliquando
821 1023 1131 1080 caelestium
1181 1029 1541 1083 essentiarum
1587 1030 1817 1099 disposi-

232 1101 407 1159 tiones
432 1108 833 1166 sanctificantes
859 1113 1185 1183 significant,
1215 1127 1269 1172 et
1296 1119 1488 1174 iterum
1516 1121 1822 1176 sanctiﬁca-

233 1200 335 1256 tas,
394 1204 450 1250 et
495 1199 819 1258 novissimas
862 1207 1296 1276 sanetificantes,
1348 1213 1822 1284 sanetificatasque

230 1285 456 1355 primas,
479 1300 533 1343 et
559 1293 799 1358 easdem,
829 1306 887 1351 ut
913 1297 1114 1353 dictum
1145 1310 1250 1365 est,
1284 1302 1487 1372 primas
1515 1313 1569 1358 et
1618 1306 1822 1361 medias

228 1388 286 1433 et
309 1379 526 1438 ultimas
553 1383 812 1442 habentes
838 1390 1084 1458 virtutes,
1115 1393 1260 1448 nulla
1280 1395 1584 1452 inordinata
1618 1399 1823 1456 ratione

231 1471 568 1540 introducta,
599 1478 895 1537 secundum
931 1481 1236 1552 huiusmodi
1286 1489 1675 1544 reserationum
1707 1508 1822 1546 mo-

229 1565 378 1620 dum.
409 1567 710 1640 Siqui-lem
752 1575 896 1629 enim
929 1577 1255 1635 sanetificari
1283 1583 1541 1650 quasdam
1577 1601 1606 1638 a
1634 1585 1855 1654 ιιι“ῑοιοί-⁸

231 1658 334 1712 bus
390 1661 693 1721 diceremus
727 1707 740 1731 ,
807 1666 1002 1726 deinde
1069 1673 1360 1728 earundem
1423 1678 1824 1736 sanetifieantes

231 1749 458 1819 priores.
491 1752 682 1811 iterum
711 1759 1111 1818 sanctificantes
1155 1763 1463 1822 ultimarum
1493 1770 1820 1826 sanetificari

1918 575 1973 622 et
2025 565 2310 622 invisibilis
2355 580 2452 634 per
2503 564 2760 636 seipsuni,
2804 573 2995 636 potens
3033 563 3193 619 simul
3235 564 3498 626 omnium,

1919 671 1971 716 et
2003 676 2357 730 quaecunque
2383 659 2434 714 in
2471 658 2552 713 eis
2589 667 2714 712 sunt
2747 662 2790 720 ⁸,
2819 655 2950 711 fiunt
2977 656 3040 710 ad
3081 655 3349 711 actionem
3379 668 3502 722 pro-

1919 717 2117 824 priam,
2156 717 2392 816 mobilis,
2447 751 2664 805 tradens
2706 750 2938 818 seipsnm
2973 748 3224 803 omnibus
3259 717 3528 816 quoqth

1919 847 2082 901 modo
2100 844 2551 917 proximantiims.
2588 842 2950 896 Renovativus
2975 850 3199 894 naturae.
3231 837 3502 898 cnstoJia,

1921 936 2312 990 illuminativus
2352 934 2751 991 circumvelatis
2777 931 3170 1002 si‘ilendoribus,
3203 931 3506 998 incompte

1922 1027 2439 1091 hensibilis,elarus,
2463 1029 2744 1088 discretus,
2771 1026 3038 1089 resiliens,
3062 1039 3276 1079 sursum
3300 1021 3505 1086 ferens,

1921 1129 2296 1184 acutemeans,
2313 1119 2586 1186 excelsius,
2599 1135 2703 1174 non
2723 1127 2969 1188 receptus
2985 1113 3310 1173 contumelia
3334 1113 3482 1167 mino
3498 1143 3509 1155 -

1923 1215 2171 1279 rationis,
2193 1229 2409 1284 semper
2434 1225 2631 1274 motus,
2668 1228 2764 1286 per
2793 1213 3026 1283 scipsum
3064 1219 3260 1270 motus,
3288 1219 3508 1259 movens

1923 1307 2172 1368 alterum,
2199 1303 2680 1376 comprehcndens,
2707 1304 3210 1372 incomprehensus,
3235 1313 3338 1351 non
3362 1296 3508 1351 indi-

1923 1413 2055 1470 gens
2089 1397 2328 1460 alterius,
2365 1395 2536 1450 latens
2566 1411 2712 1459 vere,
2743 1409 2996 1451 crescens
3041 1410 3069 1448 a
3115 1391 3316 1461 seipso,
3345 1395 3401 1441 et
3443 1385 3508 1440 ad

1923 1497 2208 1558 susceptas
2246 1488 2499 1544 materias
2546 1487 2900 1543 manifestans
2947 1486 3144 1542 suimet
3180 1479 3508 1552 magnitudi-

1924 1597 2067 1644 nem,
2094 1581 2322 1640 activus,
2350 1587 2559 1650 potens,
2585 1578 2745 1634 simul
2769 1579 3018 1634 omnibus
3041 1589 3298 1647 praesens
3328 1570 3512 1626 invisi-

1922 1673 2123 1738 bilitcr,
2143 1671 2417 1743 neglectus
2443 1687 2548 1726 non
2574 1687 2694 1726 esse
2708 1678 2949 1740 putatur,
2966 1667 3155 1724 attritu
3184 1676 3386 1726 autem,
3405 1662 3512 1717 sieo

1923 1767 2000 1820 uti
2027 1767 2258 1836 quadam
2290 1764 2521 1820 vindicta
2552 1764 2976 1820 connaturaliter
3008 1772 3063 1818 et
3086 1759 3305 1832 pr0prie
3331 1756 3510 1812 subito

233 1841 302 1894 ab
325 1841 466 1912 ipsis
493 1845 599 1902 illis
643 1851 1014 1918 sanctificatis,
1063 1870 1189 1911 vere
1223 1857 1617 1916 inordinatione
1649 1877 1734 1917 res
1768 1872 1822 1917 et
1855 1853 1899 1913 Β
1931 1856 2199 1921 relucens,
2228 1865 2278 1912 et
2307 1857 2498 1912 iterum
2533 1854 3153 1929 incomprehensibiliter
3190 1848 3511 1922 impalpahi-

231 1931 549 1990 confusione
599 1938 761 1994 multa
814 1941 1153 2014 interposita.
1213 1948 1269 2002 Si
1331 1965 1459 2006 vero
1503 1953 1720 2007 easdem
1770 1948 1828 2009 et

232 2023 572 2081 sanctificare
595 2036 652 2084 et
695 2033 1310 2105 sanetilicari'diciums,
1343 2058 1616 2114 nunquam
1645 2055 1824 2100 autem

231 2115 526 2170 eomndem
560 2129 654 2173 aut
705 2121 774 2176 ab
814 2123 1043 2191 eisdem,
1087 2129 1180 2183 sed
1212 2145 1308 2185 cas
1356 2132 1594 2201 singulas
1623 2135 1825 2190 sancti-

235 2203 386 2259 ficari
424 2207 642 2276 quidem
696 2226 725 2264 a
780 2213 1072 2282 prioribus,
1111 2219 1453 2276 sanctificare
1499 2231 1680 2278 autem
1731 2241 1827 2280 no-

234 2293 515 2351 vissimas:
549 2315 654 2354 non
687 2302 1141 2376 inconsequeuter
1168 2309 1417 2366 fortassis
1452 2313 1574 2384 quis
1604 2313 1822 2383 dixerit,

235 2384 290 2436 in
318 2384 545 2477 eloquiis
569 2404 723 2447 saere
770 2393 939 2452 factas
967 2396 1196 2465 formas,
1232 2414 1327 2456 eas
1351 2403 1641 2474 aliquando
1668 2423 1851 2477 posse»

233 2482 290 2527 et
318 2476 510 2568 primis
549 2490 605 2534 et
634 2483 835 2540 ultimis
879 2496 934 2541 et
972 2491 1164 2546 mediis
1194 2492 1484 2551 virtutibus
1522 2476 1746 2568 pulchre
1771 2510 1826 2555 et

236 2578 366 2618 vere
395 2567 756 2627 circumdare.
789 2575 856 2630 Et
882 2593 1098 2635 sursum
1127 2581 1294 2652 igitur
1331 2567 1763 2646 conversibiliter
1809 2593 1820 2622 ‘

232 2656 474 2757 extendi,
514 2666 572 2714 et
608 2676 735 2730 erga
777 2667 1092 2737 scmetipsas
1137 2671 1364 2730 firmiter
1405 2679 1670 2745 convolvi,
1704 2698 1826 2754 pro-

235 2751 476 2854 priarum
519 2751 818 2854 existentes
867 2761 1220 2820 custoditivas
1253 2767 1532 2835 virtutum,
1587 2781 1640 2826 et
1697 2751 1823 2844 erga

239 2845 508 2942 venientia
539 2845 785 2902 soeiabili
820 2854 1186 2919 pmcessione,
1216 2859 1466 2928 providas
1484 2877 1578 2917 eas
1616 2864 1668 2917 in
1697 2880 1796 2935 par

238 2932 550 3000 ticipatione
575 2936 788 2995 virtutis
831 2957 974 3008 esse,
1025 2947 1276 3003 omnilms
1325 2966 1429 3005 non
1481 2953 1614 3009 falso
1661 2932 1824 3011 eoad-

237 3021 430 3077 Inabit
501 3025 521 3056 ⁸
584 3029 908 3089 caelesﬂbus
963 3038 1234 3104 essentiis,
1300 3042 1400 3096 etsi
1442 3042 1563 3098 aliis
1609 3045 1823 3116 quidem

235 3116 573 3204 superposite
609 3129 663 3174 et
719 3124 1118 3193 universaliter,
1169 3139 1227 3184 ut
1263 3147 1424 3203 saepe
1465 3135 1667 3190 dictum
1717 3147 1855 3204 est,_

236 3203 360 3261 aliis
408 3223 538 3266 vero
586 3215 984 3282 particulariter
1028 3231 1083 3276 et
1142 3221 1400 3291 subjecte.
1463 3226 1824 3286 lncboaudum
1853 3225 1898 3289 C

235 3305 420 3355 autem
465 3304 690 3370 ratione,
723 3318 778 3363 et
820 3315 1186 3380 quaerendqu
1235 3317 1286 3371 in
1326 3318 1499 3389 prima
1529 3319 1825 3378 formarum

236 3391 588 3460 resolutione,
638 3398 708 3452 ob
754 3417 917 3467 qnam
953 3419 1172 3462 causam
1219 3410 1486 3483 theologia
1540 3414 1650 3470 fere
1689 3414 1828 3471 ultra

233 3495 427 3538 omnes
447 3483 718 3544 invenitur
740 3491 1013 3551 honorans
1038 3497 1264 3568 ignitam
1279 3517 1498 3558 sacram
1509 3506 1827 3578 descriptio-

237 3590 384 3671 netu.
435 3578 680 3637 Invenies
721 3601 851 3657 ergo
891 3605 1010 3644 eam
1064 3608 1168 3648 non
1233 3595 1406 3651 solum
1449 3608 1594 3654 rotas
1642 3600 1830 3671 igneas

236 3669 692 3761 conformantcm,
719 3679 811 3733 sed
840 3689 893 3734 et
917 3682 1167 3740 animalia
1205 3685 1391 3753 ignita,
1421 3696 1472 3742 et
1503 3690 1647 3744 viros
1670 3669 1827 3761 quasi

236 3757 382 3826 ignis
428 3762 758 3835 fulgurantes
792 3781 832 3835 ³,
868 3783 922 3827 et
960 3775 1102 3830 circa
1142 3793 1236 3835 eas
1281 3780 1542 3837 caelestes
1566 3757 1827 3841 essentias

235 3852 484 3909 cumulos
503 3859 797 3914 carbonum
827 3863 968 3933 ignis
989 3867 1508 3937 circumpouentem,
1541 3883 1592 3926 et
1609 3872 1826 3928 ﬂumina

238 3941 663 4032 irntnensurabiii
714 3953 892 4009 sonitu
977 3956 1098 4029 igue
1177 3960 1454 4032 flagrantia
1507 3977 1555 4016 α.
1610 3963 1714 4020 Sed
1773 3976 1828 4022 et

239 4030 491 4091 Thronos
549 4039 628 4093 ait
677 4045 861 4113 igneos
904 4061 1061 4112 esse,
1108 4058 1163 4104 et
1219 4030 1364 4120 ipsos
1431 4054 1828 4114 excelsissimos

239 4123 525 4196 Seraphim
567 4131 794 4188 caelitus
844 4137 1096 4194 ardentes
1127 4155 1209 4196 ex-
1241 4145 1710 4213 cognominationc
1757 4148 1829 4204 si;

237 4216 498 4310 gnificare
524 4239 536 4274 :
570 4233 623 4278 et
658 4225 794 4296 ignis
819 4245 928 4298 pro,
955 4230 1200 4288 rietatem
1228 4246 1278 4288 et
1303 4238 1670 4306 operationem
1697 4240 1828 4310 ipsis

235 4307 537 4402 distribuit,
583 4324 636 4368 ct
680 4319 902 4373 omnino
951 4335 1164 4378 sursum
1213 4325 1573 4398 deorsumque
1603 4307 1824 4402 igniiam

236 4398 470 4493 honorat
495 4405 735 4463 seieclim
779 4411 1072 4469 formarum
1105 4416 1389 4474 facturam.
1423 4419 1562 4492 Ergo
1610 4398 1824 4493 igneum

236 4488 546 4561 significare
575 4514 770 4558 censeo
806 4505 1117 4563 caelestium
1150 4513 1452 4568 animorum
1478 4488 1830 4576 d-eiforinissi-

1927 1950 2013 2014 lis,
2047 1966 2153 2006 non
2179 1950 2417 2015 minutus
2445 1951 2496 2005 in
2526 1951 2780 2006 onmibus
2810 1948 3094 2005 ditissimis
3119 1947 3317 2002 suimet
3338 1942 3510 1996 tradi-

1927 2043 2185 2100 tionibus.
2215 2043 2278 2098 Et
2313 2043 2508 2098 multas
2539 2043 2784 2100 fortassis
2814 2043 2936 2116 quis
2962 2041 3195 2097 inveniet
3219 2037 3358 2109 ignis
3377 2050 3514 2108 pro-

1925 2136 2186 2207 prictates
2211 2135 2575 2209 p_nlehras,,ut
2602 2135 2654 2191 in
2690 2133 3034 2190 seusibilihus
3081 2128 3405 2200 imaginibus
3425 2125 3511 2180 di-

1924 2228 2084 2284 vinae
2142 2227 2496 2304 Ope-rationis.
2561 2226 2674 2284 Hoc
2718 2241 2848 2297 ergo
2908 2225 3144 2283 scientes
3206 2217 3511 2290 thcosoplti.

1925 2319 2190 2375 caelestes
2218 2320 2484 2376 essentias
2514 2335 2580 2376 ex
2605 2320 2726 2391 igne
2753 2317 3117 2379 conformant,
3141 2314 3516 2383 significantes

1925 2427 2112 2466 earum
2138 2411 2402 2466 deiforme
2421 2421 2498 2477 et,
2516 2420 2775 2485 quantum
2819 2409 3099 2480 possibile,
3119 2407 3210 2462 Dei
3231 2402 3510 2460 imitabile.

1927 2501 2033 2557 Sed
2065 2511 2118 2556 et
2144 2500 2732 2571 humaniformesipsas
2757 2500 3091 2561 describunt,
3124 2493 3516 2569 propterintel-

1926 2593 2175 2656 lectuale,
2199 2603 2255 2647 et
2292 2609 2509 2648 sursum
2558 2593 2807 2647 habendo
2861 2591 3140 2646 intuitivas
3167 2590 3418 2652 virtutes,
3461 2595 3518 2640 et

1927 2684 2129 2756 figurae
2149 2685 2168 2714 "
2187 2691 2392 2738 rectum
2416 2692 2469 2739 ct
2492 2683 2908 2746 luculentum,et
2941 2681 3236 2739 secundum
3262 2688 3512 2734 naturam

1925 2776 2223 2848 principale
2251 2785 2306 2831 et
2335 2776 2533 2848 regale,
2559 2785 2612 2832 et
2643 2776 2939 2832 secundum
2974 2788 3192 2830 sensum
3231 2772 3514 2827 minimum

1923 2866 2163 2938 quidem,
2189 2877 2451 2936 quantum
2489 2866 2555 2922 ad
2603 2867 2836 2937 reliquas
2882 2864 3336 2921 irratiOnabilium
3392 2861 3515 2919 aui-

1926 2958 2145 3014 malium
2172 2959 2417 3020 virtutes.
2448 2958 2688 3013 omnium
2720 2973 2848 3014 vero
2875 2957 3305 3028 potentissimum
3324 2969 3517 3010 secun-

1925 3049 2051 3105 dum
2081 3049 2383 3105 intellectus
2413 3049 2836 3121 magnitudinem
2869 3049 3090 3114 virtute,
3133 3057 3186 3102 et
3217 3046 3513 3103 secundum

1932 3139 2304 3196 rationabilem
2358 3142 2639 3196 scientiam
2690 3141 3047 3196 continuitate
3073 3139 3116 3204 ',
3140 3147 3192 3193 et
3219 3137 3511 3192 secundum

1929 3243 2123 3290 natura
2185 3233 2398 3288 animae
2465 3232 2693 3288 liberum
2760 3240 2815 3287 et
2883 3230 3336 3302 potentissinnnu.
3410 3228 3509 3282 Est

1929 3334 2106 3380 autem
2133 3333 2188 3378 et
2213 3341 2308 3396 per
2329 3323 2558 3396 singula,
2593 3331 2650 3377 ut
2691 3324 2939 3388 aestimo,
2973 3320 3267 3392 corporalis
3297 3331 3517 3374 nostrae

1931 3418 2240 3491 multiplicis
2291 3418 2598 3489 partitionis
2655 3415 2898 3475 invenire
2956 3413 3215 3469 caelestes
3265 3411 3516 3474 virtutes,

1929 3510 2208 3575 dicentes,
2244 3510 2623 3581 conspectivas
2672 3508 2889 3579 quidem
2937 3504 3242 3576 significare
3288 3503 3521 3558 virtutes

1930 3587 2105 3672 ipsum
2137 3600 2203 3655 ad
2232 3600 2412 3655 divina
2455 3599 2743 3655 luminaria
2775 3597 3136 3652 clarissimum
3190 3602 3569 3664 respectum...

1927 3702 1984 3748 et
2013 3693 2204 3748 iterum
2239 3701 2478 3749 teneram
2511 3702 2564 3748 et
2605 3691 2860 3762 liquidam
2881 3698 2945 3746 et
2989 3701 3512 3760 tiatLrepcrcnssam.
3557 3739 3564 3745 Α

1928 3783 2024 3838 sed
2063 3793 2219 3838 acute
2247 3783 2521 3848 mobilem,
2555 3793 2609 3839 et
2635 3799 2846 3853 puram,
2873 3791 2927 3836 et
2956 3780 3170 3854 planam
3213 3777 3520 3848 impassihi-

1928 3871 2053 3927 liter
2071 3872 2376 3928 divinarum
2421 3873 2817 3940 susceptionem
2857 3869 3331 3925 illuminationum.
3366 3866 3515 3922 Olfa-

1929 3971 2109 4018 ctnum
2139 3978 2268 4017 vero
2316 3963 2631 4018 discretivas
2660 3961 2908 4024 virtutes,
2958 3959 3082 4013 illud
3113 3972 3279 4028 super
3314 3941 3521 4010 intelleo

1928 4065 2074 4111 ctum
2104 4071 2269 4112 suave
2289 4053 2485 4112 olentis
2503 4052 2920 4115 distributionis,
2947 4060 3208 4123 quantum
3238 4047 3516 4116 possibile.

1931 4148 2286 4218 receptivum,
2319 4156 2374 4201 et
2413 4162 2518 4202 non
2549 4145 2852 4214 huiusmodi
2885 4147 3132 4205 scientia._
3163 4144 3516 4201 discretivmn

1929 4251 1984 4298 et
2026 4242 2246 4296 omnino
2283 4241 2648 4312 rcfngitivmu.
2696 4241 2918 4296 Anrium
2952 4256 3080 4295 vero
3107 4240 3354 4303 virtutes,
3385 4237 3517 4292 illud

1929 4335 2197 4404 particeps
2220 4343 2273 4389 et
2299 4333 2602 4406 gnosticum
2625 4333 2838 4388 divinae
2864 4332 3229 4402 inspirationis
3252 4329 3519 4399 suscepti-

1930 4443 2076 4483 vum.
2113 4426 2422 4483 Gustativas
2451 4437 2650 4488 autem,
2693 4424 3040 4481 invisibilium
3072 4423 3318 4480 escarum
3347 4422 3516 4493 pleni-

1933 4511 2343 4584 tudinemget‘
2390 4519 2692 4575 divinarum
2743 4526 2797 4573 et
2857 4516 3114 4572 alentimn
3171 4524 3514 4586 promotumn

240 4595 420 4681 "tum.
458 4585 561 4657 Ipsi
605 4592 748 4646 enim
795 4599 968 4650 sancti
1002 4600 1232 4670 theologi
1267 4602 1822 4674 bsnperessentialem
1855 4602 1902 4661 Ι)
1927 4611 2312 4681 susceptivinn.
2335 4608 2587 4665 Tactivas
2613 4624 2766 4673 vero,
2793 4585 3286 4663 convenientisaut
3313 4621 3513 4659 nocen-

237 4681 298 4730 et
339 4676 621 4738 informem
672 4689 962 4744 essentiam
1015 4692 1067 4746 in
1115 4693 1236 4767 igne
1287 4713 1447 4768 saepe
1489 4700 1822 4768 describunt,

241 4779 498 4840 tanquam
536 4775 766 4833 habente
797 4781 994 4838 multas
1022 4784 1258 4853 divinae,
1287 4787 1330 4843 si
1355 4787 1436 4844 fas
1455 4788 1658 4857 dicere,
1703 4809 1826 4863 pro-

238 4863 522 4957 prietatis,
577 4881 835 4938 quantum
885 4875 937 4931 in
981 4878 1286 4938 visibilibus
1345 4883 1626 4955 imagines.
1685 4887 1826 4957 Ignis

237 4955 386 5008 enim
414 4959 682 5018 Sensibilis
700 4972 782 5018 est
809 4967 1046 5035 quidem,
1071 4970 1149 5025 sie
1171 4972 1477 5037 dicendum,
1495 4975 1546 5030 in
1575 4955 1825 5036 munibus

237 5057 296 5100 et
343 5065 439 5118 per
487 5054 666 5106 inniiia
703 5055 848 5114 clare
897 5060 1062 5126 venit,
1114 5071 1166 5117 et
1205 5075 1511 5120 removetur
1548 5069 1818 5126 omnibus.

242 5141 310 5194 Et
335 5141 540 5198 lucidus
576 5145 712 5202 i“est
738 5150 896 5205 simul
929 5161 981 5206 et
1009 5154 1163 5223 quasi
1208 5157 1474 5223 occultus,
1526 5160 1826 5232 incognitus

239 5232 358 5301 ipse
388 5244 484 5300 per
507 5234 763 5306 seipsnm,
794 5255 898 5295 non
929 5243 1281 5299 accumbentc
1305 5247 1552 5313 materia,
1586 5251 1822 5322 inquam

1927 4701 1995 4757 tis
2041 4702 2093 4757 in
2140 4702 2366 4757 scientia
2411 4700 2826 4772 diagnosticum.
2880 4697 3172 4768 Palpebras
3223 4696 3415 4750 deinde
3461 4703 3516 4749 et

1925 4789 2230 4860 supercilia,
2262 4789 2565 4843 divinarum
2605 4788 2872 4844 visionum
2915 4785 3302 4858 intelligentiae
3334 4795 3514 4840 custo-

1924 4883 2170 4938 ditivum.
2218 4882 2517 4938 .lnvcnilcm
2562 4898 2688 4939 vero
2717 4892 2771 4939 et
2817 4882 3052 4938 adultam
3103 4891 3351 4941 aetatem,
3385 4879 3513 4933 illud

1926 4973 2234 5028 innovantis
2263 4990 2476 5046 semper
2503 4975 2682 5030 vitalis
2712 4975 2945 5028 virtutis.
2977 4975 3172 5029 Dentes
3202 4981 3403 5034 autem,
3432 4971 3514 5026 di-

1929 5068 2158 5124 visivum
2192 5070 2395 5126 inditae
2434 5070 2724 5126 nutrientis
2753 5069 3118 5140 perfectionis.
3148 5065 3512 5137 Unaquaeque

1930 5160 2074 5215 enim
2104 5163 2336 5218 essentia
2366 5162 2741 5218 intellectualis
2768 5163 3020 5218 donatam
3055 5161 3154 5214 sibi
3189 5175 3216 5212 a
3248 5157 3513 5213 diviniore

1933 5249 2257 5307 uniformem
2304 5251 2710 5308 intelligentiam
2760 5251 2979 5306 nrovida
3014 5249 3210 5304 virtute
3242 5247 3432 5302 dividit
3459 5255 3514 5300 et

1525 5379 1776 5438 VARIAE
1817 5383 2215 5443 LECTIONES.

377 5479 418 5534 Β
449 5481 890 5536 rourersnbifiter.
969 5485 988 5513 ’
1021 5484 1057 5537 Α
1115 5486 1446 5542 continuarit.

239 5567 306 5622 φ.
325 5567 578 5619 uenitque
607 5553 660 5606 in
681 5553 753 5608 eis
787 5565 907 5607 sum
963 5555 1090 5608 fiunt
1116 5572 1223 5609 om.
1280 5556 1386 5612 llil.

1551 5490 1572 5520 ³
1602 5490 1731 5547 BEll

1462 5567 1479 5596 "
1519 5561 1603 5616 Illi
1635 5561 1825 5633 ﬁgura.

1784 5494 2127 5565 fulgorantes.

2233 5499 2251 5527 "
2294 5498 2379 5553 EH
2424 5498 2669 5552 lucidius.
2774 5497 2908 5552 "AB
2960 5493 3281 5565 ntanifestut.
3385 5492 3406 5523 ‘
3463 5501 3512 5546 et

1905 5568 1925 5596 ⁸
1950 5565 2037 5620 BH
2071 5570 2390 5624 continuata.

1769 5680 1944 5738 ΝΟΤΛ
1956 5683 2014 5737 Ε.

317 5798 339 5827 ⁸
375 5789 646 5846 Eduini;
685 5793 814 5843 lmn.
848 5791 961 5847 Vll:
994 5791 1053 5844 IV
1086 5790 1213 5854 Ηυξ.
1247 5789 1303 5844 Il.

2039 5795 2063 5833 ⁸⁸
2100 5795 2260 5848 Hebr.
2295 5796 2334 5849 X
2348 5836 2365 5852 κ
