3956 5428
182 405 308 463 i069

750 399 999 456 VERSIO
1037 395 1319 454 OPERUM
1363 395 1419 450 S.
1457 382 1778 477 DIONYSI‘I.

1821 417 1890 426 ——
1916 373 2442 440 ECCLESIASTICA
2487 371 2884 431 IERARCIIIA.
3292 369 3429 424 {070

108 584 110 586 ν
142 553 144 556 ν
175 517 329 574 divini
374 514 499 569 solis
546 510 814 568 desiderio
862 513 916 566 in
942 505 944 508 ’
969 509 1418 582 speculativarum
1476 502 1738 558 virtutum
1769 503 1815 564 Δ
1843 497 2067 552 directo.
2107 493 2198 548 Est
2225 498 2404 547 autem
2432 499 2486 544 et
2521 504 2618 558 per
2643 487 2801 542 aliam
2833 497 3109 556 anagogen
3138 482 3432 551 dijudicare

158 608 312 665 sanis
326 604 614 669 obtutibus,
628 602 957 666 immediate,
977 609 1140 665 recte,
1160 608 1214 654 et
1235 596 1741 654 inﬂexibilitereon-

178 693 548 766 templativum.
593 693 740 748 Illam
780 707 916 747 vero
937 707 1228 763 equorum.
1259 689 1519 745 obediens
1551 695 1612 742 et
1635 684 1743 739 fre-

177 786 377 851 nabile;
425 796 482 839 ct
525 783 706 838 allmm
735 785 984 854 quidem,
1028 797 1154 839 vere
1181 781 1438 843 lucidum,
1484 786 1542 834 et
1589 775 1744 848 quasi

177 876 398 930 maxime
427 875 592 929 divini
646 873 865 928 luminis
909 873 1392 945 cognatissimum;
1423 885 1609 926 eorum
1652 884 1744 922 au-

175 981 295 1028 tem,
328 967 412 1036 qui
443 967 577 1038 nigri
610 975 754 1031 sunt,
782 967 1069 1033 abditum;
1105 966 1323 1019 rubrum
1351 978 1499 1026 vero,
1532 961 1745 1033 igneum

171 1069 215 1112 et
245 1057 506 1121 activum;
557 1046 976 1112 commixtorum
1004 1073 1219 1128 quoque
1242 1071 1310 1112 ex
1341 1055 1466 1111 albo
1486 1063 1541 1109 et
1572 1053 1748 1125 nigro,

167 1146 450 1216 pet-fectiva
511 1146 709 1202 virtute
774 1155 1137 1202 extremorum
1195 1144 1634 1217 conjunctivnm,
1694 1151 1749 1197 et

169 1237 332 1306 prium
369 1239 620 1292 sccumlis
647 1279 661 1300 ,
711 1250 764 1292 et
791 1241 1023 1294 secunda
1061 1239 1250 1309 primis
1278 1239 1293 1270 ¹
1320 1235 1750 1293 conversibiliter

128 1333 140 1341 '
164 1346 224 1379 ac
246 1328 468 1397 provide
496 1339 847 1384 connectens.
882 1329 988 1385 Sed
1021 1331 1064 1385 si
1098 1346 1204 1384 non
1237 1329 1501 1390 sermonis
1537 1327 1750 1397 conspi-

163 1433 406 1472 catemns
445 1421 1027 1476 commensumtiouem
1059 1463 1074 1488 ,
1119 1430 1175 1476 ct
1212 1438 1309 1493 per
1343 1431 1526 1492 partes
1549 1419 1752 1475 anima-

165 1507 284 1560 lium
328 1507 595 1564 dictormn
655 1511 1054 1581 proprietates,
1100 1520 1155 1567 et
1208 1527 1396 1568 omnes
1441 1509 1752 1580 corporales

122 1607 130 1612 ’
160 1614 342 1652 θοι-ιιιη
383 1599 845 1656 conformationes
893 1604 1284 1660 adunassemus
1338 1602 1588 1658 fortassis
1642 1615 1749 1654 non

162 1687 455 1757 incongrue
479 1690 805 1746 caelestibus
827 1691 1118 1748 virtutibus
1139 1693 1431 1749 secundum
1463 1691 1754 1749 dissimin

160 1781 560 1838 Similitudines.
601 1782 971 1839 Furibundum
1020 1786 1236 1855 quidem
1286 1785 1338 1840 in
1382 1786 1622 1856 ipsarum
1671 1785 1751 1839 in-

1831 584 2288 666 pintcliectualium
2326 589 2565 636 rotarum
2588 576 2959 649 imaginariam
2988 575 3428 642 descriptionem.

1844 680 2153 736 Vocitatum
2181 685 2265 731 ost
2289 676 2432 730 enim
2464 674 2563 737 eis,
2598 681 2657 726 ut
2689 672 2763 726 ait
2795 669 3094 737 theologus,
3137 650 3302 746 θέης
3327 671 3351 706 δ
3381 678 3432 718 ο.

1847 785 2124 856 Signiﬁcat
2151 793 2330 838 autem
2362 781 2486 844 hoc,
2512 777 2664 851 juxta
2688 777 2998 832 liebraicam
3037 789 3244 836 vocem,
3279 787 3434 828 revo-

1847 877 2077 930 lutiones
2124 873 2202 928 vel
2235 871 2587 928 revelationes
2613 871 2654 921 ⁸.
2709 867 2902 938 igneae
2940 865 3206 935 siquidem
3235 873 3287 918 et
3319 862 3432 917 dei-

1848 966 2048 1021 l'ormes
2098 972 2248 1018 rotae
2301 960 2663 1016 revolutiones
2700 958 2916 1027 quidem
2965 955 2987 987 ⁸
3032 954 3232 1010 habent
3287 953 3434 1008 circa

1847 1060 2077 1130 itlipsum
2101 1057 2366 1126 optimum
2397 1049 2964 1122 sempermubiIi-nmtu
2991 1064 3004 1100 :
3031 1045 3390 1100 revelationes
3411 1041 3434 1077 ⁷

1847 1168 1977 1208 vero
2005 1159 2337 1207 secretorum
2373 1144 2826 1204 manifestatione,
2861 1151 2915 1195 et
2960 1135 3436 1204 ciremusubjecto-

1851 1259 1968 1297 rum
2021 1239 2372 1302 reductione,
2417 1245 2470 1291 et
2515 1235 2743 1289 altarum
2788 1229 3240 1285 illnminationmn
3294 1225 3345 1278 in
3372 1239 3437 1278 ea

1848 1350 1989 1404 quae
2015 1331 2250 1402 subjecta
2299 1335 2424 1384 sunt
2471 1327 2749 1384 deductiva
2781 1322 3134 1394 perfectione.
3181 1317 3438 1387 Reliquus

1851 1423 2076 1481 nobisin
2105 1421 2538 1493 explanationem
2560 1419 2628 1473 de
2655 1415 2850 1488 gaudio
2870 1411 3184 1471 caelestium
3212 1406 3440 1478 disposi~

1853 1515 2058 1570 tionum
2099 1527 2306 1567 sermo.
2329 1510 2540 1565 Etenim
2571 1506 2905 1576 acceptrices
2937 1501 3158 1557 omnino
3181 1513 3288 1553 non
3313 1505 3440 1552 sunt

1851 1604 1990 1674 ejus,
2012 1618 2152 1673 quae
2176 1601 2470 1657 secundum
2495 1613 2592 1653 nos
2621 1605 2728 1672 est,
2754 1593 3022 1667 passibilis
3043 1587 3437 1646 delectationis.

1849 1697 2205 1771 Congaudere
2256 1702 2436 1750 autem
2465 1695 2572 1749 Deo
2613 1691 2638 1731 ἀ
2682 1692 2938 1771 dicuntur
2987 1684 3316 1758 perditorum
3359 1681 3464 1734 in-.

1805 1857 1810 1862 _
1854 1766 2124 1850 ventione,
2152 1788 2308 1859 juxta
2337 1785 2654 1840 deiformem
2681 1766 3068 1852 epulationem,
3101 1784 3159 1830 et
3185 1774 3237 1848 in
3264 1770 3442 1843 provi-

160 1872 514 1928 tcllcctualem
537 1872 930 1942 fortitudinem,
958 1877 1112 1947 cujus
1141 1877 1467 1934 novissimus
1494 1875 1644 1932 furor
1665 1887 1750 1932 est
1783 1868 1825 1935 Β
1853 1886 2034 1941 demta
2079 1892 2135 1938 et
2180 1881 2351 1937 salute
2399 1879 2452 1934 in
2484 1879 2651 1933 Deum
2682 1872 3022 1931 redeuntium
3056 1865 3441 1926 deiformitate,

123 1979 126 1982 ’
156 1977 350 2027 sonus;
383 1963 558 2032 ipsam
587 1965 718 2020 vero
742 1965 939 2020 iterum
969 1969 1484 2037 concupiscentiam,
1508 1969 1563 2024 in
1601 1984 1752 2022 amo-

116 2051 266 2107 'rcm
314 2055 560 2110 divinum
619 2075 631 2110 :
681 2067 736 2111 et
795 2061 1104 2114 summatim
1155 2063 1178 2093 ³
1224 2060 1546 2126 dicemlum,
1593 2059 1758 2116 simul

153 2160 338 2201 omnes
377 2147 832 2204 irrationabilimn
874 2149 1186 2206 animalium
1215 2160 1270 2206 et
1300 2167 1493 2208 sensus
1521 2162 1577 2207 et
1610 2153 1749 2217 mul-

155 2236 364 2305 tiplices
387 2248 576 2308 partes
600 2240 652 2294 in
677 2241 698 2271 ³
726 2241 1111 2298 itmnateriales
1140 2243 1452 2300 caelestium
1484 2246 1754 2301 essentiae

155 2327 544 2399 intelligentias
569 2341 622 2385 et
645 2330 941 2388 uniformes
969 2333 1199 2389 virtutes
1230 2336 1569 2391 reducentes.
1595 2334 1752 2392 Sulli-

154 2421 300 2477 ciunt
328 2433 515 2477 autem
545 2425 880 2496 sapientibus
917 2443 1019 2481 non
1051 2427 1222 2483 solum
1256 2429 1388 2484 haec
1419 2431 1552 2498 ipsa,
1581 2430 1674 2484 sed
1699 2437 1755 2484 et

154 2512 314 2566 ennius
363 2513 763 2582 signiﬁca‘tiva‘e
816 2517 1066 2588 imaginis
1103 2518 1417 2587 dijudicatio
1468 2523 1520 2574 in
1572 2521 1752 2591 proxi-

154 2621 365 2660 marum
400 2608 563 2662 simili
598 2610 756 2664 modo
777 2609 1220 2667 declarationem.
1249 2612 1754 2684 inspiciendumque

151 2706 205 2750 et
239 2698 364 2764 hoc,
390 2698 589 2755 ﬂuvios
619 2703 794 2758 dictos
827 2703 1014 2770 fuisse,
1049 2715 1101 2760 et
1133 2714 1298 2770 rotas,
1325 2715 1381 2761 et
1405 2721 1601 2761 currus
1629 2720 1755 2761 con-

113 2807 324 2877 .nexos
358 2793 708 2850 caelestibus
754 2798 1008 2852 essentiis
1050 2809 1098 2850 ι.
1156 2797 1312 2869 Ignea
1349 2798 1566 2868 quidem
1611 2798 1755 2853 enim

151 2879 376 2936 ﬂuittina
411 2885 730 2955 signiﬁcant
751 2887 961 2942 divinos
1000 2900 1299 2958 promotus,
1328 2889 1598 2960 copiosam
1627 2889 1758 2960 ipsis

148 2983 206 3027 et
251 2990 360 3028 non
396 2977 738 3036 deiicientem
767 2977 1094 3040 aliiuentiam
1131 2980 1428 3047 donantes,
1455 2990 1509 3038 et
1544 2981 1756 3037 viviﬁca

150 3067 465 3124 nutricnles
521 3068 870 3134 fecunditate.
898 3071 1103 3127 Currus
1133 3084 1333 3139 autem,
1359 3070 1757 3142 conjunctiram

146 3158 575 3215 similitudinum
598 3163 912 3219 societatem
941 3163 991 3216 δ.
1040 3164 1208 3219 Rotae
1247 3174 1448 3230 autem,
1489 3173 1758 3234 pennatae

1851 1986 1912 2032 et
1949 1973 2321 2046 copiosissima
2357 1969 2583 2034 laetitia,
2620 1977 2674 2022 et
2712 1965 2800 2020 illa
2833 1959 3136 2019 constantia
3163 1952 3440 2016 inelfabili,

1852 2069 1908 2124 in
1937 2067 2091 2137 cujus
2117 2063 2532 2137 participatione
2560 2073 2720 2130 saepe
2751 2056 2874 2112 facti
2902 2061 3028 2111 sunt
3055 2059 3110 2106 et
3139 2048 3240 2104 viri
3268 2046 3444 2102 sancti
3469 2099 3476 2104 ,

1853 2177 1950 2230 per
1975 2158 2201 2215 deilicos
2246 2157 2548 2212 divinarum
2595 2149 3045 2207 illuminationum
3078 2139 3452 2213 Stiperadvett-,

1854 2263 1963 2308 tus.
2001 2249 2171 2304 Tanta
2203 2263 2232 2302 a
2257 2262 2344 2302 me
2369 2256 2426 2301 et
2463 2244 2528 2300 de
2562 2241 2766 2298 sanctis
2803 2233 3274 2295 reformationibus
3303 2230 3472 2307 dicta.

1853 2353 1980 2400 sunt
2004 2363 2024 2398 τί
2052 2339 2293 2412 diligenti
2320 2339 2539 2408 quidem
2564 2349 2751 2392 earum
2785 2314 3219 2388 manifestatione
3263 2322 3473 2378 deﬁci-.-

1807 2485 1811 2490 .
1854 2451 1993 2491 mus.
2042 2431 2192 2492 Haec
2229 2437 2408 2484 autem
2440 2433 2838 2484 consummata,
2866 2430 2924 2475 ut
2959 2417 3209 2478 aestimo,
3241 2413 3308 2467 ad
3339 2425 3444 2466 non

1855 2524 2132 2582 humiliter
2181 2536 2281 2576 nos
2327 2532 2611 2574 remanere
2668 2515 2720 2568 in
2780 2508 3079 2581 bgurativis
3127 2501 3446 2578 phantasiis.

1856 2618 1913 2674 Si
1941 2626 2120 2672 autem
2171 2622 2231 2668 et
2289 2613 2393 2666 hoc
2431 2609 2674 2670 dixeris,
2736 2602 3004 2675 quomodo
3053 2614 3159 2654 non
3207 2593 3447 2650 omnium

1857 2707 2052 2765 deinde
2094 2704 2458 2775 angelicarum
2502 2700 2554 2756 in
2579 2697 2808 2766 eloquiis
2830 2695 3109 2754 virtutum,
3138 2696 3230 2742 aut
3261 2700 3450 2755 opera-

1812 2864 1818 2870 _
1856 2799 2088 2861 tionum,
2112 2804 2208 2854 aut,
2237 2793 2528 2861 imaginum
2557 2781 3181 2844 fecimusmemoriam:
3218 2792 3446 2845 respom

1859 2889 2050 2944 demus
2072 2901 2280 2948 verum,
2303 2883 2429 2954 quia
2451 2895 2682 2952 quarum
2703 2877 2922 2950 quidem
2953 2869 3448 2944 supermundanam

1853 2981 2145 3040 scientiam
2192 2975 2556 3048 ignoravimus
2585 3014 2617 3043 ,ι
2661 2973 2714 3027 in
2761 2970 2894 3042 ipsis
2938 2982 3037 3022 nos
3066 2963 3291 3020 alterius
3311 2959 3446 3032 luci-

1861 3073 1983 3129 duci
2015 3071 2260 3126 docentis
2300 3080 2523 3138 egemus
2562 3076 2610 3116 ε.
2662 3061 2938 3130 Quaedam
2968 3068 3147 3112 autem
3191 3063 3450 3122 tanquam

1811 3213 1824 3233 ,
1863 3165 2022 3221 dictis
2052 3177 2222 3233 aeque
2247 3159 2482 3230 potentia
2513 3153 3006 3226 praetermisimus,
3046 3158 3451 3204 commensura—

114 3251 119 3257 “
147 3250 374 3316 quidem
403 3266 529 3306 cum
572 3253 680 3306 sint
704 3294 720 3318 ,
757 3254 918 3323 inqu‘e
949 3270 1010 3309 ea
1031 3296 1044 3316 ,
1075 3270 1216 3324 quae
1246 3263 1372 3310 ante
1405 3232 1754 3325 conspectum
1786 3232 1830 3307 Ο
1866 3255 1997 3310 tioni
2045 3232 2310 3309 sermonis
2353 3247 2738 3319 providentes,
2763 3253 2817 3299 et
2845 3256 3007 3311 super
3053 3253 3153 3294 nos
3180 3242 3481 3292 secreuit“:

144 3346 300 3401 sunt,
354 3338 849 3402 inconvcrsibiliter
885 3352 940 3397 et
982 3336 1346 3398 inﬂexibiliter
1385 3352 1613 3408 euntes,
1663 3359 1759 3414 per
1813 3397 1816 3399 λ

145 3435 363 3525 rectam
415 3438 472 3484 et
505 3429 706 3497 justam
736 3433 875 3488 viam
921 3435 1155 3492 eximiae
1196 3435 1526 3506 operationis
1571 3451 1756 3490 carum

146 3519 418 3579 virtutem
454 3519 504 3572 in
528 3521 772 3576 eamdem
799 3522 917 3578 sine
943 3522 1082 3578 ﬂexu
1113 3535 1167 3579 et
1191 3535 1335 3580 recte
1358 3534 1561 3580 sectam
1587 3524 1755 3591 viam,

139 3606 314 3667 simul
345 3610 500 3667 omni
519 3626 706 3668 earum
735 3612 1085 3671 intellectuali
1109 3624 1286 3672 rotatu
1323 3616 1758 3688 supermuudane

1867 3343 2084 3401 silentio
2136 3341 2576 3398 bonorilicantes.
2609 3335 2838 3407 Explica
2870 3332 3002 3386 liber
3027 3331 3090 3384 de
3111 3326 3319 3383 caelein
3359 3323 3450 3377 Ie-

1868 3435 2099 3490 rarchia.
2163 3432 2533 3503 Angelicarum
2589 3425 3001 3497 descriptionum
3041 3416 3450 3487 illuminationes

1865 3525 2159 3596 defuditti,
2191 3521 2486 3580 hominibus
2518 3518 2753 3575 revelain
2789 3515 2960 3572 uidere
2989 3513 3166 3572 animo
3197 3505 3463 3578 composit-

1865 3627 1982 3674 tum
2011 3627 2231 3680 astrum.

654 3935 1175 4050 S‘ANCTI
1260 3930 1908 4067 DIONYSII
1993 3922 2972 4043 AREOPAGITAE

1365 4192 1670 4270 LIBER
1730 4186 2310 4313 SECUNDUS.

519 4398 715 4522 ne
819 4386 2070 4525 EC’CLESIASTICA
2148 4375 3070 4578 IERABCHIA.

152 4669 506 4718 HIGIAIIA
534 4669 594 4709 tu
628 4669 839 4712 aenaa
881 4667 1174 4710 DIOBISIUI
1215 4667 1282 4708 ns
1319 4666 1731 4713 cumsuam“
1752 4706 1760 4713 ._
1791 4653 1841 4712 Ι)
1934 4641 2420 4717 Compresbyster'o
2445 4641 2735 4696 Tuto-raso
2769 4638 3058 4694 Dicamus
3093 4631 3405 4703 Presbyter.

812 4739 1120 4787 EBABCHM.

127 4815 418 4888 Symbolu
470 4806 775 4888 divinarum
823 4816 1458 4888 mirabilium_sacrorum
1504 4813 1757 4888 uniformi

205 4887 440 4958 fabula,
497 4890 553 4940 in
604 4886 969 4956 singularitate
1017 4886 1264 4955 recipiens
1328 4887 1483 4940 unius
1544 4885 1758 4938 luminis

208 4977 244 5012 ιι
253 4974 406 5010 nam
422 4958 735 5010 claritatem.

231 5036 609 5100 INCIPIURT
648 5035 985 5093 CAPITULA
1029 5033 1120 5091 DE
1151 5033 1685 5097 ECCIESIASTICA

733 5107 1187 5180 manu»).

1827 4789 1830 4796 .
1869 4751 1908 4802 Ι.
1929 4750 2064 4810 Quae
2087 4757 2150 4798 sit
2168 4745 2531 4810 ecclesiasticae
2559 4741 2843 4793 lerarchiae
2869 4740 3087 4798 traditur,
3105 4742 3157 4786 et
3178 4746 3304 4798 quae
3323 4733 3461 4792 ejus-

1928 4808 2040 4860 dem
2063 4808 2350 4873 Speculatio.

1868 4882 1935 4944 ll,
1957 4883 2034 4932 De
2061 4881 2369 4944 perﬁciendis
2394 4880 2441 4944 in
2488 4875 2806 4944 pholismate.

1869 4943 1956 4995 ΙΙΙ.
1989 4938 2397 5006 υόρετιὶοἰριιαίε
2431 4943 2478 4986 in
2502 4938 2691 4998 synaxi.

1871 5025 1954 5077 IV.
1977 5024 2051 5075 De
2077 5022 2393 5088 perﬁciendis
2411 5022 2456 5067 in
2475 5018 2617 5073 intro,
2643 5025 2691 5064 et
2725 5017 2774 5064 in
2804 5019 2911 5078 ipso
2935 5015 3080 5068 θεῖοι-ι
3099 5007 3222 5057 ads.

1873 5097 1932 5149 V.
1960 5097 2034 5148 De
2052 5093 2430 5146 sacerdotalibus
2458 5092 2978 5140 consumuntiombus.

1461 5245 1711 5302 VARIAE
1750 5250 2160 5311 LECTIONES.

206 5344 221 5366 1
285 5350 339 5372 ηρ
390 5338 625 5382 ρορςιυιθη
665 5340 844 5382 οιιεῖρηξς
886 5358 998 5398 nm.
1057 5339 1164 5396 EH.

1261 5339 1293 5370 ι·
1314 5338 1357 5396 ε
1407 5345 1838 5420 concinuntutim.

1940 5343 1960 5374 ³
1990 5345 2044 5398 in
2081 5357 2196 5415 om.
2232 5337 2431 5407 AEH,
2476 5341 2499 5374 δ
2531 5330 2724 5399 C0nj.;
2789 5334 2950 5390 codd,
3004 5333 3065 5395 et
3104 5324 3282 5383 textus
3305 5331 3481 5380 graec.
