  <div class='ocr_page' id='page_1' title='image "/cluster/home/n/w/nwhite01/storage/ocr_20150623/122/hvd.32044015471659/573.png"; bbox 0 0 4008 6286; ppageno 0'>
   <div class='ocr_carea' id='block_1_1' title="bbox 513 333 700 388">
    <p class='ocr_par' dir='ltr' id='par_1_1' title="bbox 513 333 700 388">
     <span class='ocr_line' id='line_1_1' title="bbox 513 333 700 388; baseline 0.032 -8"><span class='ocrx_word' id='word_1_1' title='bbox 513 377 519 380; x_wconf 47' lang='grc' dir='ltr'>η</span> <span class='ocrx_word' id='word_1_2' title='bbox 561 333 700 388; x_wconf 65' lang='grc'><strong>1071</strong></span> 
     </span>
    </p>
   </div>
   <div class='ocr_carea' id='block_1_2' title="bbox 565 447 1472 510">
    <p class='ocr_par' dir='ltr' id='par_1_2' title="bbox 565 447 1472 510">
     <span class='ocr_line' id='line_1_2' title="bbox 565 447 1472 510; baseline 0.006 -15"><span class='ocrx_word' id='word_1_3' title='bbox 565 447 646 497; x_wconf 67' lang='grc' dir='ltr'><strong>γι.</strong></span> <span class='ocrx_word' id='word_1_4' title='bbox 678 449 751 498; x_wconf 79' lang='lat' dir='ltr'><strong>De</strong></span> <span class='ocrx_word' id='word_1_5' title='bbox 775 449 1178 510; x_wconf 74' lang='lat' dir='ltr'><strong>perlicit-odorum</strong></span> <span class='ocrx_word' id='word_1_6' title='bbox 1203 452 1472 502; x_wconf 83' lang='lat' dir='ltr'><strong>ordinibus.</strong></span> 
     </span>
    </p>
   </div>
   <div class='ocr_carea' id='block_1_3' title="bbox 565 518 1567 582">
    <p class='ocr_par' dir='ltr' id='par_1_3' title="bbox 565 518 1567 582">
     <span class='ocr_line' id='line_1_3' title="bbox 565 518 1567 582; baseline 0.002 -14"><span class='ocrx_word' id='word_1_7' title='bbox 565 519 593 568; x_wconf 55' lang='grc' dir='ltr'>Χ</span> <span class='ocrx_word' id='word_1_8' title='bbox 612 518 673 568; x_wconf 92' lang='lat' dir='ltr'><strong>ll.</strong></span> <span class='ocrx_word' id='word_1_9' title='bbox 703 520 776 573; x_wconf 87' lang='lat' dir='ltr'><strong>De</strong></span> <span class='ocrx_word' id='word_1_10' title='bbox 801 519 1110 582; x_wconf 80' lang='lat' dir='ltr'><strong>perﬁciendis</strong></span> <span class='ocrx_word' id='word_1_11' title='bbox 1132 523 1179 572; x_wconf 90' lang='lat' dir='ltr'><strong>in</strong></span> <span class='ocrx_word' id='word_1_12' title='bbox 1197 522 1567 572; x_wconf 70' lang='lat' dir='ltr'><strong>dormientibus.</strong></span> 
     </span>
    </p>
   </div>
   <div class='ocr_carea' id='block_1_4' title="bbox 504 589 2144 678">
    <p class='ocr_par' dir='ltr' id='par_1_4' title="bbox 504 589 2144 678">
     <span class='ocr_line' id='line_1_4' title="bbox 504 589 2144 678; baseline 0.001 -19"><span class='ocrx_word' id='word_1_13' title='bbox 504 673 510 678; x_wconf 87' lang='lat'><strong>_</strong></span> <span class='ocrx_word' id='word_1_14' title='bbox 636 603 1144 660; x_wconf 84' lang='lat' dir='ltr'><strong>Praecumbentium</strong></span> <span class='ocrx_word' id='word_1_15' title='bbox 1188 589 1544 676; x_wconf 69' lang='lat' dir='ltr'><strong>capitulorum</strong></span> <span class='ocrx_word' id='word_1_16' title='bbox 1593 606 1896 662; x_wconf 86' lang='lat' dir='ltr'><strong>doctrinam</strong></span> <span class='ocrx_word' id='word_1_17' title='bbox 1948 620 2144 660; x_wconf 86' lang='lat' dir='ltr'><strong>secun-</strong></span> 
     </span>
    </p>
   </div>
   <div class='ocr_carea' id='block_1_5' title="bbox 522 684 2144 766">
    <p class='ocr_par' dir='ltr' id='par_1_5' title="bbox 522 684 2144 766">
     <span class='ocr_line' id='line_1_5' title="bbox 522 684 2144 766; baseline -0.001 -15"><span class='ocrx_word' id='word_1_18' title='bbox 522 699 524 701; x_wconf 73' lang='grc'><em>’</em></span> <span class='ocrx_word' id='word_1_19' title='bbox 565 697 692 751; x_wconf 88' lang='lat' dir='ltr'><strong>dum</strong></span> <span class='ocrx_word' id='word_1_20' title='bbox 721 695 987 766; x_wconf 87' lang='lat' dir='ltr'><strong>duplicem</strong></span> <span class='ocrx_word' id='word_1_21' title='bbox 1013 697 1224 766; x_wconf 88' lang='lat' dir='ltr'><strong>perﬁcit</strong></span> <span class='ocrx_word' id='word_1_22' title='bbox 1260 698 1495 753; x_wconf 88' lang='lat' dir='ltr'><strong>modum.</strong></span> <span class='ocrx_word' id='word_1_23' title='bbox 1534 697 1772 752; x_wconf 90' lang='lat' dir='ltr'><strong>Primum</strong></span> <span class='ocrx_word' id='word_1_24' title='bbox 1803 697 1946 752; x_wconf 87' lang='lat' dir='ltr'><strong>enim</strong></span> <span class='ocrx_word' id='word_1_25' title='bbox 1977 684 2144 766; x_wconf 79' lang='lat' dir='ltr'><strong>expo-</strong></span> 
     </span>
    </p>
   </div>
   <div class='ocr_carea' id='block_1_6' title="bbox 503 772 2140 862">
    <p class='ocr_par' dir='ltr' id='par_1_6' title="bbox 503 772 2140 862">
     <span class='ocr_line' id='line_1_6' title="bbox 503 772 2140 862; baseline 0 -20"><span class='ocrx_word' id='word_1_26' title='bbox 503 772 512 777; x_wconf 57' lang='grc'><strong>’</strong></span> <span class='ocrx_word' id='word_1_27' title='bbox 563 787 655 842; x_wconf 82' lang='lat' dir='ltr'><strong>nit&#39;</strong></span> <span class='ocrx_word' id='word_1_28' title='bbox 685 788 789 844; x_wconf 90' lang='lat' dir='ltr'><strong>hoc</strong></span> <span class='ocrx_word' id='word_1_29' title='bbox 810 829 828 855; x_wconf 95' lang='lat'><strong>,</strong></span> <span class='ocrx_word' id='word_1_30' title='bbox 856 791 1126 859; x_wconf 89' lang='lat' dir='ltr'><strong>quomodo</strong></span> <span class='ocrx_word' id='word_1_31' title='bbox 1155 788 1432 860; x_wconf 86' lang='lat' dir='ltr'><strong>perﬁcitur</strong></span> <span class='ocrx_word' id='word_1_32' title='bbox 1463 791 1776 862; x_wconf 77' lang='lat' dir='ltr'><strong>mysterium</strong></span> <span class='ocrx_word' id='word_1_33' title='bbox 1807 787 2054 860; x_wconf 83' lang='lat' dir='ltr'><strong>capituli,</strong></span> <span class='ocrx_word' id='word_1_34' title='bbox 2076 802 2140 842; x_wconf 92' lang='lat' dir='ltr'><strong>ac</strong></span> 
     </span>
    </p>
   </div>
   <div class='ocr_carea' id='block_1_7' title="bbox 1920 336 2468 398">
    <p class='ocr_par' dir='ltr' id='par_1_7' title="bbox 1920 336 2468 398">
     <span class='ocr_line' id='line_1_7' title="bbox 1920 336 2468 398; baseline -0.005 -2"><span class='ocrx_word' id='word_1_35' title='bbox 1920 336 2212 396; x_wconf 63' lang='lat' dir='ltr'><strong>,10.\E\NIS</strong></span> <span class='ocrx_word' id='word_1_36' title='bbox 2250 339 2441 398; x_wconf 78' lang='lat' dir='ltr'><strong>SCOTI</strong></span> <span class='ocrx_word' id='word_1_37' title='bbox 2457 361 2468 393; x_wconf 71' lang='grc' dir='ltr'><em>κ</em></span> 
     </span>
    </p>
   </div>
   <div class='ocr_carea' id='block_1_8' title="bbox 3703 350 3844 405">
    <p class='ocr_par' dir='ltr' id='par_1_8' title="bbox 3703 350 3844 405">
     <span class='ocr_line' id='line_1_8' title="bbox 3703 350 3844 405; baseline 0 -1"><span class='ocrx_word' id='word_1_38' title='bbox 3703 350 3844 405; x_wconf 63' lang='grc' dir='ltr'><strong>ίυῖτὶ</strong></span> 
     </span>
    </p>
   </div>
   <div class='ocr_carea' id='block_1_9' title="bbox 2257 459 3840 535">
    <p class='ocr_par' dir='ltr' id='par_1_9' title="bbox 2257 459 3840 535">
     <span class='ocr_line' id='line_1_9' title="bbox 2257 459 3840 535; baseline 0.004 -23"><span class='ocrx_word' id='word_1_39' title='bbox 2257 460 2456 515; x_wconf 81' lang='lat' dir='ltr'><strong>deinde</strong></span> <span class='ocrx_word' id='word_1_40' title='bbox 2512 459 2762 518; x_wconf 75' lang='lat' dir='ltr'><strong>theon-iac</strong></span> <span class='ocrx_word' id='word_1_41' title='bbox 2817 462 3087 530; x_wconf 77' lang='lat' dir='ltr'><strong>quandam</strong></span> <span class='ocrx_word' id='word_1_42' title='bbox 3157 461 3496 518; x_wconf 79' lang='lat' dir='ltr'><strong>traditionem</strong></span> <span class='ocrx_word' id='word_1_43' title='bbox 3553 482 3568 516; x_wconf 90' lang='lat'>:</span> <span class='ocrx_word' id='word_1_44' title='bbox 3649 475 3840 535; x_wconf 63' lang='lat' dir='ltr'><strong>utpote</strong></span> 
     </span>
    </p>
   </div>
   <div class='ocr_carea' id='block_1_10' title="bbox 2254 553 3841 625">
    <p class='ocr_par' dir='ltr' id='par_1_10' title="bbox 2254 553 3841 625">
     <span class='ocr_line' id='line_1_10' title="bbox 2254 553 3841 625; baseline 0.004 -19"><span class='ocrx_word' id='word_1_45' title='bbox 2254 555 2498 624; x_wconf 80' lang='lat' dir='ltr'><strong>mysterii</strong></span> <span class='ocrx_word' id='word_1_46' title='bbox 2548 553 2954 614; x_wconf 76' lang='lat' dir='ltr'><strong>iiiitminationis</strong></span> <span class='ocrx_word' id='word_1_47' title='bbox 3006 555 3272 625; x_wconf 73' lang='lat' dir='ltr'><strong>expositio</strong></span> <span class='ocrx_word' id='word_1_48' title='bbox 3299 555 3588 625; x_wconf 82' lang='lat' dir='ltr'><strong>primum;</strong></span> <span class='ocrx_word' id='word_1_49' title='bbox 3641 558 3841 612; x_wconf 63' lang='lat' dir='ltr'><strong>deinde</strong></span> 
     </span>
    </p>
   </div>
   <div class='ocr_carea' id='block_1_11' title="bbox 2251 643 3842 718">
    <p class='ocr_par' dir='ltr' id='par_1_11' title="bbox 2251 643 3842 718">
     <span class='ocr_line' id='line_1_11' title="bbox 2251 643 3842 718; baseline 0.001 -19"><span class='ocrx_word' id='word_1_50' title='bbox 2251 646 2493 700; x_wconf 86' lang='lat' dir='ltr'><strong>secunda</strong></span> <span class='ocrx_word' id='word_1_51' title='bbox 2549 645 2754 700; x_wconf 84' lang='lat' dir='ltr'><strong>theoria</strong></span> <span class='ocrx_word' id='word_1_52' title='bbox 2817 643 2954 712; x_wconf 83' lang='lat' dir='ltr'><strong>ejus.</strong></span> <span class='ocrx_word' id='word_1_53' title='bbox 3009 645 3208 700; x_wconf 74' lang='lat' dir='ltr'><strong>lterum</strong></span> <span class='ocrx_word' id='word_1_54' title='bbox 3259 645 3512 718; x_wconf 56' lang='lat' dir='ltr'><strong>jmysterii</strong></span> <span class='ocrx_word' id='word_1_55' title='bbox 3581 650 3842 711; x_wconf 72' lang='grc' dir='ltr'><strong>σωάξξος</strong></span> 
     </span>
    </p>
   </div>
   <div class='ocr_carea' id='block_1_12' title="bbox 2249 735 3192 806">
    <p class='ocr_par' dir='ltr' id='par_1_12' title="bbox 2249 735 3192 806">
     <span class='ocr_line' id='line_1_12' title="bbox 2249 735 3192 806; baseline 0 -16"><span class='ocrx_word' id='word_1_56' title='bbox 2249 737 2554 806; x_wconf 75' lang='lat' dir='ltr'><strong>expositio;</strong></span> <span class='ocrx_word' id='word_1_57' title='bbox 2586 737 2778 792; x_wconf 86' lang='lat' dir='ltr'><strong>deinde</strong></span> <span class='ocrx_word' id='word_1_58' title='bbox 2808 736 3016 792; x_wconf 83' lang='lat' dir='ltr'><strong>tbeoria</strong></span> <span class='ocrx_word' id='word_1_59' title='bbox 3046 735 3192 805; x_wconf 77' lang='lat' dir='ltr'><strong>eius.</strong></span> 
     </span>
    </p>
   </div>
   <div class='ocr_carea' id='block_1_13' title="bbox 719 951 3696 1228">
    <p class='ocr_par' dir='ltr' id='par_1_13' title="bbox 719 951 3696 1228">
     <span class='ocr_line' id='line_1_13' title="bbox 719 951 3696 1228; baseline -0.002 -82"><span class='ocrx_word' id='word_1_60' title='bbox 719 951 1168 1146; x_wconf 74' lang='lat' dir='ltr'><strong>manu</strong></span> <span class='ocrx_word' id='word_1_61' title='bbox 1271 993 1608 1145; x_wconf 74' lang='lat' dir='ltr'><strong>LIBER</strong></span> <span class='ocrx_word' id='word_1_62' title='bbox 1715 991 1858 1142; x_wconf 73' lang='lat' dir='ltr'><strong>nr</strong></span> <span class='ocrx_word' id='word_1_63' title='bbox 1972 986 2843 1143; x_wconf 74' lang='lat' dir='ltr'><strong>ECCLESIASTIGA</strong></span> <span class='ocrx_word' id='word_1_64' title='bbox 2952 987 3627 1144; x_wconf 75' lang='lat' dir='ltr'><strong>lEltAlllllllA.</strong></span> 
     </span>
    </p>
   </div>
   <div class='ocr_carea' id='block_1_14' title="bbox 1119 1255 1596 1312">
    <p class='ocr_par' dir='ltr' id='par_1_14' title="bbox 1119 1255 1596 1312">
     <span class='ocr_line' id='line_1_14' title="bbox 1119 1255 1596 1312; baseline -0.002 -2"><span class='ocrx_word' id='word_1_65' title='bbox 1119 1255 1514 1312; x_wconf 72' lang='lat' dir='ltr'><strong>CAPITL&#39;LUM</strong></span> <span class='ocrx_word' id='word_1_66' title='bbox 1555 1255 1596 1309; x_wconf 85' lang='lat' dir='ltr'><strong>i.</strong></span> 
     </span>
    </p>
   </div>
   <div class='ocr_carea' id='block_1_15' title="bbox 565 1387 2144 1457">
    <p class='ocr_par' dir='ltr' id='par_1_15' title="bbox 565 1387 2144 1457">
     <span class='ocr_line' id='line_1_15' title="bbox 565 1387 2144 1457; baseline -0.003 -13"><span class='ocrx_word' id='word_1_67' title='bbox 565 1391 714 1457; x_wconf 79' lang='lat' dir='ltr'><strong>Quae</strong></span> <span class='ocrx_word' id='word_1_68' title='bbox 759 1392 825 1444; x_wconf 79' lang='lat' dir='ltr'><strong>sit</strong></span> <span class='ocrx_word' id='word_1_69' title='bbox 872 1389 1250 1443; x_wconf 67' lang='lat' dir='ltr'><strong>ecclesiasticae</strong></span> <span class='ocrx_word' id='word_1_70' title='bbox 1291 1387 1593 1443; x_wconf 75' lang='lat' dir='ltr'><strong>Ierarrltiae</strong></span> <span class='ocrx_word' id='word_1_71' title='bbox 1642 1387 1882 1451; x_wconf 77' lang='lat' dir='ltr'><strong>traditio,</strong></span> <span class='ocrx_word' id='word_1_72' title='bbox 1926 1397 1973 1441; x_wconf 81' lang='lat' dir='ltr'><strong>et</strong></span> <span class='ocrx_word' id='word_1_73' title='bbox 2009 1401 2144 1455; x_wconf 67' lang='lat' dir='ltr'><strong>quae</strong></span> 
     </span>
    </p>
   </div>
   <div class='ocr_carea' id='block_1_16' title="bbox 1055 1457 1642 1530">
    <p class='ocr_par' dir='ltr' id='par_1_16' title="bbox 1055 1457 1642 1530">
     <span class='ocr_line' id='line_1_16' title="bbox 1055 1457 1642 1530; baseline -0.005 -16"><span class='ocrx_word' id='word_1_74' title='bbox 1055 1460 1287 1530; x_wconf 74' lang='lat' dir='ltr'><strong>ejusdem</strong></span> <span class='ocrx_word' id='word_1_75' title='bbox 1334 1457 1642 1530; x_wconf 73' lang='lat' dir='ltr'><strong>speculatio.</strong></span> 
     </span>
    </p>
   </div>
   <div class='ocr_carea' id='block_1_17' title="bbox 633 1589 2140 1662">
    <p class='ocr_par' dir='ltr' id='par_1_17' title="bbox 633 1589 2140 1662">
     <span class='ocr_line' id='line_1_17' title="bbox 633 1589 2140 1662; baseline -0.002 -16"><span class='ocrx_word' id='word_1_76' title='bbox 633 1592 770 1659; x_wconf 86' lang='lat' dir='ltr'><strong>Quia</strong></span> <span class='ocrx_word' id='word_1_77' title='bbox 815 1592 1031 1662; x_wconf 81' lang='lat' dir='ltr'><strong>quidem</strong></span> <span class='ocrx_word' id='word_1_78' title='bbox 1074 1589 1372 1646; x_wconf 88' lang='lat' dir='ltr'><strong>secundum</strong></span> <span class='ocrx_word' id='word_1_79' title='bbox 1403 1606 1501 1645; x_wconf 88' lang='lat' dir='ltr'><strong>nos</strong></span> <span class='ocrx_word' id='word_1_80' title='bbox 1535 1589 1802 1645; x_wconf 78' lang='lat' dir='ltr'><strong>lerarchia</strong></span> <span class='ocrx_word' id='word_1_81' title='bbox 1850 1605 2140 1660; x_wconf 82' lang='lat' dir='ltr'><strong>puerorum</strong></span> 
     </span>
    </p>
   </div>
   <div class='ocr_carea' id='block_1_18' title="bbox 563 1680 2142 1750">
    <p class='ocr_par' dir='ltr' id='par_1_18' title="bbox 563 1680 2142 1750">
     <span class='ocr_line' id='line_1_18' title="bbox 563 1680 2142 1750; baseline -0.001 -14"><span class='ocrx_word' id='word_1_82' title='bbox 563 1683 866 1737; x_wconf 87' lang='lat' dir='ltr'><strong>divinorum</strong></span> <span class='ocrx_word' id='word_1_83' title='bbox 908 1682 1272 1737; x_wconf 63' lang='lat' dir='ltr'><strong>sacratissima</strong></span> <span class='ocrx_word' id='word_1_84' title='bbox 1304 1682 1514 1736; x_wconf 82' lang='lat' dir='ltr'><strong>intenta</strong></span> <span class='ocrx_word' id='word_1_85' title='bbox 1552 1691 1713 1750; x_wconf 84' lang='lat' dir='ltr'><strong>atque</strong></span> <span class='ocrx_word' id='word_1_86' title='bbox 1740 1681 1919 1735; x_wconf 85' lang='lat' dir='ltr'><strong>divina</strong></span> <span class='ocrx_word' id='word_1_87' title='bbox 1971 1680 2142 1735; x_wconf 84' lang='lat' dir='ltr'><strong>habe-</strong></span> 
     </span>
    </p>
   </div>
   <div class='ocr_carea' id='block_1_19' title="bbox 565 1773 2144 1844">
    <p class='ocr_par' dir='ltr' id='par_1_19' title="bbox 565 1773 2144 1844">
     <span class='ocr_line' id='line_1_19' title="bbox 565 1773 2144 1844; baseline -0.001 -16"><span class='ocrx_word' id='word_1_88' title='bbox 565 1785 653 1829; x_wconf 88' lang='lat' dir='ltr'><strong>tur</strong></span> <span class='ocrx_word' id='word_1_89' title='bbox 679 1775 866 1829; x_wconf 88' lang='lat' dir='ltr'><strong>deilica</strong></span> <span class='ocrx_word' id='word_1_90' title='bbox 898 1776 1124 1830; x_wconf 88' lang='lat' dir='ltr'><strong>scientia</strong></span> <span class='ocrx_word' id='word_1_91' title='bbox 1156 1781 1211 1829; x_wconf 91' lang='lat' dir='ltr'><strong>et</strong></span> <span class='ocrx_word' id='word_1_92' title='bbox 1231 1774 1548 1844; x_wconf 81' lang='lat' dir='ltr'><strong>operatione</strong></span> <span class='ocrx_word' id='word_1_93' title='bbox 1570 1783 1623 1828; x_wconf 92' lang='lat' dir='ltr'><strong>ct</strong></span> <span class='ocrx_word' id='word_1_94' title='bbox 1647 1773 2144 1840; x_wconf 87' lang='lat' dir='ltr'><strong>consummatione,</strong></span> 
     </span>
    </p>
   </div>
   <div class='ocr_carea' id='block_1_20' title="bbox 561 1867 2142 1936">
    <p class='ocr_par' dir='ltr' id='par_1_20' title="bbox 561 1867 2142 1936">
     <span class='ocr_line' id='line_1_20' title="bbox 561 1867 2142 1936; baseline 0.001 -16"><span class='ocrx_word' id='word_1_95' title='bbox 561 1883 626 1920; x_wconf 72' lang='lat' dir='ltr'><strong>cx</strong></span> <span class='ocrx_word' id='word_1_96' title='bbox 668 1867 1119 1936; x_wconf 87' lang='lat' dir='ltr'><strong>supermundanis</strong></span> <span class='ocrx_word' id='word_1_97' title='bbox 1167 1877 1222 1922; x_wconf 84' lang='lat' dir='ltr'><strong>et</strong></span> <span class='ocrx_word' id='word_1_98' title='bbox 1272 1867 1655 1922; x_wconf 84' lang='lat' dir='ltr'><strong>sacratissimis</strong></span> <span class='ocrx_word' id='word_1_99' title='bbox 1703 1881 1802 1922; x_wconf 89' lang='lat' dir='ltr'><strong>nos</strong></span> <span class='ocrx_word' id='word_1_100' title='bbox 1853 1867 2142 1922; x_wconf 86' lang='lat' dir='ltr'><strong>ostendere</strong></span> 
     </span>
    </p>
   </div>
   <div class='ocr_carea' id='block_1_21' title="bbox 562 1960 2140 2032">
    <p class='ocr_par' dir='ltr' id='par_1_21' title="bbox 562 1960 2140 2032">
     <span class='ocr_line' id='line_1_21' title="bbox 562 1960 2140 2032; baseline 0 -17"><span class='ocrx_word' id='word_1_101' title='bbox 562 1969 775 2032; x_wconf 80' lang='lat' dir='ltr'><strong>oportet</strong></span> <span class='ocrx_word' id='word_1_102' title='bbox 836 1960 1066 2031; x_wconf 89' lang='lat' dir='ltr'><strong>eloquiis</strong></span> <span class='ocrx_word' id='word_1_103' title='bbox 1117 1975 1307 2016; x_wconf 87' lang='lat' dir='ltr'><strong>sacrae</strong></span> <span class='ocrx_word' id='word_1_104' title='bbox 1362 1960 1712 2031; x_wconf 81' lang='lat' dir='ltr'><strong>perfectionis</strong></span> <span class='ocrx_word' id='word_1_105' title='bbox 1756 1961 2140 2030; x_wconf 85' lang='lat' dir='ltr'><strong>mysteriorum</strong></span> 
     </span>
    </p>
   </div>
   <div class='ocr_carea' id='block_1_22' title="bbox 559 2049 2140 2123">
    <p class='ocr_par' dir='ltr' id='par_1_22' title="bbox 559 2049 2140 2123">
     <span class='ocr_line' id='line_1_22' title="bbox 559 2049 2140 2123; baseline 0 -17"><span class='ocrx_word' id='word_1_106' title='bbox 559 2049 760 2112; x_wconf 54' lang='grc' dir='ltr'><strong>ξελττήν</strong></span> <span class='ocrx_word' id='word_1_107' title='bbox 788 2053 892 2117; x_wconf 91' lang='lat' dir='ltr'><strong>bis,</strong></span> <span class='ocrx_word' id='word_1_108' title='bbox 924 2052 1012 2123; x_wconf 91' lang='lat' dir='ltr'><strong>qui</strong></span> <span class='ocrx_word' id='word_1_109' title='bbox 1055 2049 1118 2108; x_wconf 60' lang='lat' dir='ltr'><strong>es</strong></span> <span class='ocrx_word' id='word_1_110' title='bbox 1153 2052 1845 2108; x_wconf 77' lang='lat' dir='ltr'><strong>ierarcbicis-sacramentis</strong></span> <span class='ocrx_word' id='word_1_111' title='bbox 1892 2061 1948 2107; x_wconf 91' lang='lat' dir='ltr'><strong>et</strong></span> <span class='ocrx_word' id='word_1_112' title='bbox 1976 2052 2140 2107; x_wconf 82' lang='lat' dir='ltr'><strong>tradi-</strong></span> 
     </span>
    </p>
   </div>
   <div class='ocr_carea' id='block_1_23' title="bbox 561 2143 2137 2215">
    <p class='ocr_par' dir='ltr' id='par_1_23' title="bbox 561 2143 2137 2215">
     <span class='ocr_line' id='line_1_23' title="bbox 561 2143 2137 2215; baseline 0.001 -19"><span class='ocrx_word' id='word_1_113' title='bbox 561 2145 799 2198; x_wconf 82' lang='lat' dir='ltr'><strong>tionibus</strong></span> <span class='ocrx_word' id='word_1_114' title='bbox 828 2143 1058 2213; x_wconf 70' lang='lat' dir='ltr'><strong>perfecti</strong></span> <span class='ocrx_word' id='word_1_115' title='bbox 1083 2153 1228 2200; x_wconf 83' lang='lat' dir='ltr'><strong>sunt.</strong></span> <span class='ocrx_word' id='word_1_116' title='bbox 1268 2143 1374 2200; x_wconf 88' lang='lat' dir='ltr'><strong>Sed</strong></span> <span class='ocrx_word' id='word_1_117' title='bbox 1415 2144 1562 2210; x_wconf 85' lang='lat' dir='ltr'><strong>vide,</strong></span> <span class='ocrx_word' id='word_1_118' title='bbox 1605 2145 1876 2215; x_wconf 87' lang='lat' dir='ltr'><strong>quomodo</strong></span> <span class='ocrx_word' id='word_1_119' title='bbox 1920 2158 2025 2198; x_wconf 88' lang='lat' dir='ltr'><strong>non</strong></span> <span class='ocrx_word' id='word_1_120' title='bbox 2073 2159 2137 2199; x_wconf 81' lang='lat' dir='ltr'><strong>ex</strong></span> 
     </span>
    </p>
   </div>
   <div class='ocr_carea' id='block_1_24' title="bbox 560 2233 2138 2306">
    <p class='ocr_par' dir='ltr' id='par_1_24' title="bbox 560 2233 2138 2306">
     <span class='ocr_line' id='line_1_24' title="bbox 560 2233 2138 2306; baseline -0.001 -17"><span class='ocrx_word' id='word_1_121' title='bbox 560 2235 851 2306; x_wconf 83' lang='lat' dir='ltr'><strong>principio,</strong></span> <span class='ocrx_word' id='word_1_122' title='bbox 929 2237 973 2291; x_wconf 85' lang='lat' dir='ltr'><strong>si</strong></span> <span class='ocrx_word' id='word_1_123' title='bbox 1048 2246 1235 2291; x_wconf 86' lang='lat' dir='ltr'><strong>sancta</strong></span> <span class='ocrx_word' id='word_1_124' title='bbox 1301 2245 1609 2292; x_wconf 84' lang='lat' dir='ltr'><strong>sanctorum</strong></span> <span class='ocrx_word' id='word_1_125' title='bbox 1680 2249 2022 2291; x_wconf 86' lang='lat' dir='ltr'><strong>revenerare.</strong></span> <span class='ocrx_word' id='word_1_126' title='bbox 2079 2233 2138 2288; x_wconf 90' lang='lat' dir='ltr'><strong>Si</strong></span> 
     </span>
    </p>
   </div>
   <div class='ocr_carea' id='block_1_25' title="bbox 561 2319 2142 2395">
    <p class='ocr_par' dir='ltr' id='par_1_25' title="bbox 561 2319 2142 2395">
     <span class='ocr_line' id='line_1_25' title="bbox 561 2319 2142 2395; baseline 0 -17"><span class='ocrx_word' id='word_1_127' title='bbox 561 2336 741 2381; x_wconf 84' lang='lat' dir='ltr'><strong>autem</strong></span> <span class='ocrx_word' id='word_1_128' title='bbox 775 2333 832 2381; x_wconf 89' lang='lat' dir='ltr'><strong>et</strong></span> <span class='ocrx_word' id='word_1_129' title='bbox 868 2340 1007 2395; x_wconf 87' lang='lat' dir='ltr'><strong>quae</strong></span> <span class='ocrx_word' id='word_1_130' title='bbox 1035 2334 1162 2380; x_wconf 86' lang='lat' dir='ltr'><strong>sunt</strong></span> <span class='ocrx_word' id='word_1_131' title='bbox 1207 2335 1417 2381; x_wconf 87' lang='lat' dir='ltr'><strong>secreta</strong></span> <span class='ocrx_word' id='word_1_132' title='bbox 1463 2326 1554 2380; x_wconf 89' lang='lat' dir='ltr'><strong>Dei</strong></span> <span class='ocrx_word' id='word_1_133' title='bbox 1595 2319 2050 2380; x_wconf 80' lang='lat' dir='ltr'><strong>intellectualibus</strong></span> <span class='ocrx_word' id='word_1_134' title='bbox 2085 2332 2142 2378; x_wconf 88' lang='lat' dir='ltr'><strong>et</strong></span> 
     </span>
    </p>
   </div>
   <div class='ocr_carea' id='block_1_26' title="bbox 561 2415 2139 2485">
    <p class='ocr_par' dir='ltr' id='par_1_26' title="bbox 561 2415 2139 2485">
     <span class='ocr_line' id='line_1_26' title="bbox 561 2415 2139 2485; baseline 0 -16"><span class='ocrx_word' id='word_1_135' title='bbox 561 2415 930 2470; x_wconf 88' lang='lat' dir='ltr'><strong>invisibilibus</strong></span> <span class='ocrx_word' id='word_1_136' title='bbox 992 2415 1235 2471; x_wconf 87' lang='lat' dir='ltr'><strong>scientiis</strong></span> <span class='ocrx_word' id='word_1_137' title='bbox 1298 2415 1702 2481; x_wconf 83' lang='lat' dir='ltr'><strong>bonoriﬂcabis,</strong></span> <span class='ocrx_word' id='word_1_138' title='bbox 1746 2415 2139 2485; x_wconf 83' lang='lat' dir='ltr'><strong>impartieipata</strong></span> 
     </span>
    </p>
   </div>
   <div class='ocr_carea' id='block_1_27' title="bbox 562 2505 2142 2577">
    <p class='ocr_par' dir='ltr' id='par_1_27' title="bbox 562 2505 2142 2577">
     <span class='ocr_line' id='line_1_27' title="bbox 562 2505 2142 2577; baseline 0.001 -19"><span class='ocrx_word' id='word_1_139' title='bbox 562 2505 778 2574; x_wconf 86' lang='lat' dir='ltr'><strong>quidem</strong></span> <span class='ocrx_word' id='word_1_140' title='bbox 807 2505 942 2561; x_wconf 86' lang='lat' dir='ltr'><strong>haec</strong></span> <span class='ocrx_word' id='word_1_141' title='bbox 969 2515 1023 2561; x_wconf 90' lang='lat' dir='ltr'><strong>et</strong></span> <span class='ocrx_word' id='word_1_142' title='bbox 1070 2505 1497 2561; x_wconf 83' lang='lat' dir='ltr'><strong>incontaminata</strong></span> <span class='ocrx_word' id='word_1_143' title='bbox 1539 2507 1606 2562; x_wconf 93' lang='lat' dir='ltr'><strong>ab</strong></span> <span class='ocrx_word' id='word_1_144' title='bbox 1635 2505 1970 2577; x_wconf 78' lang='lat' dir='ltr'><strong>imperfectis</strong></span> <span class='ocrx_word' id='word_1_145' title='bbox 2011 2521 2142 2562; x_wconf 84' lang='lat' dir='ltr'><strong>con-</strong></span> 
     </span>
    </p>
   </div>
   <div class='ocr_carea' id='block_1_28' title="bbox 2175 1234 3838 1316">
    <p class='ocr_par' dir='ltr' id='par_1_28' title="bbox 2175 1234 3838 1316">
     <span class='ocr_line' id='line_1_28' title="bbox 2175 1234 3838 1316; baseline 0.004 -9"><span class='ocrx_word' id='word_1_146' title='bbox 2175 1261 2217 1316; x_wconf 80' lang='grc' dir='ltr'>Α</span> <span class='ocrx_word' id='word_1_147' title='bbox 2248 1234 2422 1308; x_wconf 73' lang='lat' dir='ltr'><strong>Chiam</strong></span> <span class='ocrx_word' id='word_1_148' title='bbox 2457 1251 2818 1306; x_wconf 81' lang='lat' dir='ltr'><strong>laudantibus.</strong></span> <span class='ocrx_word' id='word_1_149' title='bbox 2867 1240 3112 1316; x_wconf 80' lang='lat' dir='ltr'><strong>Tantum</strong></span> <span class='ocrx_word' id='word_1_150' title='bbox 3135 1267 3313 1314; x_wconf 83' lang='lat' dir='ltr'><strong>tamen</strong></span> <span class='ocrx_word' id='word_1_151' title='bbox 3361 1257 3540 1311; x_wconf 78' lang='lat' dir='ltr'><strong>dicere</strong></span> <span class='ocrx_word' id='word_1_152' title='bbox 3587 1273 3838 1313; x_wconf 64' lang='lat'><strong>0011:583&#39;</strong></span> 
     </span>
    </p>
   </div>
   <div class='ocr_carea' id='block_1_29' title="bbox 2252 1345 3833 1420">
    <p class='ocr_par' dir='ltr' id='par_1_29' title="bbox 2252 1345 3833 1420">
     <span class='ocr_line' id='line_1_29' title="bbox 2252 1345 3833 1420; baseline 0.004 -21"><span class='ocrx_word' id='word_1_153' title='bbox 2252 1348 2411 1406; x_wconf 91' lang='lat' dir='ltr'><strong>rium,</strong></span> <span class='ocrx_word' id='word_1_154' title='bbox 2445 1345 2717 1414; x_wconf 88' lang='lat' dir='ltr'><strong>quomodo</strong></span> <span class='ocrx_word' id='word_1_155' title='bbox 2746 1356 2798 1400; x_wconf 90' lang='lat' dir='ltr'><strong>et</strong></span> <span class='ocrx_word' id='word_1_156' title='bbox 2828 1347 2915 1399; x_wconf 82' lang='lat' dir='ltr'><strong>illa</strong></span> <span class='ocrx_word' id='word_1_157' title='bbox 2950 1357 3002 1401; x_wconf 87' lang='lat' dir='ltr'><strong>et</strong></span> <span class='ocrx_word' id='word_1_158' title='bbox 3030 1351 3210 1404; x_wconf 89' lang='lat' dir='ltr'><strong>omnis</strong></span> <span class='ocrx_word' id='word_1_159' title='bbox 3239 1366 3380 1412; x_wconf 83' lang='lat' dir='ltr'><strong>nunc</strong></span> <span class='ocrx_word' id='word_1_160' title='bbox 3411 1350 3644 1410; x_wconf 79' lang='lat' dir='ltr'><strong>laudans</strong></span> <span class='ocrx_word' id='word_1_161' title='bbox 3673 1365 3833 1420; x_wconf 82' lang='lat' dir='ltr'><strong>supra</strong></span> 
     </span>
    </p>
   </div>
   <div class='ocr_carea' id='block_1_30' title="bbox 2247 1435 3836 1509">
    <p class='ocr_par' dir='ltr' id='par_1_30' title="bbox 2247 1435 3836 1509">
     <span class='ocr_line' id='line_1_30' title="bbox 2247 1435 3836 1509; baseline 0.004 -19"><span class='ocrx_word' id='word_1_162' title='bbox 2247 1453 2344 1490; x_wconf 78' lang='lat' dir='ltr'><strong>nos</strong></span> <span class='ocrx_word' id='word_1_163' title='bbox 2380 1435 2649 1489; x_wconf 85' lang='lat' dir='ltr'><strong>lerarchia</strong></span> <span class='ocrx_word' id='word_1_164' title='bbox 2683 1451 2841 1490; x_wconf 89' lang='lat' dir='ltr'><strong>unam</strong></span> <span class='ocrx_word' id='word_1_165' title='bbox 2897 1438 3056 1492; x_wconf 82' lang='lat' dir='ltr'><strong>habet</strong></span> <span class='ocrx_word' id='word_1_166' title='bbox 3105 1448 3158 1493; x_wconf 90' lang='lat' dir='ltr'><strong>et</strong></span> <span class='ocrx_word' id='word_1_167' title='bbox 3201 1440 3576 1509; x_wconf 74' lang='lat' dir='ltr'><strong>eandcmper</strong></span> <span class='ocrx_word' id='word_1_168' title='bbox 3620 1456 3836 1496; x_wconf 65' lang='lat' dir='ltr'><strong>omne.</strong></span> 
     </span>
    </p>
   </div>
   <div class='ocr_carea' id='block_1_31' title="bbox 2245 1527 3838 1603">
    <p class='ocr_par' dir='ltr' id='par_1_31' title="bbox 2245 1527 3838 1603">
     <span class='ocr_line' id='line_1_31' title="bbox 2245 1527 3838 1603; baseline 0.002 -20"><span class='ocrx_word' id='word_1_169' title='bbox 2245 1527 2600 1583; x_wconf 86' lang='lat' dir='ltr'><strong>lerarcliieam</strong></span> <span class='ocrx_word' id='word_1_170' title='bbox 2667 1529 2935 1583; x_wconf 80' lang='lat' dir='ltr'><strong>actionem</strong></span> <span class='ocrx_word' id='word_1_171' title='bbox 2996 1530 3285 1596; x_wconf 75' lang='lat' dir='ltr'><strong>virtutem,</strong></span> <span class='ocrx_word' id='word_1_172' title='bbox 3347 1532 3838 1603; x_wconf 13' lang='lat' dir='ltr'><strong>ipsutnquessun-</strong></span> 
     </span>
    </p>
   </div>
   <div class='ocr_carea' id='block_1_32' title="bbox 2244 1619 3838 1699">
    <p class='ocr_par' dir='ltr' id='par_1_32' title="bbox 2244 1619 3838 1699">
     <span class='ocr_line' id='line_1_32' title="bbox 2244 1619 3838 1699; baseline 0.003 -26"><span class='ocrx_word' id='word_1_173' title='bbox 2244 1635 2392 1673; x_wconf 87' lang='lat' dir='ltr'><strong>mum</strong></span> <span class='ocrx_word' id='word_1_174' title='bbox 2431 1619 2788 1683; x_wconf 73' lang='lat' dir='ltr'><strong>sacerdotem,</strong></span> <span class='ocrx_word' id='word_1_175' title='bbox 2831 1621 3108 1698; x_wconf 87' lang='lat' dir='ltr'><strong>quomodo.</strong></span> <span class='ocrx_word' id='word_1_176' title='bbox 3141 1623 3294 1693; x_wconf 76' lang='lat' dir='ltr'><strong>juxta</strong></span> <span class='ocrx_word' id='word_1_177' title='bbox 3345 1638 3472 1699; x_wconf 74' lang='lat' dir='ltr'><strong>eum</strong></span> <span class='ocrx_word' id='word_1_178' title='bbox 3517 1623 3838 1678; x_wconf 67' lang='lat' dir='ltr'><strong>essentiaet</strong></span> 
     </span>
    </p>
   </div>
   <div class='ocr_carea' id='block_1_33' title="bbox 2245 1712 3836 1786">
    <p class='ocr_par' dir='ltr' id='par_1_33' title="bbox 2245 1712 3836 1786">
     <span class='ocr_line' id='line_1_33' title="bbox 2245 1712 3836 1786; baseline 0.001 -18"><span class='ocrx_word' id='word_1_179' title='bbox 2245 1712 2489 1782; x_wconf 75' lang='lat' dir='ltr'><strong>analogia</strong></span> <span class='ocrx_word' id='word_1_180' title='bbox 2535 1720 2588 1766; x_wconf 85' lang='lat' dir='ltr'><strong>et</strong></span> <span class='ocrx_word' id='word_1_181' title='bbox 2619 1712 2753 1768; x_wconf 86' lang='lat' dir='ltr'><strong>ordo</strong></span> <span class='ocrx_word' id='word_1_182' title='bbox 2799 1715 2959 1769; x_wconf 82' lang='lat' dir='ltr'><strong>habet</strong></span> <span class='ocrx_word' id='word_1_183' title='bbox 2990 1714 3174 1786; x_wconf 84' lang='lat' dir='ltr'><strong>perﬁci</strong></span> <span class='ocrx_word' id='word_1_184' title='bbox 3199 1717 3492 1782; x_wconf 82' lang='lat' dir='ltr'><strong>secundum</strong></span> <span class='ocrx_word' id='word_1_185' title='bbox 3545 1716 3764 1778; x_wconf 79' lang='lat' dir='ltr'><strong>divina,</strong></span> <span class='ocrx_word' id='word_1_186' title='bbox 3785 1725 3836 1769; x_wconf 82' lang='lat' dir='ltr'><strong>et</strong></span> 
     </span>
    </p>
   </div>
   <div class='ocr_carea' id='block_1_34' title="bbox 2245 1799 3836 1878">
    <p class='ocr_par' dir='ltr' id='par_1_34' title="bbox 2245 1799 3836 1878">
     <span class='ocr_line' id='line_1_34' title="bbox 2245 1799 3836 1878; baseline 0.001 -20"><span class='ocrx_word' id='word_1_187' title='bbox 2245 1802 2510 1868; x_wconf 90' lang='lat' dir='ltr'><strong>deiﬁcari,</strong></span> <span class='ocrx_word' id='word_1_188' title='bbox 2544 1811 2594 1857; x_wconf 91' lang='lat' dir='ltr'><strong>ct</strong></span> <span class='ocrx_word' id='word_1_189' title='bbox 2646 1799 2902 1878; x_wconf 79' lang='lat' dir='ltr'><strong>subjectis</strong></span> <span class='ocrx_word' id='word_1_190' title='bbox 2935 1805 3150 1860; x_wconf 85' lang='lat' dir='ltr'><strong>tradere</strong></span> <span class='ocrx_word' id='word_1_191' title='bbox 3189 1807 3494 1860; x_wconf 81' lang='lat' dir='ltr'><strong>secundum.</strong></span> <span class='ocrx_word' id='word_1_192' title='bbox 3519 1806 3836 1864; x_wconf 66' lang='lat' dir='ltr'><strong>dignitatem</strong></span> 
     </span>
    </p>
   </div>
   <div class='ocr_carea' id='block_1_35' title="bbox 2244 1884 3833 1973">
    <p class='ocr_par' dir='ltr' id='par_1_35' title="bbox 2244 1884 3833 1973">
     <span class='ocr_line' id='line_1_35' title="bbox 2244 1884 3833 1973; baseline 0.001 -24"><span class='ocrx_word' id='word_1_193' title='bbox 2244 1894 2558 1962; x_wconf 83' lang='lat' dir='ltr'><strong>unicuique,</strong></span> <span class='ocrx_word' id='word_1_194' title='bbox 2629 1894 2768 1948; x_wconf 85' lang='lat' dir='ltr'><strong>facta</strong></span> <span class='ocrx_word' id='word_1_195' title='bbox 2822 1884 2869 1949; x_wconf 89' lang='lat' dir='ltr'><strong>ei</strong></span> <span class='ocrx_word' id='word_1_196' title='bbox 2933 1894 3194 1950; x_wconf 83' lang='lat' dir='ltr'><strong>divinitus</strong></span> <span class='ocrx_word' id='word_1_197' title='bbox 3259 1910 3414 1950; x_wconf 85' lang='lat' dir='ltr'><strong>sacra</strong></span> <span class='ocrx_word' id='word_1_198' title='bbox 3467 1896 3833 1973; x_wconf 59' lang='lat' dir='ltr'><strong>dedicatione.</strong></span> 
     </span>
    </p>
   </div>
   <div class='ocr_carea' id='block_1_36' title="bbox 2241 1983 3840 2059">
    <p class='ocr_par' dir='ltr' id='par_1_36' title="bbox 2241 1983 3840 2059">
     <span class='ocr_line' id='line_1_36' title="bbox 2241 1983 3840 2059; baseline 0.001 -22"><span class='ocrx_word' id='word_1_199' title='bbox 2241 1983 2500 2054; x_wconf 83' lang='lat' dir='ltr'><strong>Ipsosque</strong></span> <span class='ocrx_word' id='word_1_200' title='bbox 2529 1984 2774 2039; x_wconf 87' lang='lat' dir='ltr'><strong>subditos</strong></span> <span class='ocrx_word' id='word_1_201' title='bbox 2812 1985 2972 2054; x_wconf 86' lang='lat' dir='ltr'><strong>sequi.</strong></span> <span class='ocrx_word' id='word_1_202' title='bbox 2992 1986 3208 2056; x_wconf 82' lang='lat' dir='ltr'><strong>quidem</strong></span> <span class='ocrx_word' id='word_1_203' title='bbox 3239 1985 3515 2048; x_wconf 82' lang='lat' dir='ltr'><strong>meliores,</strong></span> <span class='ocrx_word' id='word_1_204' title='bbox 3547 1987 3840 2059; x_wconf 67' lang='lat' dir='ltr'><strong>extendere</strong></span> 
     </span>
    </p>
   </div>
   <div class='ocr_carea' id='block_1_37' title="bbox 2241 2075 3835 2148">
    <p class='ocr_par' dir='ltr' id='par_1_37' title="bbox 2241 2075 3835 2148">
     <span class='ocr_line' id='line_1_37' title="bbox 2241 2075 3835 2148; baseline 0 -21"><span class='ocrx_word' id='word_1_205' title='bbox 2241 2091 2370 2130; x_wconf 86' lang='lat' dir='ltr'><strong>vero</strong></span> <span class='ocrx_word' id='word_1_206' title='bbox 2401 2077 2639 2148; x_wconf 84' lang='lat' dir='ltr'><strong>minores</strong></span> <span class='ocrx_word' id='word_1_207' title='bbox 2675 2077 2724 2132; x_wconf 90' lang='lat' dir='ltr'><strong>in</strong></span> <span class='ocrx_word' id='word_1_208' title='bbox 2753 2091 2816 2132; x_wconf 88' lang='lat' dir='ltr'><strong>ea</strong></span> <span class='ocrx_word' id='word_1_209' title='bbox 2856 2091 2995 2146; x_wconf 89' lang='lat' dir='ltr'><strong>quae</strong></span> <span class='ocrx_word' id='word_1_210' title='bbox 3026 2085 3149 2130; x_wconf 84' lang='lat' dir='ltr'><strong>ante</strong></span> <span class='ocrx_word' id='word_1_211' title='bbox 3172 2084 3318 2132; x_wconf 86' lang='lat' dir='ltr'><strong>sunt.</strong></span> <span class='ocrx_word' id='word_1_212' title='bbox 3347 2075 3631 2142; x_wconf 82' lang='lat' dir='ltr'><strong>Quosdam</strong></span> <span class='ocrx_word' id='word_1_213' title='bbox 3663 2085 3835 2130; x_wconf 77' lang='lat' dir='ltr'><strong>autem</strong></span> 
     </span>
    </p>
   </div>
   <div class='ocr_carea' id='block_1_38' title="bbox 2242 2155 3839 2235">
    <p class='ocr_par' dir='ltr' id='par_1_38' title="bbox 2242 2155 3839 2235">
     <span class='ocr_line' id='line_1_38' title="bbox 2242 2155 3839 2235; baseline -0.002 -17"><span class='ocrx_word' id='word_1_214' title='bbox 2242 2175 2297 2218; x_wconf 88' lang='lat' dir='ltr'><strong>et</strong></span> <span class='ocrx_word' id='word_1_215' title='bbox 2331 2180 2604 2234; x_wconf 77' lang='lat' dir='ltr'><strong>praeesse,</strong></span> <span class='ocrx_word' id='word_1_216' title='bbox 2633 2174 2706 2230; x_wconf 88' lang='lat' dir='ltr'><strong>et,</strong></span> <span class='ocrx_word' id='word_1_217' title='bbox 2741 2175 3000 2235; x_wconf 87' lang='lat' dir='ltr'><strong>quantum</strong></span> <span class='ocrx_word' id='word_1_218' title='bbox 3047 2155 3326 2235; x_wconf 84' lang='lat' dir='ltr'><strong>possibile,</strong></span> <span class='ocrx_word' id='word_1_219' title='bbox 3354 2165 3493 2233; x_wconf 88' lang='lat' dir='ltr'><strong>alios</strong></span> <span class='ocrx_word' id='word_1_220' title='bbox 3537 2166 3839 2223; x_wconf 60' lang='lat' dir='ltr'><strong>dutemet</strong></span> 
     </span>
    </p>
   </div>
   <div class='ocr_carea' id='block_1_39' title="bbox 2241 2256 3840 2332">
    <p class='ocr_par' dir='ltr' id='par_1_39' title="bbox 2241 2256 3840 2332">
     <span class='ocr_line' id='line_1_39' title="bbox 2241 2256 3840 2332; baseline 0 -24"><span class='ocrx_word' id='word_1_221' title='bbox 2241 2273 2337 2328; x_wconf 81' lang='lat' dir='ltr'><strong>per</strong></span> <span class='ocrx_word' id='word_1_222' title='bbox 2371 2257 2509 2312; x_wconf 88' lang='lat' dir='ltr'><strong>hanc</strong></span> <span class='ocrx_word' id='word_1_223' title='bbox 2539 2257 2776 2312; x_wconf 83' lang='lat' dir='ltr'><strong>divinam</strong></span> <span class='ocrx_word' id='word_1_224' title='bbox 2827 2267 2882 2310; x_wconf 91' lang='lat' dir='ltr'><strong>et</strong></span> <span class='ocrx_word' id='word_1_225' title='bbox 2925 2256 3278 2332; x_wconf 85' lang='lat' dir='ltr'><strong>ierarchicam</strong></span> <span class='ocrx_word' id='word_1_226' title='bbox 3327 2256 3683 2312; x_wconf 86' lang='lat' dir='ltr'><strong>harmoniam</strong></span> <span class='ocrx_word' id='word_1_227' title='bbox 3724 2269 3840 2310; x_wconf 78' lang='lat' dir='ltr'><strong>vere</strong></span> 
     </span>
    </p>
   </div>
   <div class='ocr_carea' id='block_1_40' title="bbox 2243 2346 3838 2418">
    <p class='ocr_par' dir='ltr' id='par_1_40' title="bbox 2243 2346 3838 2418">
     <span class='ocr_line' id='line_1_40' title="bbox 2243 2346 3838 2418; baseline -0.001 -16"><span class='ocrx_word' id='word_1_228' title='bbox 2243 2347 2572 2402; x_wconf 82' lang='lat' dir='ltr'><strong>subsistente</strong></span> <span class='ocrx_word' id='word_1_229' title='bbox 2600 2349 2739 2402; x_wconf 85' lang='lat' dir='ltr'><strong>bono</strong></span> <span class='ocrx_word' id='word_1_230' title='bbox 2789 2356 2842 2401; x_wconf 83' lang='lat' dir='ltr'><strong>et</strong></span> <span class='ocrx_word' id='word_1_231' title='bbox 2884 2348 3112 2417; x_wconf 86' lang='lat' dir='ltr'><strong>sapienti</strong></span> <span class='ocrx_word' id='word_1_232' title='bbox 3163 2356 3218 2402; x_wconf 89' lang='lat' dir='ltr'><strong>et</strong></span> <span class='ocrx_word' id='word_1_233' title='bbox 3257 2348 3464 2418; x_wconf 88' lang='lat' dir='ltr'><strong>optimo</strong></span> <span class='ocrx_word' id='word_1_234' title='bbox 3513 2346 3838 2417; x_wconf 67' lang='lat' dir='ltr'><strong>participare</strong></span> 
     </span>
    </p>
   </div>
   <div class='ocr_carea' id='block_1_41' title="bbox 2241 2421 3835 2508">
    <p class='ocr_par' dir='ltr' id='par_1_41' title="bbox 2241 2421 3835 2508">
     <span class='ocr_line' id='line_1_41' title="bbox 2241 2421 3835 2508; baseline -0.001 -16"><span class='ocrx_word' id='word_1_235' title='bbox 2241 2423 2663 2507; x_wconf 66' lang='lat' dir='ltr'><strong>unumquodque</strong></span> <span class='ocrx_word' id='word_1_236' title='bbox 2704 2421 2947 2507; x_wconf 86' lang='lat' dir='ltr'><strong>quaeque</strong></span> <span class='ocrx_word' id='word_1_237' title='bbox 2976 2438 3220 2492; x_wconf 79' lang='lat' dir='ltr'><strong>virtutes.</strong></span> <span class='ocrx_word' id='word_1_238' title='bbox 3278 2436 3388 2492; x_wconf 85' lang='lat' dir='ltr'><strong>Sed</strong></span> <span class='ocrx_word' id='word_1_239' title='bbox 3436 2437 3597 2508; x_wconf 84' lang='lat' dir='ltr'><strong>ipsae</strong></span> <span class='ocrx_word' id='word_1_240' title='bbox 3625 2438 3835 2507; x_wconf 80' lang='lat' dir='ltr'><strong>quidem</strong></span> 
     </span>
    </p>
   </div>
   <div class='ocr_carea' id='block_1_42' title="bbox 2243 2529 3833 2599">
    <p class='ocr_par' dir='ltr' id='par_1_42' title="bbox 2243 2529 3833 2599">
     <span class='ocr_line' id='line_1_42' title="bbox 2243 2529 3833 2599; baseline -0.003 -16"><span class='ocrx_word' id='word_1_241' title='bbox 2243 2545 2407 2599; x_wconf 82' lang='lat' dir='ltr'><strong>super</strong></span> <span class='ocrx_word' id='word_1_242' title='bbox 2451 2545 2547 2584; x_wconf 88' lang='lat' dir='ltr'><strong>nos</strong></span> <span class='ocrx_word' id='word_1_243' title='bbox 2597 2529 2868 2584; x_wconf 86' lang='lat' dir='ltr'><strong>essentiae</strong></span> <span class='ocrx_word' id='word_1_244' title='bbox 2916 2537 2972 2582; x_wconf 86' lang='lat' dir='ltr'><strong>et</strong></span> <span class='ocrx_word' id='word_1_245' title='bbox 3023 2529 3415 2596; x_wconf 83' lang='lat' dir='ltr'><strong>ordinationes,</strong></span> <span class='ocrx_word' id='word_1_246' title='bbox 3462 2544 3709 2598; x_wconf 86' lang='lat' dir='ltr'><strong>quarum</strong></span> <span class='ocrx_word' id='word_1_247' title='bbox 3735 2529 3833 2596; x_wconf 85' lang='lat' dir='ltr'><strong>jam</strong></span> 
     </span>
    </p>
   </div>
   <div class='ocr_carea' id='block_1_43' title="bbox 561 2595 3832 2688">
    <p class='ocr_par' dir='ltr' id='par_1_43' title="bbox 561 2595 3832 2688">
     <span class='ocr_line' id='line_1_43' title="bbox 561 2595 3832 2688; baseline 0.006 -41"><span class='ocrx_word' id='word_1_248' title='bbox 561 2609 808 2688; x_wconf 72' lang='lat' dir='ltr'><strong>servans,</strong></span> <span class='ocrx_word' id='word_1_249' title='bbox 836 2595 1019 2688; x_wconf 85' lang='lat' dir='ltr'><strong>sacris</strong></span> <span class='ocrx_word' id='word_1_250' title='bbox 1054 2604 1233 2651; x_wconf 84' lang='lat' dir='ltr'><strong>autem</strong></span> <span class='ocrx_word' id='word_1_251' title='bbox 1278 2595 1426 2662; x_wconf 86' lang='lat' dir='ltr'><strong>solis,</strong></span> <span class='ocrx_word' id='word_1_252' title='bbox 1453 2611 1768 2688; x_wconf 84' lang='lat' dir='ltr'><strong>sacrorum</strong></span> <span class='ocrx_word' id='word_1_253' title='bbox 1803 2611 1925 2651; x_wconf 90' lang='lat' dir='ltr'><strong>cum</strong></span> <span class='ocrx_word' id='word_1_254' title='bbox 1950 2684 1955 2688; x_wconf 57' lang='lat'><strong><em>_</em></strong></span> <span class='ocrx_word' id='word_1_255' title='bbox 1981 2609 2136 2688; x_wconf 40' lang='lat' dir='ltr'><strong>saera</strong></span> <span class='ocrx_word' id='word_1_256' title='bbox 2169 2629 2216 2688; x_wconf 78' lang='grc' dir='ltr'><strong><em>Β</em></strong></span> <span class='ocrx_word' id='word_1_257' title='bbox 2246 2619 2560 2672; x_wconf 81' lang='lat' dir='ltr'><strong>memoriam</strong></span> <span class='ocrx_word' id='word_1_258' title='bbox 2589 2633 2798 2672; x_wconf 90' lang='lat' dir='ltr'><strong>sacram</strong></span> <span class='ocrx_word' id='word_1_259' title='bbox 2837 2613 3086 2681; x_wconf 83' lang='lat' dir='ltr'><strong>fecimus,</strong></span> <span class='ocrx_word' id='word_1_260' title='bbox 3119 2627 3174 2672; x_wconf 86' lang='lat' dir='ltr'><strong>et</strong></span> <span class='ocrx_word' id='word_1_261' title='bbox 3211 2618 3590 2686; x_wconf 77' lang='lat' dir='ltr'><strong>incorporales</strong></span> <span class='ocrx_word' id='word_1_262' title='bbox 3623 2629 3755 2672; x_wconf 79' lang='lat' dir='ltr'><strong>sunt</strong></span> <span class='ocrx_word' id='word_1_263' title='bbox 3791 2625 3832 2669; x_wconf 75' lang='lat' dir='ltr'><strong>ct</strong></span> 
     </span>
    </p>
   </div>
   <div class='ocr_carea' id='block_1_44' title="bbox 540 2683 2137 2758">
    <p class='ocr_par' dir='ltr' id='par_1_44' title="bbox 540 2683 2137 2758">
     <span class='ocr_line' id='line_1_44' title="bbox 540 2683 2137 2758; baseline 0.004 -21"><span class='ocrx_word' id='word_1_264' title='bbox 540 2683 971 2751; x_wconf 74' lang='lat' dir='ltr'><strong>&#39;illuminatione,</strong></span> <span class='ocrx_word' id='word_1_265' title='bbox 1001 2696 1190 2743; x_wconf 86' lang='lat' dir='ltr'><strong>sancte</strong></span> <span class='ocrx_word' id='word_1_266' title='bbox 1227 2695 1306 2743; x_wconf 89' lang='lat' dir='ltr'><strong>et-</strong></span> <span class='ocrx_word' id='word_1_267' title='bbox 1319 2687 1543 2758; x_wconf 82' lang='lat' dir='ltr'><strong>pulchre</strong></span> <span class='ocrx_word' id='word_1_268' title='bbox 1577 2684 1998 2744; x_wconf 76' lang='lat' dir='ltr'><strong>communicatis.</strong></span> <span class='ocrx_word' id='word_1_269' title='bbox 2045 2686 2137 2744; x_wconf 88' lang='lat' dir='ltr'><strong>Sic</strong></span> 
     </span>
    </p>
   </div>
   <div class='ocr_carea' id='block_1_45' title="bbox 561 2778 2134 2851">
    <p class='ocr_par' dir='ltr' id='par_1_45' title="bbox 561 2778 2134 2851">
     <span class='ocr_line' id='line_1_45' title="bbox 561 2778 2134 2851; baseline 0.001 -20"><span class='ocrx_word' id='word_1_270' title='bbox 561 2779 727 2844; x_wconf 89' lang='lat' dir='ltr'><strong>enim,</strong></span> <span class='ocrx_word' id='word_1_271' title='bbox 759 2787 820 2833; x_wconf 91' lang='lat' dir='ltr'><strong>ut</strong></span> <span class='ocrx_word' id='word_1_272' title='bbox 843 2778 1112 2851; x_wconf 81' lang='lat' dir='ltr'><strong>theologia</strong></span> <span class='ocrx_word' id='word_1_273' title='bbox 1141 2779 1307 2835; x_wconf 86' lang='lat' dir='ltr'><strong>Deum</strong></span> <span class='ocrx_word' id='word_1_274' title='bbox 1343 2779 1686 2835; x_wconf 86' lang='lat' dir='ltr'><strong>laudantibus</strong></span> <span class='ocrx_word' id='word_1_275' title='bbox 1711 2780 1868 2836; x_wconf 80' lang='lat' dir='ltr'><strong>nobis</strong></span> <span class='ocrx_word' id='word_1_276' title='bbox 1895 2779 2134 2847; x_wconf 89' lang='lat' dir='ltr'><strong>tradidit,</strong></span> 
     </span>
    </p>
   </div>
   <div class='ocr_carea' id='block_1_46' title="bbox 560 2865 2139 2941">
    <p class='ocr_par' dir='ltr' id='par_1_46' title="bbox 560 2865 2139 2941">
     <span class='ocr_line' id='line_1_46' title="bbox 560 2865 2139 2941; baseline 0.003 -19"><span class='ocrx_word' id='word_1_277' title='bbox 560 2876 618 2922; x_wconf 85' lang='lat' dir='ltr'><strong>et</strong></span> <span class='ocrx_word' id='word_1_278' title='bbox 645 2867 760 2938; x_wconf 90' lang='lat' dir='ltr'><strong>ipse</strong></span> <span class='ocrx_word' id='word_1_279' title='bbox 809 2868 966 2926; x_wconf 82' lang='lat' dir='ltr'><strong>Jesus</strong></span> <span class='ocrx_word' id='word_1_280' title='bbox 1013 2870 1380 2927; x_wconf 81' lang='lat' dir='ltr'><strong>divinissimus</strong></span> <span class='ocrx_word' id='word_1_281' title='bbox 1421 2871 1635 2926; x_wconf 86' lang='lat' dir='ltr'><strong>animus</strong></span> <span class='ocrx_word' id='word_1_282' title='bbox 1685 2879 1740 2927; x_wconf 89' lang='lat' dir='ltr'><strong>et</strong></span> <span class='ocrx_word' id='word_1_283' title='bbox 1790 2865 2139 2941; x_wconf 84' lang='lat' dir='ltr'><strong>superessen-</strong></span> 
     </span>
    </p>
   </div>
   <div class='ocr_carea' id='block_1_47' title="bbox 563 2958 2138 3025">
    <p class='ocr_par' dir='ltr' id='par_1_47' title="bbox 563 2958 2138 3025">
     <span class='ocr_line' id='line_1_47' title="bbox 563 2958 2138 3025; baseline 0.003 -13"><span class='ocrx_word' id='word_1_284' title='bbox 563 2958 728 3025; x_wconf 87' lang='lat' dir='ltr'><strong>tialis,</strong></span> <span class='ocrx_word' id='word_1_285' title='bbox 750 2961 928 3016; x_wconf 89' lang='lat' dir='ltr'><strong>omnis</strong></span> <span class='ocrx_word' id='word_1_286' title='bbox 952 2961 1262 3017; x_wconf 82' lang='lat' dir='ltr'><strong>lerarchiae</strong></span> <span class='ocrx_word' id='word_1_287' title='bbox 1284 2971 1339 3017; x_wconf 88' lang='lat' dir='ltr'><strong>et</strong></span> <span class='ocrx_word' id='word_1_288' title='bbox 1365 2961 1812 3018; x_wconf 85' lang='lat' dir='ltr'><strong>sanctiﬁcationis</strong></span> <span class='ocrx_word' id='word_1_289' title='bbox 1836 2971 1892 3017; x_wconf 93' lang='lat' dir='ltr'><strong>et</strong></span> <span class='ocrx_word' id='word_1_290' title='bbox 1920 2961 2138 3017; x_wconf 84' lang='lat' dir='ltr'><strong>deiﬁca-</strong></span> 
     </span>
    </p>
   </div>
   <div class='ocr_carea' id='block_1_48' title="bbox 562 3045 2136 3122">
    <p class='ocr_par' dir='ltr' id='par_1_48' title="bbox 562 3045 2136 3122">
     <span class='ocr_line' id='line_1_48' title="bbox 562 3045 2136 3122; baseline 0.003 -19"><span class='ocrx_word' id='word_1_291' title='bbox 562 3050 724 3106; x_wconf 90' lang='lat' dir='ltr'><strong>tionis</strong></span> <span class='ocrx_word' id='word_1_292' title='bbox 751 3052 1070 3122; x_wconf 89' lang='lat' dir='ltr'><strong>principium</strong></span> <span class='ocrx_word' id='word_1_293' title='bbox 1115 3060 1168 3107; x_wconf 92' lang='lat' dir='ltr'><strong>et</strong></span> <span class='ocrx_word' id='word_1_294' title='bbox 1196 3051 1430 3108; x_wconf 84' lang='lat' dir='ltr'><strong>essentia</strong></span> <span class='ocrx_word' id='word_1_295' title='bbox 1478 3063 1533 3108; x_wconf 91' lang='lat' dir='ltr'><strong>et</strong></span> <span class='ocrx_word' id='word_1_296' title='bbox 1562 3045 1896 3108; x_wconf 81' lang='lat' dir='ltr'><strong>divinissima</strong></span> <span class='ocrx_word' id='word_1_297' title='bbox 1941 3053 2136 3119; x_wconf 89' lang='lat' dir='ltr'><strong>virtus,</strong></span> 
     </span>
    </p>
   </div>
   <div class='ocr_carea' id='block_1_49' title="bbox 557 3140 2140 3215">
    <p class='ocr_par' dir='ltr' id='par_1_49' title="bbox 557 3140 2140 3215">
     <span class='ocr_line' id='line_1_49' title="bbox 557 3140 2140 3215; baseline 0.003 -21"><span class='ocrx_word' id='word_1_298' title='bbox 557 3140 734 3196; x_wconf 84' lang='lat' dir='ltr'><strong>beatis</strong></span> <span class='ocrx_word' id='word_1_299' title='bbox 769 3151 823 3196; x_wconf 88' lang='lat' dir='ltr'><strong>et</strong></span> <span class='ocrx_word' id='word_1_300' title='bbox 877 3153 1121 3197; x_wconf 89' lang='lat' dir='ltr'><strong>nostrum</strong></span> <span class='ocrx_word' id='word_1_301' title='bbox 1170 3142 1484 3198; x_wconf 88' lang='lat' dir='ltr'><strong>melioribus</strong></span> <span class='ocrx_word' id='word_1_302' title='bbox 1534 3144 1784 3199; x_wconf 84' lang='lat' dir='ltr'><strong>essentiis</strong></span> <span class='ocrx_word' id='word_1_303' title='bbox 1837 3143 2140 3215; x_wconf 74' lang='lat' dir='ltr'><strong>signiﬁcan-</strong></span> 
     </span>
    </p>
   </div>
   <div class='ocr_carea' id='block_1_50' title="bbox 559 3231 2140 3306">
    <p class='ocr_par' dir='ltr' id='par_1_50' title="bbox 559 3231 2140 3306">
     <span class='ocr_line' id='line_1_50' title="bbox 559 3231 2140 3306; baseline 0.004 -22"><span class='ocrx_word' id='word_1_304' title='bbox 559 3231 668 3286; x_wconf 87' lang='lat' dir='ltr'><strong>tius</strong></span> <span class='ocrx_word' id='word_1_305' title='bbox 709 3232 947 3288; x_wconf 90' lang='lat' dir='ltr'><strong>simulet</strong></span> <span class='ocrx_word' id='word_1_306' title='bbox 998 3233 1412 3290; x_wconf 87' lang='lat' dir='ltr'><strong>intellectualius</strong></span> <span class='ocrx_word' id='word_1_307' title='bbox 1445 3234 1645 3300; x_wconf 87' lang='lat' dir='ltr'><strong>i1lucet,</strong></span> <span class='ocrx_word' id='word_1_308' title='bbox 1681 3245 1736 3291; x_wconf 90' lang='lat' dir='ltr'><strong>et</strong></span> <span class='ocrx_word' id='word_1_309' title='bbox 1773 3250 1868 3290; x_wconf 89' lang='lat' dir='ltr'><strong>eas</strong></span> <span class='ocrx_word' id='word_1_310' title='bbox 1910 3236 1977 3290; x_wconf 91' lang='lat' dir='ltr'><strong>ad</strong></span> <span class='ocrx_word' id='word_1_311' title='bbox 2013 3251 2140 3306; x_wconf 87' lang='lat' dir='ltr'><strong>pro-</strong></span> 
     </span>
    </p>
   </div>
   <div class='ocr_carea' id='block_1_51' title="bbox 555 3322 2140 3391">
    <p class='ocr_par' dir='ltr' id='par_1_51' title="bbox 555 3322 2140 3391">
     <span class='ocr_line' id='line_1_51' title="bbox 555 3322 2140 3391; baseline 0.002 -15"><span class='ocrx_word' id='word_1_312' title='bbox 555 3323 736 3391; x_wconf 87' lang='lat' dir='ltr'><strong>prium</strong></span> <span class='ocrx_word' id='word_1_313' title='bbox 764 3322 943 3378; x_wconf 88' lang='lat' dir='ltr'><strong>lumen</strong></span> <span class='ocrx_word' id='word_1_314' title='bbox 972 3323 1252 3379; x_wconf 86' lang='lat' dir='ltr'><strong>assimulat</strong></span> <span class='ocrx_word' id='word_1_315' title='bbox 1275 3326 1565 3379; x_wconf 87' lang='lat' dir='ltr'><strong>secundum</strong></span> <span class='ocrx_word' id='word_1_316' title='bbox 1595 3325 1866 3391; x_wconf 80' lang='lat' dir='ltr'><strong>virtutem,</strong></span> <span class='ocrx_word' id='word_1_317' title='bbox 1899 3335 2140 3380; x_wconf 83' lang='lat' dir='ltr'><strong>nostras-</strong></span> 
     </span>
    </p>
   </div>
   <div class='ocr_carea' id='block_1_52' title="bbox 557 3413 2140 3488">
    <p class='ocr_par' dir='ltr' id='par_1_52' title="bbox 557 3413 2140 3488">
     <span class='ocr_line' id='line_1_52' title="bbox 557 3413 2140 3488; baseline 0.004 -23"><span class='ocrx_word' id='word_1_318' title='bbox 557 3427 664 3482; x_wconf 77' lang='lat' dir='ltr'><strong>que</strong></span> <span class='ocrx_word' id='word_1_319' title='bbox 697 3413 763 3466; x_wconf 88' lang='lat' dir='ltr'><strong>ad</strong></span> <span class='ocrx_word' id='word_1_320' title='bbox 790 3421 1196 3479; x_wconf 65' lang='lat' dir='ltr'><strong>se&#39;extentatas,</strong></span> <span class='ocrx_word' id='word_1_321' title='bbox 1225 3421 1280 3469; x_wconf 92' lang='lat' dir='ltr'><strong>et</strong></span> <span class='ocrx_word' id='word_1_322' title='bbox 1301 3429 1340 3466; x_wconf 89' lang='lat' dir='ltr'><strong>n</strong></span> <span class='ocrx_word' id='word_1_323' title='bbox 1370 3432 1397 3488; x_wconf 83' lang='lat' dir='ltr'><strong>s</strong></span> <span class='ocrx_word' id='word_1_324' title='bbox 1423 3413 1755 3469; x_wconf 78' lang='lat' dir='ltr'><strong>extendente</strong></span> <span class='ocrx_word' id='word_1_325' title='bbox 1777 3415 1921 3470; x_wconf 90' lang='lat' dir='ltr'><strong>bono</strong></span> <span class='ocrx_word' id='word_1_326' title='bbox 1956 3429 2140 3471; x_wconf 88' lang='lat' dir='ltr'><strong>amore</strong></span> 
     </span>
    </p>
   </div>
   <div class='ocr_carea' id='block_1_53' title="bbox 559 3500 2142 3570">
    <p class='ocr_par' dir='ltr' id='par_1_53' title="bbox 559 3500 2142 3570">
     <span class='ocr_line' id='line_1_53' title="bbox 559 3500 2142 3570; baseline 0.005 -16"><span class='ocrx_word' id='word_1_327' title='bbox 559 3500 847 3570; x_wconf 87' lang='lat' dir='ltr'><strong>complicat</strong></span> <span class='ocrx_word' id='word_1_328' title='bbox 891 3502 1088 3558; x_wconf 88' lang='lat' dir='ltr'><strong>multas</strong></span> <span class='ocrx_word' id='word_1_329' title='bbox 1126 3503 1443 3569; x_wconf 80' lang='lat' dir='ltr'><strong>alteritat-s,</strong></span> <span class='ocrx_word' id='word_1_330' title='bbox 1500 3513 1555 3558; x_wconf 88' lang='lat' dir='ltr'><strong>et</strong></span> <span class='ocrx_word' id='word_1_331' title='bbox 1612 3505 1667 3558; x_wconf 90' lang='lat' dir='ltr'><strong>in</strong></span> <span class='ocrx_word' id='word_1_332' title='bbox 1719 3504 2041 3561; x_wconf 90' lang='lat' dir='ltr'><strong>uniformem</strong></span> <span class='ocrx_word' id='word_1_333' title='bbox 2087 3515 2142 3562; x_wconf 89' lang='lat' dir='ltr'><strong>et</strong></span> 
     </span>
    </p>
   </div>
   <div class='ocr_carea' id='block_1_54' title="bbox 559 3591 2135 3663">
    <p class='ocr_par' dir='ltr' id='par_1_54' title="bbox 559 3591 2135 3663">
     <span class='ocr_line' id='line_1_54' title="bbox 559 3591 2135 3663; baseline 0.005 -18"><span class='ocrx_word' id='word_1_334' title='bbox 559 3591 797 3649; x_wconf 85' lang='lat' dir='ltr'><strong>divinam</strong></span> <span class='ocrx_word' id='word_1_335' title='bbox 832 3609 1212 3652; x_wconf 89' lang='lat' dir='ltr'><strong>consummans</strong></span> <span class='ocrx_word' id='word_1_336' title='bbox 1249 3596 1437 3662; x_wconf 81' lang='lat' dir='ltr'><strong>vitam,</strong></span> <span class='ocrx_word' id='word_1_337' title='bbox 1483 3597 1735 3652; x_wconf 89' lang='lat' dir='ltr'><strong>habitum</strong></span> <span class='ocrx_word' id='word_1_338' title='bbox 1763 3606 1818 3652; x_wconf 92' lang='lat' dir='ltr'><strong>et</strong></span> <span class='ocrx_word' id='word_1_339' title='bbox 1849 3599 2135 3663; x_wconf 89' lang='lat' dir='ltr'><strong>actionem,</strong></span> 
     </span>
    </p>
   </div>
   <div class='ocr_carea' id='block_1_55' title="bbox 560 3686 2136 3758">
    <p class='ocr_par' dir='ltr' id='par_1_55' title="bbox 560 3686 2136 3758">
     <span class='ocr_line' id='line_1_55' title="bbox 560 3686 2136 3758; baseline 0.004 -19"><span class='ocrx_word' id='word_1_340' title='bbox 560 3695 805 3742; x_wconf 87' lang='lat' dir='ltr'><strong>sanctam</strong></span> <span class='ocrx_word' id='word_1_341' title='bbox 830 3695 884 3744; x_wconf 90' lang='lat' dir='ltr'><strong>et</strong></span> <span class='ocrx_word' id='word_1_342' title='bbox 912 3686 1188 3758; x_wconf 87' lang='lat' dir='ltr'><strong>pulchram</strong></span> <span class='ocrx_word' id='word_1_343' title='bbox 1217 3689 1383 3743; x_wconf 89' lang='lat' dir='ltr'><strong>donat</strong></span> <span class='ocrx_word' id='word_1_344' title='bbox 1412 3689 1627 3744; x_wconf 85' lang='lat' dir='ltr'><strong>divinae</strong></span> <span class='ocrx_word' id='word_1_345' title='bbox 1649 3690 2097 3746; x_wconf 84' lang='lat' dir='ltr'><strong>sacerdotalitatis</strong></span> <span class='ocrx_word' id='word_1_346' title='bbox 2120 3697 2136 3728; x_wconf 74' lang='grc' dir='ltr'>ί</span> 
     </span>
    </p>
   </div>
   <div class='ocr_carea' id='block_1_56' title="bbox 557 3776 2139 3838">
    <p class='ocr_par' dir='ltr' id='par_1_56' title="bbox 557 3776 2139 3838">
     <span class='ocr_line' id='line_1_56' title="bbox 557 3776 2139 3838; baseline 0.005 -8"><span class='ocrx_word' id='word_1_347' title='bbox 557 3776 837 3834; x_wconf 78' lang='lat' dir='ltr'><strong>virtutem.</strong></span> <span class='ocrx_word' id='word_1_348' title='bbox 871 3778 1069 3835; x_wconf 90' lang='lat' dir='ltr'><strong>Deinde</strong></span> <span class='ocrx_word' id='word_1_349' title='bbox 1100 3781 1152 3834; x_wconf 89' lang='lat' dir='ltr'><strong>in</strong></span> <span class='ocrx_word' id='word_1_350' title='bbox 1187 3789 1430 3836; x_wconf 85' lang='lat' dir='ltr'><strong>sanctam</strong></span> <span class='ocrx_word' id='word_1_351' title='bbox 1457 3778 1734 3838; x_wconf 83' lang='lat' dir='ltr'><strong>venientes</strong></span> <span class='ocrx_word' id='word_1_352' title='bbox 1761 3783 1927 3838; x_wconf 90' lang='lat' dir='ltr'><strong>divini</strong></span> <span class='ocrx_word' id='word_1_353' title='bbox 1953 3797 2139 3838; x_wconf 87' lang='lat' dir='ltr'><strong>sacer-</strong></span> 
     </span>
    </p>
   </div>
   <div class='ocr_carea' id='block_1_57' title="bbox 561 3869 2138 3943">
    <p class='ocr_par' dir='ltr' id='par_1_57' title="bbox 561 3869 2138 3943">
     <span class='ocr_line' id='line_1_57' title="bbox 561 3869 2138 3943; baseline 0.003 -20"><span class='ocrx_word' id='word_1_354' title='bbox 561 3869 692 3924; x_wconf 89' lang='lat' dir='ltr'><strong>dotii</strong></span> <span class='ocrx_word' id='word_1_355' title='bbox 719 3871 1114 3940; x_wconf 87' lang='lat' dir='ltr'><strong>operationem,</strong></span> <span class='ocrx_word' id='word_1_356' title='bbox 1143 3873 1360 3942; x_wconf 83' lang='lat' dir='ltr'><strong>propius</strong></span> <span class='ocrx_word' id='word_1_357' title='bbox 1389 3873 1602 3943; x_wconf 83' lang='lat' dir='ltr'><strong>quidem</strong></span> <span class='ocrx_word' id='word_1_358' title='bbox 1634 3889 1738 3928; x_wconf 86' lang='lat' dir='ltr'><strong>nos</strong></span> <span class='ocrx_word' id='word_1_359' title='bbox 1762 3873 2024 3929; x_wconf 84' lang='lat' dir='ltr'><strong>etIicimur</strong></span> <span class='ocrx_word' id='word_1_360' title='bbox 2045 3890 2138 3928; x_wconf 83' lang='lat' dir='ltr'><strong>stt—</strong></span> 
     </span>
    </p>
   </div>
   <div class='ocr_carea' id='block_1_58' title="bbox 557 3964 2208 4040">
    <p class='ocr_par' dir='ltr' id='par_1_58' title="bbox 557 3964 2208 4040">
     <span class='ocr_line' id='line_1_58' title="bbox 557 3964 2208 4040; baseline 0.001 -25"><span class='ocrx_word' id='word_1_361' title='bbox 557 3977 654 4032; x_wconf 86' lang='lat' dir='ltr'><strong>per</strong></span> <span class='ocrx_word' id='word_1_362' title='bbox 674 3977 772 4016; x_wconf 91' lang='lat' dir='ltr'><strong>nos</strong></span> <span class='ocrx_word' id='word_1_363' title='bbox 790 3964 1148 4018; x_wconf 88' lang='lat' dir='ltr'><strong>cssentiarmn</strong></span> <span class='ocrx_word' id='word_1_364' title='bbox 1179 3965 1472 4019; x_wconf 86' lang='lat' dir='ltr'><strong>secundum</strong></span> <span class='ocrx_word' id='word_1_365' title='bbox 1505 3967 1757 4020; x_wconf 82' lang='lat' dir='ltr'><strong>virtutem</strong></span> <span class='ocrx_word' id='word_1_366' title='bbox 1794 3965 2130 4020; x_wconf 89' lang='lat' dir='ltr'><strong>similitudini</strong></span> <span class='ocrx_word' id='word_1_367' title='bbox 2161 3977 2208 4040; x_wconf 69' lang='grc' dir='ltr'>ε</span> 
     </span>
    </p>
   </div>
   <div class='ocr_carea' id='block_1_59' title="bbox 557 4055 2132 4128">
    <p class='ocr_par' dir='ltr' id='par_1_59' title="bbox 557 4055 2132 4128">
     <span class='ocr_line' id='line_1_59' title="bbox 557 4055 2132 4128; baseline 0.002 -21"><span class='ocrx_word' id='word_1_368' title='bbox 557 4055 830 4109; x_wconf 87' lang='lat' dir='ltr'><strong>manentis</strong></span> <span class='ocrx_word' id='word_1_369' title='bbox 872 4066 926 4108; x_wconf 90' lang='lat' dir='ltr'><strong>et</strong></span> <span class='ocrx_word' id='word_1_370' title='bbox 976 4056 1328 4112; x_wconf 82' lang='lat' dir='ltr'><strong>immutabilis</strong></span> <span class='ocrx_word' id='word_1_371' title='bbox 1372 4072 1558 4112; x_wconf 91' lang='lat' dir='ltr'><strong>earum</strong></span> <span class='ocrx_word' id='word_1_372' title='bbox 1595 4073 1784 4112; x_wconf 87' lang='lat' dir='ltr'><strong>sacrae</strong></span> <span class='ocrx_word' id='word_1_373' title='bbox 1826 4057 2132 4128; x_wconf 82' lang='lat' dir='ltr'><strong>collocatio-</strong></span> 
     </span>
    </p>
   </div>
   <div class='ocr_carea' id='block_1_60' title="bbox 557 4145 2134 4212">
    <p class='ocr_par' dir='ltr' id='par_1_60' title="bbox 557 4145 2134 4212">
     <span class='ocr_line' id='line_1_60' title="bbox 557 4145 2134 4212; baseline 0.003 -13"><span class='ocrx_word' id='word_1_374' title='bbox 557 4145 663 4210; x_wconf 88' lang='lat' dir='ltr'><strong>nis,</strong></span> <span class='ocrx_word' id='word_1_375' title='bbox 692 4155 750 4200; x_wconf 87' lang='lat' dir='ltr'><strong>et</strong></span> <span class='ocrx_word' id='word_1_376' title='bbox 774 4145 794 4174; x_wconf 83' lang='lat'>&#39;</span> <span class='ocrx_word' id='word_1_377' title='bbox 825 4145 926 4202; x_wconf 88' lang='lat' dir='ltr'><strong>hac</strong></span> <span class='ocrx_word' id='word_1_378' title='bbox 960 4147 1026 4201; x_wconf 87' lang='lat' dir='ltr'><strong>ad</strong></span> <span class='ocrx_word' id='word_1_379' title='bbox 1058 4148 1269 4204; x_wconf 85' lang='lat' dir='ltr'><strong>beatam</strong></span> <span class='ocrx_word' id='word_1_380' title='bbox 1309 4147 1434 4206; x_wconf 78' lang='lat' dir='ltr'><strong>Jesu</strong></span> <span class='ocrx_word' id='word_1_381' title='bbox 1475 4159 1524 4206; x_wconf 85' lang='lat' dir='ltr'><strong>et</strong></span> <span class='ocrx_word' id='word_1_382' title='bbox 1557 4150 1804 4212; x_wconf 72' lang='lat' dir='ltr'><strong>divinam</strong></span> <span class='ocrx_word' id='word_1_383' title='bbox 1831 4147 2134 4207; x_wconf 74' lang='lat' dir='ltr'><strong>claritatem</strong></span> 
     </span>
    </p>
   </div>
   <div class='ocr_carea' id='block_1_61' title="bbox 557 4236 2136 4311">
    <p class='ocr_par' dir='ltr' id='par_1_61' title="bbox 557 4236 2136 4311">
     <span class='ocr_line' id='line_1_61' title="bbox 557 4236 2136 4311; baseline 0.003 -22"><span class='ocrx_word' id='word_1_384' title='bbox 557 4236 930 4306; x_wconf 86' lang='lat' dir='ltr'><strong>respicientes,</strong></span> <span class='ocrx_word' id='word_1_385' title='bbox 961 4248 1015 4293; x_wconf 86' lang='lat' dir='ltr'><strong>et</strong></span> <span class='ocrx_word' id='word_1_386' title='bbox 1052 4254 1402 4309; x_wconf 86' lang='lat' dir='ltr'><strong>quaecunque</strong></span> <span class='ocrx_word' id='word_1_387' title='bbox 1425 4241 1607 4296; x_wconf 85' lang='lat' dir='ltr'><strong>videre</strong></span> <span class='ocrx_word' id='word_1_388' title='bbox 1657 4241 1930 4311; x_wconf 85' lang='lat' dir='ltr'><strong>possibile,</strong></span> <span class='ocrx_word' id='word_1_389' title='bbox 1960 4239 2136 4310; x_wconf 72' lang='lat' dir='ltr'><strong>explo-</strong></span> 
     </span>
    </p>
   </div>
   <div class='ocr_carea' id='block_1_62' title="bbox 559 4330 2138 4402">
    <p class='ocr_par' dir='ltr' id='par_1_62' title="bbox 559 4330 2138 4402">
     <span class='ocr_line' id='line_1_62' title="bbox 559 4330 2138 4402; baseline 0.001 -20"><span class='ocrx_word' id='word_1_390' title='bbox 559 4338 742 4384; x_wconf 85' lang='lat' dir='ltr'><strong>rautes</strong></span> <span class='ocrx_word' id='word_1_391' title='bbox 768 4343 920 4384; x_wconf 87' lang='lat' dir='ltr'><strong>sacre</strong></span> <span class='ocrx_word' id='word_1_392' title='bbox 942 4339 998 4384; x_wconf 89' lang='lat' dir='ltr'><strong>et</strong></span> <span class='ocrx_word' id='word_1_393' title='bbox 1039 4331 1496 4402; x_wconf 83' lang='lat' dir='ltr'><strong>speculationibus</strong></span> <span class='ocrx_word' id='word_1_394' title='bbox 1521 4331 1780 4387; x_wconf 86' lang='lat' dir='ltr'><strong>scientiae</strong></span> <span class='ocrx_word' id='word_1_395' title='bbox 1825 4330 2138 4395; x_wconf 88' lang='lat' dir='ltr'><strong>illuminati,</strong></span> 
     </span>
    </p>
   </div>
   <div class='ocr_carea' id='block_1_63' title="bbox 558 4421 2136 4492">
    <p class='ocr_par' dir='ltr' id='par_1_63' title="bbox 558 4421 2136 4492">
     <span class='ocr_line' id='line_1_63' title="bbox 558 4421 2136 4492; baseline 0.004 -20"><span class='ocrx_word' id='word_1_396' title='bbox 558 4421 842 4492; x_wconf 85' lang='lat' dir='ltr'><strong>mysticam</strong></span> <span class='ocrx_word' id='word_1_397' title='bbox 889 4421 1224 4491; x_wconf 82' lang='lat' dir='ltr'><strong>disciplinam</strong></span> <span class='ocrx_word' id='word_1_398' title='bbox 1277 4425 1578 4479; x_wconf 87' lang='lat' dir='ltr'><strong>consecrati</strong></span> <span class='ocrx_word' id='word_1_399' title='bbox 1628 4434 1684 4479; x_wconf 84' lang='lat' dir='ltr'><strong>et</strong></span> <span class='ocrx_word' id='word_1_400' title='bbox 1726 4434 2136 4490; x_wconf 73' lang='lat' dir='ltr'><strong>consecratues,</strong></span> 
     </span>
    </p>
   </div>
   <div class='ocr_carea' id='block_1_64' title="bbox 557 4515 2133 4590">
    <p class='ocr_par' dir='ltr' id='par_1_64' title="bbox 557 4515 2133 4590">
     <span class='ocr_line' id='line_1_64' title="bbox 557 4515 2133 4590; baseline 0.004 -21"><span class='ocrx_word' id='word_1_401' title='bbox 557 4515 866 4572; x_wconf 87' lang='lat' dir='ltr'><strong>luciformes</strong></span> <span class='ocrx_word' id='word_1_402' title='bbox 918 4526 972 4572; x_wconf 84' lang='lat' dir='ltr'><strong>et</strong></span> <span class='ocrx_word' id='word_1_403' title='bbox 1016 4517 1215 4583; x_wconf 89' lang='lat' dir='ltr'><strong>deiﬁci,</strong></span> <span class='ocrx_word' id='word_1_404' title='bbox 1262 4518 1482 4588; x_wconf 86' lang='lat' dir='ltr'><strong>perfecti</strong></span> <span class='ocrx_word' id='word_1_405' title='bbox 1530 4528 1587 4574; x_wconf 87' lang='lat' dir='ltr'><strong>et</strong></span> <span class='ocrx_word' id='word_1_406' title='bbox 1626 4519 1976 4590; x_wconf 84' lang='lat' dir='ltr'><strong>perfectiores</strong></span> <span class='ocrx_word' id='word_1_407' title='bbox 2019 4521 2133 4576; x_wconf 86' lang='lat' dir='ltr'><strong>ﬁeri</strong></span> 
     </span>
    </p>
   </div>
   <div class='ocr_carea' id='block_1_65' title="bbox 557 4607 2135 4681">
    <p class='ocr_par' dir='ltr' id='par_1_65' title="bbox 557 4607 2135 4681">
     <span class='ocr_line' id='line_1_65' title="bbox 557 4607 2135 4681; baseline 0.007 -23"><span class='ocrx_word' id='word_1_408' title='bbox 557 4609 875 4676; x_wconf 82' lang='lat' dir='ltr'><strong>poterimus.</strong></span> <span class='ocrx_word' id='word_1_409' title='bbox 908 4607 1182 4674; x_wconf 79' lang='lat' dir='ltr'><strong>Quaedam</strong></span> <span class='ocrx_word' id='word_1_410' title='bbox 1211 4609 1375 4680; x_wconf 77' lang='lat' dir='ltr'><strong>igitur</strong></span> <span class='ocrx_word' id='word_1_411' title='bbox 1404 4611 1728 4681; x_wconf 75' lang='lat' dir='ltr'><strong>Augelorum</strong></span> <span class='ocrx_word' id='word_1_412' title='bbox 1765 4621 1849 4668; x_wconf 89' lang='lat' dir='ltr'><strong>est</strong></span> <span class='ocrx_word' id='word_1_413' title='bbox 1885 4621 1940 4667; x_wconf 89' lang='lat' dir='ltr'><strong>ct</strong></span> <span class='ocrx_word' id='word_1_414' title='bbox 1962 4613 2135 4668; x_wconf 84' lang='lat' dir='ltr'><strong>Arch-</strong></span> 
     </span>
    </p>
   </div>
   <div class='ocr_carea' id='block_1_66' title="bbox 557 4698 2130 4775">
    <p class='ocr_par' dir='ltr' id='par_1_66' title="bbox 557 4698 2130 4775">
     <span class='ocr_line' id='line_1_66' title="bbox 557 4698 2130 4775; baseline 0.006 -24"><span class='ocrx_word' id='word_1_415' title='bbox 557 4698 868 4770; x_wconf 82' lang='lat' dir='ltr'><strong>angelorum</strong></span> <span class='ocrx_word' id='word_1_416' title='bbox 889 4699 1186 4766; x_wconf 85' lang='lat' dir='ltr'><strong>lerarchia,</strong></span> <span class='ocrx_word' id='word_1_417' title='bbox 1205 4712 1258 4757; x_wconf 91' lang='lat' dir='ltr'><strong>et</strong></span> <span class='ocrx_word' id='word_1_418' title='bbox 1292 4702 1783 4772; x_wconf 80' lang='lat' dir='ltr'><strong>supermundalium</strong></span> <span class='ocrx_word' id='word_1_419' title='bbox 1800 4705 2130 4775; x_wconf 90' lang='lat' dir='ltr'><strong>Principum,</strong></span> 
     </span>
    </p>
   </div>
   <div class='ocr_carea' id='block_1_67' title="bbox 557 4789 2138 4867">
    <p class='ocr_par' dir='ltr' id='par_1_67' title="bbox 557 4789 2138 4867">
     <span class='ocr_line' id='line_1_67' title="bbox 557 4789 2138 4867; baseline 0.005 -23"><span class='ocrx_word' id='word_1_420' title='bbox 557 4789 992 4858; x_wconf 86' lang='lat' dir='ltr'><strong>etPotestatum,</strong></span> <span class='ocrx_word' id='word_1_421' title='bbox 1044 4802 1098 4846; x_wconf 87' lang='lat' dir='ltr'><strong>et</strong></span> <span class='ocrx_word' id='word_1_422' title='bbox 1125 4791 1422 4859; x_wconf 79' lang='lat' dir='ltr'><strong>Virtutum,</strong></span> <span class='ocrx_word' id='word_1_423' title='bbox 1469 4794 2032 4867; x_wconf 88' lang='lat' dir='ltr'><strong>Dominationumquc,</strong></span> <span class='ocrx_word' id='word_1_424' title='bbox 2081 4808 2138 4852; x_wconf 88' lang='lat' dir='ltr'><strong>et</strong></span> 
     </span>
    </p>
   </div>
   <div class='ocr_carea' id='block_1_68' title="bbox 556 4881 2135 4957">
    <p class='ocr_par' dir='ltr' id='par_1_68' title="bbox 556 4881 2135 4957">
     <span class='ocr_line' id='line_1_68' title="bbox 556 4881 2135 4957; baseline 0.007 -24"><span class='ocrx_word' id='word_1_425' title='bbox 556 4881 860 4936; x_wconf 87' lang='lat' dir='ltr'><strong>divinorum</strong></span> <span class='ocrx_word' id='word_1_426' title='bbox 893 4882 1254 4950; x_wconf 87' lang='lat' dir='ltr'><strong>Thronorum,</strong></span> <span class='ocrx_word' id='word_1_427' title='bbox 1287 4895 1380 4939; x_wconf 89' lang='lat' dir='ltr'><strong>aut</strong></span> <span class='ocrx_word' id='word_1_428' title='bbox 1426 4887 1862 4957; x_wconf 88' lang='lat' dir='ltr'><strong>aequipotentum</strong></span> <span class='ocrx_word' id='word_1_429' title='bbox 1904 4889 2135 4944; x_wconf 74' lang='lat' dir='ltr'><strong>Tlironis</strong></span> 
     </span>
    </p>
   </div>
   <div class='ocr_carea' id='block_1_69' title="bbox 556 4975 2133 5050">
    <p class='ocr_par' dir='ltr' id='par_1_69' title="bbox 556 4975 2133 5050">
     <span class='ocr_line' id='line_1_69' title="bbox 556 4975 2133 5050; baseline 0.006 -26"><span class='ocrx_word' id='word_1_430' title='bbox 556 4980 936 5039; x_wconf 78' lang='lat' dir='ltr'><strong>essentiarum,</strong></span> <span class='ocrx_word' id='word_1_431' title='bbox 966 4988 1101 5044; x_wconf 87' lang='lat' dir='ltr'><strong>quas</strong></span> <span class='ocrx_word' id='word_1_432' title='bbox 1127 4975 1390 5046; x_wconf 82' lang='lat' dir='ltr'><strong>theologia</strong></span> <span class='ocrx_word' id='word_1_433' title='bbox 1422 4986 1627 5032; x_wconf 90' lang='lat' dir='ltr'><strong>attente</strong></span> <span class='ocrx_word' id='word_1_434' title='bbox 1655 4988 1710 5032; x_wconf 91' lang='lat' dir='ltr'><strong>et</strong></span> <span class='ocrx_word' id='word_1_435' title='bbox 1751 4995 1964 5050; x_wconf 84' lang='lat' dir='ltr'><strong>semper</strong></span> <span class='ocrx_word' id='word_1_436' title='bbox 1990 4983 2133 5036; x_wconf 78' lang='lat' dir='ltr'><strong>circa</strong></span> 
     </span>
    </p>
   </div>
   <div class='ocr_carea' id='block_1_70' title="bbox 557 5067 2136 5138">
    <p class='ocr_par' dir='ltr' id='par_1_70' title="bbox 557 5067 2136 5138">
     <span class='ocr_line' id='line_1_70' title="bbox 557 5067 2136 5138; baseline 0.003 -16"><span class='ocrx_word' id='word_1_437' title='bbox 557 5067 726 5122; x_wconf 85' lang='lat' dir='ltr'><strong>Deum</strong></span> <span class='ocrx_word' id='word_1_438' title='bbox 783 5081 904 5122; x_wconf 85' lang='lat' dir='ltr'><strong>esse</strong></span> <span class='ocrx_word' id='word_1_439' title='bbox 951 5076 1007 5122; x_wconf 88' lang='lat' dir='ltr'><strong>et</strong></span> <span class='ocrx_word' id='word_1_440' title='bbox 1058 5075 1182 5138; x_wconf 88' lang='lat' dir='ltr'><strong>post</strong></span> <span class='ocrx_word' id='word_1_441' title='bbox 1229 5068 1396 5124; x_wconf 88' lang='lat' dir='ltr'><strong>Deum</strong></span> <span class='ocrx_word' id='word_1_442' title='bbox 1453 5071 1633 5136; x_wconf 88' lang='lat' dir='ltr'><strong>tradit,</strong></span> <span class='ocrx_word' id='word_1_443' title='bbox 1699 5070 1985 5127; x_wconf 88' lang='lat' dir='ltr'><strong>Cherubim</strong></span> <span class='ocrx_word' id='word_1_444' title='bbox 2042 5088 2136 5126; x_wconf 89' lang='lat' dir='ltr'><strong>eas</strong></span> 
     </span>
    </p>
   </div>
   <div class='ocr_carea' id='block_1_71' title="bbox 556 5157 2132 5229">
    <p class='ocr_par' dir='ltr' id='par_1_71' title="bbox 556 5157 2132 5229">
     <span class='ocr_line' id='line_1_71' title="bbox 556 5157 2132 5229; baseline 0.003 -17"><span class='ocrx_word' id='word_1_445' title='bbox 556 5157 922 5214; x_wconf 89' lang='lat' dir='ltr'><strong>llebraeorum</strong></span> <span class='ocrx_word' id='word_1_446' title='bbox 945 5173 1076 5214; x_wconf 88' lang='lat' dir='ltr'><strong>voce</strong></span> <span class='ocrx_word' id='word_1_447' title='bbox 1101 5168 1155 5214; x_wconf 92' lang='lat' dir='ltr'><strong>et</strong></span> <span class='ocrx_word' id='word_1_448' title='bbox 1175 5159 1458 5229; x_wconf 85' lang='lat' dir='ltr'><strong>Serapbim</strong></span> <span class='ocrx_word' id='word_1_449' title='bbox 1493 5161 1778 5216; x_wconf 90' lang='lat' dir='ltr'><strong>nominans</strong></span> <span class='ocrx_word' id='word_1_450' title='bbox 1803 5181 1816 5216; x_wconf 92' lang='lat'>:</span> <span class='ocrx_word' id='word_1_451' title='bbox 1845 5173 2132 5218; x_wconf 80' lang='lat' dir='ltr'><strong>ornantum</strong></span> 
     </span>
    </p>
   </div>
   <div class='ocr_carea' id='block_1_72' title="bbox 554 5252 2133 5311">
    <p class='ocr_par' dir='ltr' id='par_1_72' title="bbox 554 5252 2133 5311">
     <span class='ocr_line' id='line_1_72' title="bbox 554 5252 2133 5311; baseline 0.003 -5"><span class='ocrx_word' id='word_1_452' title='bbox 554 5268 743 5308; x_wconf 89' lang='lat' dir='ltr'><strong>eorum</strong></span> <span class='ocrx_word' id='word_1_453' title='bbox 773 5261 828 5308; x_wconf 91' lang='lat' dir='ltr'><strong>et</strong></span> <span class='ocrx_word' id='word_1_454' title='bbox 853 5252 1246 5308; x_wconf 89' lang='lat' dir='ltr'><strong>lerarchiarum</strong></span> <span class='ocrx_word' id='word_1_455' title='bbox 1274 5262 1492 5309; x_wconf 89' lang='lat' dir='ltr'><strong>sanctos</strong></span> <span class='ocrx_word' id='word_1_456' title='bbox 1519 5255 1738 5311; x_wconf 87' lang='lat' dir='ltr'><strong>ordines</strong></span> <span class='ocrx_word' id='word_1_457' title='bbox 1766 5266 1819 5311; x_wconf 89' lang='lat' dir='ltr'><strong>et</strong></span> <span class='ocrx_word' id='word_1_458' title='bbox 1844 5255 2133 5311; x_wconf 85' lang='lat' dir='ltr'><strong>divisiones</strong></span> 
     </span>
    </p>
   </div>
   <div class='ocr_carea' id='block_1_73' title="bbox 2243 2709 3831 2780">
    <p class='ocr_par' dir='ltr' id='par_1_73' title="bbox 2243 2709 3831 2780">
     <span class='ocr_line' id='line_1_73' title="bbox 2243 2709 3831 2780; baseline -0.004 -14"><span class='ocrx_word' id='word_1_459' title='bbox 2243 2711 2583 2775; x_wconf 81' lang='lat' dir='ltr'><strong>invisibiles,</strong></span> <span class='ocrx_word' id='word_1_460' title='bbox 2618 2719 2672 2765; x_wconf 90' lang='lat' dir='ltr'><strong>et</strong></span> <span class='ocrx_word' id='word_1_461' title='bbox 2721 2710 3152 2780; x_wconf 81' lang='lat' dir='ltr'><strong>supernumdana</strong></span> <span class='ocrx_word' id='word_1_462' title='bbox 3203 2720 3286 2764; x_wconf 89' lang='lat' dir='ltr'><strong>est</strong></span> <span class='ocrx_word' id='word_1_463' title='bbox 3332 2709 3645 2764; x_wconf 86' lang='lat' dir='ltr'><strong>secundum</strong></span> <span class='ocrx_word' id='word_1_464' title='bbox 3703 2712 3831 2777; x_wconf 77' lang='lat' dir='ltr'><strong>ipsas</strong></span> 
     </span>
    </p>
   </div>
   <div class='ocr_carea' id='block_1_74' title="bbox 2239 2802 3834 2870">
    <p class='ocr_par' dir='ltr' id='par_1_74' title="bbox 2239 2802 3834 2870">
     <span class='ocr_line' id='line_1_74' title="bbox 2239 2802 3834 2870; baseline -0.003 -12"><span class='ocrx_word' id='word_1_465' title='bbox 2239 2803 2509 2858; x_wconf 87' lang='lat' dir='ltr'><strong>lerarchia</strong></span> <span class='ocrx_word' id='word_1_466' title='bbox 2538 2822 2550 2857; x_wconf 89' lang='lat'><strong>:</strong></span> <span class='ocrx_word' id='word_1_467' title='bbox 2580 2819 2699 2856; x_wconf 84' lang='lat' dir='ltr'><strong>eam</strong></span> <span class='ocrx_word' id='word_1_468' title='bbox 2726 2818 2855 2856; x_wconf 85' lang='lat' dir='ltr'><strong>vero</strong></span> <span class='ocrx_word' id='word_1_469' title='bbox 2879 2804 3172 2857; x_wconf 87' lang='lat' dir='ltr'><strong>secundum</strong></span> <span class='ocrx_word' id='word_1_470' title='bbox 3207 2818 3305 2856; x_wconf 90' lang='lat' dir='ltr'><strong>nos</strong></span> <span class='ocrx_word' id='word_1_471' title='bbox 3330 2802 3587 2856; x_wconf 82' lang='lat' dir='ltr'><strong>videmus</strong></span> <span class='ocrx_word' id='word_1_472' title='bbox 3613 2814 3834 2870; x_wconf 67' lang='lat' dir='ltr'><strong>propub</strong></span> 
     </span>
    </p>
   </div>
   <div class='ocr_carea' id='block_1_75' title="bbox 2224 2880 3829 2963">
    <p class='ocr_par' dir='ltr' id='par_1_75' title="bbox 2224 2880 3829 2963">
     <span class='ocr_line' id='line_1_75' title="bbox 2224 2880 3829 2963; baseline -0.001 -15"><span class='ocrx_word' id='word_1_473' title='bbox 2224 2880 2514 2949; x_wconf 15' lang='lat' dir='ltr'><strong>vtionaliter</strong></span> <span class='ocrx_word' id='word_1_474' title='bbox 2547 2894 2698 2947; x_wconf 89' lang='lat' dir='ltr'><strong>nobis</strong></span> <span class='ocrx_word' id='word_1_475' title='bbox 2722 2891 2852 2963; x_wconf 86' lang='lat' dir='ltr'><strong>ipsis</strong></span> <span class='ocrx_word' id='word_1_476' title='bbox 2888 2892 3220 2948; x_wconf 85' lang='lat' dir='ltr'><strong>sensibilium</strong></span> <span class='ocrx_word' id='word_1_477' title='bbox 3250 2892 3634 2961; x_wconf 83' lang='lat' dir='ltr'><strong>symbolurum</strong></span> <span class='ocrx_word' id='word_1_478' title='bbox 3664 2893 3829 2946; x_wconf 76' lang='lat' dir='ltr'><strong>varie-</strong></span> 
     </span>
    </p>
   </div>
   <div class='ocr_carea' id='block_1_76' title="bbox 2243 2982 3830 3055">
    <p class='ocr_par' dir='ltr' id='par_1_76' title="bbox 2243 2982 3830 3055">
     <span class='ocr_line' id='line_1_76' title="bbox 2243 2982 3830 3055; baseline -0.004 -15"><span class='ocrx_word' id='word_1_479' title='bbox 2243 2995 2351 3041; x_wconf 84' lang='lat' dir='ltr'><strong>tate</strong></span> <span class='ocrx_word' id='word_1_480' title='bbox 2398 2984 2829 3055; x_wconf 64' lang='lat' dir='ltr'><strong>multiplicatam,</strong></span> <span class='ocrx_word' id='word_1_481' title='bbox 2862 3000 2929 3038; x_wconf 85' lang='lat' dir='ltr'><strong>e.\&#39;</strong></span> <span class='ocrx_word' id='word_1_482' title='bbox 2972 2983 3165 3053; x_wconf 84' lang='lat' dir='ltr'><strong>quibus</strong></span> <span class='ocrx_word' id='word_1_483' title='bbox 3209 2983 3516 3036; x_wconf 85' lang='lat' dir='ltr'><strong>ierarchice</strong></span> <span class='ocrx_word' id='word_1_484' title='bbox 3549 2983 3601 3034; x_wconf 87' lang='lat' dir='ltr'><strong>itt</strong></span> <span class='ocrx_word' id='word_1_485' title='bbox 3635 2982 3830 3036; x_wconf 61' lang='lat' dir='ltr'><strong>uitifero</strong></span> 
     </span>
    </p>
   </div>
   <div class='ocr_carea' id='block_1_77' title="bbox 2243 3063 3832 3142">
    <p class='ocr_par' dir='ltr' id='par_1_77' title="bbox 2243 3063 3832 3142">
     <span class='ocr_line' id='line_1_77' title="bbox 2243 3063 3832 3142; baseline -0.003 -11"><span class='ocrx_word' id='word_1_486' title='bbox 2243 3093 2381 3131; x_wconf 90' lang='lat' dir='ltr'><strong>mem</strong></span> <span class='ocrx_word' id='word_1_487' title='bbox 2424 3078 2636 3130; x_wconf 86' lang='lat' dir='ltr'><strong>thcesin</strong></span> <span class='ocrx_word' id='word_1_488' title='bbox 2681 3076 2732 3129; x_wconf 87' lang='lat' dir='ltr'><strong>in</strong></span> <span class='ocrx_word' id='word_1_489' title='bbox 2779 3090 3180 3137; x_wconf 86' lang='lat' dir='ltr'><strong>commensura,</strong></span> <span class='ocrx_word' id='word_1_490' title='bbox 3231 3089 3369 3142; x_wconf 87' lang='lat' dir='ltr'><strong>quae</strong></span> <span class='ocrx_word' id='word_1_491' title='bbox 3402 3063 3713 3128; x_wconf 74' lang='lat' dir='ltr'><strong>secundum</strong></span> <span class='ocrx_word' id='word_1_492' title='bbox 3747 3090 3832 3127; x_wconf 84' lang='lat' dir='ltr'><strong>nos</strong></span> 
     </span>
    </p>
   </div>
   <div class='ocr_carea' id='block_1_78' title="bbox 2241 3165 3831 3236">
    <p class='ocr_par' dir='ltr' id='par_1_78' title="bbox 2241 3165 3831 3236">
     <span class='ocr_line' id='line_1_78' title="bbox 2241 3165 3831 3236; baseline -0.003 -14"><span class='ocrx_word' id='word_1_493' title='bbox 2241 3179 2341 3232; x_wconf 88' lang='lat' dir='ltr'><strong>est,</strong></span> <span class='ocrx_word' id='word_1_494' title='bbox 2400 3169 2732 3231; x_wconf 86' lang='lat' dir='ltr'><strong>reducimur,</strong></span> <span class='ocrx_word' id='word_1_495' title='bbox 2796 3165 3073 3236; x_wconf 88' lang='lat' dir='ltr'><strong>Deumque</strong></span> <span class='ocrx_word' id='word_1_496' title='bbox 3142 3178 3195 3220; x_wconf 91' lang='lat' dir='ltr'><strong>et</strong></span> <span class='ocrx_word' id='word_1_497' title='bbox 3250 3165 3490 3220; x_wconf 83' lang='lat' dir='ltr'><strong>divinam</strong></span> <span class='ocrx_word' id='word_1_498' title='bbox 3556 3166 3831 3219; x_wconf 75' lang='lat' dir='ltr'><strong>\‘it‘lttlcm.</strong></span> 
     </span>
    </p>
   </div>
   <div class='ocr_carea' id='block_1_79' title="bbox 2241 3255 3834 3330">
    <p class='ocr_par' dir='ltr' id='par_1_79' title="bbox 2241 3255 3834 3330">
     <span class='ocr_line' id='line_1_79' title="bbox 2241 3255 3834 3330; baseline -0.003 -16"><span class='ocrx_word' id='word_1_499' title='bbox 2241 3260 2393 3330; x_wconf 85' lang='lat' dir='ltr'><strong>Ipsae</strong></span> <span class='ocrx_word' id='word_1_500' title='bbox 2422 3259 2661 3328; x_wconf 88' lang='lat' dir='ltr'><strong>quidem,</strong></span> <span class='ocrx_word' id='word_1_501' title='bbox 2692 3267 2748 3312; x_wconf 92' lang='lat' dir='ltr'><strong>ttt</strong></span> <span class='ocrx_word' id='word_1_502' title='bbox 2789 3257 3114 3322; x_wconf 80' lang='lat' dir='ltr'><strong>intellectus,</strong></span> <span class='ocrx_word' id='word_1_503' title='bbox 3144 3255 3444 3325; x_wconf 78' lang='lat' dir='ltr'><strong>intelligunt</strong></span> <span class='ocrx_word' id='word_1_504' title='bbox 3492 3255 3655 3324; x_wconf 71' lang='lat' dir='ltr'><strong>juxta</strong></span> <span class='ocrx_word' id='word_1_505' title='bbox 3701 3258 3834 3326; x_wconf 82' lang='lat' dir='ltr'><strong>quod</strong></span> 
     </span>
    </p>
   </div>
   <div class='ocr_carea' id='block_1_80' title="bbox 2241 3347 3831 3418">
    <p class='ocr_par' dir='ltr' id='par_1_80' title="bbox 2241 3347 3831 3418">
     <span class='ocr_line' id='line_1_80' title="bbox 2241 3347 3831 3418; baseline -0.007 -9"><span class='ocrx_word' id='word_1_506' title='bbox 2241 3357 2320 3409; x_wconf 84' lang='lat' dir='ltr'><strong>eis</strong></span> <span class='ocrx_word' id='word_1_507' title='bbox 2367 3351 2448 3407; x_wconf 82' lang='lat' dir='ltr'><strong>fas</strong></span> <span class='ocrx_word' id='word_1_508' title='bbox 2493 3360 2577 3405; x_wconf 90' lang='lat' dir='ltr'><strong>est</strong></span> <span class='ocrx_word' id='word_1_509' title='bbox 2609 3367 2750 3405; x_wconf 71' lang='lat' dir='ltr'><strong>:nos</strong></span> <span class='ocrx_word' id='word_1_510' title='bbox 2806 3366 2936 3405; x_wconf 85' lang='lat' dir='ltr'><strong>vero</strong></span> <span class='ocrx_word' id='word_1_511' title='bbox 2987 3347 3328 3403; x_wconf 86' lang='lat' dir='ltr'><strong>sensibilibus</strong></span> <span class='ocrx_word' id='word_1_512' title='bbox 3390 3349 3730 3418; x_wconf 78' lang='lat' dir='ltr'><strong>imaginibus</strong></span> <span class='ocrx_word' id='word_1_513' title='bbox 3783 3349 3831 3399; x_wconf 84' lang='lat' dir='ltr'><strong>iu</strong></span> 
     </span>
    </p>
   </div>
   <div class='ocr_carea' id='block_1_81' title="bbox 2241 3439 3832 3512">
    <p class='ocr_par' dir='ltr' id='par_1_81' title="bbox 2241 3439 3832 3512">
     <span class='ocr_line' id='line_1_81' title="bbox 2241 3439 3832 3512; baseline -0.004 -14"><span class='ocrx_word' id='word_1_514' title='bbox 2241 3445 2488 3507; x_wconf 86' lang='lat' dir='ltr'><strong>divinas,</strong></span> <span class='ocrx_word' id='word_1_515' title='bbox 2545 3451 2806 3512; x_wconf 89' lang='lat' dir='ltr'><strong>quantum</strong></span> <span class='ocrx_word' id='word_1_516' title='bbox 2865 3439 3117 3512; x_wconf 81' lang='lat' dir='ltr'><strong>possibile</strong></span> <span class='ocrx_word' id='word_1_517' title='bbox 3168 3451 3284 3504; x_wconf 87' lang='lat' dir='ltr'><strong>est,</strong></span> <span class='ocrx_word' id='word_1_518' title='bbox 3341 3440 3664 3492; x_wconf 82' lang='lat' dir='ltr'><strong>reducimur</strong></span> <span class='ocrx_word' id='word_1_519' title='bbox 3711 3455 3832 3492; x_wconf 84' lang='lat' dir='ltr'><strong>cun-</strong></span> 
     </span>
    </p>
   </div>
   <div class='ocr_carea' id='block_1_82' title="bbox 2243 3527 3829 3606">
    <p class='ocr_par' dir='ltr' id='par_1_82' title="bbox 2243 3527 3829 3606">
     <span class='ocr_line' id='line_1_82' title="bbox 2243 3527 3829 3606; baseline -0.005 -16"><span class='ocrx_word' id='word_1_520' title='bbox 2243 3535 2637 3606; x_wconf 82' lang='lat' dir='ltr'><strong>templationes.</strong></span> <span class='ocrx_word' id='word_1_521' title='bbox 2697 3535 2942 3604; x_wconf 77' lang='lat' dir='ltr'><strong>Veroque</strong></span> <span class='ocrx_word' id='word_1_522' title='bbox 3013 3527 3338 3594; x_wconf 83' lang='lat' dir='ltr'><strong>dicendum,</strong></span> <span class='ocrx_word' id='word_1_523' title='bbox 3396 3546 3568 3586; x_wconf 85' lang='lat' dir='ltr'><strong>unum</strong></span> <span class='ocrx_word' id='word_1_524' title='bbox 3622 3530 3829 3598; x_wconf 79' lang='lat' dir='ltr'><strong>quidem</strong></span> 
     </span>
    </p>
   </div>
   <div class='ocr_carea' id='block_1_83' title="bbox 2242 3613 3830 3697">
    <p class='ocr_par' dir='ltr' id='par_1_83' title="bbox 2242 3613 3830 3697">
     <span class='ocr_line' id='line_1_83' title="bbox 2242 3613 3830 3697; baseline -0.006 -17"><span class='ocrx_word' id='word_1_525' title='bbox 2242 3637 2344 3693; x_wconf 81' lang='lat' dir='ltr'><strong>est,</strong></span> <span class='ocrx_word' id='word_1_526' title='bbox 2385 3627 2535 3697; x_wconf 82' lang='lat' dir='ltr'><strong>cujus</strong></span> <span class='ocrx_word' id='word_1_527' title='bbox 2585 3641 2774 3681; x_wconf 90' lang='lat' dir='ltr'><strong>omnes</strong></span> <span class='ocrx_word' id='word_1_528' title='bbox 2821 3622 3120 3679; x_wconf 87' lang='lat' dir='ltr'><strong>uniformes</strong></span> <span class='ocrx_word' id='word_1_529' title='bbox 3169 3613 3452 3691; x_wconf 83' lang='lat' dir='ltr'><strong>appetunt,</strong></span> <span class='ocrx_word' id='word_1_530' title='bbox 3508 3622 3830 3690; x_wconf 77' lang='lat' dir='ltr'><strong>participant</strong></span> 
     </span>
    </p>
   </div>
   <div class='ocr_carea' id='block_1_84' title="bbox 2243 3713 3834 3778">
    <p class='ocr_par' dir='ltr' id='par_1_84' title="bbox 2243 3713 3834 3778">
     <span class='ocr_line' id='line_1_84' title="bbox 2243 3713 3834 3778; baseline -0.006 -4"><span class='ocrx_word' id='word_1_531' title='bbox 2243 3737 2370 3774; x_wconf 86' lang='lat' dir='ltr'><strong>vero</strong></span> <span class='ocrx_word' id='word_1_532' title='bbox 2407 3736 2511 3773; x_wconf 90' lang='lat' dir='ltr'><strong>non</strong></span> <span class='ocrx_word' id='word_1_533' title='bbox 2545 3718 2887 3774; x_wconf 85' lang='lat' dir='ltr'><strong>tmiformiter</strong></span> <span class='ocrx_word' id='word_1_534' title='bbox 2908 3716 3097 3771; x_wconf 87' lang='lat' dir='ltr'><strong>eodem</strong></span> <span class='ocrx_word' id='word_1_535' title='bbox 3126 3723 3182 3768; x_wconf 89' lang='lat' dir='ltr'><strong>et</strong></span> <span class='ocrx_word' id='word_1_536' title='bbox 3234 3729 3342 3768; x_wconf 91' lang='lat' dir='ltr'><strong>uno</strong></span> <span class='ocrx_word' id='word_1_537' title='bbox 3383 3722 3538 3778; x_wconf 87' lang='lat' dir='ltr'><strong>cnte,</strong></span> <span class='ocrx_word' id='word_1_538' title='bbox 3565 3713 3663 3767; x_wconf 83' lang='lat' dir='ltr'><strong>sed</strong></span> <span class='ocrx_word' id='word_1_539' title='bbox 3701 3713 3834 3767; x_wconf 72' lang='lat' dir='ltr'><strong>sicut</strong></span> 
     </span>
    </p>
   </div>
   <div class='ocr_carea' id='block_1_85' title="bbox 2244 3801 3839 3880">
    <p class='ocr_par' dir='ltr' id='par_1_85' title="bbox 2244 3801 3839 3880">
     <span class='ocr_line' id='line_1_85' title="bbox 2244 3801 3839 3880; baseline -0.007 -15"><span class='ocrx_word' id='word_1_540' title='bbox 2244 3811 2534 3880; x_wconf 86' lang='lat' dir='ltr'><strong>unicuique</strong></span> <span class='ocrx_word' id='word_1_541' title='bbox 2569 3809 2746 3863; x_wconf 82' lang='lat' dir='ltr'><strong>divina</strong></span> <span class='ocrx_word' id='word_1_542' title='bbox 2771 3806 2897 3878; x_wconf 78' lang='lat' dir='ltr'><strong>juga</strong></span> <span class='ocrx_word' id='word_1_543' title='bbox 2939 3805 2962 3838; x_wconf 83' lang='grc'>³</span> <span class='ocrx_word' id='word_1_544' title='bbox 3008 3803 3331 3858; x_wconf 89' lang='lat' dir='ltr'><strong>distribuunt</strong></span> <span class='ocrx_word' id='word_1_545' title='bbox 3355 3802 3512 3872; x_wconf 72' lang='lat' dir='ltr'><strong>juxta</strong></span> <span class='ocrx_word' id='word_1_546' title='bbox 3545 3801 3839 3872; x_wconf 72' lang='lat' dir='ltr'><strong>dignitates</strong></span> 
     </span>
    </p>
   </div>
   <div class='ocr_carea' id='block_1_86' title="bbox 2247 3891 3832 3980">
    <p class='ocr_par' dir='ltr' id='par_1_86' title="bbox 2247 3891 3832 3980">
     <span class='ocr_line' id='line_1_86' title="bbox 2247 3891 3832 3980; baseline -0.008 -22"><span class='ocrx_word' id='word_1_547' title='bbox 2247 3913 2474 3974; x_wconf 86' lang='lat' dir='ltr'><strong>partem.</strong></span> <span class='ocrx_word' id='word_1_548' title='bbox 2517 3901 2622 3965; x_wconf 87' lang='lat' dir='ltr'><strong>Sed</strong></span> <span class='ocrx_word' id='word_1_549' title='bbox 2661 3899 2800 3954; x_wconf 86' lang='lat' dir='ltr'><strong>haec</strong></span> <span class='ocrx_word' id='word_1_550' title='bbox 2821 3897 3040 3980; x_wconf 81' lang='lat' dir='ltr'><strong>quidem</strong></span> <span class='ocrx_word' id='word_1_551' title='bbox 3067 3895 3222 3950; x_wconf 88' lang='lat' dir='ltr'><strong>nobis</strong></span> <span class='ocrx_word' id='word_1_552' title='bbox 3266 3894 3318 3949; x_wconf 87' lang='lat' dir='ltr'><strong>iu</strong></span> <span class='ocrx_word' id='word_1_553' title='bbox 3341 3909 3431 3957; x_wconf 86' lang='lat' dir='ltr'><strong>ea,</strong></span> <span class='ocrx_word' id='word_1_554' title='bbox 3464 3907 3617 3952; x_wconf 75' lang='lat' dir='ltr'><strong>quae</strong></span> <span class='ocrx_word' id='word_1_555' title='bbox 3660 3903 3743 3948; x_wconf 69' lang='lat' dir='ltr'><strong>ert</strong></span> <span class='ocrx_word' id='word_1_556' title='bbox 3767 3891 3832 3945; x_wconf 85' lang='lat' dir='ltr'><strong>de</strong></span> 
     </span>
    </p>
   </div>
   <div class='ocr_carea' id='block_1_87' title="bbox 2240 3977 3834 4051">
    <p class='ocr_par' dir='ltr' id='par_1_87' title="bbox 2240 3977 3834 4051">
     <span class='ocr_line' id='line_1_87' title="bbox 2240 3977 3834 4051; baseline -0.008 -3"><span class='ocrx_word' id='word_1_557' title='bbox 2240 3993 2539 4049; x_wconf 80' lang='lat' dir='ltr'><strong>visibilibus</strong></span> <span class='ocrx_word' id='word_1_558' title='bbox 2587 4000 2610 4033; x_wconf 70' lang='grc' dir='ltr'>δ</span> <span class='ocrx_word' id='word_1_559' title='bbox 2666 4000 2722 4046; x_wconf 91' lang='lat' dir='ltr'><strong>et</strong></span> <span class='ocrx_word' id='word_1_560' title='bbox 2748 3977 3128 4051; x_wconf 86' lang='lat' dir='ltr'><strong>sensibilibus,</strong></span> <span class='ocrx_word' id='word_1_561' title='bbox 3177 3985 3390 4040; x_wconf 88' lang='lat' dir='ltr'><strong>actione</strong></span> <span class='ocrx_word' id='word_1_562' title='bbox 3441 3977 3624 4038; x_wconf 80' lang='lat' dir='ltr'><strong>multo</strong></span> <span class='ocrx_word' id='word_1_563' title='bbox 3675 3983 3834 4037; x_wconf 79' lang='lat' dir='ltr'><strong>latius</strong></span> 
     </span>
    </p>
   </div>
   <div class='ocr_carea' id='block_1_88' title="bbox 2241 4073 3824 4143">
    <p class='ocr_par' dir='ltr' id='par_1_88' title="bbox 2241 4073 3824 4143">
     <span class='ocr_line' id='line_1_88' title="bbox 2241 4073 3824 4143; baseline -0.01 -1"><span class='ocrx_word' id='word_1_564' title='bbox 2241 4086 2464 4142; x_wconf 86' lang='lat' dir='ltr'><strong>dicenda</strong></span> <span class='ocrx_word' id='word_1_565' title='bbox 2503 4091 2648 4140; x_wconf 89' lang='lat' dir='ltr'><strong>sunt.</strong></span> <span class='ocrx_word' id='word_1_566' title='bbox 2691 4081 2845 4136; x_wconf 84' lang='lat' dir='ltr'><strong>Nunc</strong></span> <span class='ocrx_word' id='word_1_567' title='bbox 2877 4095 3008 4135; x_wconf 90' lang='lat' dir='ltr'><strong>vero</strong></span> <span class='ocrx_word' id='word_1_568' title='bbox 3031 4086 3271 4132; x_wconf 88' lang='lat' dir='ltr'><strong>nostram</strong></span> <span class='ocrx_word' id='word_1_569' title='bbox 3303 4075 3662 4138; x_wconf 87' lang='lat' dir='ltr'><strong>lerarchiam,</strong></span> <span class='ocrx_word' id='word_1_570' title='bbox 3687 4073 3824 4143; x_wconf 83' lang='lat' dir='ltr'><strong>prin-</strong></span> 
     </span>
    </p>
   </div>
   <div class='ocr_carea' id='block_1_89' title="bbox 2238 4167 3826 4252">
    <p class='ocr_par' dir='ltr' id='par_1_89' title="bbox 2238 4167 3826 4252">
     <span class='ocr_line' id='line_1_89' title="bbox 2238 4167 3826 4252; baseline -0.011 -15"><span class='ocrx_word' id='word_1_571' title='bbox 2238 4180 2547 4252; x_wconf 82' lang='lat' dir='ltr'><strong>cipiumque</strong></span> <span class='ocrx_word' id='word_1_572' title='bbox 2570 4176 2684 4246; x_wconf 85' lang='lat' dir='ltr'><strong>ejus</strong></span> <span class='ocrx_word' id='word_1_573' title='bbox 2713 4183 2768 4230; x_wconf 90' lang='lat' dir='ltr'><strong>et</strong></span> <span class='ocrx_word' id='word_1_574' title='bbox 2788 4171 3099 4235; x_wconf 75' lang='lat' dir='ltr'><strong>eSsentiam,</strong></span> <span class='ocrx_word' id='word_1_575' title='bbox 3120 4174 3401 4239; x_wconf 86' lang='lat' dir='ltr'><strong>quantum</strong></span> <span class='ocrx_word' id='word_1_576' title='bbox 3432 4167 3700 4237; x_wconf 83' lang='lat' dir='ltr'><strong>possibile</strong></span> <span class='ocrx_word' id='word_1_577' title='bbox 3721 4174 3826 4229; x_wconf 67' lang='lat' dir='ltr'><strong>est,</strong></span> 
     </span>
    </p>
   </div>
   <div class='ocr_carea' id='block_1_90' title="bbox 2239 4259 3825 4332">
    <p class='ocr_par' dir='ltr' id='par_1_90' title="bbox 2239 4259 3825 4332">
     <span class='ocr_line' id='line_1_90' title="bbox 2239 4259 3825 4332; baseline -0.011 -4"><span class='ocrx_word' id='word_1_578' title='bbox 2239 4273 2420 4328; x_wconf 86' lang='lat' dir='ltr'><strong>dicere</strong></span> <span class='ocrx_word' id='word_1_579' title='bbox 2452 4267 2689 4332; x_wconf 77' lang='lat' dir='ltr'><strong>tentabo,</strong></span> <span class='ocrx_word' id='word_1_580' title='bbox 2712 4266 2952 4322; x_wconf 85' lang='lat' dir='ltr'><strong>omnium</strong></span> <span class='ocrx_word' id='word_1_581' title='bbox 2981 4262 3373 4317; x_wconf 82' lang='lat' dir='ltr'><strong>lerarchiarum</strong></span> <span class='ocrx_word' id='word_1_582' title='bbox 3404 4259 3736 4330; x_wconf 84' lang='lat' dir='ltr'><strong>principium</strong></span> <span class='ocrx_word' id='word_1_583' title='bbox 3773 4266 3825 4312; x_wconf 84' lang='lat' dir='ltr'><strong>et</strong></span> 
     </span>
    </p>
   </div>
   <div class='ocr_carea' id='block_1_91' title="bbox 2239 4348 3822 4430">
    <p class='ocr_par' dir='ltr' id='par_1_91' title="bbox 2239 4348 3822 4430">
     <span class='ocr_line' id='line_1_91' title="bbox 2239 4348 3822 4430; baseline -0.011 -11"><span class='ocrx_word' id='word_1_584' title='bbox 2239 4359 2762 4419; x_wconf 87' lang='lat' dir='ltr'><strong>consummationem</strong></span> <span class='ocrx_word' id='word_1_585' title='bbox 2817 4353 3000 4412; x_wconf 62' lang='lat' dir='ltr'><strong>Iesum</strong></span> <span class='ocrx_word' id='word_1_586' title='bbox 3058 4352 3331 4406; x_wconf 86' lang='lat' dir='ltr'><strong>invocans.</strong></span> <span class='ocrx_word' id='word_1_587' title='bbox 3366 4348 3464 4430; x_wconf 73' lang='lat' dir='ltr'><strong>Est</strong></span> <span class='ocrx_word' id='word_1_588' title='bbox 3499 4349 3725 4418; x_wconf 88' lang='lat' dir='ltr'><strong>quidem</strong></span> <span class='ocrx_word' id='word_1_589' title='bbox 3753 4349 3822 4402; x_wconf 60' lang='grc' dir='ltr'><strong>ιε.</strong></span> 
     </span>
    </p>
   </div>
   <div class='ocr_carea' id='block_1_92' title="bbox 2238 4439 3822 4516">
    <p class='ocr_par' dir='ltr' id='par_1_92' title="bbox 2238 4439 3822 4516">
     <span class='ocr_line' id='line_1_92' title="bbox 2238 4439 3822 4516; baseline -0.011 -6"><span class='ocrx_word' id='word_1_590' title='bbox 2238 4453 2456 4512; x_wconf 87' lang='lat' dir='ltr'><strong>rarchia</strong></span> <span class='ocrx_word' id='word_1_591' title='bbox 2483 4451 2686 4516; x_wconf 90' lang='lat' dir='ltr'><strong>omnis,</strong></span> <span class='ocrx_word' id='word_1_592' title='bbox 2717 4447 3013 4504; x_wconf 87' lang='lat' dir='ltr'><strong>secundum</strong></span> <span class='ocrx_word' id='word_1_593' title='bbox 3037 4439 3354 4498; x_wconf 84' lang='lat' dir='ltr'><strong>honorabile</strong></span> <span class='ocrx_word' id='word_1_594' title='bbox 3382 4448 3612 4494; x_wconf 81' lang='lat' dir='ltr'><strong>nostrae</strong></span> <span class='ocrx_word' id='word_1_595' title='bbox 3640 4453 3822 4494; x_wconf 81' lang='lat' dir='ltr'><strong>sacrae</strong></span> 
     </span>
    </p>
   </div>
   <div class='ocr_carea' id='block_1_93' title="bbox 2241 4532 3820 4608">
    <p class='ocr_par' dir='ltr' id='par_1_93' title="bbox 2241 4532 3820 4608">
     <span class='ocr_line' id='line_1_93' title="bbox 2241 4532 3820 4608; baseline -0.012 -7"><span class='ocrx_word' id='word_1_596' title='bbox 2241 4543 2566 4608; x_wconf 88' lang='lat' dir='ltr'><strong>traditionis,</strong></span> <span class='ocrx_word' id='word_1_597' title='bbox 2593 4540 2770 4596; x_wconf 81' lang='lat' dir='ltr'><strong>omnis</strong></span> <span class='ocrx_word' id='word_1_598' title='bbox 2807 4537 3176 4607; x_wconf 87' lang='lat' dir='ltr'><strong>subjectorutn</strong></span> <span class='ocrx_word' id='word_1_599' title='bbox 3221 4546 3506 4587; x_wconf 89' lang='lat' dir='ltr'><strong>sacrorum</strong></span> <span class='ocrx_word' id='word_1_600' title='bbox 3546 4532 3710 4596; x_wconf 85' lang='lat' dir='ltr'><strong>ratio,</strong></span> <span class='ocrx_word' id='word_1_601' title='bbox 3737 4541 3820 4584; x_wconf 81' lang='lat' dir='ltr'><strong>aut</strong></span> 
     </span>
    </p>
   </div>
   <div class='ocr_carea' id='block_1_94' title="bbox 2237 4619 3820 4697">
    <p class='ocr_par' dir='ltr' id='par_1_94' title="bbox 2237 4619 3820 4697">
     <span class='ocr_line' id='line_1_94' title="bbox 2237 4619 3820 4697; baseline -0.01 -7"><span class='ocrx_word' id='word_1_602' title='bbox 2237 4631 2697 4690; x_wconf 84' lang='lat' dir='ltr'><strong>universalissima</strong></span> <span class='ocrx_word' id='word_1_603' title='bbox 2725 4626 2882 4697; x_wconf 89' lang='lat' dir='ltr'><strong>hujus</strong></span> <span class='ocrx_word' id='word_1_604' title='bbox 2912 4624 3157 4680; x_wconf 74' lang='lat' dir='ltr'><strong>fortassis</strong></span> <span class='ocrx_word' id='word_1_605' title='bbox 3184 4619 3518 4685; x_wconf 78' lang='lat' dir='ltr'><strong>lerarchiae,</strong></span> <span class='ocrx_word' id='word_1_606' title='bbox 3543 4629 3646 4675; x_wconf 83' lang='lat' dir='ltr'><strong>aut</strong></span> <span class='ocrx_word' id='word_1_607' title='bbox 3671 4621 3820 4691; x_wconf 81' lang='lat' dir='ltr'><strong>hujus</strong></span> 
     </span>
    </p>
   </div>
   <div class='ocr_carea' id='block_1_95' title="bbox 2237 4710 3823 4784">
    <p class='ocr_par' dir='ltr' id='par_1_95' title="bbox 2237 4710 3823 4784">
     <span class='ocr_line' id='line_1_95' title="bbox 2237 4710 3823 4784; baseline -0.011 -4"><span class='ocrx_word' id='word_1_608' title='bbox 2237 4737 2515 4781; x_wconf 89' lang='lat' dir='ltr'><strong>sacrorum</strong></span> <span class='ocrx_word' id='word_1_609' title='bbox 2554 4717 2970 4776; x_wconf 89' lang='lat' dir='ltr'><strong>consummatio.</strong></span> <span class='ocrx_word' id='word_1_610' title='bbox 3003 4714 3199 4770; x_wconf 83' lang='lat' dir='ltr'><strong>Nostra</strong></span> <span class='ocrx_word' id='word_1_611' title='bbox 3237 4713 3400 4784; x_wconf 76' lang='lat' dir='ltr'><strong>igitur</strong></span> <span class='ocrx_word' id='word_1_612' title='bbox 3437 4710 3717 4767; x_wconf 80' lang='lat' dir='ltr'><strong>lerarchia</strong></span> <span class='ocrx_word' id='word_1_613' title='bbox 3748 4711 3823 4764; x_wconf 87' lang='lat' dir='ltr'><strong>di-</strong></span> 
     </span>
    </p>
   </div>
   <div class='ocr_carea' id='block_1_96' title="bbox 2236 4805 3820 4876">
    <p class='ocr_par' dir='ltr' id='par_1_96' title="bbox 2236 4805 3820 4876">
     <span class='ocr_line' id='line_1_96' title="bbox 2236 4805 3820 4876; baseline -0.009 -4"><span class='ocrx_word' id='word_1_614' title='bbox 2236 4817 2378 4872; x_wconf 89' lang='lat' dir='ltr'><strong>citur</strong></span> <span class='ocrx_word' id='word_1_615' title='bbox 2400 4822 2454 4870; x_wconf 89' lang='lat' dir='ltr'><strong>et</strong></span> <span class='ocrx_word' id='word_1_616' title='bbox 2483 4823 2567 4870; x_wconf 88' lang='lat' dir='ltr'><strong>est</strong></span> <span class='ocrx_word' id='word_1_617' title='bbox 2594 4811 2878 4868; x_wconf 87' lang='lat' dir='ltr'><strong>continens</strong></span> <span class='ocrx_word' id='word_1_618' title='bbox 2899 4808 3161 4873; x_wconf 90' lang='lat' dir='ltr'><strong>omnium,</strong></span> <span class='ocrx_word' id='word_1_619' title='bbox 3185 4820 3324 4875; x_wconf 89' lang='lat' dir='ltr'><strong>quae</strong></span> <span class='ocrx_word' id='word_1_620' title='bbox 3345 4805 3504 4876; x_wconf 71' lang='lat' dir='ltr'><strong>juxta</strong></span> <span class='ocrx_word' id='word_1_621' title='bbox 3524 4817 3652 4859; x_wconf 88' lang='lat' dir='ltr'><strong>eam</strong></span> <span class='ocrx_word' id='word_1_622' title='bbox 3677 4815 3820 4865; x_wconf 87' lang='lat' dir='ltr'><strong>sunt,</strong></span> 
     </span>
    </p>
   </div>
   <div class='ocr_carea' id='block_1_97' title="bbox 2237 4893 3824 4967">
    <p class='ocr_par' dir='ltr' id='par_1_97' title="bbox 2237 4893 3824 4967">
     <span class='ocr_line' id='line_1_97' title="bbox 2237 4893 3824 4967; baseline -0.009 -5"><span class='ocrx_word' id='word_1_623' title='bbox 2237 4919 2517 4962; x_wconf 89' lang='lat' dir='ltr'><strong>sacrorum</strong></span> <span class='ocrx_word' id='word_1_624' title='bbox 2555 4902 2698 4958; x_wconf 89' lang='lat' dir='ltr'><strong>actio</strong></span> <span class='ocrx_word' id='word_1_625' title='bbox 2723 4915 2742 4954; x_wconf 84' lang='lat'><strong>:</strong></span> <span class='ocrx_word' id='word_1_626' title='bbox 2773 4900 3068 4955; x_wconf 88' lang='lat' dir='ltr'><strong>secundum</strong></span> <span class='ocrx_word' id='word_1_627' title='bbox 3095 4911 3263 4967; x_wconf 84' lang='lat' dir='ltr'><strong>quam</strong></span> <span class='ocrx_word' id='word_1_628' title='bbox 3281 4895 3501 4951; x_wconf 85' lang='lat' dir='ltr'><strong>divinus</strong></span> <span class='ocrx_word' id='word_1_629' title='bbox 3541 4893 3824 4950; x_wconf 81' lang='lat' dir='ltr'><strong>lerarcbcs</strong></span> 
     </span>
    </p>
   </div>
   <div class='ocr_carea' id='block_1_98' title="bbox 2236 4987 3816 5066">
    <p class='ocr_par' dir='ltr' id='par_1_98' title="bbox 2236 4987 3816 5066">
     <span class='ocr_line' id='line_1_98' title="bbox 2236 4987 3816 5066; baseline -0.007 -15"><span class='ocrx_word' id='word_1_630' title='bbox 2236 4995 2507 5066; x_wconf 85' lang='lat' dir='ltr'><strong>perfectus</strong></span> <span class='ocrx_word' id='word_1_631' title='bbox 2535 4993 2782 5048; x_wconf 86' lang='lat' dir='ltr'><strong>omnium</strong></span> <span class='ocrx_word' id='word_1_632' title='bbox 2824 4989 3070 5054; x_wconf 83' lang='lat' dir='ltr'><strong>habebit,</strong></span> <span class='ocrx_word' id='word_1_633' title='bbox 3108 5001 3247 5058; x_wconf 79' lang='lat' dir='ltr'><strong>quae</strong></span> <span class='ocrx_word' id='word_1_634' title='bbox 3300 4987 3604 5061; x_wconf 84' lang='lat' dir='ltr'><strong>secundum</strong></span> <span class='ocrx_word' id='word_1_635' title='bbox 3647 4989 3816 5058; x_wconf 75' lang='lat' dir='ltr'><strong>ipsum</strong></span> 
     </span>
    </p>
   </div>
   <div class='ocr_carea' id='block_1_99' title="bbox 2237 5078 3812 5151">
    <p class='ocr_par' dir='ltr' id='par_1_99' title="bbox 2237 5078 3812 5151">
     <span class='ocr_line' id='line_1_99' title="bbox 2237 5078 3812 5151; baseline -0.007 -9"><span class='ocrx_word' id='word_1_636' title='bbox 2237 5095 2382 5151; x_wconf 92' lang='lat' dir='ltr'><strong>sunt,</strong></span> <span class='ocrx_word' id='word_1_637' title='bbox 2413 5084 2899 5140; x_wconf 87' lang='lat' dir='ltr'><strong>sacratissimorum</strong></span> <span class='ocrx_word' id='word_1_638' title='bbox 2923 5079 3413 5151; x_wconf 84' lang='lat' dir='ltr'><strong>participationem,</strong></span> <span class='ocrx_word' id='word_1_639' title='bbox 3436 5087 3631 5149; x_wconf 90' lang='lat' dir='ltr'><strong>utpote</strong></span> <span class='ocrx_word' id='word_1_640' title='bbox 3653 5078 3812 5134; x_wconf 82' lang='lat' dir='ltr'><strong>lerar-</strong></span> 
     </span>
    </p>
   </div>
   <div class='ocr_carea' id='block_1_100' title="bbox 2238 5168 3814 5247">
    <p class='ocr_par' dir='ltr' id='par_1_100' title="bbox 2238 5168 3814 5247">
     <span class='ocr_line' id='line_1_100' title="bbox 2238 5168 3814 5247; baseline -0.006 -16"><span class='ocrx_word' id='word_1_641' title='bbox 2238 5177 2341 5231; x_wconf 87' lang='lat' dir='ltr'><strong>eba</strong></span> <span class='ocrx_word' id='word_1_642' title='bbox 2362 5173 2799 5247; x_wconf 82' lang='lat' dir='ltr'><strong>cognominatus.</strong></span> <span class='ocrx_word' id='word_1_643' title='bbox 2835 5170 2987 5226; x_wconf 92' lang='lat' dir='ltr'><strong>Sicut</strong></span> <span class='ocrx_word' id='word_1_644' title='bbox 3010 5171 3152 5225; x_wconf 91' lang='lat' dir='ltr'><strong>enim</strong></span> <span class='ocrx_word' id='word_1_645' title='bbox 3183 5168 3513 5224; x_wconf 86' lang='lat' dir='ltr'><strong>lerarchiam</strong></span> <span class='ocrx_word' id='word_1_646' title='bbox 3542 5170 3638 5240; x_wconf 90' lang='lat' dir='ltr'><strong>qui</strong></span> <span class='ocrx_word' id='word_1_647' title='bbox 3669 5169 3814 5232; x_wconf 83' lang='lat' dir='ltr'><strong>dicit,</strong></span> 
     </span>
    </p>
   </div>
   <div class='ocr_carea' id='block_1_101' title="bbox 2237 5260 3811 5333">
    <p class='ocr_par' dir='ltr' id='par_1_101' title="bbox 2237 5260 3811 5333">
     <span class='ocr_line' id='line_1_101' title="bbox 2237 5260 3811 5333; baseline -0.004 -11"><span class='ocrx_word' id='word_1_648' title='bbox 2237 5267 2476 5322; x_wconf 87' lang='lat' dir='ltr'><strong>omnium</strong></span> <span class='ocrx_word' id='word_1_649' title='bbox 2501 5263 2661 5320; x_wconf 88' lang='lat' dir='ltr'><strong>simul</strong></span> <span class='ocrx_word' id='word_1_650' title='bbox 2695 5263 3140 5333; x_wconf 84' lang='lat' dir='ltr'><strong>comprehensam</strong></span> <span class='ocrx_word' id='word_1_651' title='bbox 3167 5260 3297 5316; x_wconf 87' lang='lat' dir='ltr'><strong>dicit</strong></span> <span class='ocrx_word' id='word_1_652' title='bbox 3325 5275 3612 5315; x_wconf 85' lang='lat' dir='ltr'><strong>sacrorum</strong></span> <span class='ocrx_word' id='word_1_653' title='bbox 3641 5261 3811 5332; x_wconf 86' lang='lat' dir='ltr'><strong>dispo-</strong></span> 
     </span>
    </p>
   </div>
   <div class='ocr_carea' id='block_1_102' title="bbox 555 5341 3808 5418">
    <p class='ocr_par' dir='ltr' id='par_1_102' title="bbox 555 5341 3808 5418">
     <span class='ocr_line' id='line_1_102' title="bbox 555 5341 3808 5418; baseline 0.004 -22"><span class='ocrx_word' id='word_1_654' title='bbox 555 5356 892 5414; x_wconf 87' lang='lat' dir='ltr'><strong>cousequens</strong></span> <span class='ocrx_word' id='word_1_655' title='bbox 939 5341 1181 5398; x_wconf 82' lang='lat' dir='ltr'><strong>invenies</strong></span> <span class='ocrx_word' id='word_1_656' title='bbox 1222 5343 1276 5398; x_wconf 91' lang='lat' dir='ltr'><strong>in</strong></span> <span class='ocrx_word' id='word_1_657' title='bbox 1305 5343 1385 5398; x_wconf 88' lang='lat' dir='ltr'><strong>eis</strong></span> <span class='ocrx_word' id='word_1_658' title='bbox 1431 5354 1692 5412; x_wconf 88' lang='lat' dir='ltr'><strong>nostram,</strong></span> <span class='ocrx_word' id='word_1_659' title='bbox 1730 5361 1834 5401; x_wconf 79' lang='lat' dir='ltr'><strong>non</strong></span> <span class='ocrx_word' id='word_1_660' title='bbox 1863 5347 2129 5418; x_wconf 79' lang='lat' dir='ltr'><strong>condigne</strong></span> <span class='ocrx_word' id='word_1_661' title='bbox 2162 5348 2208 5405; x_wconf 89' lang='lat' dir='ltr'><strong>l)</strong></span> <span class='ocrx_word' id='word_1_662' title='bbox 2238 5359 2487 5413; x_wconf 70' lang='lat' dir='ltr'><strong>sitionem</strong></span> <span class='ocrx_word' id='word_1_663' title='bbox 2521 5369 2536 5408; x_wconf 89' lang='lat'><strong>:</strong></span> <span class='ocrx_word' id='word_1_664' title='bbox 2565 5355 2644 5411; x_wconf 80' lang='lat' dir='ltr'><strong>sic</strong></span> <span class='ocrx_word' id='word_1_665' title='bbox 2673 5353 2956 5410; x_wconf 81' lang='lat' dir='ltr'><strong>lerarchen</strong></span> <span class='ocrx_word' id='word_1_666' title='bbox 2992 5353 3198 5417; x_wconf 85' lang='lat' dir='ltr'><strong>dicens,</strong></span> <span class='ocrx_word' id='word_1_667' title='bbox 3231 5351 3474 5407; x_wconf 85' lang='lat' dir='ltr'><strong>declarat</strong></span> <span class='ocrx_word' id='word_1_668' title='bbox 3510 5352 3808 5407; x_wconf 83' lang='lat' dir='ltr'><strong>mirabilem</strong></span> 
     </span>
    </p>
   </div>
   <div class='ocr_carea' id='block_1_103' title="bbox 554 5435 2128 5510">
    <p class='ocr_par' dir='ltr' id='par_1_103' title="bbox 554 5435 2128 5510">
     <span class='ocr_line' id='line_1_103' title="bbox 554 5435 2128 5510; baseline 0.006 -22"><span class='ocrx_word' id='word_1_669' title='bbox 554 5435 791 5506; x_wconf 84' lang='lat' dir='ltr'><strong>quidem,</strong></span> <span class='ocrx_word' id='word_1_670' title='bbox 819 5444 878 5489; x_wconf 91' lang='lat' dir='ltr'><strong>ttt</strong></span> <span class='ocrx_word' id='word_1_671' title='bbox 906 5436 1158 5504; x_wconf 84' lang='lat' dir='ltr'><strong>possibile</strong></span> <span class='ocrx_word' id='word_1_672' title='bbox 1199 5444 1401 5502; x_wconf 88' lang='lat' dir='ltr'><strong>autem,</strong></span> <span class='ocrx_word' id='word_1_673' title='bbox 1449 5445 1502 5491; x_wconf 90' lang='lat' dir='ltr'><strong>et</strong></span> <span class='ocrx_word' id='word_1_674' title='bbox 1548 5447 1604 5492; x_wconf 88' lang='lat' dir='ltr'><strong>ttt</strong></span> <span class='ocrx_word' id='word_1_675' title='bbox 1642 5439 1908 5510; x_wconf 80' lang='lat' dir='ltr'><strong>theologia</strong></span> <span class='ocrx_word' id='word_1_676' title='bbox 1941 5458 2128 5497; x_wconf 69' lang='lat' dir='ltr'><strong>sacta-</strong></span> 
     </span>
    </p>
   </div>
   <div class='ocr_carea' id='block_1_104' title="bbox 557 5523 2132 5596">
    <p class='ocr_par' dir='ltr' id='par_1_104' title="bbox 557 5523 2132 5596">
     <span class='ocr_line' id='line_1_104' title="bbox 557 5523 2132 5596; baseline 0.005 -16"><span class='ocrx_word' id='word_1_677' title='bbox 557 5525 779 5581; x_wconf 85' lang='lat' dir='ltr'><strong>tissimis</strong></span> <span class='ocrx_word' id='word_1_678' title='bbox 809 5523 1106 5595; x_wconf 85' lang='lat' dir='ltr'><strong>Scripturis</strong></span> <span class='ocrx_word' id='word_1_679' title='bbox 1155 5526 1571 5590; x_wconf 74' lang='lat' dir='ltr'><strong>subintroduxit,</strong></span> <span class='ocrx_word' id='word_1_680' title='bbox 1615 5528 1766 5596; x_wconf 80' lang='lat' dir='ltr'><strong>juxta</strong></span> <span class='ocrx_word' id='word_1_681' title='bbox 1821 5546 1912 5584; x_wconf 89' lang='lat' dir='ltr'><strong>cas</strong></span> <span class='ocrx_word' id='word_1_682' title='bbox 1963 5530 2132 5587; x_wconf 72' lang='lat' dir='ltr'><strong>lerar—</strong></span> 
     </span>
    </p>
   </div>
   <div class='ocr_carea' id='block_1_105' title="bbox 2241 5440 3806 5509">
    <p class='ocr_par' dir='ltr' id='par_1_105' title="bbox 2241 5440 3806 5509">
     <span class='ocr_line' id='line_1_105' title="bbox 2241 5440 3806 5509; baseline -0.006 -4"><span class='ocrx_word' id='word_1_683' title='bbox 2241 5459 2295 5505; x_wconf 83' lang='lat' dir='ltr'><strong>et</strong></span> <span class='ocrx_word' id='word_1_684' title='bbox 2320 5446 2558 5503; x_wconf 85' lang='lat' dir='ltr'><strong>divinum</strong></span> <span class='ocrx_word' id='word_1_685' title='bbox 2581 5446 2787 5509; x_wconf 88' lang='lat' dir='ltr'><strong>virum,</strong></span> <span class='ocrx_word' id='word_1_686' title='bbox 2807 5441 2986 5499; x_wconf 88' lang='lat' dir='ltr'><strong>omnis</strong></span> <span class='ocrx_word' id='word_1_687' title='bbox 3013 5456 3202 5499; x_wconf 86' lang='lat' dir='ltr'><strong>sacrae</strong></span> <span class='ocrx_word' id='word_1_688' title='bbox 3227 5440 3500 5496; x_wconf 90' lang='lat' dir='ltr'><strong>eruditum</strong></span> <span class='ocrx_word' id='word_1_689' title='bbox 3533 5443 3806 5504; x_wconf 78' lang='lat' dir='ltr'><strong>scientiae,</strong></span> 
     </span>
    </p>
   </div>
   <div class='ocr_carea' id='block_1_106' title="bbox 2241 5531 3801 5610">
    <p class='ocr_par' dir='ltr' id='par_1_106' title="bbox 2241 5531 3801 5610">
     <span class='ocr_line' id='line_1_106' title="bbox 2241 5531 3801 5610; baseline -0.005 -14"><span class='ocrx_word' id='word_1_690' title='bbox 2241 5541 2295 5596; x_wconf 90' lang='lat' dir='ltr'><strong>in</strong></span> <span class='ocrx_word' id='word_1_691' title='bbox 2326 5553 2431 5610; x_wconf 84' lang='lat' dir='ltr'><strong>quo</strong></span> <span class='ocrx_word' id='word_1_692' title='bbox 2450 5552 2584 5607; x_wconf 90' lang='lat' dir='ltr'><strong>purc</strong></span> <span class='ocrx_word' id='word_1_693' title='bbox 2611 5551 2706 5591; x_wconf 90' lang='lat' dir='ltr'><strong>sua</strong></span> <span class='ocrx_word' id='word_1_694' title='bbox 2743 5533 3008 5590; x_wconf 85' lang='lat' dir='ltr'><strong>lerarchia</strong></span> <span class='ocrx_word' id='word_1_695' title='bbox 3041 5537 3214 5589; x_wconf 88' lang='lat' dir='ltr'><strong>omnis</strong></span> <span class='ocrx_word' id='word_1_696' title='bbox 3237 5531 3518 5602; x_wconf 81' lang='lat' dir='ltr'><strong>perﬁcitur</strong></span> <span class='ocrx_word' id='word_1_697' title='bbox 3542 5542 3598 5587; x_wconf 75' lang='lat' dir='ltr'><strong>et</strong></span> <span class='ocrx_word' id='word_1_698' title='bbox 3618 5550 3801 5604; x_wconf 61' lang='lat' dir='ltr'><strong>cogno-</strong></span> 
     </span>
    </p>
   </div>
   <div class='ocr_carea' id='block_1_107' title="bbox 1850 5642 2972 5706">
    <p class='ocr_par' dir='ltr' id='par_1_107' title="bbox 1850 5642 2972 5706">
     <span class='ocr_line' id='line_1_107' title="bbox 1850 5642 2972 5706; baseline 0.004 -8"><span class='ocrx_word' id='word_1_699' title='bbox 1850 5642 2101 5705; x_wconf 67' lang='lat' dir='ltr'><strong>VARIAE</strong></span> <span class='ocrx_word' id='word_1_700' title='bbox 2138 5646 2535 5706; x_wconf 82' lang='lat' dir='ltr'><strong>LECTIONES.</strong></span> <span class='ocrx_word' id='word_1_701' title='bbox 2970 5701 2972 5703; x_wconf 71' lang='grc'><strong>,</strong></span> 
     </span>
    </p>
   </div>
   <div class='ocr_carea' id='block_1_108' title="bbox 629 5733 2139 5829">
    <p class='ocr_par' dir='ltr' id='par_1_108' title="bbox 629 5754 2138 5829">
     <span class='ocr_line' id='line_1_108' title="bbox 629 5754 2138 5829; baseline 0.003 -17"><span class='ocrx_word' id='word_1_702' title='bbox 629 5762 647 5792; x_wconf 78' lang='grc'><strong><em>³</em></strong></span> <span class='ocrx_word' id='word_1_703' title='bbox 674 5759 765 5814; x_wconf 75' lang='lat' dir='ltr'><strong>BE</strong></span> <span class='ocrx_word' id='word_1_704' title='bbox 787 5758 1144 5814; x_wconf 73' lang='lat' dir='ltr'><strong>sacerdotalis.</strong></span> <span class='ocrx_word' id='word_1_705' title='bbox 1247 5760 1262 5785; x_wconf 81' lang='lat'>&quot;</span> <span class='ocrx_word' id='word_1_706' title='bbox 1308 5754 1395 5810; x_wconf 82' lang='lat' dir='ltr'><strong>BH</strong></span> <span class='ocrx_word' id='word_1_707' title='bbox 1422 5773 1504 5811; x_wconf 72' lang='lat'><strong>01‘.</strong></span> <span class='ocrx_word' id='word_1_708' title='bbox 1583 5755 1601 5786; x_wconf 83' lang='grc'><strong>³</strong></span> <span class='ocrx_word' id='word_1_709' title='bbox 1633 5757 1717 5812; x_wconf 73' lang='lat' dir='ltr'><strong>[ill</strong></span> <span class='ocrx_word' id='word_1_710' title='bbox 1736 5758 1885 5829; x_wconf 83' lang='lat' dir='ltr'><strong>jura.</strong></span> <span class='ocrx_word' id='word_1_711' title='bbox 1968 5771 1981 5792; x_wconf 84' lang='lat'>&quot;</span> <span class='ocrx_word' id='word_1_712' title='bbox 2008 5762 2138 5819; x_wconf 61' lang='lat' dir='ltr'><strong>ABE</strong></span> 
     </span>
    </p>
   </div>
   <div class='ocr_carea' id='block_1_109' title="bbox 2240 5733 3000 5829">
    <p class='ocr_par' dir='ltr' id='par_1_109' title="bbox 2260 5733 3000 5827">
     <span class='ocr_line' id='line_1_109' title="bbox 2260 5733 3000 5827; baseline -0.009 -12"><span class='ocrx_word' id='word_1_713' title='bbox 2260 5733 2620 5823; x_wconf 69' lang='lat' dir='ltr'><strong>ittt&#39;isibilibtts,</strong></span> <span class='ocrx_word' id='word_1_714' title='bbox 2663 5759 2748 5827; x_wconf 84' lang='lat' dir='ltr'><strong>(dc</strong></span> <span class='ocrx_word' id='word_1_715' title='bbox 2777 5775 2882 5813; x_wconf 83' lang='lat' dir='ltr'><strong>om.</strong></span> <span class='ocrx_word' id='word_1_716' title='bbox 2917 5757 3000 5826; x_wconf 79' lang='grc' dir='ltr'><strong>Ε).</strong></span> 
     </span>
    </p>
   </div>
  </div>
