4008 6286
259 342 395 405 1675

814 345 1058 399 VEBSIO
1097 343 1377 402 Ol’lilil‘ll
1418 347 1475 402 S.
1520 346 1810 402 DIONYSII

1927 377 1934 385 -
1969 347 2501 408 ECCLESIASTICA
2542 353 2942 412 ιιῖιιιιιιῖιιιει.

3377 349 3470 409 Ni“?
3486 354 3508 406 ι

248 454 438 518 suitur.
475 453 643 521 llujns
670 454 993 523 principium
1021 455 1347 518 lerarcbiae,
1385 456 1504 511 fons
1530 459 1694 520 vitae,
1730 475 1819 511 ρει-
1848 462 1889 518 Λ
1923 475 2026 514 non
2060 472 2281 533 prepter
2319 463 2624 520 immundos
2659 468 2868 531 solmn,
2907 469 3103 537 quibus
3132 483 3230 526 nec
3267 471 3508 543 symbola

248 544 420 598 scotia
452 543 730 605 bonitatis,
763 561 867 600 una
895 546 1243 602 existentium
1268 563 1431 604 causa
1464 549 1725 617 Trinitas,
1757 568 1823 606 es

247 648 352 700 qua
378 643 433 688 et
463 649 582 688 esse
610 643 663 689 et
708 635 844 690 bene
871 650 991 692 esse
1017 639 1433 696 subsistentibus
1484 656 1582 711 per
1616 643 1827 699 bonita-

247 736 376 780 tem.
406 727 518 782 llac
550 729 792 783 omnium
833 731 1146 786 summitate
1169 733 1503 790 divinissima
1546 737 1824 807 principali

247 818 602 886 beatitudine,
635 823 771 876 trina
806 824 983 888 unica,
1034 841 1159 880 vere
1211 828 1496 894 existente,
1529 831 1824 885 secundum

249 911 404 972 nobis
479 912 1052 982 iucompreheusibile,
1129 917 1258 972 huic
1318 919 1825 975 desiderabilissima

247 1005 496 1060 voluntas
538 1008 752 1075 quidem
802 1018 885 1064 est
937 1010 1217 1068 rationalis
1255 1012 1402 1069 salus
1432 1023 1487 1068 et
1533 1017 1826 1071 secundum

252 1108 350 1148 nos
373 1103 427 1148 et
452 1110 616 1165 super
638 1113 734 1152 nos
755 1101 1135 1156 essentiarum.
1165 1102 1309 1158 llaec
1331 1113 1512 1159 autem
1539 1123 1640 1160 non
1672 1107 1831 1162 aliter

249 1187 362 1241 fieri
392 1197 587 1256 potest,
620 1191 720 1245 nisi
754 1192 1020 1249 deificatis
1072 1195 1314 1251 salvatis.
1350 1196 1626 1251 Dcilicatio
1649 1209 1828 1254 autem

247 1285 332 1331 est
353 1278 418 1332 ad
441 1278 632 1342 Deum,
654 1291 914 1350 quantum
943 1285 1223 1352 possibile,
1246 1297 1300 1341 et
1327 1287 1621 1341 similitudo
1643 1300 1692 1343 et
1719 1290 1832 1342 nni-

250 1376 350 1421 tas.
375 1367 532 1423 Omni
559 1381 738 1425 autem
766 1374 867 1428 hoc
887 1388 1174 1431 commune
1194 1376 1496 1433 lerarchiae
1537 1395 1827 1444 summum,

245 1459 312 1519 ad
345 1459 515 1516 Deum
546 1471 601 1516 et
645 1463 825 1518 divina
878 1474 1084 1522 attenta
1119 1468 1354 1532 dilectio,
1384 1470 1641 1525 divinitus
1667 1481 1830 1541 atque

244 1557 494 1620 potenter
520 1552 843 1617 sacrilicata,
874 1566 928 1608 et
954 1556 1023 1610 ab
1053 1573 1241 1612 eormn
1271 1560 1560 1614 contrariis
1591 1561 1825 1629 perfecta

243 1649 298 1692 ct
325 1639 747 1697 inconversibilis
774 1647 1028 1711 reversio,
1047 1649 1280 1719 cognitio
1295 1666 1505 1716 eorum,
1522 1665 1659 1720 quae
1675 1661 1823 1716 sunt,

243 1745 384 1798 quae
405 1747 494 1798 ea,
520 1748 660 1802 quae
688 1745 836 1800 sunt,
863 1747 970 1802 est,
990 1738 1372 1796 intellectualis
1401 1743 1644 1797 veritatis
1670 1755 1726 1797 ct
1747 1744 1826 1797 vi-

1932 563 2151 624 tangere
2195 553 2300 619 fas,
2353 557 2446 610 sed
2474 558 2598 626 quia
2641 568 2694 611 et
2743 562 3036 631 symbolice
3087 565 3351 632 qtmedatn
3402 575 3512 620 est.

1929 645 2080 711 Quod
2103 646 2319 714 quidem
2348 647 2458 702 dixi
2491 649 2966 719 proportionalitcr
2995 654 3148 707 nobis
3173 655 3304 725 ipsis
3328 667 3512 714 nostra

1933 734 2228 798 lerarchia,
2279 739 2598 795 desiderans
2645 742 2918 796 scnsibilia
2973 745 3022 797 in
3063 762 3180 799 eam
3219 763 3282 801 ex
3335 748 3512 805 eisad

1933 826 2217 884 invisibilia
2265 830 2582 885 diviniorem
2618 844 2856 888 nostram
2915 838 3300 894 reductionem.
3344 840 3513 897 Rere-

1933 921 2118 975 Iandae
2169 932 2344 977 tamen
2376 935 2494 979 sunt
2531 927 2896 997 symbolarum
2929 930 3167 985 rationes
3195 931 3393 987 divinis
3421 950 3510 987 sa-

1932 1015 2040 1069 cris
2083 1015 2491 1086 perl'crtm'ihus.
2525 1018 2670 1085 Quas
2715 1037 2819 1074 non
2848 1031 2930 1075 est
2956 1020 3159 1086 justum
3193 1023 3424 1079 educere
3459 1025 3509 1080 in

1933 1109 2106 1163 adhuc
2131 1111 2512 1179 perliciendos,
2535 1112 2790 1176 scientes,
2814 1115 3081 1183 quomodo
3100 1131 3377 1170 sacrorum
3405 1117 3514 1171 Deo

1933 1203 2180 1257 tradente
2207 1203 2544 1274 legislatores
2573 1215 2860 1260 ornatnum
2886 1208 3101 1262 statutis
3126 1217 3179 1262 et
3219 1209 3514 1265 imonfnsis

1931 1293 2230 1356 ordinibus,
2257 1303 2310 1348 et
2352 1311 2674 1365 unoquoque
2703 1299 2996 1351 secundum
3029 1299 3344 1368 dignitatem
3373 1302 3515 1355 acci-

1932 1383 2114 1452 piente
2163 1385 2599 1454 preportionibns
2627 1397 2680 1438 et
2715 1388 2886 1441 sacris
2932 1389 3403 1444 distrilmtionilms
3429 1389 3513 1444 lc-

1933 1477 2201 1532 rarchiam
2229 1478 2634 1532 ordinaverunt.
2681 1478 2906 1550 Propter
2933 1482 3076 1549 quod
3120 1489 3176 1535 et
3213 1482 3318 1536 tuis
3344 1483 3515 1538 sacris

1931 1571 2362 1627 confessionibus
2401 1575 2650 1638 credens,
2685 1576 2954 1629 recordari
2997 1577 3140 1630 enim
3169 1593 3354 1631 earmn
3397 1593 3515 1632 san-

1930 1667 2073 1716 clunt
2103 1673 2206 1728 est,
2256 1664 2336 1718 sic
2380 1679 2595 1718 onmem
2641 1665 2857 1735 quidem
2901 1669 3298 1736 superpositam
3332 1667 3512 1723 lerar-

1930 1755 2141 1809 chicam
2167 1764 2409 1818 sanctam
2441 1757 2650 1810 laudem
2683 1764 2702 1793 ²
2731 1773 2834 1810 non
2867 1759 3046 1812 trades
3092 1758 3272 1822 alteri,
3325 1767 3513 1814 contra

240 1821 322 1875 sio
347 1830 401 1875 et
420 1823 663 1883 scientia.
689 1826 971 1884 uniformis
991 1832 1474 1888 consummationis
1495 1834 1674 1888 divina
1693 1850 1819 1904 par-

1927 1862 2098 1916 aeque
2125 1848 2408 1904 ordinatos
2466 1849 2558 1902 tibi
2611 1848 2902 1904 deiformes
2932 1867 3115 1906 sacros
3160 1851 3510 1920 perfectores.

242 1911 506 1982 ticipatio,
547 1915 714 1985 ipsius
742 1920 921 1985 unius,
963 1933 1224 1990 quantum
1270 1924 1544 1994 possibile,
1573 1937 1816 1984 content-

239 2001 496 2072 plaliottis
543 2005 784 2075 refectio,
815 2012 1059 2068 nutriens
1110 2013 1452 2071 invisibiliter
1479 2027 1534 2071 et
1563 2017 1820 2073 deiﬁcaus

239 2110 454 2150 onmem
484 2097 538 2152 in
569 2112 628 2154 se
657 2109 962 2158 extentum.
1017 2104 1269 2163 Dicamus
1299 2109 1499 2179 itaque,
1553 2113 1820 2182 quomodo

240 2185 420 2239 divina
469 2189 759 2254 beatitudo,
792 2204 983 2248 natura
1011 2197 1280 2260 divinitas,
1319 2202 1638 2272 principium
1669 2203 1819 2258 dcit!-

238 2279 498 2345 cationis,
548 2298 613 2337 ex
640 2300 748 2355 quo
793 2287 1030 2343 deiﬁcari
1058 2291 1322 2346 deiticalis
1369 2294 1606 2349 bonitate
1641 2295 1816 2349 divina

239 2369 569 2426 lerarchiatn
605 2373 656 2426 in
704 2376 879 2430 salute
906 2385 962 2430 et
996 2381 1202 2435 unitate
1237 2383 1474 2436 omnium
1499 2394 1552 2438 et
1589 2386 1818 2440 rationa-

241 2461 371 2518 littm
418 2473 472 2519 et
514 2466 953 2522 intellectualium
984 2472 1339 2527 essentiarum
1370 2475 1608 2528 donavit.
1641 2476 1705 2530 Et
1734 2493 1818 2530 stt-

237 2554 624 2623 permundanis
654 2559 870 2628 quidem
900 2571 956 2614 et
980 2560 1153 2618 beatis
1190 2565 1465 2632 quietibus
1492 2567 1816 2622 immateria-

239 2643 342 2700 lius
391 2654 445 2699 et
489 2646 920 2706 intcllcctualius.
989 2650 1104 2707 Non
1161 2655 1305 2708 enim
1347 2656 1686 2712 extrinsecus
1726 2673 1819 2718 eas

239 2733 384 2790 Deus
424 2736 477 2790 in
514 2737 698 2793 divina
727 2752 988 2807 moveret,
1034 2743 1378 2800 invisibiliter
1427 2757 1606 2808 autem
1645 2758 1701 2802 et
1739 2748 1817 2803 itt-

241 2815 507 2882 trinsecus
555 2829 883 2886 illurniuatas
925 2849 1043 2886 cant
1095 2834 1148 2888 in
1181 2851 1238 2888 se
1267 2850 1454 2904 puram
1494 2846 1550 2891 et
1579 2839 1818 2895 immate-

235 2916 426 2972 rialem
455 2919 842 2992 divinissimam
876 2923 1222 2980 voluntatem.
1264 2925 1431 2982 Nobis
1451 2936 1652 2994 autem,
1675 2930 1816 2999 quod

236 3007 344 3063 illis
372 3018 426 3064 et
480 3009 821 3067 uniforaiter
865 3024 920 3068 et
975 3017 1258 3070 connexitn
1310 3017 1559 3084 donatur,
1593 3035 1657 3073 cx
1711 3020 1818 3075 Deo

239 3099 453 3153 traditis
480 3099 728 3172 eloquiis,
761 3115 1018 3172 quantum
1067 3107 1219 3160 nobis
1253 3108 1524 3178 possibile.
1557 3110 1609 3164 in
1641 3112 1815 3166 varie-

1925 1937 2136 2008 Eosqnc
2166 1939 2389 2007 patieris
2418 1941 2663 1994 confiteri
2713 1944 3006 1996 secundum
3035 1943 3204 2012 legem
3255 1941 3515 1997 ierarehi-

1919 2045 2064 2095 eam,
2111 2031 2432 2086 mundorum
2483 2033 2699 2102 quidem
2757 2035 2955 2090 nnnnla
3003 2047 3245 2106 tangere,
3277 2052 3516 2092 commu-

1923 2121 2213 2190 nicareque
2237 2122 2367 2178 solis
2388 2124 2812 2180 deiticativorum
2837 2127 3054 2191 divinis,
3078 2135 3132 2181 et
3151 2127 3511 2198 pet-rectorum

1922 2209 2254 2280 perfectivis,
2284 2213 2594 2284 sanctisque
2630 2217 3116 2272 sanctissimorum.
3159 2218 3513 2288 Aliorumque

1922 2303 2352 2361 ierarchicorum
2387 2306 2480 2362 tibi
2510 2319 2564 2362 et
2591 2307 2693 2363 hoc
2719 2309 2916 2364 tradidi
2950 2309 3134 2364 divino
3159 2309 3318 2364 dono.

2401 2409 2403 2412 ⁴
2461 2441 2859 2500 CAPITULUM
2909 2444 2967 2498 ll.

2277 2551 2349 2606 De
2385 2555 2720 2623 perﬁciendis
2743 2557 2798 2612 in
2823 2557 3153 2628 pltotismate.

1992 2663 2202 2719 Dictum
2233 2674 2315 2720 est
2347 2665 2511 2735 igitur
2541 2682 2568 2719 a
2606 2666 2759 2722 nobis
2787 2683 2965 2733 sacre,
2992 2670 3261 2738 quomodo
3285 2669 3399 2742 ipsa
3427 2678 3514 2727 est

1919 2753 2212 2810 secundum
2261 2770 2359 2809 nos
2407 2755 2712 2811 lerarchiae
2755 2758 3165 2827 interpretatio,
3219 2761 3285 2813 ad
3342 2762 3513 2816 Deum

1919 2857 2127 2913 nostra,
2161 2855 2421 2917 quantum
2449 2846 2598 2912 licet,
2620 2859 2676 2902 et
2697 2849 3002 2905 similitudo
3030 2858 3084 2904 et
3113 2853 3310 2906 unitas.
3343 2851 3514 2923 Hujus

1918 2950 2119 3003 au'em,
2156 2949 2213 2994 ut
2239 2939 2416 2993 divina
2462 2939 2656 2995 docent
2701 2939 2936 3010 eloquia,
2959 2941 3328 3012 piissimorum
3355 2958 3508 2998 man-

1919 3031 2165 3086 datorum
2212 3029 2589 3084 tlilcctionibus
2633 3039 2688 3084 et
2729 3031 2901 3086 sacris
2945 3031 3252 3086 actionilms
3271 3030 3511 3100 jucunde

1919 3120 2251 3189 perlicimur.
2303 3119 2540 3174 Servabr't
2570 3121 2734 3184 enim,
2773 3121 2966 3190 inqttit,
3003 3120 3224 3191 diligens
3270 3138 3351 3176 nte
3399 3138 3514 3177 ver-

238 3197 349 3243 tatc
376 3199 430 3244 et
453 3191 793 3249 multitudine
841 3198 1224 3266 separabilinm
1263 3200 1622 3272 symbolorum
1655 3204 1812 3258 dona-
1845 3200 1890 3262 C
1924 3213 2046 3266 bum
2071 3228 2262 3275 meum,
2293 3224 2341 3267 et
2376 3211 2537 3267 Pater
2564 3230 2710 3268 meus
2759 3213 2780 3244 ³
2821 3213 3001 3284 diliget
3047 3231 3185 3279 eum,
3212 3224 3258 3268 et
3299 3215 3368 3268 ad
3393 3231 3512 3269 eum

237 3285 349 3328 tum
375 3287 474 3335 est.
512 3279 758 3334 Essentia
807 3283 950 3337 cnim
1005 3293 1220 3341 nostrae
1250 3286 1554 3344 lerarcbiae
1590 3299 1671 3344 est
1712 3290 1820 3346 Deo

236 3370 436 3425 tradita
461 3372 694 3444 eloquia.
730 3374 1079 3432 Sanctissima
1112 3387 1292 3434 autem
1335 3380 1546 3450 eloquia
1571 3383 1705 3438 haec
1741 3384 1819 3439 ili-

235 3458 436 3527 cimus,
481 3479 833 3534 quaecunque
864 3483 892 3520 a
944 3469 1140 3522 divinis
1183 3472 1386 3526 nostris
1459 3487 1614 3527 sacre
1648 3473 1822 3543 perfe-

144 3556 150 3560 ’
232 3556 557 3611 ctorihnsin
583 3558 928 3628 agiugraphis
970 3560 1125 3614 nobis
1156 3570 1209 3615 et
1257 3562 1571 3633 theologicis
1625 3564 1822 3619 donata

234 3656 367 3702 sunt
412 3647 588 3704 deltis.
629 3634 791 3718 Atqui
843 3661 896 3704 et
941 3666 1293 3722 quaecunque
1345 3655 1412 3708 ab
1469 3656 1598 3725 ipsis
1652 3657 1824 3712 sacris

232 3736 368 3791 viris
389 3739 812 3796 immaterialiori
837 3741 1078 3796 doctrina
1103 3752 1160 3798 et
1184 3745 1390 3799 minore
1411 3749 1682 3815 quomodo
1703 3747 1818 3816 jam

233 3828 458 3883 caelesti
508 3829 801 3896 lcrarcbia,
848 3849 912 3888 ex
941 3833 1214 3890 intellectu
1270 3837 1322 3890 in
1355 3837 1687 3894 intellecttnn
1729 3857 1824 3910 per

236 3918 474 3974 tnedinm
524 3921 745 3976 verbum
795 3923 1073 3994 corporale
1122 3927 1362 3996 quidem,
1415 3928 1824 3986 immateriaiins

237 4025 372 4066 vero
421 4022 598 4068 tamen
644 4025 800 4070 extra
847 4017 1168 4088 scripturam
1214 4021 1379 4078 duces
1407 4023 1575 4077 nostri
1625 4026 1821 4087 eruditi

234 4114 384 4158 sunt.
410 4104 593 4176 Neque
607 4107 741 4164 haec
762 4108 924 4164 divini
941 4112 1134 4166 summi
1158 4116 1473 4170 sacerdotes
1494 4116 1544 4171 in
1570 4118 1820 4172 sacriﬁcii

235 4209 545 4261 rommnue,
577 4214 682 4252 non
715 4199 901 4254 velatis
930 4199 1309 4269 invisibilibus,
1341 4207 1434 4260 sed
1478 4206 1531 4262 itt
1562 4208 1822 4278 symbolis

235 4288 412 4343 sacris
434 4289 787 4345 tradiderunt.
818 4291 912 4346 Est
934 4293 1075 4348 enim
1109 4311 1215 4350 non
1244 4297 1420 4352 onmis
1448 4300 1698 4363 mundus,
1728 4316 1822 4355 ne-

234 4394 346 4446 que
383 4382 642 4444 onmium,
685 4393 742 4436 ut
772 4383 982 4453 eloquia
1020 4386 1191 4451 aiunt,
1224 4389 1449 4444 scientia
1475 4403 1523 4444 α.
1559 4389 1822 4449 Necessa-

1927 3309 2205 3369 reuiemus,
2236 3318 2282 3361 et
2311 3308 2635 3361 mansionem
2663 3307 2804 3378 apud
2825 3323 2941 3361 eum
2969 3307 3222 3378 faciemus
3245 3307 3296 3361 δ.
3331 3307 3515 3374 Quod-

1925 3403 2048 3455 dam
2107 3413 2237 3470 ergo
2299 3407 2382 3454 est
2431 3398 2753 3469 principium
2823 3398 3288 3453 sanctissimorum
3356 3411 3513 3452 tuan-

1925 3489 2175 3545 datorum
2213 3504 2405 3545 sacrae
2432 3489 2682 3550 actionis.
2720 3489 2786 3544 ad
2813 3489 3042 3543 aliorum
3071 3489 3372 3544 divinormn
3401 3487 3518 3543 elo-

1924 3582 2174 3652 quiorum
2201 3591 2254 3636 et
2288 3597 2567 3638 sacrarum
2604 3582 2878 3637 actionum
2914 3583 3273 3652 susceptivam
3312 3595 3512 3653 Oppor-

1927 3675 2209 3729 tunitatem
2263 3673 2504 3728 formans
2551 3672 2816 3728 animales
2869 3682 3086 3729 nostros
3143 3672 3394 3738 habitus,
3444 3672 3546 3726 ad'

1925 3765 2345 3835 supercaelestis
2371 3765 2569 3835 quietis
2592 3781 2871 3836 anagogen
2898 3756 3144 3820 nostrum
3179 3764 3284 3820 iter
3310 3763 3518 3819 faciens

1926 3871 2116 3912 sacrae
2153 3865 2210 3910 et
2245 3856 2614 3911 divinissimae
2646 3866 2862 3912 nostrae
2893 3855 3319 3926 regenerationis
3349 3855 3514 3910 tradi-

1927 3947 2021 4001 tio.
2054 3945 2120 4002 Ut
2145 3948 2286 4002 enim
2314 3947 2616 4024 communis
2644 3957 2829 4002 noster
2854 3947 2928 4001 ait
2955 3948 3083 4012 dux,
3107 3947 3402 4002 secundum
3430 3947 3511 4001 in-

1927 4038 2202 4092 tellectura
2234 4038 2451 4108 quidem
2505 4039 2557 4092 in
2602 4038 2781 4094 divina
2828 4037 3195 4108 primordialis
3224 4046 3402 4093 motus
3430 4045 3514 4093 est

1927 4132 2036 4185 Deo
2087 4131 2379 4200 divinaque
2426 4131 2738 4196 dilectione,
2787 4130 2855 4184 ad
2901 4144 3109 4186 sacram
3139 4130 3517 4200 operationem

1925 4221 2228 4274 divinorqu
2295 4220 2672 4275 mandatorum
2717 4219 3166 4290 principalissima
3215 4221 3508 4290 processio,

1923 4311 2135 4365 csseudi
2160 4309 2416 4364 divinitus
2445 4326 2541 4363 nos
2573 4309 2999 4365 ineli'abiiissima
3022 4310 3250 4364 creat'm.
3281 4307 3338 4364 Si
3365 4310 3514 4362 enim

1923 4416 2043 4456 esse
2059 4400 2313 4455 divinitus
2338 4408 2417 4454 est
2435 4400 2613 4455 divina
2638 4401 2938 4471 generatio,
2961 4400 3220 4470 numquid
3245 4415 3350 4455 non
3372 4399 3511 4455 *διί-

236 4469 322 4523 rio
355 4469 517 4542 igitur
559 4472 716 4542 primi
747 4482 963 4531 nostrae
1001 4476 1305 4534 Icrarchiae
1334 4479 1499 4537 duces
1523 4498 1587 4538 cx
1638 4499 1820 4556 supcr-
1856 4559 1871 4562 _
1925 4492 2142 4562 quando
2161 4491 2288 4561 quid
2311 4501 2553 4546 nosceret
2573 4469 3235 4560 Deotraditorutn?Neque
3256 4489 3515 4560 quidem"

234 4565 515 4621 essentiali
565 4567 788 4633 deitate,
842 4569 940 4640 ipsi
992 4571 1176 4627 divino
1226 4574 1412 4644 repleti
1453 4577 1617 4644 dono,
1661 4587 1718 4634 et
1768 4580 1820 4634 itt
1851 4559 2277 4654 l)operaretur,
2325 4583 2416 4653 qui
2476 4598 2650 4653 neque
2699 4582 2996 4638 subsistere
3030 4581 3290 4636 divinitus
3325 4581 3512 4636 habuit

237 4657 471 4727 idipsmn
498 4660 690 4717 deinde
738 4664 950 4732 praeire
994 4681 1056 4718 ex
1105 4668 1283 4721 divina
1315 4669 1556 4724 bonitate
1586 4681 1603 4710 ι
1647 4672 1818 4739 missi,

235 4755 298 4801 ct
331 4747 428 4817 ipsi
471 4763 598 4806 vero
643 4753 858 4821 copiose
893 4764 1158 4820 amantes,
1193 4764 1447 4827 tanquam
1478 4758 1584 4825 Dii,
1606 4774 1816 4827 eorum,

237 4840 330 4909 qni
363 4853 480 4912 post
517 4859 575 4899 se
605 4854 751 4910 sunt,
780 4848 1110 4903 rcductiouis
1155 4859 1211 4905 et
1239 4851 1618 4916 deiﬁcationis,
1641 4855 1815 4909 sensi-

235 4933 438 4992 bilibus
459 4937 783 5009 imaginibus
806 4940 1220 5009 supercaelcstia
1249 4950 1302 4998 et
1323 4945 1581 4999 varietate
1604 4957 1660 5000 et
1683 4946 1816 5000 mul-

238 5025 471 5082 titudine
499 5029 807 5094 connexitn,
839 5040 894 5084 et
939 5031 992 5086 in
1027 5032 1276 5086 humanis
1302 5033 1504 5098 divina,
1533 5044 1587 5089 et
1630 5036 1682 5089 in
1710 5052 1823 5092 ma-

191 5166 198 5169 η
241 5115 520 5173 terialibus
554 5118 953 5187 immaterialia,
993 5131 1047 5177 ct
1087 5123 1172 5178 his
1195 5139 1332 5194 quae
1370 5127 1662 5182 secundum
1716 5145 1815 5184 nos

237 5214 368 5259 sunt
418 5211 912 5278 superesscutialia,
959 5212 1177 5282 scriptis
1211 5229 1322 5269 suis
1371 5225 1557 5271 etnon
1596 5220 1814 5287 scriptis

237 5294 524 5363 doctrinis,
570 5300 864 5354 secundum
891 5317 1076 5356 sacras
1124 5304 1280 5359 nobis
1329 5305 1587 5361 dederunt
1619 5308 1804 5379 leges:

1926 4674 2032 4730 Aut
2060 4675 2318 4746 numquid
2351 4689 2404 4729 et
2452 4690 2551 4729 nos
2592 4676 2887 4729 humanum
2935 4673 3166 4729 dicimus
3215 4673 3512 4729 subsistere

1923 4774 2140 4834 Oportet
2189 4765 2469 4834 primum,
2519 4763 2716 4818 deinde
2770 4763 2982 4833 operari
3033 4763 3329 4818 secundum
3377 4762 3512 4818 nos?

1924 4855 2204 4921 Quomodo
2228 4871 2294 4908 an
2329 4870 2434 4909 non
2458 4855 2741 4927 existentis
2766 4871 2940 4924 neque
2966 4865 3194 4919 motum,
3218 4853 3311 4908 sed
3338 4867 3512 4922 neque

1921 4946 2321 5002 subsistentiam
2360 4946 2609 5000 habentis
2656 4945 2832 5000 ‘illud
2870 4944 3205 5001 solummodo
3235 4941 3513 5012 operantis

1930 5047 2022 5092 aut
2045 5037 2318 5108 patientis,
2353 5037 2404 5091 in
2433 5035 2628 5108 quibus
2657 5052 2778 5092 esse
2801 5046 2959 5092 natus
2986 5036 3103 5090 est?
3126 5032 3230 5089 Sed
3263 5035 3365 5088 hoc
3391 5031 3511 5102 qui-

1921 5133 2067 5196 dem,
2084 5141 2143 5184 ttt
2166 5131 2415 5196 aestimo,
2440 5139 2708 5199 apertum.
2732 5128 2934 5184 Deinde
2949 5136 3126 5182 autem
3142 5124 3359 5181 divina'
3375 5123 3511 5177 divi-

1920 5237 2018 5277 nae
2046 5221 2412 5290 generationis
2437 5221 2784 5292 inspicienms
2804 5218 3063 5291 symbola.
3085 5217 3150 5272 Et
3173 5216 3303 5270 mihi
3333 5213 3512 5268 nullus

1917 5315 2267 5385 imperfectus
2289 5315 2340 5368 in
2371 5312 2877 5384 contemplationem
2909 5310 3110 5364 veniat.
3154 5306 3365 5363 Etenim
3405 5319 3510 5360 non

208 5441 226 5492 ὁ
1515 5416 1766 5478 VMNAE
1805 5426 2204 5485 LECTIONES.

183 5527 188 5531 .
203 5504 216 5535 ὃ

317 5519 403 5573 'll
440 5521 648 5592 pietate.
727 5530 745 5559 ³
788 5521 849 5592 Εν
873 5520 1227 5578 Iemrchicum
1270 5526 1554 5581 secundum
1583 5528 1814 5587 laudent.
1895 5538 1914 5568 ³
1946 5553 2091 5592 mens
2140 5552 2249 5590 om.
2285 5537 2404 5590 Illi.

240 5589 491 5645 habentis
527 5590 814 5655 uiuentis,
840 5591 999 5656 illud;
1036 5594 1075 5665 Α
1106 5595 1372 5658 habentis,
1399 5597 1619 5653 existens
1655 5603 1802 5660 illml.
1889 5609 1907 5638 ⁷
1932 5589 2108 5662 diuina
2131 5589 2238 5662 om.
2276 5607 2382 5660 Bll.

1776 5693 1960 5751 ΝΟΤΑ
1972 5694 2030 5747 Ε.

2009 5790 2033 5829 ι’
2074 5788 2224 5844 .loztn.
2260 5788 2391 5855 XIV,
2425 5788 2518 5842 ‘25.

2501 5537 2522 5566 δ
2556 5536 2596 5589 Λ
2626 5552 2946 5606 nrquuquum
3049 5536 3069 5567 "
3099 5534 3138 5588 ll
3177 5535 3331 5591 enim,
3411 5531 3430 5563 ⁸
3470 5529 3513 5585 Ε

315 5787 338 5813 ι
365 5774 516 5831 1mm.
551 5777 694 5841 Xlll',
728 5778 894 5832 ltlot'.
931 5777 1060 5832 Vill.
