4008 6286
214 332 349 397 1077

792 330 1037 388 νιίιιδιο
1074 328 1357 388 OI’ERUM
1399 331 1455 386 S.
1498 330 1808 387 DJONYSII.
1839 362 1909 371 —
1933 331 2457 388 ECCLESIASTIEA
2499 332 2885 388 lEllAllfllllA.

3336 339 3472 394 1078

213 424 531 495 purgatione
561 442 654 493 per
696 441 891 495 aquam
927 427 1159 481 naturali
1191 425 1524 495 corporalius
1563 425 1661 497 ipsi
1702 424 1795 505 def
1822 431 1874 492 Α
1898 427 1988 495 qui
2036 425 2380 497 imperfectus
2407 435 2509 491 est,
2540 426 2651 495 ipse
2678 444 2783 481 non
2807 427 2929 481 inde
2962 426 2981 456 ⁴
3020 429 3385 499 concupiscet,
3418 432 3473 486 in

213 517 517 572 nancians?
546 516 686 571 llaec
712 533 841 588 ergo
863 517 963 573 etsi
988 517 1117 572 nihil
1142 517 1283 572 aliud
1312 517 1544 573 divinius
1572 516 1796 572 haberet

211 609 665 678 perficiendorum
716 610 1009 681 symbolica
1060 608 1313 686 traditio,
1362 626 1467 665 non
1520 610 1794 665 immunda

154 724 159 729 ν
209 709 375 764 esset,
408 709 468 755 ut
515 702 762 767 aestimo,
810 702 1113 781 doctrinam
1163 692 1377 779 quidem
1429 712 1609 758 rectae
1650 702 1796 758 vitae
1842 698 1851 704 ’

212 790 561 846 introducens
585 794 626 855 ι,
651 791 1053 863 perfectamque
1069 793 1123 847 in
1140 793 1340 848 malitia
1366 792 1796 848 conversationis

158 918 163 923 .
210 878 554 946 solutionem,
598 882 978 939 universaliter
1030 899 1257 955 corpore
1303 875 1620 939 naturaliter
1672 898 1797 951 pur—
1845 875 1855 882 ’

208 978 338 1039 gate
366 968 461 1040 per
497 986 716 1041 aquatn,
748 964 1096 1030 confirmans.
1149 974 1256 1030 Sed
1304 976 1375 1029 sit
1403 975 1618 1047 quidem
1665 974 1797 1028 haec

160 1082 163 1085 ν
208 1060 541 1130 imperfectis
583 1063 941 1121 introductiva
987 1068 1288 1121 animarum
1334 1069 1500 1130 actio,
1541 1076 1595 1120 et
1624 1072 1795 1133 terar-

207 1151 362 1204 cbica
397 1162 452 1206 et
475 1152 788 1219 uniformis,
810 1166 1070 1228 quantmn
1124 1157 1227 1223 fas,
1258 1174 1286 1212 a
1322 1158 1662 1214 multitudine
1690 1157 1796 1213 dis-

162 1254 167 1261 ‘
211 1241 481 1311 tinguens,
518 1252 575 1297 et
607 1248 1019 1303 commoderans
1065 1247 1357 1304 immundis
1395 1249 1674 1304 ordinibus
1715 1249 1796 1303 itt-

204 1346 543 1404 contpactam
566 1337 924 1396 altitudinem.
951 1340 1062 1395 Nos
1090 1351 1270 1396 autem
1284 1342 1692 1397 aseensionibus
1714 1359 1799 1397 sa-

205 1425 316 1480 cris
349 1428 401 1481 in
433 1427 793 1500 pe'rfectorum
838 1433 1099 1504 principia
1129 1435 1498 1506 reSpicientes,
1538 1446 1589 1490 et
1628 1453 1690 1491 ea
1719 1437 1798 1491 di-

206 1515 409 1575 vinitus
423 1522 1029 1595 eruditi,eognoscemus
1044 1543 1272 1599 quorum
1289 1540 1406 1582 sunt
1424 1528 1488 1582 ch
1510 1537 1673 1583 tracte
1682 1544 1797 1583 rum

207 1606 436 1680 eligies,
454 1621 510 1668 et
529 1629 757 1684 quorum
787 1617 1135 1675 invisibiliutn
1155 1619 1437 1690 imagines.
1468 1618 1604 1674 Sunt
1632 1619 1795 1684 enim,

207 1710 268 1754 ut
313 1702 366 1756 itt
411 1717 500 1769 ea,
545 1720 686 1775 quae
734 1708 914 1763 estde
946 1708 1306 1764 invisibilihns
1345 1717 1400 1763 et
1432 1710 1793 1773 sensibilibus,

1894 518 2045 574 brevi
2072 534 2195 573 vero
2217 518 2439 591 peripsa
2463 518 2542 574 sui
2564 519 2759 587 prima,
2779 520 2970 575 deinde
2988 519 3160 577 adhuc
3190 520 3392 591 priora,
3418 532 3477 579 et

1895 624 1994 678 per
2016 608 2106 663 illa
2132 609 2183 662 itt
2208 608 2557 680 praestantia,
2589 618 2643 663 et
2663 607 2933 678 perfectus
2960 610 3012 664 itt
3036 610 3482 671 subl'missimatn

1896 700 2130 756 divinam
2170 700 2219 754 in
2247 700 2436 756 ordine
2462 709 2515 755 et
2557 715 2710 755 saere
2736 700 2990 757 ascendet
3014 702 3473 759 communionem.

1896 792 2066 862 llnjns
2093 801 2174 847 est
2201 803 2425 847 ornatus
2453 800 2507 870 et
2545 791 2690 851 sacri
2712 788 2916 847 ordinis
2947 792 3145 864 imago,
3189 793 3479 853 advenien-

1898 884 1966 943 tis
1992 900 2092 937 con
2102 882 2260 945 fusio,
2277 893 2330 937 et
2344 898 2553 947 em'um,
2577 872 2716 952 quae
2730 883 3023 937 secundum
3041 884 3276 954 seipsum
3293 883 3314 916 ⁸
3328 894 3477 948 sunt,

1895 974 2152 1045 cognitio,
2180 974 2245 1027 ad
2294 989 2561 1026 summum
2615 971 2950 1028 sacerdotem
2996 974 3113 1028 viae
3143 976 3477 1035 anadorbtttn

1898 1066 2099 1120 habens
2127 1064 2312 1134 magis!
2325 1080 2462 1117 rum.
2493 1063 2624 1116 Eum
2648 1078 2775 1117 vero
2789 1063 2867 1117 sic
2890 1065 3275 1121 ascendentem.
3299 1066 3482 1121 divina

1898 1158 2171 1215 beatitudo
2202 1157 2252 1210 iu
2302 1172 2454 1209 suam
2504 1156 2968 1231 participationem
3001 1159 3216 1227 recipit,
3259 1169 3311 1218 et
3356 1172 3480 1235 pro-

1899 1251 2073 1323 priunt
2103 1250 2281 1303 lumen
2317 1258 2573 1316 tanquam
2605 1249 2833 1319 quodam
2874 1250 2970 1320 ipsi
3004 1252 3156 1321 signo
3182 1253 3366 1315 tradit,
3395 1252 3481 1307 di-

1899 1344 2079 1396 vinum
2104 1341 2409 1411 perticictts,
2438 1349 2493 1395 et
2515 1342 3001 1397 communiatntem
3026 1343 3352 1411 divinorum,
3377 1345 3487 1405 dis-

1900 1435 2207 1493 tributionis
2268 1444 2322 1489 ct
2380 1447 2568 1489 sacrae
2641 1435 2996 1490 ordinationis
3052 1455 3065 1491 :
3118 1453 3346 1508 quorum
3401 1446 3486 1491 est

1898 1528 2197 1600 symbolum
2257 1544 2511 1594 sacrum,
2570 1544 2781 1585 summo
2843 1530 3121 1585 sacerdote
3176 1532 3484 1589 advenienti

1899 1621 2544 1695 donatumsignaculum,
2600 1633 2654 1676 et
2696 1622 3035 1678 sacerdotum
3085 1623 3340 1681 salutaris
3386 1624 3484 1683 de-

1900 1715 2159 1785 scriptio:
2194 1714 2244 1767 in
2274 1714 2499 1769 salvatis
2538 1729 2659 1768 eum
2687 1730 3102 1782 eonnumerans,
3134 1726 3188 1771 et
3210 1716 3486 1777 ntenmriis

206 1792 422 1848 actione
468 1806 656 1867 aperte
701 1798 1031 1866 disputatum
1063 1811 1144 1856 est
1196 1803 1242 1868 ',
1278 1803 1541 1873 quaedam
1574 1802 1791 1873 quidem
1827 1803 1866 1860 Β
1895 1806 2065 1861 sacris
2107 1821 2315 1877 ponens
2364 1805 2503 1873 apud
2549 1820 2672 1859 eum
2721 1814 2775 1860 et
2815 1805 3485 1874 anadochnm,tanquam

204 1888 536 1945 sensibiliter
564 1908 754 1949 sacrae
794 1896 1139 1953 invisibilium
1183 1898 1205 1930 ³
1253 1898 1684 1969 imaginationes,
1734 1907 1789 1953 et

158 2002 167 2007 -
209 1976 261 2031 in
317 1978 787 2041 ea'manuductio
837 1997 892 2040 et
944 1986 1050 2041 via.
1087 1988 1378 2043 invisibilia
1429 1984 1554 2043 vero
1579 2004 1788 2054 eorum,

206 2081 347 2141 quae
374 2073 669 2129 secundum
685 2090 904 2132 sensum
919 2087 1069 2144 sunt,
1082 2080 1507 2136 ierarchicorum
1526 2092 1577 2137 et
1593 2084 1792 2152 princi-

208 2160 353 2229 pium
383 2172 437 2217 et
467 2166 712 2222 scientia.
746 2167 1000 2226 Dicamus
1039 2172 1223 2242 igitur,
1251 2173 1520 2242 quomodo
1548 2182 1629 2228 est
1664 2175 1792 2229 divi-

209 2266 309 2306 nae
329 2253 673 2312 beatitudinis
690 2259 920 2324 bonitas,
938 2277 1153 2333 semper
1168 2262 1320 2331 juxta
1335 2265 1521 2318 eadem
1539 2273 1593 2320 et
1606 2266 1805 2327 similis

213 2355 295 2399 ter
321 2344 530 2401 habens
555 2350 755 2419 proprii
784 2351 1002 2409 luminis
1028 2352 1298 2409 beneficos
1315 2355 1515 2420 radios,
1538 2356 1589 2409 in
1606 2371 1794 2412 omnes

206 2437 423 2506 copiose
449 2441 705 2509 expandit
747 2442 1018 2500 intellectu
1041 2444 1132 2501 .Ies
1176 2447 1372 2502 vultus.
1424 2448 1478 2501 Si
1513 2449 1633 2518 quis
1666 2465 1799 2520 ergo

207 2527 517 2586 disce-serit
542 2532 612 2587 ab
639 2533 894 2589 invisibili
931 2534 1133 2590 lumine
1162 2546 1255 2592 aut
1292 2538 1672 2603 invisibilibus,
1700 2556 1791 2592 sn-

206 2622 428 2688 perbus,
481 2637 579 2693 per
613 2614 687 2679 se.
719 2634 933 2695 potens.
985 2627 1220 2683 malitiae
1260 2645 1445 2684 amore
1490 2630 1797 2685 eondocens

209 2712 528 2768 naturaliter
555 2713 831 2785 inspersos
860 2716 910 2771 ei
939 2716 1004 2771 ad
1034 2717 1439 2773 illtnninanlunt
1471 2719 1659 2782 virtus,
1679 2737 1799 2773 sus-

208 2803 462 2871 penditur
511 2808 816 2875 praesentis
864 2809 977 2879 ipsa
1022 2809 1241 2865 lttntinis
1293 2829 1397 2866 non
1449 2813 1794 2877 discedentis,
1857 2805 1862 2810 ’

208 2892 307 2947 sed
328 2894 724 2963 super-lucentis
742 2897 856 2968 ipsa
879 2899 1149 2969 aspiciens
1163 2908 1217 2954 et
1238 2911 1484 2955 avertens
1507 2917 1799 2956 occurren-

168 3004 171 3007 λ
208 2984 280 3054 tis
301 2984 655 3043 deiformiter.
687 2987 854 3058 Sique
872 2990 990 3060 ejus
1014 2991 1291 3045 moderate
1315 2992 1413 3061 ipsi
1445 2993 1551 3046 dati
1576 2991 1799 3048 visibilis

206 3072 446 3131 visiones
474 3078 850 3147 supersilierit,
876 3089 930 3134 et
955 3081 1025 3133 ad
1049 3081 1191 3152 ipsas
1226 3097 1388 3151 super
1410 3096 1564 3136 suum
1593 3081 1797 3137 vultum

1895 1894 2140 1950 vivificae
2169 1894 2234 1948 ad
2267 1894 2548 1949 veritatem
2580 1894 2698 1950 viae
2727 1904 3026 1950 amatorem
3058 1894 3272 1968 quidem
3300 1910 3498 1955 verum,

1848 1974 1849 1989 ἶ
1893 1996 1947 2057 et
1995 1997 2415 2056 consequentetn
2467 1988 2667 2041 ducens
2711 1986 2906 2055 divini,
2947 2003 3053 2042 non
3105 1998 3490 2065 errantemque

1892 2081 2005 2143 Deo
2040 2083 2251 2139 traditis
2304 2084 2644 2138 ductionibus
2687 2084 2966 2155 sequentis
3014 2083 3485 2141 manuductorcut.

1897 2178 2003 2234 Sed
2038 2193 2141 2232 non
2168 2177 2348 2232 inest"
2376 2192 2586 2233 summe
2640 2176 3036 2233 contrariorum
3070 2175 3233 2235 simul
3265 2175 3493 2244 partici-

1897 2288 2049 2346 pare,
2066 2287 2239 2342 neque
2269 2271 2701 2325 conmutnionem
2727 2269 2996 2339 quandam
3022 2269 3091 2337 ad
3106 2285 3271 2323 untnn
3292 2267 3493 2322 halen—

1902 2375 2008 2420 tem
2028 2364 2258 2434 partitas
2274 2361 2475 2418 habere
2504 2361 2667 2425 vitas,
2689 2359 2734 2416 si
2756 2360 2916 2415 unius
2940 2358 3129 2429 recipit
3153 2358 3361 2413 firmam
3380 2373 3493 2427 par-

1900 2454 2290 2524 ticipationent,
2318 2451 2839 2507 seditumoderatnm
2881 2465 2999 2505 esse
3033 2457 3089 2503 et
3125 2446 3491 2502 inordinatum

1900 2546 1951 2601 in
1988 2544 2239 2598 omnibus
2273 2543 2641 2598 uniformitate
2668 2541 3039 2598 divisionibus.
3086 2540 3239 2607 Quod
3274 2538 3492 2609 quidem

1898 2634 2262 2706 symbolornm
2305 2634 2525 2688 traditio
2570 2648 2724 2689 sacre
2771 2632 3068 2696 insinuans,
3117 2631 3494 2687 advenientem

1900 2727 2043 2782 velut
2074 2726 2304 2797 priorem
2334 2725 2499 2780 vitam
2532 2739 2757 2788 exuens,
2785 2732 2839 2780 et
2865 2739 3033 2794 neque
3050 2723 3204 2793 juxta
3233 2723 3377 2776 illam
3408 2722 3494 2797 ul-

1903 2817 2063 2871 timos
2092 2814 2308 2872 habitus
2337 2814 2575 2878 solvens,
2596 2812 2795 2868 nudum
2829 2821 2879 2868 et
2932 2811 3304 2867 discalciatum
3352 2812 3496 2867 sistit

1901 2906 1968 2961 ad
1997 2905 2219 2961 occidua
2243 2903 2615 2975 aspicientem,
2646 2911 2701 2960 et
2725 2919 2980 2957 manuttm
3008 2902 3495 2957 abrenunciatione

1900 3000 2162 3055 obscurae
2189 2997 2423 3052 malitiae
2452 3003 2766 3053 renuentem
2794 2993 3227 3058 communiones,
3265 3003 3322 3050 et
3347 2994 3496 3064 inge-

1905 3089 2077 3142 nitum
2107 3087 2209 3142 sibi
2256 3084 2708 3142 dissimilitudinis
2750 3084 2996 3139 habitum
3030 3092 3286 3154 tanquam
3316 3082 3501 3166 caspia

208 3165 487 3225 ctu-itates
534 3170 745 3224 obtueri
784 3170 1105 3227 tiduciallter
1149 3172 1386 3237 audebit,
1436 3171 1522 3227 lux
1577 3174 1794 3244 quidem
1825 3182 1868 3243 (ζ
1904 3190 2108 3235 mntem
2180 3186 2234 3232 et
2285 3174 2622 3231 universales
2688 3173 3062 3230 confitentem.
3128 3173 3211 3229 Ad
3265 3173 3368 3227 hoc
3417 3171 3507 3225 sic

205 3256 524 3326 sperabitur
568 3252 783 3329 praeter
807 3261 978 3316 lucem
1010 3261 1182 3328 nihil;
1234 3262 1346 3332 ipsa
1375 3276 1503 3317 vero
1532 3261 1799 3333 perfectos

206 3346 523 3417 imperfecte
572 3352 983 3422 concupiscens,
1039 3368 1107 3407 eo
1140 3354 1356 3422 quidem
1397 3368 1503 3423 quo
1552 3354 1802 3423 inconse-

207 3448 440 3508 quentes
489 3456 594 3496 non
622 3442 785 3496 etiam
823 3430 1118 3515 intelliget,
1164 3443 1529 3516 humilemque
1555 3445 1801 3502 inornate

206 3532 533 3601 despiciens,
557 3551 653 3606 per
684 3536 919 3607 seipsam
953 3537 1166 3597 refellit.
1207 3537 1614 3603 Verumtamen,
1657 3540 1800 3611 quod

207 3624 428 3693 quidem
472 3626 749 3694 dixeram,
789 3628 1029 3684 benefice
1075 3645 1289 3698 semper
1349 3630 1802 3686 mtellectualibus

176 3711 452 3769 'vultibus
480 3715 718 3771 divinum
750 3731 1040 3782 expansum
1085 3726 1168 3773 est
1202 3719 1406 3785 lumen,
1450 3721 1699 3789 inestque
1724 3721 1803 3774 eis

209 3806 457 3878 recipere
487 3819 768 3879 praesente
792 3825 879 3873 eo.
905 3820 958 3865 et
995 3826 1208 3882 semper
1230 3813 1294 3865 ad
1328 3811 1491 3866 Deum
1522 3812 1800 3867 decentem

178 3898 551 3968 'propriorum
603 3902 949 3956 traditionem
999 3903 1264 3956 existente
1313 3903 1678 3972 paratissimo.
1722 3901 1801 3955 Ad

182 3994 193 4021 -'
208 3989 357 4043 hanc
382 3988 594 4043 divinus
618 4005 863 4045 summus
890 3993 1145 4046 sacerdos
1190 3990 1514 4045 reformatur
1550 3991 1803 4045 imitatio.

211 4096 363 4146 nem,
411 4081 723 4138 lociformes
777 4096 905 4137 suae
950 4083 1164 4139 divinae
1211 4084 1487 4140 doctrinae
1528 4083 1803 4138 claritates

210 4171 431 4240 cupiose
445 4171 498 4225 in
512 4187 700 4227 omnes
712 4173 1105 4244 expandens,et
1116 4173 1488 4228 advenientem
1503 4172 1803 4227 illuminare

188 4261 311 4316 'Dei
344 4261 583 4317 imitator
608 4265 983 4333 paratissimus
1009 4279 1124 4326 ens,
1159 4279 1263 4318 non
1315 4263 1599 4328 invidiose,
1632 4277 1804 4331 neque

211 4354 493 4411 intmunde
539 4354 705 4425 priori
762 4353 1032 4425 apostasia
1094 4353 1444 4409 immoderata
1508 4354 1800 4424 quidquam

209 4457 431 4514 semper
458 4461 670 4505 usurus.
711 4447 805 4502 sed
835 4444 1091 4501 divinitus
1118 4461 1331 4516 semper
1367 4445 1803 4517 provenientibus

1899 3271 2120 3325 omnino
2155 3266 2647 3324 immensurabilem
2688 3264 2860 3336 ipsum
2890 3273 2946 3321 et
2987 3279 3092 3318 non
3125 3262 3498 3329 communica-

1901 3359 2061 3416 bilem
2121 3358 2321 3413 factum
2368 3355 2435 3411 ad
2485 3354 2764 3412 Orientem
2828 3354 3131 3409 transducit
3186 3353 3239 3408 in
3312 3352 3497 3408 divino

1898 3450 2103 3505 lumine
2130 3457 2335 3504 statuat
2358 3455 2408 3502 et
2441 3455 2746 3517 respectum
2783 3445 3028 3499 futurum
3058 3444 3171 3499 fore
3203 3444 3399 3502 munde
3439 3443 3497 3502 iu

1874 3538 2296 3610 perfectissimo
2338 3536 2545 3592 malitia
2584 3536 2756 3590 reditu
2803 3534 3144 3606 permittens,
3199 3542 3253 3589 et
3305 3550 3498 3590 sacras

1903 3630 2023 3700 eius
2051 3630 2117 3684 ad
2155 3646 2321 3684 unum
2354 3627 2660 3682 rationabili
2694 3627 2931 3681 contuitu
2983 3626 3348 3681 confessiones
3379 3627 3516 3681 ιιιιίη.

1903 3721 2061 3776 formi
2111 3720 2250 3775 facto
2303 3718 2545 3773 veritatis
2588 3734 2774 3773 amore
2820 3716 3105 3787 recipiens.
3162 3715 3267 3771 Sed
3300 3725 3381 3772 est
3422 3717 3513 3793 ibi».

1902 3811 2128 3874 clarum,
2185 3818 2241 3863 ut
2296 3809 2545 3873 aestimo,
2602 3808 3023 3863 ierarclticorum
3065 3806 3324 3872 eruditis,
3371 3807 3501 3876 quia

1872 3903 2127 3956 'devictis
2181 3901 2233 3956 in
2283 3898 2600 3957 fortitudine
2655 3899 2721 3954 ad
2772 3914 2936 3952 ttnttm
3000 3897 3395 3961 reSistentibus,
3442 3906 3503 3953 et

1904 3992 2295 4045 contrariorum
2325 3988 2718 4045 universalibus
2750 3984 3265 4057 interemptionibus
3289 3997 3343 4042 et
3382 4003 3500 4045 non

1878 4080 2287 4143 subsistentiis,
2313 4079 2651 4134 immutabile
2676 4080 2951 4150 praevalet
2968 4077 3356 4134 intellectualia
3381 4080 3495 4135 dei-

1876 4172 2094 4227 'formis
2123 4171 2474 4226 habitudinis.
2513 4169 2637 4231 Non
2658 4171 2802 4226 enim
2835 4169 3010 4226 redire
3038 4180 3252 4241 oportet
3289 4180 3496 4227 tantum

1906 4261 1981 4315 alt
2001 4261 2147 4315 omni
2186 4260 2407 4326 malitia,
2457 4261 2550 4315 sed
2591 4268 2646 4315 et
2691 4260 2918 4315 viriliter
2947 4259 3265 4315 collocatum
3296 4273 3415 4317 esse
3441 4270 3502 4321 et

1908 4354 2230 4426 intrepidum
2279 4369 2494 4427 semper
2539 4363 2725 4409 contra
2760 4354 3024 4425 perditam
3060 4352 3112 4406 in
3153 4367 3273 4407 eam
3310 4351 3494 4429 subje-

1907 4446 2162 4510 ctionem,
2197 4460 2368 4514 neque
2405 4445 2587 4516 templi
2629 4444 2875 4499 veritatis
2899 4444 2961 4520 in.
2987 4444 3173 4514 requie
3206 4442 3507 4514 aliquando.

210 4536 332 4592 suis
376 4536 428 4591 in
479 4537 649 4594 lucem
702 4539 1043 4595 ductionibus
1088 4539 1384 4595 lerarcltice
1458 4539 1700 4594 relucens
1747 4540 1798 4594 in
1830 4534 1884 4593 D
1907 4538 2043 4593 fieri.
2072 4538 2301 4595 Attende
2331 4553 2470 4593 vero
2495 4548 2551 4593 et
2577 4538 2928 4593 aeternaliter
2965 4539 3017 4593 in
3048 4554 3167 4594 eam
3226 4550 3285 4593 ut
3322 4540 3504 4595 virtus.

210 4626 582 4687 bonoornato
621 4637 676 4684 et
701 4630 891 4686 ordine
931 4640 987 4685 et
1015 4628 1267 4701 analogia
1293 4629 1714 4705 uniuscujusque
1730 4630 1797 4684 ad

211 4734 374 4775 sacra
404 4723 959 4779 commensurationis.
1002 4722 1110 4779 Sed
1149 4720 1403 4794 quoniam
1453 4732 1671 4778 sanctae
1708 4738 1798 4776 or-

213 4804 511 4868 dinationis
536 4825 620 4869 est
641 4813 965 4884 principium
1014 4814 1174 4876 Deus,
1207 4815 1501 4870 secundum
1530 4814 1673 4883 quod
1710 4828 1796 4868 se-

192 4902 367 4973 ‘ipsos
406 4911 737 4973 cognoscunt
780 4903 919 4959 sacri
968 4902 1296 4969 intellectus,
1347 4904 1413 4959 ad
1462 4916 1798 4972 consequens

214 5001 446 5048 naturae
470 4992 681 5051 visibile
711 5007 1013 5060 recurrens,
1047 4994 1098 5049 in
1125 4992 1391 5065 principio
1409 4994 1627 5064 quidem
1653 4994 1793 5063 quis,

214 5082 435 5153 quando
477 5092 583 5150 est,
632 5082 749 5155 ipse
790 5084 1033 5140 videbit:
1064 5093 1120 5140 et
1152 5084 1255 5141 hoc
1277 5086 1508 5156 accipiet
1545 5085 1801 5155 primum,

216 5190 286 5229 ex
317 5184 562 5245 respectu
616 5176 683 5232 ad
730 5175 908 5233 lumen
957 5191 1169 5233 sacrum
1216 5176 1434 5231 donum.
1491 5177 1591 5246 Qui
1624 5188 1801 5234 autent

218 5270 438 5343 propria
481 5273 618 5328 bene
660 5271 1080 5343 bnpassibilibus
1110 5271 1279 5328 oculis
1321 5271 1556 5342 inspicit,
1591 5287 1656 5327 ex
1697 5289 1800 5328 non

1909 4628 2123 4685 extendi
2143 4628 2208 4681 atl
2227 4627 2621 4699 perfectissima
2657 4628 2953 4685 divinitatis
2991 4631 3364 4687 ascensionem
3407 4645 3500 4684 sae.

1905 4736 1997 4775 cre
2021 4735 2236 4791 semper
2264 4728 2530 4794 agentem.
2564 4719 2731 4774 Vides
2769 4729 2948 4774 autem
2982 4721 3175 4776 horum
3214 4720 3508 4793 diligentes

1888 4809 2169 4880 imagines
2199 4809 2250 4863 itt
2294 4810 2589 4865 ierarcbice
2636 4810 2999 4880 perficiendis.
3046 4810 3334 4867 Deiformis
3372 4812 3492 4883 qui-

1905 4901 2026 4957 dem
2062 4915 2311 4956 smnmus
2345 4901 2599 4956 sacerdos
2644 4902 2864 4958 inchoat
2895 4919 3108 4959 sacram
3159 4901 3491 4965 unctionem,

1904 4992 2212 5048 sacerdotes
2239 5008 2369 5047 vero
2420 4994 2520 5048 sub
2550 4995 2666 5064 ipso
2700 4992 2986 5066 perficiunt
3016 4994 3286 5050 unetionis
3324 4992 3495 5047 sacri-

1909 5085 2114 5151 ficium,
2138 5086 2204 5139 ad
2232 5099 2387 5139 saera
2418 5085 2470 5139 in
2515 5085 2863 5140 similitudine
2890 5085 3276 5156 perficiendum
3318 5092 3495 5138 certa-

1907 5178 2052 5233 mina
2078 5186 2388 5237 evocantes,
2415 5177 2713 5230 secundum
2744 5192 2883 5246 quae
2915 5176 3015 5230 sub
3046 5174 3310 5229 militante
3334 5172 3492 5230 Chri-

1905 5278 1988 5325 sto
2020 5268 2192 5324 faetus
2217 5277 2320 5323 est.
2352 5267 2616 5342 Quoniam
2657 5274 2715 5321 ut
2753 5268 2891 5321 Deus
2925 5274 3009 5321 est
3068 5264 3294 5321 militiae
3338 5268 3495 5319 crea?

220 5359 527 5417 lucentibus
570 5361 787 5432 quidem
844 5370 1146 5418 revertetur
1202 5360 1539 5433 ignorantiae
1604 5364 1806 5417 obseu-
1894 5372 2010 5424 tor,
2060 5368 2118 5413 ut
2161 5358 2375 5429 sapiens
2399 5373 2529 5414 vero
2557 5355 2704 5430 leges
2732 5354 2851 5425 ejus
2879 5356 3081 5427 posuit,
3112 5364 3370 5426 Operatus
3410 5361 3495 5409 est

220 5450 324 5517 ris,
354 5450 446 5507 Dei
476 5462 655 5510 autem
678 5452 1069 5526 perfectissima
1091 5454 1297 5512 unitate
1319 5463 1370 5511 et
1392 5456 1804 5527 participatione

1908 5464 1967 5509 ιιι
1992 5456 2184 5520 bonus,
2214 5455 2442 5510 decorus
2479 5451 2776 5507 victoribus
2801 5444 3062 5522 praemia.
3109 5448 3176 5503 Et
3214 5448 3389 5503 adlmc
3413 5445 3493 5501 di-

1494 5582 1747 5641 VAllIAE
1786 5585 2188 5644 LECTIONES.
2674 5646 2677 5653 _

297 5702 472 5773 {recte
496 5703 845 5757 introducam.
924 5702 942 5731 ’
985 5699 1023 5755 Ε
1063 5698 1379 5769 disputatur.
1486 5697 1505 5728 ³
1544 5696 1793 5773 imagines
1814 5729 1883 5740 —-
1903 5696 2236 5754 invisibilia»:
2266 5711 2375 5753 om.
2404 5693 2512 5749 ΒΗ.
2592 5694 2607 5723 ³
2636 5694 2675 5748 Β
2707 5706 2809 5750 non
2842 5689 3045 5745 ea't'mfc.
3125 5690 3144 5721 ³
3175 5686 3261 5743 illi
3294 5686 3503 5758 ipsum.

225 5770 247 5804 θ
288 5770 376 5828 ΒΗ
408 5783 501 5830 cst.
