4008 6286
580 331 719 389 ωτι)

1947 324 2228 409 massis
2267 324 2497 415 scen.

3726 365 3859 422 1050

574 439 776 510 vinius,
809 445 1064 515 quoniam
1094 449 1312 519 quidem
1345 460 1405 507 ut
1438 454 1677 525 optimus
1705 458 1759 514 iu
1788 461 2049 519 militibus
2079 464 2156 519 cf—
2187 471 2234 525 Α
2262 466 2577 535 spiciamus,
2613 479 2836 541 propter
2864 474 2993 544 quid
3021 490 3311 534 commune
3356 476 3480 533 aliis
3531 478 3859 537 ierarrhicis

576 534 750 590 fectus
774 545 859 592 est
884 552 1008 593 cum
1039 539 1170 611 ipsis
1217 557 1391 610 sacre,
1447 562 1547 617 pro
1590 562 1780 606 eorum
1828 550 2077 610 libertate
2111 565 2167 610 et

574 624 826 695 victoria,
852 627 917 683 ad
943 634 1135 688 mortis
1160 645 1214 689 et
1241 637 1605 711 corruptionis
1627 652 1949 698 concertans
1972 655 2164 715 poten-

577 725 708 780 tem,
740 719 1075 776 certantibus
1124 724 1340 791 quidem
1397 735 1652 798 tanquam
1706 731 1849 788 Deus
1890 734 2165 804 perfectus

574 809 821 864 ascendit
846 810 1118 888 gaudens:
1142 824 1327 872 manet
1364 826 1544 873 autem
1572 818 1626 875 in
1652 822 1915 892 sapientis
1946 824 2163 897 legisla-

576 898 849 967 tionihns,
908 913 966 959 et
1033 908 1326 963 secundum
1395 925 1490 966 cas
1552 913 1670 968 sine
1736 919 2163 989 transgressione

574 981 857 1048 contendit
924 995 991 1051 ad
1068 997 1330 1054 houorunt
1416 1004 1781 1073 praemiorum
1852 981 2001 1077 spem
2069 1008 2164 1065 ﬁr-

574 1085 735 1141 miter
794 1084 1035 1152 habens,
1096 1089 1198 1144 sub
1250 1091 1456 1161 optimo
1520 1093 1745 1150 militiae
1816 1096 2042 1154 Domino
2107 1110 2163 1156 et

574 1177 712 1233 duce
783 1178 1083 1234 ordinatus.
1141 1180 1415 1252 Superans
1475 1200 1604 1239 vero
1668 1186 1862 1243 divinis
1922 1190 2161 1262 vestigiis

576 1269 809 1325 militum
867 1272 1024 1342 primi
1090 1289 1187 1341 per
1239 1275 1551 1339 bonitatem,
1591 1276 1757 1333 Deum
1823 1278 2161 1347 imitantibus

576 1362 790 1419 militiis
836 1364 903 1419 ad
950 1365 1345 1422 deilicationem
1400 1371 1707 1427 contrarias
1745 1372 1794 1427 ei
1835 1374 2161 1432 reluctantes

573 1464 629 1510 ct
680 1455 1029 1525 operationes
1074 1467 1131 1512 et
1170 1458 1567 1527 subsistentias,
1615 1465 1970 1519 commoritur
2005 1465 2162 1522 Chri-

575 1528 684 1608 sto,
741 1545 968 1615 mystice
1013 1544 1300 1603 dicendum
1344 1558 1598 1619 peccato,
1656 1567 1755 1622 per
1808 1554 2158 1625 baptismum.

574 1633 644 1691 Et
670 1651 882 1692 mecum
901 1638 1176 1709 sapienter
1199 1640 1470 1714 intelligit,
1496 1659 1652 1699 sacra
1674 1660 1798 1701 cum
1821 1656 2021 1717 quanta
2045 1649 2161 1720 pul-

2266 558 2463 625 teletis,
2495 563 2728 621 discrete
2758 567 2886 623 huic
2914 567 3053 625 ultra
3082 570 3295 627 ceteras
3328 572 3634 643 reponitur,
3664 574 3851 630 etsi-

2262 652 2527 723 gnlariter
2553 659 2897 727 praedicatur
2920 664 3233 720 communio
3260 672 3313 721 et
3342 666 3595 736 synaxis,
3616 681 3858 737 unaqu-

2262 759 2369 813 que
2398 761 2550 802 sarra
2592 749 2884 819 perfectiva
2916 753 3163 814 actione.
3206 757 3438 825 partitas
3468 767 3695 812 nostras
3721 759 3857 813 vitas

2264 835 2317 891 in
2345 838 2665 896 uniformem
2688 842 3089 902 deitlcationem
3106 848 3415 920 colligente.
3436 860 3493 906 ct
3513 851 3855 907 diversam

2261 925 2511 984 deifurmi
2545 934 2959 1003 cumplieatione
2995 940 3064 999 ad
3108 955 3280 994 unum
3310 942 3768 998 communione.
3804 952 3855 997 et

2261 1017 2522 1074 tmitatem
2550 1020 2805 1081 donante.
2841 1025 3081 1084 Dicimus
3103 1036 3304 1094 autem,
3338 1031 3463 1101 quia
3492 1045 3596 1088 eas
3624 1031 3854 1087 alium

2261 1107 2684 1167 ierarcbicorum
2717 1117 3082 1186 symbolarum
3114 1120 3518 1192 participationi
3539 1164 3557 1187 ,
3596 1138 3855 1179 consu-

2260 1200 2427 1255 matio
2475 1215 2549 1256 ex.
2593 1203 2751 1260 istius
2795 1207 2992 1266 divinis
3031 1218 3089 1265 et
3126 1211 3747 1281 periectivisinvenire
3778 1224 3856 1270 est

2260 1292 2435 1355 donis,
2460 1293 2590 1351 Non
2615 1297 2762 1353 enim
2793 1298 2933 1355 inest
2964 1300 3387 1373 lere,.quandam
3414 1305 3607 1375 perﬁci
3636 1306 3853 1362 teleta-

2263 1383 2615 1441 ierarchicam
2638 1428 2655 1454 ,
2708 1389 2813 1447 nisi
2856 1391 3191 1450 divinissima
3236 1394 3585 1453 Eucharistia
3627 1398 3691 1453 in
3729 1412 3852 1454 mu-

2260 1478 2618 1534 summatione
2661 1482 3010 1557 persingula
3052 1484 3509 1554 perﬁciendorum
3559 1490 3631 1545 ad
3690 1505 3853 1544 una

2262 1564 2631 1645 perlicientem
2674 1570 2728 1625 in
2768 1575 3173 1631 sacranactione
3212 1576 3617 1645 collectionem,
3651 1580 3857 1637 et-llro

2263 1655 2461 1715 tradita
2504 1644 2797 1719 donatione
2837 1663 3259 1732 perfectivorutn
3296 1670 3691 1741 mysteriorum
3742 1688 3855 1741 per-

569 1727 874 1803 chritudine
902 1728 1065 1786 habet
1108 1733 1369 1804 symbola.
1401 1734 1613 1791 Etenim
1659 1738 1914 1808 quoniam
1943 1741 2161 1811 quidem
2192 1820 2234 1834 _
2263 1748 2477 1809 ﬁcieute
2522 1752 2692 1822 ipsius
2742 1727 3035 1815 ad—Deum
3086 1727 3545 1821 communionem.
3620 1762 3684 1822 Si

569 1828 719 1874 mors
742 1829 831 1876 est
863 1820 917 1895 in
949 1821 1125 1887 nobis,
1159 1839 1263 1879 non
1294 1827 1582 1892 essentiae,
1619 1844 1723 1883 non
1754 1830 2159 1899 subsistentiae,
2191 1820 2236 1880 Β
2265 1820 2616 1914 unaquaeque
2675 1844 3102 1905 ierarcbicarum
3165 1851 3471 1920 teletantm,

570 1908 900 1986 juxtaquod
932 1917 1106 1972 visum
1145 1927 1229 1973 est
1256 1918 1402 1985 aliis,
1437 1920 1712 1979 unitorum
1738 1939 1867 1983 vero
1892 1926 2166 1996 separatio
2264 1908 2480 2004 quidem
2505 1908 2621 2000 ens,
2664 1937 2732 1992 ad
2758 1953 2921 1995 unum
2950 1948 3190 1996 nostram
3214 1908 3663 2001 communionem
3688 1955 3752 2001 et
3773 1961 3857 2018 sy-

572 2005 732 2063 nobis
762 2006 1031 2066 invisibile
1059 2010 1289 2079 ducens,
1322 2013 1561 2070 animam
1590 2016 1834 2086 quidem,
1870 2027 1931 2074 ut
1974 2017 2028 2075 in
2052 2019 2165 2091 pri-
2265 2025 2445 2082 naxim
2492 2043 2598 2085 non
2640 2029 2931 2099 perﬁciet:
2978 2042 3037 2089 et
3076 2043 3159 2090 est
3207 2036 3395 2100 teleta,
3445 2049 3681 2110 propter

564 2097 781 2155 vatione
802 2102 1047 2172 corporis
1075 2118 1290 2173 semper
1316 2103 1573 2174 futuram,
1604 2122 1805 2179 corpus
1841 2124 1972 2168 vero
2002 2119 2061 2166 ut
2106 2112 2163 2168 in
2263 2097 2856 2188 imperfectum—aufert.
2906 2121 3056 2179 Finis
3079 2134 3258 2182 autem
3283 2097 3532 2184 totius'et
3554 2097 3848 2202 capitulum

529 2198 533 2202 ’
572 2199 717 2248 terra
746 2194 1037 2260 occultum,
1067 2195 1332 2266 antjuxta
1360 2199 1587 2257 alteram
1611 2204 1882 2272 quandam
1910 2221 2164 2279 corpora-
2262 2206 2567 2265 divinorum
2628 2212 3011 2284 mysteriorum
3066 2214 3309 2285 perfecto
3351 2194 3851 2286 "adium-metito

569 2283 702 2341 lium
741 2289 1122 2355 mutationum,
1160 2307 1225 2347 ex
1265 2307 1328 2347 ea
1364 2307 1505 2362 quae
1533 2303 1617 2351 est
1647 2297 1943 2352 secundum
1985 2298 2159 2357 homi-

569 2391 693 2431 nem
724 2379 907 2449 specie
951 2379 1285 2448 demolitum,
1318 2382 1541 2453 pulchre
1570 2401 1667 2456 per
1713 2403 1909 2457 aquam
1939 2389 2161 2448 univer—

567 2467 699 2522 salis
725 2469 1017 2543 occultatio
1053 2471 1106 2525 in
1149 2472 1339 2529 mortis
1383 2483 1439 2529 et
1480 2475 1790 2546 sepulturae
1812 2477 2161 2537 informitatis

566 2555 802 2629 imagine
814 2559 1095 2633 accipitur.
1120 2560 1287 2620 Sacre
1301 2565 1464 2634 igitur
1481 2568 1602 2638 hapt
1615 2569 1928 2625 izandorum
1943 2573 2159 2644 symbo-

2262 2300 2563 2357 ierarchica
2623 2302 2981 2373 intelligentia
3037 2309 3575 2378 cognominationern
3622 2313 3679 2367 ei
3728 2328 3845 2383 prc-

2259 2393 2437 2464 priam
2466 2409 2531 2451 ex
2571 2395 2844 2452 actionum
2877 2397 3105 2453 veritate
3146 2400 3370 2459 invenit.
3420 2400 3614 2459 Sicet
3646 2419 3847 2460 ascra-

2259 2483 2878 2558 divinaegenerationis
2921 2488 3164 2556 teletam,
3204 2492 3467 2561 quartiatn
3514 2496 3759 2564 primum
3783 2496 3848 2549 la-

2260 2591 2382 2633 men
2423 2578 2624 2643 tradit,
2670 2588 2726 2637 et
2759 2580 3001 2641 omnium
3042 2591 3127 2649 est
3157 2583 3504 2655 principium
3547 2587 3846 2643 divinam

567 2648 671 2706 lica
703 2650 947 2706 doctrina
971 2653 1200 2724 mystice
1213 2655 1398 2725 docet,
1426 2657 1600 2713 trilms
1624 2657 1679 2715 in
1708 2675 1851 2730 aqua
1870 2662 2157 2721 dimersio-
2261 2667 2313 2727 in
2348 2667 2530 2726 lumen
2566 2670 3051 2737 ,iutrodnctionum,
3098 2648 3447 2745 ets-perfecto
3480 2692 3620 2733 vera
3666 2678 3847 2733 illuni-

565 2739 729 2796 uibus
778 2741 1016 2798 divinam
1048 2744 1224 2800 triduo
1252 2747 1583 2820 totidemque
1614 2753 1869 2808 noctibus
1888 2752 1942 2810 in
1981 2755 2159 2825 sepul-
2258 2762 2493 2827 nationis
2526 2763 2897 2823 nominatione
2930 2739 3235 2820 laudamus.
3281 2765 3573 2837 Siquidem
3606 2771 3849 2827 omnibus

548 2836 685 2885 'tura
731 2829 860 2889 Jesu
906 2834 1048 2890 vitae
1086 2836 1297 2894 datoris
1336 2837 1537 2896 imitari
1586 2851 1840 2910 mortem,
1892 2855 2154 2917 quantum
2255 2866 2543 2922 emnmune
2585 2853 3115 2917 ierarcbicisJuwm
3155 2857 3299 2913 sacri
3325 2859 3849 2930 traderent-lida-

567 2921 823 2992 possibile
853 2925 985 2981 viris
1011 2925 1192 2982 divina
1245 2929 1492 2994 imitatio,
1552 2934 1603 2987 in
1636 2949 1743 3005 quo
1766 2933 1923 3005 juxta
1952 2938 2153 3010 eloquii
2254 2945 2359 3002 dis.
2406 2921 2513 3001 Sed
2560 2947 2972 3017 haecprimum
2999 2947 3183 3006 videre
3225 2951 3453 3006 donavit
3490 2921 3659 3018 mihi,
3689 2963 3848 3024 ειμι

564 3015 929 3087 mysterialem
958 3027 1014 3073 et
1056 3019 1323 3076 occultam
1365 3023 1739 3092 traditionem,
1772 3027 1907 3083 nihil
1950 3029 2156 3087 invenit
2257 3036 2430 3105 ipsum
2464 3034 2592 3105 ejus,
2618 3015 2916 3107 principale
2947 3038 3140 3096 lumen
3189 3041 3247 3097 in
3285 3039 3537 3098 aliorum
3570 3015 3846 3101 nemina

560 3104 817 3178 princeps
845 3111 1027 3167 mundi
1050 3124 1097 3166 ι.
1131 3111 1335 3171 Deinde
1358 3132 1488 3201 vero
1505 3118 1807 3179 luciformia
1832 3122 2151 3180 vestimenta
2179 3191 2222 3207 Λ
2253 3104 2940 3197 (έοηεῃθοωιιι-Ιιωωέιροτ.
2984 3129 3138 3186 llaec
3167 3141 3353 3187 autem
3381 3131 3665 3199 dicentes,
3693 3136 3846 3207 respi-

568 3200 796 3257 indnunt
823 3216 1282 3263 consummatum.
1302 3208 1463 3265 Virili
1484 3196 1634 3267 enim
1668 3222 1723 3269 et
1751 3213 2152 3274 deiformicon-
2177 3191 2223 3253 Ο
2251 3219 2459 3277 ciemus
2495 3228 2551 3275 et
2594 3220 2896 3278 videbimus
2956 3221 3273 3279 ierarcbice‘
3310 3236 3416 3293 per
3459 3225 3689 3296 singula

566 3291 856 3348 trariorum
889 3292 1346 3367 impassibilitate,
1368 3309 1423 3356 et
1448 3301 1515 3355 al
1539 3317 1703 3358 unum
1730 3303 2148 3363 l‘trmocoutuitu
2249 3323 2463 3385 gentem
2514 3303 2892 3371 sanctissimae
2949 3314 3143 3371 teletae
3531 3331 3761 3374 sacram.
3795 3326 3845 3374 et

564 3381 875 3442 inornatum
906 3395 1162 3452 ornatur,
1205 3396 1261 3444 et
1312 3390 1551 3448 informe
1588 3393 1967 3465 formillcatur,
2017 3398 2152 3454 luci-

563 3469 721 3527 formi
747 3473 1123 3531 universaliter
1161 3477 1269 3532 vita
1309 3480 1617 3550 splendens.
1649 3482 1919 3557 Unguenti
1963 3496 2146 3545 autent

562 3562 857 3633 perfecfiva
889 3567 1074 3623 unctio
1122 3569 1453 3629 odoriferum
1481 3574 1610 3631 facit
1631 3577 1951 3648 perfectum.
1980 3578 2148 3638 Sacra

560 3651 704 3707 enim
759 3653 976 3712 divinae
1026 3660 1393 3727 generationis
1435 3668 1828 3723 consummatio
1881 3670 2151 3727 coadunat

564 3757 940 3802 consummata
963 3748 1148 3807 divino
1169 3753 1402 3822 spiritui.
1420 3754 1766 3828 luvisibiliter
1778 3769 1957 3817 autem
1970 3764 2151 3819 odori-

561 3835 723 3891 ticunt
754 3849 811 3894 et
837 3840 1191 3911 perlectivum
1216 3845 1530 3914 adventum,
1563 3848 1987 3909 ineﬂ‘ahillimum
2032 3855 2151 3911 exi-

558 3932 818 3994 stentem,
849 3943 1177 4000 cognoscere
1213 3934 1647 3996 intellectualiter
1691 3944 1930 4005 concedo
1974 3945 2149 4017 dignis

557 4018 855 4093 secundum
885 4020 1211 4081 intellectum
1236 4027 1404 4085 divini
1431 4030 1654 4101 spiritus
1682 4048 1840 4100 sacra
1863 4044 1919 4091 et
1956 4036 2146 4095 dedica

558 4111 1065 4179 communicatione.
1098 4115 1154 4173 In
1184 4117 1291 4174 line
1317 4128 1500 4177 autem
1523 4123 1766 4180 omnium
1796 4140 2040 4185 summus
2061 4144 2148 4186 sa.

556 4197 749 4275 cerdos
787 4201 853 4256 ad
903 4203 1328 4281 sacratissimum
1375 4209 1776 4271 Eucharistiam
1829 4227 1988 4275 vocat
2024 4236 2148 4291 per-

555 4290 785 4367 femum,
834 4305 891 4352 et
939 4297 1357 4368 perfectivorum
1405 4306 1789 4378 mysteriorum
1839 4310 1940 4382 ipsi
1982 4290 2148 4375 tradit

555 4389 1016 4459 communionem.
1304 4444 1309 4447 ,
1722 4436 1725 4439 λ

1072 4521 1488 4582 ‘CAPITULUM
1522 4525 1606 4583 111.

973 4633 1051 4690 De
1077 4626 1405 4708 perﬁciendis
1431 4640 1489 4716 in
1517 4616 1726 4714 synaxi.

625 4743 732 4800 Sed
752 4760 908 4819 euge,
929 4750 1185 4819 quoniam
1209 4750 1370 4823 hujus
1390 4757 1953 4828 commemoravimus,
1975 4775 2137 4833 quam

554 4850 663 4892 non
714 4838 847 4895 mihi
884 4838 1091 4910 justum
1141 4852 1226 4898 est
1269 4847 1671 4905 transcurrenti
1716 4848 2139 4908 ierarcbicorum

553 4928 683 4998 quid
711 4937 839 4985 ante
865 4945 984 4987 eam
1016 4931 1161 4993 aliud
1195 4933 1434 4993 laudare.
1465 4936 1679 4995 Etenim
1708 4952 1814 5006 est,
1842 4944 2137 5000 secundum

549 5018 844 5087 gloriosum
900 5034 1145 5081 nostrum
1201 5029 1561 5098 magistrum,
1617 5031 1902 5089 teletarum
1955 5034 2137 5093 teleta.

550 5110 618 5166 Et
647 5122 862 5184 oportet
892 5127 1018 5172 ante
1049 5115 1183 5174 alias
1213 5134 1333 5175 eam
1385 5135 1540 5177 sacre
1579 5122 1937 5191 scribentem,
1967 5142 2136 5197 expo-

2168 4538 2219 4602 D

2248 3404 2779 3475 contemplationem.

2463 3536 2772 3610 Mysterium
2800 3557 3060 3612 synaxeos
3086 3542 3192 3597 sive
3213 3544 3629 3600 communionis.

2262 3650 2269 3655 ’
2320 3663 2576 3721 Summus
2598 3666 2813 3736 quidem
2840 3668 3095 3725 sacerdos
3113 3669 3415 3725 orationem
3436 3684 3846 3745 Sacr-annm

2248 3756 2488 3819 divinum
2528 3757 2700 3815 altare
2742 3759 3049 3831 perlicieus,
3073 3775 3140 3816 ex
3168 3762 3285 3831 ipso
3309 3760 3537 3820 adolere
3562 3765 3842 3829 inchoatis,

2249 3840 2302 3902 in
2346 3862 2561 3903 omnem
2602 3849 2748 3904 venit
2790 3850 2930 3905 sacri
2955 3849 3111 3905 chori
3151 3850 3440 3915 ambitum.
3470 3851 3725 3910 Rediens
3744 3856 3839 3910 ite-

2248 3954 2367 3994 rum
2412 3940 2481 3996 ad
2519 3940 2759 3996 divinum
2806 3941 2995 4009 altare,
3070 3942 3262 4013 incipit
3293 3958 3453 4001 sacra
3508 3946 3848 4017 μελίαι..

2246 4028 2477 4087 melodia
2526 4031 2570 4097 ⁸,
2619 4032 2942 4088 concinente
2987 4034 3036 4089 ei
3083 4033 3401 4104 psalmicam
3445 4049 3671 4093 sacram
3718 4053 3837 4094 on-

2248 4121 2447 4177 tionem
2483 4123 2630 4191 omni
2673 4122 3043 4187 ecclesiastica
3087 4123 3465 4194 dispositione.
3512 4125 3725 4185 Deinde
3749 4142 3838 4199 per

2244 4216 2527 4283 ministros
2564 4219 2679 4290 ipsa
2720 4220 3161 4291 propheticarum
3203 4218 3472 4277 deltarum
3510 4220 3682 4276 lectio
3708 4235 3833 4276 coa-

2244 4300 2533 4379 sequenter
2569 4309 2648 4375 ﬁt.
2701 4310 2770 4366 Et
2816 4320 2949 4381 post.
2981 4311 3081 4371 bas
3104 4309 3246 4371 foris,
3282 4311 3419 4366 littnt
3440 4326 3611 4375 sacro
3635 4311 3835 4367 ambitu

2243 4399 2648 4467 catechumeui,
2673 4408 2730 4455 et
2767 4416 2891 4459 cum
2920 4400 3064 4472 ipsis
3093 4401 3477 4470 energumeui.
3507 4410 3568 4456 et
3593 4402 3694 4471 qui
3718 4410 3837 4456 sunt

2250 4492 2304 4548 in
2350 4492 2706 4563 poenitentia.
2755 4491 2976 4553 Manent
3018 4493 3566 4561 autem-mmmam
3620 4503 3833 4563 aspecta

2244 4591 2300 4638 et
2314 4584 2700 4651 communione
2726 4584 2895 4656 digni.
2944 4583 3312 4643 Ministrorum
3336 4597 3467 4647 vero
3490 4582 3587 4638 alii
3620 4583 3833 4654 quidem

2245 4681 2396 4730 stant
2433 4674 2500 4730 ad
2542 4674 2726 4746 templi
2770 4683 2956 4745 portas
2996 4674 3325 4737 conclusas;
3375 4671 3471 4727 alii
3518 4688 3655 4728 vero
3694 4672 3831 4728 aliud

2245 4764 2375 4837 quid
2415 4767 2630 4837 proprii
2659 4766 2869 4822 ordinis
2911 4775 3249 4837 operantur;
3296 4764 3391 4821 alii
3436 4773 3631 4821 autem
3677 4765 3833 4821 ωίιί.

2246 4858 2503 4913 stratoria
2555 4858 2931 4929 dispositione
2959 4857 3223 4924 discreti,
3281 4871 3407 4913 eum
3453 4857 3833 4916 sacer-dotibus

2245 4962 2408 5020 super
2448 4949 2690 5004 divinum
2731 4949 2903 5006 altare
2951 4958 3258 5021 proponunt
3290 4962 3513 5007 sacrant
3540 4962 3743 5017 panem
3776 4957 3830 5003 et

2243 5038 2633 5096 benedictionis
2674 5040 2933 5104 calicem,~
2966 5049 3095 5097 ante
3132 5040 3385 5096 conlcssa
3428 5038 3502 5097 ab
3534 5039 3693 5097 cunni
3732 5038 3827 5095 Ec-

2241 5129 2437 5187 clesiae
2459 5131 2599 5202 pleni
2610 5132 2790 5189 tudine
2802 5129 3070 5187 catholitut
3084 5128 3462 5201 ihymnologia.
3476 5127 3618 5190 Cum
3634 5130 3827 5198 quibus

550 5216 875 5277 nentcmqne
925 5224 991 5265 ex
1044 5209 1223 5266 divina
1264 5212 1423 5282 juxta
1472 5213 1685 5285 eloquia
1732 5225 1791 5281 et
1841 5217 2140 5277 ierarcbica
2240 5223 2454 5283 divinus
2494 5222 2731 5296 pontifex
2761 5224 3069 5280 orationem
3086 5236 3303 5281 sacram
3347 5220 3598 5292 perlicit,
3626 5230 3825 5276 etsau-

549 5292 787 5385 se'teutia.
831 5300 881 5356 in
927 5316 1137 5359 sacram
1190 5304 1306 5374 ejus
1354 5307 1648 5371 ascendere
1714 5309 1896 5365 divino
1942 5311 2136 5381 spiritu
2239 5325 2381 5374 ctam
2424 5292 2616 5387 pacem
2673 5314 2938 5370 omnibus.
2978 5313 3295 5390 promittit;
3330 5320 3406 5387 :cl
3463 5311 3823 5389 δδῑυζδιιιίιέυε

462 5464 465 5465 ν
550 5375 1083 5471 ςύιιωηιριιιιῑοηοιηζ
1131 5395 1200 5461 Et
1225 5397 1459 5479 primum
1480 5398 1703 5479 {quidem
1735 5400 1836 5465 hoc
1860 5375 2019 5459 sacre
2049 5403 2131 5457 in-

2260 5419 2383 5465 nter
2419 5375 2478 5463 se
2518 5407 2745 5481 invicem
2760 5375 3041 5481 romuibujs
3062 5444 3099 5471 ,ε
3130 5404 3358 5477 mystica
3404 5419 3684 5465 sacrorum
3731 5418 3819 5463 vn-

1836 5515 2092 5575 VAlllAE
2131 5519 2535 5607 LECTIONES.

634 5598 647 5630 ⁸
680 5597 767 5653 Bll
796 5617 1002 5654 sacrant
1031 5603 1359 5671 psalmorum
1392 5605 1689 5675 melodium.
2386 5684 2390 5688 Δ
2468 5684 2475 5687 Α

542 5720 549 5729 -
568 5714 573 5721 ν
2076 5702 2332 5760 NOTAE.

629 5773 653 5803 ⁸
698 5760 850 5817 Jnatt.
889 5763 1023 5818 XIV.
