4008 6286
150 385 276 442 “Si

710 380 956 438 VERSIO
993 378 1277 436 OPERUM
1315 379 1372 434 S.
1417 375 1730 432 DIONYSII.
1772 405 1843 415 —-—
1881 371 2409 429 ECCLESIASTICA
2453 371 2842 426 lliliAliCli’lA.

3284 371 3418 427 108⁸2

146 501 408 558 luminum
437 477 767 572 praedicatio
789 497 1087 568 perﬁcitur.
1110 496 1177 552 Et
1203 495 1506 552 lavantibus
1534 486 1723 548 manus
1754 497 1881 554 Aet
1926 488 2335 545 collocationem
2383 487 2634 553 edicitur,
2682 495 2736 542 et
2783 490 3035 543 omnibus
3073 488 3424 546 deitbrmibus

145 610 282 664 aqua
331 606 542 648 summo
593 591 874 646 sacerdote
918 597 973 642 et
1017 586 1389 643 sacerdotibus
1414 626 1428 650 ,
1479 598 1722 639 summus

145 685 360 756 quidem
402 682 654 737 sacerdos
694 681 747 735 in
796 679 975 736 medio
1016 677 1179 733 divini
1230 673 1418 732 altaris
1457 683 1588 740 stat,
1619 674 1722 728 cir-

144 787 416 834 cumstant
441 787 620 830 autem
657 774 752 830 soli
792 789 915 830 cum
954 772 1323 828 sacerdotibus
1353 769 1720 826 ministrorum

143 869 350 925 selecti.
394 867 461 921 Et
484 881 667 921 sacras
687 865 900 920 divinas
925 863 1166 920 actiones
1203 877 1446 918 summus
1474 860 1724 916 sacerdos

144 961 392 1021 laudans,
434 956 705 1012 sacriﬁcat
748 953 1106 1018 divinissima,
1151 963 1204 1007 et
1244 953 1343 1007 sub
1377 960 1722 1020 conspectum

144 1052 293 1106 ducit
338 1049 550 1104 laudata
595 1063 692 1118 per
732 1061 885 1102 saere
925 1043 1329 1116 procumbentia
1358 1043 1623 1114 symbolo,
1669 1051 1723 1097 et

145 1144 462 1197 donationes
501 1140 800 1193 divinorum
841 1149 1060 1192 actuum
1103 1134 1423 1200 oStendens,
1472 1134 1525 1189 in
1569 1148 1722 1188 eom-

145 1236 455 1291 nnmienem
491 1248 676 1288 eorum
701 1230 1020 1285 sanctiﬁcat.
1049 1228 1276 1300 Ipseque
1300 1227 1467 1290 venit,
1497 1237 1552 1281 et
1593 1226 1725 1280 alios

141 1321 482 1383 adhortatur.
534 1324 818 1391 Accipiens
841 1337 968 1378 vero
993 1331 1046 1377 et
1075 1323 1292 1376 tradens
1316 1321 1550 1375 divinam
1579 1335 1727 1373 com-

141 1422 477 1480 muuionem,
524 1418 576 1472 in
605 1416 995 1472 Em-baristiam
1034 1431 1246 1471 sacram
1284 1415 1501 1480 desinit,
1545 1412 1728 1468 multis

139 1513 358 1582 quidem
387 1510 440 1564 in
469 1509 577 1563 sola
625 1508 803 1563 divina
832 1507 1071 1580 symbola
1101 1505 1573 1578 prospicientibus,
1611 1506 1728 1576 ipso

139 1615 325 1658 autem
349 1611 572 1670 semper
604 1601 789 1655 divino
810 1600 999 1670 Sltil‘illi
1039 1601 1106 1655 ad
1147 1611 1330 1655 sancta
1364 1597 1724 1670 perfecturum

140 1693 406 1764 principia
436 1693 487 1746 in
513 1693 683 1746 beatis
713 1701 767 1746 et
790 1691 1240 1746 intellectualibus
1271 1689 1729 1760 speculationibus

141 1785 442 1840 ierarrliice
477 1784 529 1838 in
565 1784 804 1853 puritate
831 1781 1111 1838 deiformis
1134 1781 1353 1836 habitus
1379 1782 1720 1836 ascendente.

821 1919 865 1975 Τ
862 1921 1065 1975 lusoria.
1121 1997 1132 2002 η

214 2061 345 2116 V‘eni
382 2059 564 2132 igitur,
594 2075 627 2114 ο
653 2072 790 2129 puer
805 2056 979 2121 bone,
1011 2065 1134 2126 post
1163 2057 1426 2128 imagines
1461 2057 1512 2111 in
1543 2057 1747 2111 ordine'

139 2162 198 2208 et
245 2167 401 2208 sacre
451 2153 504 2207 in
557 2150 877 2206 deiformem
936 2149 1314 2221 principalium
1362 2149 1732 2220 exemplorum

137 2245 446 2301 veritatem.
510 2243 644 2299 illud
692 2242 952 2315 perfectis
997 2244 1050 2297 in
1101 2243 1462 2298 coadunatam
1513 2259 1732 2299 suarum

139 2338 444 2392 animarum
481 2337 933 2392 introductionem
966 2336 1165 2402 dicam,
1207 2338 1477 2406 quomodo
1519 2338 1733 2407 symbo-

140 2427 318 2482 lorum
347 2427 496 2482 varia
531 2435 587 2482 et
626 2442 776 2482 saera
806 2425 1124 2495 compositio
1171 2441 1276 2480 non
1306 2426 1424 2480 sine
1456 2425 1732 2480 intellectu

139 2520 223 2574 cis
264 2519 539 2583 subsistit,
585 2523 650 2572 et
687 2531 855 2587 usque
903 2532 1000 2581 ea,
1044 2530 1183 2586 quae
1229 2523 1383 2571 extra
1426 2525 1585 2582 sunt,
1635 2532 1731 2586 ap~

139 2623 343 2679 parens
377 2607 730 2662 solummodo.
782 2606 1149 2661 Sacratissimi
1188 2606 1404 2676 quidem
1441 2606 1586 2659 enim
1619 2605 1732 2661 elo-

144 2700 396 2769 qniorum
442 2710 632 2754 cantus
654 2708 709 2753 et
734 2697 1013 2762 lectiones,
1043 2698 1345 2752 doctrinam
1374 2697 1454 2752 eis
1481 2708 1733 2753 strenuae

138 2790 290 2844 vitae
323 2790 667 2854 denunciant,
697 2797 751 2844 et
790 2789 858 2844 ab
891 2790 969 2844 eis
1011 2786 1302 2859 perfectam
1339 2790 1734 2859 corrumpentis

140 2882 385 2937 malitiae
422 2883 819 2953 purgationem.
875 2881 1214 2936 iiivinissima
1263 2886 1440 2936 autem
1485 2884 1643 2937 unius
1680 2892 1736 2938 et

139 2971 384 3043 ejusdem
428 2983 484 3028 et
525 2974 678 3043 panis
723 2983 778 3026 et
821 2973 1008 3028 calicis
1053 2974 1365 3028 connnunio
1407 2981 1461 3028 et
1509 2973 1731 3044 paciﬁca

142 3062 365 3118 traditio
405 3063 634 3117 similem
679 3063 1140 3117 conversationem
1184 3062 1264 3117 eis‘
1302 3063 1569 3126 divinant,
1616 3073 1734 3117 tan-

140 3169 307 3224 quam
335 3153 584 3208 similiter
603 3152 886 3207 edentibus
908 3151 1233 3222 promulgat,
1258 3163 1308 3206 et
1337 3151 1730 3206 divinissimam

138 3223 366 3302 coenam
395 3254 449 3300 et
473 3243 766 3316 principale
803 3243 1104 3314 symbolum
1140 3243 1509 3312 perfector-nm
1537 3243 1588 3297 in
1623 3259 1733 3297 me-
1759 3223 1803 3277 (ἶ

142 3341 373 3396 moriam
418 3353 628 3393 sacram
673 3337 838 3392 ducit.
880 3334 1041 3389 Juxta
1083 3337 1225 3405 quod
1269 3344 1322 3390 et
1359 3336 1473 3405 ipse
1513 3334 1731 3405 symbo-

141 3430 320 3485 lorum
347 3428 590 3483 c0ndizor
615 3427 847 3497 partitur
873 3426 1292 3481 sanctissimam.
1333 3424 1521 3480 Nonne
1548 3435 1736 3480 sancte

141 3526 195 3580 ei
221 3534 277 3579 et
300 3523 554 3579 nnimode
600 3537 758 3577 saera
800 3531 1226 3577 coneocnantem
1265 3521 1466 3576 docens
1493 3529 1547 3574 et
1586 3518 1737 3575 recte

141 3613 306 3670 simul
335 3623 390 3669 et
433 3611 788 3677 deiformitcr,
830 3610 1097 3680 quomodo
1145 3610 1256 3680 ipsa
1300 3609 1452 3680 juxta
1495 3609 1737 3664 habitum

141 3721 276 3760 vera
329 3704 380 3758 in
424 3703 600 3758 divina
657 3702 953 3772 assumptio
997 3700 1064 3754 ad
1105 3700 1510 3755 similitudinem
1551 3715 1737 3755 eorum

145 3797 584 3852 communionem
613 3795 744 3866 ipsis
771 3793 1180 3848 advenientibus
1205 3791 1484 3848 donatur?

218 3886 365 3942 Haec
391 3887 570 3958 igitur,
600 3897 659 3942 ut
679 3887 810 3952 dixi,
841 3885 893 3940 in
923 3885 1191 3940 aditorum
1214 3885 1351 3938 atria
1379 3883 1515 3940 bene
1540 3883 1741 3940 descri-

141 3987 261 4050 pta,
295 3977 622 4048 imperfectis
651 3981 822 4034 adhuc
849 3979 914 4034 ad
937 3977 1442 4049 contemplatiOnem
1467 3975 1743 4031 sufficien-

145 4081 258 4125 tem
298 4069 681 4140 relinquentes.
731 4071 992 4125 intremus
1022 4087 1050 4124 a
1074 4068 1381 4124 causalibus
1423 4069 1475 4122 in
1528 4083 1740 4133 causas,

136 4163 299 4230 juxta
330 4176 537 4216 sacram
577 4172 814 4216 nostram
842 4162 1092 4232 synaxin,
1133 4170 1189 4216 et
1224 4161 1473 4216 decoram
1507 4159 1745 4214 invisibi-

144 4252 281 4305 lium
310 4251 435 4306 .lesu
463 4251 710 4306 iucidnco
741 4253 1040 4308 videbimus
1065 4254 1296 4331 θεωρίαν,
1320 4253 1535 4307 beatam
1576 4252 1746 4306 decia-

145 4351 362 4398 rantem
388 4341 670 4396 manifeste
698 4342 1069 4412 principalium
1101 4342 1398 4397 formarum
1438 4343 1743 4414 pulchritu-

143 4434 352 4487 dinem.
394 4432 498 4488 Sed
521 4434 856 4488 divinissima
880 4445 934 4488 et
960 4449 1114 4489 sacra
1150 4434 1332 4500 teleta,
1363 4435 1746 4505 circumposita

146 4522 248 4577 tibi
275 4523 293 4556 ¹
324 4523 618 4594 symbolice
656 4525 974 4579 vestimenta
1039 4525 1400 4595 aenigmatum
1462 4527 1704 4582 revolans
1731 4569 1745 4590 ,

1826 579 2298 652 proportionaliter
2342 579 2650 643 illucendo,
2709 579 2852 634 circa
2902 581 3244 651 semetipsum
3295 595 3423 637 vere

1823 673 2030 736 existit,
2062 681 2117 728 et
2141 672 2355 742 propria
2383 671 2604 726 omnino
2628 685 2732 725 non
2759 680 3146 728 transmutatur
3167 675 3356 728 immnt
3391 703 3422 717 -

1825 761 2050 816 hiiitate.
2077 761 2342 815 Similiter
2363 761 2541 815 divina
2561 775 2832 831 synaxeos
2855 761 3035 827 teleta,
3059 764 3157 817 etsi
3183 764 3420 819 involuta

1826 859 1881 905 et
1922 850 2153 920 simplex
2209 849 2404 904 habeat
2453 858 2510 904 et
2563 849 2925 920 complicitum
2971 853 3314 923 princ’pinm,
3369 855 3421 909 in

1826 956 2035 996 sacram
2067 941 2381 996 varietatem
2419 940 2784 1011 symbolarum
2827 940 3126 996 clementer
3167 943 3424 1014 multipli-

1827 1043 2002 1098 catur,
2025 1041 2080 1088 et
2101 1049 2272 1102 usque
2299 1048 2514 1088 omnem
2542 1033 2726 1104 implet
2750 1032 3103 1088 ierarcbicam
3129 1035 3306 1105 imagi;
3333 1052 3422 1091 um

1829 1125 2267 1196 descriptionem,
2297 1126 2555 1179 continuo
2577 1123 2924 1179 uniformiter
2942 1139 3005 1178 ex
3033 1126 3118 1180 his
3148 1126 3341 1180 iterum
3371 1127 3425 1181 in

1830 1217 2100 1287 propriam
2126 1217 2386 1271 unitatem
2411 1216 2700 1288 colligitur,
2733 1225 2786 1271 et
2819 1216 3040 1271 uniﬁcat
3084 1218 3136 1272 in
3174 1233 3232 1274 se
3269 1233 3424 1275 sacre

1832 1309 2097 1362 reductos.
2156 1307 2316 1363 Juxta
2369 1307 2512 1362 hunc
2568 1305 2888 1362 deiformem
2951 1309 3164 1362 modum
3215 1310 3430 1366 divinus

1831 1414 2072 1455 summus
2100 1401 2372 1462 sacerdos,
2399 1398 2500 1454 etsi
2536 1399 2740 1453 unitam
2773 1413 2902 1454 suae
2943 1399 3246 1455 lerarchiae
3275 1401 3434 1456 disci-

1831 1490 2030 1560 plinam
2083 1487 2364 1544 deiformis
2419 1489 2471 1542 in
2525 1487 2800 1560 subjectos
2849 1490 3095 1554 deducit,
3149 1505 3428 1547 sacrorum

1833 1582 2193 1654 aenigmatum
2210 1580 2607 1651 pluralitatibus
2621 1590 2806 1646 utens;
2833 1591 2916 1636 ast
2929 1581 3146 1648 iterum,
3173 1590 3428 1651 tanquam

1833 1675 2114 1730 absolutus
2138 1683 2194 1729 et
2219 1673 2520 1728 minoribus
2551 1673 3005 1728 immensurabilis
3026 1714 3040 1736 ,
3070 1673 3122 1728 in
3155 1676 3430 1744 propr'um

1833 1766 2158 1838 principium
2186 1765 2506 1821 iudiminnte
2535 1765 2864 1831 restituitur,
2898 1774 2953 1819 et
2989 1765 3041 1818 in
3075 1780 3238 1818 unum
3272 1780 3428 1820 suum

1759 1847 1810 1908 Β
1835 1855 2248 1912 intellectualem
2291 1856 2496 1911 faciens
2538 1855 2840 1921 introitum,
2884 1855 3032 1910 videt
3070 1869 3205 1926 pure
3254 1853 3434 1924 [ιι-ττι·-

1832 1963 2043 2009 ctorum
2103 1954 2400 2008 uniformes
2459 1953 2714 2016 rationes,
2771 1952 2823 2006 in
2879 1951 3112 2007 secunda
3149 1950 3433 2005 clementis

1832 2046 2197 2119 processionis
2236 2060 2529 2110 summum,
2566 2045 2818 2115 inprima
2857 2045 3175 2100 diviniorem
3213 2057 3434 2100 conver-

1833 2141 2039 2195 sionem
2096 2136 2376 2192 facientes.
2447 2135 2785 2191 Psalmorum
2843 2146 3023 2191 autem
3089 2133 3384 2190 modulatio
3414 2175 3430 2199 ,

1833 2231 2157 2288 conveniens
2185 2229 2438 2285 omnibus
2464 2227 2577 2284 fere
2601 2229 2914 2284 icrarcbicis
2941 2229 3231 2301 mysteriis,
3256 2241 3436 2282 nonne

1833 2314 2072 2375 futurum
2102 2329 2185 2376 est
2212 2319 2472 2388 explicari
2510 2319 2750 2374 omnium
2800 2333 3014 2374 sunrmo
3055 2315 3436 2374 sacerdotalis-

1832 2412 2022 2468 simo?
2071 2411 2263 2468 Omnis
2311 2411 2530 2482 quidem
2581 2410 2728 2466 enim
2781 2423 2935 2466 sacra
2976 2419 3033 2464 et
3076 2408 3436 2479 agiographos

1832 2501 2024 2565 deltos,
2058 2509 2152 2556 aut
2178 2501 2230 2556 in
2259 2501 2367 2556 Deo
2391 2500 2737 2555 existentium
2779 2505 3089 2570 generatam
3133 2499 3437 2554 subsisten-

1834 2593 1984 2656 tiam,
2022 2600 2077 2646 et
2108 2591 2540 2660 dispositionem,
2589 2597 2682 2643 aut
2731 2589 2957 2660 legalem
3004 2588 3332 2644 lerarcbiam
3383 2595 3441 2642 et

1831 2684 2350 2747 conversationem,
2407 2691 2500 2736 aut
2554 2681 2722 2736 divini
2792 2680 2972 2752 populi
3040 2681 3437 2736 haereditatum

1832 2775 2236 2831 distributiones
2256 2783 2310 2829 et
2333 2774 2712 2839 habitationes,
2744 2782 2837 2828 aut
2859 2773 3098 2842 judicum
3124 2789 3426 2839 sacrorum,

1831 2879 1925 2920 aut
1980 2880 2163 2933 regum
2220 2864 2521 2935 sapientum
2548 2905 2562 2929 ,
2615 2873 2710 2918 aut
2746 2865 3090 2919 sacerdotum
3133 2862 3437 2918 divinorum

1833 2955 2258 3029 intelligentiam,
2299 2966 2392 3012 aut
2433 2969 2674 3012 veterum
2715 2958 2952 3012 virorum
2991 2957 3042 3012 in
3073 2958 3338 3014 varietate
3375 2965 3434 3014 et

1833 3049 2174 3103 multitudine
2215 3049 2548 3104 anxietatum
2593 3048 2980 3106 immutahlem
3028 3049 3080 3104 in
3117 3049 3438 3106 fortitudine

1835 3139 2246 3210 philosophiam,
2292 3148 2386 3193 ant
2411 3141 2684 3194 actionum
2717 3139 2984 3208 sapientes
3011 3138 3305 3202 doctrinas,
3335 3146 3432 3194 aut

1836 3235 2134 3289 divinorum
2165 3249 2409 3288 amorum
2444 3233 2654 3288 cantica
2685 3241 2740 3286 et
2770 3231 2977 3286 divinas
3002 3231 3264 3304 imagines
3291 3273 3306 3297 ,
3333 3241 3430 3287 aut

1838 3324 2138 3379 futurorum
2193 3323 2538 3393 propheticus
2584 3321 3019 3392 praedicationes
3050 3361 3066 3384 ,
3112 3329 3209 3376 aut
3253 3320 3439 3376 viriles

1838 3414 1964 3470 Jesu
1994 3415 2206 3468 divinas
2234 3415 2498 3478 actiones,
2530 3420 2624 3468 aut
2649 3413 2885 3482 ipsorum
2911 3412 3297 3483 discipulorum
3329 3412 3442 3468 Dco

1842 3507 2066 3562 traditas
2091 3518 2144 3561 et
2175 3506 2267 3560 Dei
2316 3506 2636 3561 imitatorias
2681 3505 3122 3562 conversationes
3157 3515 3213 3561 et
3255 3519 3444 3560 sacras

1841 3599 2138 3664 doctrinas,
2169 3607 2259 3652 aut
2291 3599 2553 3654 occultam
2585 3605 2640 3652 et
2673 3598 2956 3669 mysticam
2997 3597 3257 3653 visionem
3300 3597 3446 3666 ipso-

1843 3707 1960 3746 rum
2007 3689 2388 3759 discipulorum
2428 3688 2762 3744 dilectissimi
2802 3698 2853 3742 et
2893 3687 3057 3743 divini
3087 3702 3153 3741 ae
3178 3685 3441 3742 mirabilis

1843 3784 2331 3854 supermundanam
2385 3780 2511 3836 Jesu
2559 3780 2880 3852 theologiam
2935 3781 3003 3834 ad
3044 3779 3442 3835 deiﬁeationem

1841 3873 2156 3946 opportunis
2195 3873 2413 3926 nunciat
2443 3871 2486 3936 δ,
2525 3880 2579 3926 et
2610 3871 2782 3926 sacris
2814 3870 3100 3925 teletarum
3128 3878 3184 3923 et
3233 3868 3439 3924 deifor-

1844 3967 2021 4023 mibus
2073 3967 2329 4036 auagogis
2389 3963 2690 4018 corradicat
2749 3969 2792 4016 ³.
2867 3962 3182 4016 Divinorum
3260 3968 3441 4015 autem

1844 4068 2095 4116 cantuum
2143 4073 2297 4113 saera
2345 4056 2663 4127 Scriptura,
2717 4055 3071 4110 intentionem
3119 4052 3326 4108 habens
3383 4065 3444 4109 et

1847 4152 2143 4218 theologias
2169 4161 2224 4205 et
2248 4151 2457 4204 divinas
2495 4149 2735 4203 actiones
2773 4162 2964 4202 omnes
3007 4147 3340 4219 hymnizare,
3391 4154 3448 4202 ct

1847 4245 2149 4300 divinorum
2173 4243 2412 4298 virorum
2443 4256 2628 4297 sacras
2651 4241 2925 4296 orationes
2949 4249 3004 4295 et
3024 4240 3448 4296 sacriﬁcationcs

1849 4338 2069 4397 laudare
2104 4377 2118 4399 ,
2162 4334 2519 4390 univcrsalem
2572 4333 2701 4389 facit
2753 4333 3055 4388 divinorum
3099 4342 3340 4399 cantum,
3390 4340 3449 4386 et

1849 4430 2214 4485 narrationem
2249 4428 2315 4482 ad
2353 4428 2518 4482 totius
2558 4426 2891 4482 ierarcbicae
2917 4425 3113 4482 teletae
3141 4426 3446 4496 susceptio-

1853 4539 1974 4576 nem
2028 4530 2082 4576 cl
2131 4521 2472 4575 traditionem
2501 4560 2517 4584 ,
2556 4519 2798 4575 habitum
2844 4516 3126 4588 pulchrum
3175 4517 3440 4582 efﬁciens,

145 4612 429 4684 splendide
489 4613 642 4667 nobis
713 4612 1057 4669 manifestere
1109 4612 1136 4647 ‘
1163 4656 1177 4680 ,
1232 4624 1287 4669 et
1353 4615 1741 4672 intellectuales
1777 4587 1825 4645 υ
1850 4613 2109 4668 divinitus
2135 4627 2253 4665 eam
2285 4625 2346 4679 ps
2382 4609 2653 4664 llentihus.
2684 4608 2819 4664 Cum
2875 4608 3040 4681 igitur
3065 4609 3320 4664 continua
3355 4624 3443 4662 sa-

145 4711 367 4758 nostros
394 4703 572 4757 vultus
599 4702 852 4758 unifornti
896 4713 952 4759 et
984 4722 1087 4759 non
1119 4705 1294 4762 velato
1337 4705 1537 4761 lumine
1579 4708 1742 4777 reple.

145 4793 385 4865 Oportet.
421 4795 581 4866 igitur
625 4812 722 4850 nos
759 4797 904 4851 intus
927 4796 1133 4862 adesse,
1167 4799 1660 4854 sacratissimorum
1691 4800 1746 4855 et

148 4887 421 4942 invisibile
463 4889 618 4958 primi
669 4887 994 4959 agalmatum
1043 4889 1400 4954 denudantes,
1451 4891 1503 4946 in
1549 4891 1745 4946 deifar-

75 4991 80 4994 '
147 4993 294 5032 ment
346 4978 463 5049 ejus
507 4977 957 5049 pulchritudinem
1009 4979 1319 5047 intendere,
1368 4991 1418 5038 et
1474 4999 1742 5041 seminum

147 5069 488 5124 sacerdotem
533 5069 790 5125 divinitus
831 5069 1016 5125 videre
1068 5085 1098 5124 a
1140 5073 1324 5127 divino
1369 5074 1524 5128 altari
1581 5090 1748 5145 usque

122 5167 396 5254 'extrema
426 5160 605 5231 templi
643 5175 766 5216 cum
788 5161 938 5214 suavi
968 5161 1136 5217 odore
1172 5163 1496 5229 venientem,
1552 5177 1605 5220 et
1650 5167 1748 5221 itc-

124 5252 276 5328 grum
310 5252 362 5307 in
403 5254 519 5324 ipso
555 5253 848 5324 perfective
890 5255 1271 5312 consistentem
1329 5257 1370 5311 ³.
1435 5258 1744 5328 Ipsa'enim

125 5346 317 5418 isuper
341 5347 518 5402 omnia
565 5346 744 5403 divina
788 5347 1085 5413 beatitudo.
1133 5349 1232 5404 etsi
1285 5350 1525 5407 bonitate
1567 5354 1746 5407 divina

149 5439 438 5512 proveniat
459 5439 512 5495 in
541 5438 979 5510 participantium
1000 5455 1095 5497 sua
1119 5455 1273 5496 sacra
1293 5442 1748 5508 communionem,

151 5531 250 5585 sed
278 5545 383 5585 non
407 5539 558 5584 extra
586 5545 681 5601 per
711 5531 1068 5587 substantiam
1105 5532 1495 5589 immutabilem
1547 5544 1746 5590 statum

1849 4704 2274 4759 cratissimormn
2305 4701 2647 4773 hymnologia
2678 4698 2938 4755 animales
2984 4708 3200 4756 nostros
3224 4699 3447 4756 habitus

1848 4795 2170 4863 eondignate
2209 4792 2555 4862 disposuerit,
2593 4792 2658 4845 ad
2685 4791 2845 4861 paulo
2876 4801 2996 4862 post
3041 4791 3308 4846 sacriﬁcia
3354 4807 3450 4860 po-

1851 4885 2047 4950 nenda,
2072 4894 2128 4938 et
2152 4883 2456 4938 divinorum
2488 4891 2741 4936 cantuum
2773 4883 3126 4938 consonantia
3156 4883 3224 4937 ad
3263 4882 3445 4936 divina

1849 4981 2174 5050 etnosipsos
2199 4990 2255 5034 et
2291 4980 2432 5033 inter
2477 4993 2575 5034 nos
2622 4978 2852 5034 invicem
2897 4995 3239 5045 consensum,
3288 4987 3346 5033 ut
3391 4976 3452 5035 in

1854 5088 1958 5126 una
2015 5081 2069 5126 et
2106 5069 2353 5125 confessa
2409 5085 2685 5124 sacrorum
2731 5069 2950 5140 regione
2981 5068 3004 5102 ‘
3028 5068 3448 5140 promulgaverit

1855 5157 2166 5218 coordinata
2216 5171 2271 5217 et
2317 5161 2702 5216 coadumbrata
2764 5162 2935 5232 magis
2988 5161 3039 5213 in
3098 5159 3446 5215 intellectuali

1854 5254 2182 5326 psalmorum
2214 5251 2528 5324 psalmodia,
2559 5267 2658 5323 per
2685 5249 2867 5322 plures
2893 5259 2948 5305 et
2983 5249 3282 5320 apertiores
3313 5249 3451 5305 ima-'-

1855 5352 2009 5421 gines
2047 5358 2098 5402 et
2142 5347 2569 5420 praedicationes
2598 5345 2892 5402 dilatantur
2918 5343 3300 5400 sacratissimis
3325 5357 3450 5414 pro-

1856 5442 2117 5499 fessarum
2143 5440 2606 5496 constructionum
2631 5437 2966 5493 lectionibus.
2998 5435 3054 5492 in
3079 5436 3163 5492 bis
3180 5436 3450 5510 aspiciens

1855 5547 2032 5598 sacre,
2066 5533 2268 5588 ridebit
2315 5530 2658 5586 uniformiter
2699 5543 2862 5583 unam
2915 5527 3343 5599 inspirationem,
3389 5535 3451 5581 ut

1477 5645 1728 5702 VARIAE
1767 5643 2169 5701 LECTIONES.

243 5735 260 5768 ⁸
283 5733 369 5788 ΒΙΙ
399 5735 516 5809 sibi.
554 5737 616 5809 _’
645 5738 825 5808 Conj.,
854 5738 941 5792 ΑΕ
965 5739 1320 5807 manifestare,
1350 5738 1434 5793 ΒΗ
1459 5739 1778 5809 manifestat.
1858 5748 1878 5779 ³
1907 5728 2336 5809 Ᾱηιςςσὶιιεηζειης
2380 5736 2660 5809 ειηὶιρνωη
2680 5765 2749 5775 -
2768 5735 3128 5788 consistentem
3180 5751 3288 5788 om.
3337 5733 3447 5809 BH.

183 5804 221 5856 4
261 5808 518 5870 narravit,
553 5807 594 5861 Ε
623 5804 917 5863 nuntiarit.
995 5811 1015 5839 '
1040 5804 1128 5862 ΑΕ
1152 5811 1520 5864 corradicarit.

1600 5805 1619 5843 ἀ
1655 5807 1742 5864 Sic
1780 5809 1905 5875 AE;
1965 5806 2047 5861 BH
2087 5806 2334 5861 (ποηίὶξςω
2379 5805 2625 5874 rch'gione
2669 5821 2973 5858 sacrorum.
