4008 6286
558 340 694 395 1035

1926 336 2173 393 40Ale
2213 336 2407 393 SCOTl

3712 333 3743 395 ἶ
3756 332 3859 429 est

554 455 622 523 ab
652 466 758 506 uno
793 450 975 507 divino
1019 451 1208 524 spiritu
1249 450 1579 531 conclusum.
1633 449 1783 505 Unde
1826 447 2048 519 pulchre
2096 448 2151 505 iu
2179 461 2224 520 Α
2256 447 2456 502 tionem
2484 448 2748 517 quandam
2782 442 3272 524 sacratissiimarum
3309 443 3482 506 Ἰιίιιιρι
3508 466 3863 520 consumma-

554 526 755 621 mundo
790 553 913 614 post
947 545 1306 615 antiquiorem
1348 526 1688 599 traditionem
1722 542 1925 597 Novum
1955 541 2144 599 Testa-

555 645 793 713 mentum
814 636 1177 706 praedicatur,
1202 636 1382 691 divina
1412 645 1467 690 et
1490 635 1787 691 ierarebiea
1809 635 2150 709 ordinatione
2190 698 2193 701 Α

551 730 708 794 illud,
762 731 993 786 aestimo
1025 731 1065 795 ί,
1097 730 1428 795 declarante,
1478 730 1747 799 quomodo
1789 728 1901 798 ipsa
1929 728 2149 797 quidem

558 821 695 876 distt
723 821 931 876 futuras
954 820 1084 876 Jesu
1114 821 1326 875 divinas
1348 822 1714 889 operationes,
1746 821 1847 874 hoc
1870 833 1995 874 vero
2020 833 2151 889 per-

556 911 701 972 fecit.
749 913 812 966 Et
839 900 1111 983 quomodo
1146 912 1234 975 illa
1263 912 1478 982 quidem
1509 912 1565 966 in
1599 912 1919 984 imaginibus
1952 913 2152 968 verita-

558 1002 711 1054 tem’
755 1002 991 1071 scripsit,
1032 1002 1136 1057 hoe
1185 1018 1313 1056 vero
1354 1012 1693 1072 praesentem
1737 1003 2153 1057 demonstravit.

554 1090 701 1147 Illius
750 1094 893 1147 enim
939 1094 1244 1163 praeconiis
1273 1133 1288 1158 ,
1345 1094 1446 1149 hoc
1493 1109 1590 1162 per
1632 1095 1867 1164 seipsnm
1912 1094 2152 1165 perfecta

555 1183 874 1251 operatione
936 1185 1212 1238 veritatem
1268 1186 1535 1256 cognovit.
1607 1184 1670 1238 Et
1723 1195 1806 1239 est
1853 1185 2152 1256 tlieologiae

555 1272 739 1326 divina
783 1274 1045 1342 operatio,
1090 1276 1502 1329 consuunnatio.
1560 1275 1760 1331 Horum
1794 1276 1891 1330 alii
1934 1262 2152 1347 quidem

559 1378 666 1429 non
707 1364 1279 1419 circumtubicinantes
1311 1365 1688 1419 universaliter
1716 1381 1992 1420 sacrarum
2025 1365 2154 1421 tele-
2184 1416 2187 1419 .

564 1466 764 1521 tarum,
787 1472 959 1525 neque
1002 1457 1263 1527 imagines
1297 1457 1495 1523 vident,
1531 1456 1870 1527 impudenter
1895 1468 2153 1527 negantes
2182 1501 2186 1507 .

555 1548 846 1604 salutarem
872 1549 1085 1631 divinae
1115 1550 1476 1621 generationis
1503 1549 1823 1610 doctrinam.
1850 1560 1904 1604 et
1924 1550 2154 1620 eloquiis

552 1640 760 1708 perdite
788 1642 1167 1711 respondentes
1190 1643 1316 1696 illttd
1344 1661 1356 1696 :
1391 1640 1517 1696 Via:
1537 1653 1655 1697 tua:
1676 1643 1808 1698 scire
1833 1642 2075 1697 nolumus
2102 1657 2151 1697 τι.

552 1730 978 1789 Catecbumenos
1016 1747 1195 1789 autem
1234 1749 1754 1806 eneigumenosqne,
1803 1744 1858 1791 et
1904 1752 2020 1802 eos,
2060 1738 2150 1807 qui

2254 539 2479 593 tionum.
2516 532 2813 595 Est'autetn
2839 541 3129 597 contrariis
3179 551 3273 596 aut
3313 541 3731 597 seductior-ilius
3771 556 3862 597 aut

2250 628 2747 699 perturbationibus
2807 632 3217 689 delionestatum
3272 640 3314 690 ⁸.
3375 632 3483 689 Sed
3545 646 3605 690 et
3659 636 3733 690 ab
3786 638 3863 691 eis

2251 719 2735 776 Sacratissimorum
2796 723 2987 793 divina,
3038 724 3459 780 communicatio
3513 728 3861 797 corripitur,

2251 820 2308 866 et
2359 811 2512 867 valde
2558 814 2771 868 merito.
2821 812 2877 869 Si
2922 808 3066 870 enim
3093 826 3178 870 est
3208 832 3353 881 vere,
3388 827 3445 871 ιιι
3480 818 3864 873 universaliter

2252 903 2465 983 divinus
2481 905 2581 971 vir,
2601 906 2799 961 divinis
2820 904 3036 978 digutts,
3054 908 3118 961 ad
3146 924 3275 963 suae
3303 907 3691 964 tleiformitatis
3722 927 3863 965 sum-

2253 1013 2398 1051 ntum
2438 997 2489 1051 in
2520 999 2932 1070 perfectissintis
2978 1010 3033 1055 et
3073 1002 3519 1057 consummativis
3560 1002 3864 1057 deiﬁcatie-

2252 1088 2410 1143 nibus
2434 1091 2753 1156 ascendens,
2786 1107 2960 1162 neque
3009 1108 3148 1162 quae
3177 1103 3305 1149 sunt
3329 1094 3512 1149 carnis
3540 1095 3863 1165 operabitur

2251 1191 2467 1250 praeter
2494 1191 2717 1238 naturae
2747 1183 2902 1240 valde
2926 1187 3250 1250 necessaria,
3283 1194 3335 1240 et
3368 1186 3472 1240 hoc
3497 1186 3545 1240 si
3570 1202 3860 1240 conserva-

2253 1274 2451 1327 verit"
2502 1290 2748 1347 operose,
2804 1277 3059 1349 templum
3118 1286 3298 1331 autem
3351 1278 3509 1332 simul
3559 1287 3617 1331 et
3664 1294 3856 1332 cense-

2252 1380 2423 1435 quens
2449 1366 2501 1420 in
2528 1384 2622 1421 sua
2651 1368 3030 1424 sublimissima
3059 1369 3397 1424 dedicatione
3425 1369 3601 1423 divini
3629 1367 3861 1439 Spiritus

2252 1457 2379 1521 erit,
2403 1450 2565 1513 simili
2595 1459 2769 1517 simile
2799 1462 3069 1517 collocatis
3107 1480 3119 1514 :
3154 1478 3259 1516 tton
3303 1462 3555 1518 fortassis
3599 1463 3728 1516 talis
3768 1464 3861 1517 alt-

2253 1552 2468 1616 quando
2502 1566 2531 1603 a
2571 1554 2857 1609 contrariis
2894 1555 3130 1624 patietur
3173 1556 3478 1626 pliantasiis
3505 1566 3604 1610 aut
3639 1558 3859 1611 terrori-

2255 1639 2355 1693 bus
2388 1640 2429 1703 ⁸,
2471 1640 2735 1709 deridebit
2782 1653 2960 1698 autem
2998 1645 3150 1710 haec,
3181 1656 3236 1700 et
3273 1661 3396 1700 cum
3447 1646 3859 1701 advenientihis

2255 1726 2590 1796 luctabitur,
2650 1739 2706 1785 ct
2760 1743 3115 1802 persequetur
3147 1774 3163 1798 ,
3213 1744 3267 1789 et
3315 1736 3639 1805 operabitur
3695 1738 3858 1806 magis

552 1834 677 1877 sunt
704 1824 755 1876 in
786 1826 1135 1895 poenitentia,
1166 1837 1384 1882 sanetae
1416 1826 1718 1882 lerarcltiae
1756 1827 1839 1883 lex
1876 1829 2145 1899 permittit

2255 1834 2407 1889 quam
2448 1820 2703 1889 patietur,
2762 1834 2813 1878 et
2853 1822 3001 1878 hoc°
3034 1826 3253 1895 proprio
3304 1827 3488 1881 habitu
3537 1824 3856 1897 impassibili

553 1916 769 1983 quidem
800 1919 989 1972 audire
1017 1918 1338 1975 Psalmicam
1384 1935 1593 1975 sacram
1633 1920 1956 1985 orationem,
1980 1932 2043 1976 et
2070 1922 2149 1975 di-

550 2007 733 2072 vinam
767 2010 1229 2065 sanctissimarttm
1274 2009 1678 2082 Scripturarum
1721 2010 2008 2067 lectionem
2043 2030 2055 2065 :
2095 2013 2147 2066 in

552 2108 732 2179 autem
760 2101 953 2156 deinde
990 2103 1413 2159 sacriﬁcationcs
1450 2113 1505 2158 et
1533 2104 2014 2178 contemplationes
2043 2123 2146 2163 non

551 2197 712 2243 vocat
753 2191 906 2257 tales,
954 2194 1046 2247 sed
1090 2194 1354 2264 perfectos
1404 2194 1762 2265 perfecturum
1807 2197 2013 2253 oculos.
2058 2199 2152 2254 Est

552 2284 697 2344 enim
750 2280 1027 2341 deiformis
1064 2286 1335 2343 lerarcltia
1359 2288 1600 2358 justitiae
1629 2306 1819 2349 sacrae
1863 2293 2046 2363 plena,
2085 2309 2151 2349 eo

552 2376 695 2442 quod
715 2377 873 2446 juxta
895 2378 1211 2449 dignitatem
1234 2382 1522 2452 unicuique
1544 2381 1853 2439 salutariter
1878 2384 2153 2440 distribuit

554 2479 893 2536 compactam
947 2472 1370 2549 uniuscujusque
1425 2476 1728 2530 divinorum
1779 2479 2152 2549 participatio-

555 2574 678 2623 nem
709 2560 760 2613 in
790 2546 1316 2620 rommensuratioue
1337 2576 1394 2621 et
1419 2565 1663 2637 analogia
1691 2546 1990 2624 secundum
2015 2580 2150 2627 tent—

554 2666 655 2721 pus
721 2667 879 2715 sacro
941 2655 1169 2710 donans.
1239 2656 1468 2713 Ultimus
1533 2658 1697 2728 igitur
1744 2661 2151 2717 cateclmmcnis

555 2744 895 2815 distribuitur
943 2751 1094 2804 ordo.
1150 2732 1290 2805 Sunt
1342 2752 1485 2807 enim
1532 2762 1786 2821 expertes
1833 2762 1889 2809 et
1949 2755 2149 2809 indocti

554 2835 731 2888 omnis
759 2836 1094 2896 lerarrliicac
1136 2840 1501 2909 perfectionis,
1533 2857 1705 2912 neque
1723 2843 1880 2912 juxta
1911 2844 2148 2899 divinam

555 2927 979 2999 designationem
1025 2932 1259 2987 diviinun
1312 2934 1570 2989 habentes
1596 2934 2024 2999 subsistentiam,
2052 2936 2151 2991 sed

553 3021 732 3074 adhuc
761 3024 1000 3090 paternis
1020 3024 1256 3093 eloquiis
1279 3026 1638 3088 obstetricati,
1664 3037 1719 3085 et
1745 3029 1923 3083 adhuc
1956 3029 2152 3084 talibus
2177 3061 2181 3067 ν

554 3109 743 3166 formis
768 3112 1062 3181 informati,
1083 3117 1148 3170 ad
1168 3132 1288 3171 eam
1312 3133 1379 3171 ex
1398 3116 1578 3172 divina
1606 3120 1955 3187 generatione
1976 3122 2151 3188 primo

2252 1919 2307 1964 et
2333 1926 2436 1965 non
2476 1912 2663 1979 indito,
2693 1926 2747 1970 et
2774 1915 2894 1971 aliis
2917 1917 3159 1973 medicus
3198 1920 3467 1973 videbitur
3496 1919 3696 1973 talium
3726 1937 3854 1989 ope-

2253 2002 2543 2057 ratiouum.
2595 2005 2835 2063 Aestima
2874 2019 3053 2063 autem
3098 2024 3218 2080 ego,
3266 2012 3439 2081 magis
3492 2027 3626 2087 vero
3682 2022 3859 2081 apert:

2251 2095 2386 2161 scio,
2430 2096 2851 2153 ierarclticorum
2892 2098 3178 2171 purissima
3225 2102 3483 2158 discretio
3527 2120 3630 2174 pro
3666 2107 3857 2159 talibus

2252 2189 2400 2244 novit
2427 2206 2821 2261 energumenos
2850 2192 3258 2264 pollutissimam
3283 2197 3694 2266 operationem.
3738 2198 3858 2265 Qni-

2252 2296 2464 2351 cunque
2504 2284 2749 2338 tleil‘ormi
2796 2285 3060 2340 decedunt
3102 2287 3231 2351 vita,
3268 2296 3325 2341 et
3367 2288 3787 2343 consentientes
3814 2302 3861 2344 et

2251 2374 2499 2428 similiter
2550 2383 2936 2431 conversantes
2978 2374 3203 2447 perditis
3256 2379 3390 2432 liunt
3439 2380 3854 2435 daeinonilms:

2252 2478 2377 2518 vere
2417 2466 2633 2535 quidem
2689 2466 2974 2523 existentia
3016 2476 3071 2522 et
3116 2469 3500 2525 immortaliter
3544 2483 3759 2535 creata,
3807 2482 3853 2525 et

2251 2555 2598 2621 acternaliter
2623 2556 2907 2624 delectata,
2933 2570 3029 2630 per
3054 2569 3352 2614 extremam
3386 2571 3439 2615 et
3475 2562 3708 2617 sibimet
3746 2579 3857 2632 per-

2253 2648 2513 2702 niciosatn
2562 2648 2923 2719 insipientiam
2964 2660 3273 2707 avertentes
3304 2669 3317 2705 :
3345 2655 3701 2709 materialem
3738 2672 3854 2711 rem

2251 2747 2305 2793 et
2358 2738 2578 2793 multum
2610 2741 2919 2810 passibilem
2961 2740 3358 2807 alienationem,
3412 2754 3467 2797 et
3519 2747 3773 2815 perditas
3809 2757 3858 2801 et

2252 2841 2663 2900 corrumpentes
2708 2831 2947 2898 delicias,
2997 2842 3051 2887 et
3091 2817 3366 2888 infirmam
3412 2834 3462 2889 in
3514 2837 3722 2892 alienis
3763 2856 3855 2892 non

2251 2921 2599 2987 existentem,
2628 2922 2719 2977 scd
2766 2924 3091 2993 opinabilem
3139 2924 3559 2982 delectationem
3612 2932 3858 2999 concupi~

2252 3020 2463 3064 sccutes
2492 3021 2542 3063 et
2569 3026 2877 3081 operantes.
2923 3013 3085 3068 Primi
3111 3029 3240 3086 ergo
3267 3015 3366 3086 ipsi
3407 3029 3463 3071 ct
3518 3022 3712 3088 potius
3762 3023 3859 3075 idis

2254 3099 2482 3153 ministri
2524 3101 2811 3157 discretiva
2855 3120 2985 3159 voce
3022 3116 3391 3176 segregentur.
3446 3106 3572 3163 Non
3608 3113 3758 3165 enim
3780 3114 3873 3183 ᾔει-η

555 3201 772 3256 vitalem
788 3214 843 3258 et
858 3206 1031 3275 primo
1046 3206 1435 3263 illuminantem
1450 3218 1505 3263 et
1522 3208 1730 3264 beatam
1750 3214 2112 3268 accessionem
2133 3230 2145 3267 :

2256 3203 2399 3246 stum
2427 3203 2530 3258 cst,
2572 3195 2651 3248 eis
2696 3197 2919 3251 alterius
2944 3199 3219 3270 cujusdam
3248 3201 3388 3255 sacri
3428 3206 3771 3274 participare
3801 3208 3857 3265 ".

557 3305 808 3362 tanquam
859 3297 903 3351 si
959 3298 1259 3366 imperfecti
1308 3310 1362 3355 et
1404 3299 1665 3356 informes
1704 3312 1828 3356 ante
1897 3305 2154 3359 excidant

550 3381 704 3450 juxta
729 3399 947 3439 carneut
973 3385 1205 3443 infantes
1242 3390 1458 3459 propria
1487 3390 1949 3455 obstetricatione.
1989 3395 2150 3450 veluti

554 3472 830 3528 obcaecati
865 3483 923 3529 et
944 3475 1199 3542 abortivi,
1221 3495 1327 3531 non
1351 3479 1660 3548 genitalem,
1692 3490 1745 3535 et
1777 3496 1880 3535 non
1913 3483 2152 3549 vitalem,

558 3571 613 3621 et
656 3579 761 3616 non
808 3563 1165 3620 illuminatum
1216 3568 1268 3621 in
1316 3578 1461 3623 terra
1515 3585 1700 3625 casum
1747 3571 2036 3626 habebunt.
2090 3574 2156 3629 Et

557 3668 738 3709 nonne
766 3654 984 3725 quidam
1027 3658 1165 3714 bene
1200 3660 1504 3729 sapientum
1557 3661 1707 3725 dicit,
1747 3663 1814 3716 ad
1859 3663 1879 3695 ³
1931 3665 2155 3720 manife-

558 3755 702 3800 stum
744 3748 1032 3817 respiciens
1069 3748 1272 3814 ltnnen,
1316 3765 1410 3807 eos
1450 3753 1794 3822 praegravari
1840 3756 2079 3811 tenebris
2123 3772 2151 3809 a

560 3835 715 3890 vulva
746 3838 1027 3893 alienatos.
1069 3838 1277 3894 Dixerit
1326 3840 1343 3869 ⁵
1375 3842 1518 3901 enim
1547 3856 1829 3912 corporum
1866 3843 2148 3912 disciplina

559 3929 627 3985 ad
651 3929 767 3995 bos,
807 3945 946 4000 quae
986 3939 1071 3986 est
1098 3932 1383 3997 medicina,
1415 3930 1593 3988 lumen
1619 3935 1831 4004 operari
1857 3935 1909 3989 in
1934 3936 2153 4005 capaci-

559 4017 660 4072 bus
691 4018 841 4074 lueis.
883 4019 973 4075 Sic
1011 4031 1064 4076 et
1089 4021 1109 4052 ⁸
1138 4036 1417 4076 sacrorum
1446 4024 1842 4093 sapientissitna
1874 4025 2154 4100 disciplina

560 4108 738 4185 primo
781 4108 1000 4178 quidem
1050 4124 1146 4164 eos
1199 4108 1612 4166 formativorum
1659 4121 1715 4167 et
1766 4112 2154 4168 vivificantium

562 4198 896 4270 eloquiorum
943 4201 1272 4258 iutroductio
1318 4203 1578 4260 alimento
1606 4207 1939 4262 obstetrirat.
1988 4208 2159 4264 Perfi-

559 4291 710 4351 ciens
731 4303 911 4347 autem
937 4302 1061 4347 ante
1091 4293 1329 4347 divinam
1351 4296 1757 4363 generationem
1795 4310 1979 4352 eorum
2025 4299 2163 4365 sub-q

561 4382 841 4448 stantiam,
873 4385 963 4439 dat
990 4384 1301 4441 salutariter
1329 4388 1408 4441 eis
1433 4387 1484 4440 in
1513 4387 1705 4443 ordine
1731 4390 1795 4443 ad
1836 4390 2015 4445 lumen
2047 4392 2158 4446 dei-

564 4473 792 4528 formem
824 4486 877 4529 ct
908 4474 1255 4544 perfectivam
1289 4479 1745 4533 communionem.
1797 4478 1950 4536 Nunc
1977 4493 2157 4538 autem

564 4572 820 4634 tanquam
862 4565 929 4620 ab
973 4564 1299 4636 imperfectis
1343 4579 1557 4637 separat
1584 4568 1820 4640 perfecta
1857 4571 1906 4634 δ,
1936 4581 1989 4625 et
2020 4558 2159 4629 bono

564 4656 780 4709 ornatui
829 4671 1125 4718 sacrortuu
1148 4657 1462 4726 providens,
1506 4667 1562 4712 et
1606 4659 2051 4715 calechumenum
2106 4662 2156 4716 iu

564 4734 814 4801 tleifortni
875 4734 1293 4803 ierarchicorum
1361 4748 1551 4805 ordine
1615 4750 2045 4808 obstetricationi
2105 4762 2165 4827 et

567 4838 731 4893 vitae.
802 4839 1232 4909 Energumeunm
1299 4851 1478 4897 autem
1542 4844 1829 4899 ntultitudo
1881 4846 2154 4901 immunda

563 4912 782 5000 quidem
825 4940 880 4984 et
926 4931 1062 5000 ipsa,
1109 4932 1340 4986 secunda
1373 4947 1501 4987 vero
1543 4949 1755 4989 sursmn
1794 4952 1981 4992 versus
2011 4947 2155 4994 cate-

566 5010 892 5081 cltumeuum
940 5030 1026 5076 est
1073 5021 1438 5098 extremitate.
1502 5020 1686 5093 Neque
1728 5025 1873 5081 enim
1928 5029 2155 5098 aequale

563 5122 670 5179 est,
702 5124 761 5169 ut
788 5112 1035 5178 aestimo,
1073 5096 1454 5170 universaliter
1501 5114 1714 5170 imlocto
1753 5127 1806 5195 et
1854 5096 2155 5175 divinarum

569 5190 850 5281 teletarum
881 5220 1090 5283 summe
1119 5220 1223 5260 non
1247 5206 1682 5271 communicanti,
1707 5190 1847 5278 quod
1870 5211 2162 5283 participa-

2254 3300 2414 3352 quam
2445 3286 2778 3356 eloquiorum
2805 3290 3183 3345 conversoriae’
3203 3294 3271 3346 ad
3303 3281 3858 3353 melioradocuime.

2254 3374 2328 3429 lia
2360 3377 2501 3430 enim
2525 3377 2825 3433 divinorum
2850 3383 3283 3451 supermundane
3309 3385 3726 3443 sacrificatione
3754 3407 3859 3452 cm.

2254 3464 2341 3532 qui
2380 3478 2503 3520 sunt
2543 3467 2593 3521 iu
2647 3471 2996 3537 poenitentia,
3043 3480 3098 3526 et
3143 3473 3210 3527 ad
3258 3488 3378 3528 eam
3416 3476 3534 3545 jam
3586 3480 3861 3534 venientes

2254 3554 2555 3623 abscondit,
2596 3577 2700 3614 non
2730 3561 2951 3617 omnino
2980 3562 3047 3618 ad
3081 3560 3512 3620 sacratissimum
3546 3568 3854 3623 admittens

2254 3647 2499 3717 AppeJat
2524 3666 2651 3705 vero
2681 3652 2870 3707 ethoc
2915 3653 3238 3721 castissime,
3284 3658 3412 3726 quia
3458 3658 3517 3712 in
3564 3660 3753 3731 aliquo
3797 3664 3860 3714 ad

2254 3738 2631 3796 deiformitatis
2650 3758 2921 3797 summum
2943 3744 3259 3816 imperfecte
3287 3742 3703 3806 infirmantibus
3726 3752 3859 3805 invi-

2255 3828 2501 3885 siliilibtts
2525 3832 2683 3894 vado.
2708 3844 2886 3889 etnon
2908 3837 3356 3892 communicatos.
3380 3840 3567 3911 Aliigit
3594 3844 3745 3898 enim
3770 3859 3857 3914 per

2254 3919 2434 3973 omnia
2466 3920 2765 3977 clarissima
2796 3939 2899 3979 vox
2929 3940 3034 3980 non
3064 3926 3306 3983 valentes
3337 3927 3599 4004 conjungi
3635 3936 3852 3989 divinis-

2256 4014 2514 4069 simorum
2543 4015 2701 4087 digne
2731 4002 3314 4087 communicatoribus;
3342 4023 3517 4080 multo
3538 4029 3720 4098 magis
3745 4045 3853 4099 pas-

2257 4102 2485 4159 siltiliter
2528 4112 2952 4179 energumenum
2999 4108 3286 4167 multitudo
3312 4113 3601 4169 immunda
3649 4119 3775 4181 erit,
3809 4131 3857 4172 et

2255 4192 2401 4249 tuitui
2458 4197 2693 4255 :lienata
2734 4217 3014 4258 sacrorum
3060 4202 3396 4275 inspectione
3448 4217 3506 4261 et
3556 4214 3858 4264 (Ὁιηιιιιιηί-

2258 4287 2488 4340 ratione.
2518 4286 2719 4343 Deinde
2764 4289 2946 4346 divino
2989 4292 3119 4346 fiunt
3170 4293 3304 4349 foris
3334 4294 3538 4365 templo
3567 4309 3624 4351 et
3676 4315 3857 4368 snper-

2259 4376 2541 4432 exrellenti
2558 4378 2672 4448 ejus
2687 4379 2923 4451 lerurgia
2948 4383 2988 4414 ¹²
3016 4382 3299 4437 teletarum
3314 4385 3522 4441 indocti
3546 4399 3607 4440 et
3616 4390 3855 4458 perfecti,

2261 4480 2315 4523 ct
2348 4488 2467 4525 cum
2516 4471 2646 4543 ipsis
2690 4486 2842 4528 sacra
2874 4485 3155 4545 apostatae
3184 4477 3288 4531 vita
3308 4518 3324 4541 ,
3355 4491 3858 4551 consequenterth

2266 4564 2349 4619 Itis
2386 4564 2645 4621 adversus
2679 4566 3077 4622 contrariorum
3115 4578 3175 4623 et
3221 4570 3432 4623 vincula
3464 4583 3519 4625 et
3550 4574 3860 4641 phantasia;

2265 4665 2483 4724 propter
2536 4652 2909 4710 infirmitatem
2984 4667 3319 4725 constantes,
3403 4670 3669 4733 tanquam
3758 4680 3856 4717 non

2262 4746 2635 4817 pervenientes
2678 4747 2748 4801 ad
2797 4748 2977 4802 divina
3036 4765 3133 4819 per
3180 4751 3599 4805 corroboratum
3651 4764 3708 4807 et
3759 4768 3857 4807 non

2261 4836 2587 4910 indigentem
2615 4838 2915 4894 contuitum
2939 4840 2990 4896 in
3015 4840 3294 4897 deiformis
3321 4842 3539 4899 habitus
3562 4844 3859 4900 incommu-

2262 4929 2422 4985 tabile
2446 4940 2501 4985 et
2521 4928 2778 4986 aetivum.
2807 4930 3007 4986 Deinde
3039 4949 3162 4987 cum
3189 4933 3318 5003 ipsis
3340 4939 3619 4989 contraria
3643 4936 3857 5005 quidem

2262 5032 2631 5092 apostatantes
2667 5019 2797 5090 vita,
2854 5029 3297 5108 nondum‘autem
3322 5037 3380 5084 et
3402 5028 3715 5097 pbantasiis
3744 5028 3859 5098 eius

2266 5112 2447 5168 habitu
2496 5123 2553 5169 et
2613 5130 2798 5169 amore
2845 5109 3027 5172 divino
3068 5124 3123 5171 et
3159 5117 3309 5171 claro
3350 5117 3594 5188 purgati,
3641 5125 3701 5172 et
3742 5124 3851 5188 pa

2268 5207 2384 5271 bos,
2416 5206 2506 5276 qui
2543 5221 2647 5260 non
2678 5206 2990 5283 omniinodo
3014 5198 3310 5264 uniformes
3334 5217 3393 5264 et
3413 5206 3659 5278 legaliter
3677 5207 3853 5263 dicea-

1844 5319 2095 5379 VARIAE
2127 5320 2529 5381 LECTIONES.

572 5470 577 5479 .
655 5435 673 5468 ⁸
695 5431 781 5495 BH
810 5442 868 5487 tu
896 5432 1127 5489 aestimo
1182 5434 1220 5466 "
1240 5431 1282 5489 Ε
1305 5434 1537 5491 veritate.
1610 5437 1633 5470 ³
1661 5436 1704 5491 Ε
1726 5448 1795 5491 et.

571 5505 621 5571 Α
662 5501 1022 5573 informatum.
1056 5506 1115 5573 7"
1159 5505 1203 5560 Ε
1238 5505 1379 5571 εὔξεαι,
1420 5505 1785 5563 eburoaverit.

572 5566 615 5607 ⁸’ί
652 5566 692 5628 Ε
718 5566 1010 5641 icmrchin:
1052 5566 1140 5629 BH
1168 5576 1204 5630 i.
1229 5566 1590 5645 carceri/icio.

1870 5444 1893 5476 δ
1922 5439 1962 5492 Α
1997 5438 2161 5503 Dicit,
2210 5437 2299 5494 Btl
2355 5437 2594 5493 Dium.

1879 5510 1901 5538 ⁸
1935 5509 2025 5563 ΑΕ
2064 5511 2352 5564 erroribus.

2668 5435 2692 5467 ⁸
2713 5433 2767 5489 ﬁ
2786 5432 2935 5491 Sim
2964 5444 3038 5490 et.
3112 5436 3135 5468 ⁸
3166 5436 3567 5499 dehonestum»
3588 5448 3702 5490 om.
3734 5436 3847 5495 an:

2444 5507 2465 5535 ’
2491 5506 2532 5558 Α
2564 5506 2774 5571 adhuc;
2831 5505 2874 5561 Ε
2908 5507 2979 5559 ad
3018 5508 3134 5560 hoc.
3215 5507 3257 5538 "
3302 5495 3396 5563 Bll
3430 5495 3843 5577 participatione.

2089 5668 2344 5740 noras.

597 5728 607 5739 ‘
644 5774 672 5802 ι
710 5761 829 5815 Job.
874 5754 1011 5815 XXI.

2345 5763 2373 5804 1ο
2415 5760 2516 5816 lsa.
2559 5761 2600 5825 Ι,
