4008 6286
167 385 307 465 uias

770 384 1013 440 VERSIO
1052 379 1334 439 ()l’ERlTM
1376 384 1433 438 S.
1479 378 1793 439 DIONYSII.
1826 414 1895 423 —
1926 352 2453 439 EC('.I.I‘ZSl.-\STICA
2495 385 2886 442 lEll.\llClII.\.

3314 373 3461 446 «ad

161 479 295 553 dziht
326 495 677 561 immaculati,
704 506 757 551 ct
780 494 1187 551 incontaminati
1215 478 1336 550 sunt
1367 494 1757 565 perfectissime
1787 496 1832 555 Α
1861 491 1929 547 Et
1955 490 2058 548 hoc
2090 502 2267 546 autem
2317 507 2470 547 sacre
2500 493 2769 564 intellige,
2800 497 3068 564 quomodo
3099 500 3467 568 superimsitis'

164 589 516 647 sanctissimi.
567 586 715 643 Tunc
745 589 1204 644 sanctissitnorum
1253 588 1664 647 saerilicatores.
1699 592 1755 640 et

163 680 638 750 contemplationis
701 690 1010 745 amatores,
1080 679 1474 735 sanctissimam
1538 678 1753 733 teletam

164 782 355 829 sancte
389 781 445 827 et
479 772 731 827 decenter
761 771 1131 842 inspicienles,
1159 770 1378 825 laudant
1413 769 1779 842 Itymnologia'

164 866 432 922 catholica
457 863 755 919 beneﬁcum
784 870 838 919 et
868 865 1127 919 bonorum
1150 860 1386 934 largiens
1411 861 1750 932 principium,

164 958 677 1025 subintroduceutes
714 957 976 1011 salutares
1028 956 1181 1010 nobis
1209 951 1477 1010 revelatae
1511 963 1637 1009 sunt
1678 965 1756 1009 te-

165 1050 327 1121 letae,
355 1058 596 1105 sanctam
629 1049 988 1120 perfecturum
1014 1048 1408 1105 deiﬁcationem
1438 1050 1751 1103 sacrificati-

166 1153 273 1213 tes.
316 1143 582 1214 Hymnunt
613 1154 793 1199 autem
821 1142 965 1197 hunc
993 1142 1081 1196 alii
1113 1142 1325 1213 quidem
1356 1142 1771 1214 ltymuologiam

163 1244 385 1300 vocant,
437 1234 526 1288 alii
562 1244 740 1288 autem
779 1232 1053 1303 religionis
1098 1232 1420 1303 symlolum,
1471 1232 1558 1285 alii
1607 1245 1638 1282 v
1674 1226 1771 1292 ro,

165 1337 231 1380 ut
290 1325 541 1388 aestimo,
591 1324 824 1378 divinius
894 1323 1246 1377 ierarrbicam
1318 1323 1753 1389 Euclrarisliam,

167 1427 427 1484 tauquam
475 1414 972 1483 comprcltensivant
1024 1413 1074 1466 in
1144 1429 1241 1466 nos
1299 1413 1558 1469 divinitus
1637 1431 1756 1485 per-

163 1508 498 1565 vcnit-utium
531 1522 806 1561 sacrorum
851 1505 1135 1560 donorum.
1172 1508 1396 1561 Videtur
1437 1509 1581 1563 enim
1627 1494 1767 1564 mibi

166 1598 559 1652 laudandurum
596 1597 835 1650 ontaium
884 1597 1184 1673 divinorum
1216 1615 1437 1668 operum
1487 1603 1771 1663 actioneut

164 1692 312 1759 circa
346 1706 445 1745 nos
476 1689 612 1755 ﬁeri,
653 1690 943 1743 essentiam
990 1689 1203 1758 quidem
1233 1701 1471 1744 nostram
1504 1701 1554 1746 et
1592 1692 1754 1746 vitam

162 1782 505 1835 deifurmiter
539 1781 890 1845 substitucns,
926 1792 975 1836 et
1010 1797 1041 1850 p
1066 1782 1394 1851 ‘ittcipdlibttS
1419 1784 1677 1854 exeutplis
1701 1796 1755 1839 et

1858 582 2039 637 divino
2110 581 2265 636 altari
2333 581 2447 651 piis
2496 580 2795 653 symbolis,
2840 582 2949 651 per
3001 598 3140 655 quae
3207 585 3465 642 Christus

1856 671 2191 745 signiﬁcatur
2229 685 2282 729 et
2321 674 2698 745 participatnr,
2741 676 2890 729 adest
2919 675 3289 731 indubitanter
3319 692 3454 732 san-

1856 775 2066 821 ctorum
2108 766 2412 837 professio,
2470 762 2905 836 coniunctionem
2934 781 3124 822 eorum
3176 768 3464 839 insepara-'

1856 858 2038 913 biliter
2063 858 2421 913 manifestans
2465 856 2532 910 ad
2569 871 2692 911 eum
2724 870 2887 926 super
2913 858 3181 911 mundana
3216 868 3270 912 et
3296 863 3465 913 sacra'

1856 948 2082 1002 unitate.
2117 947 2211 1002 llis
2258 954 2435 1002 autem
2482 962 2564 1005 ea,
2605 960 2748 1016 quae
2773 933 2915 1000 dicta
2942 949 3094 1012 sunt,
3126 947 3242 1017 lege
3280 952 3465 1003 sacri-7

1859 1036 2056 1098 licaiis,
2088 1044 2239 1091 stans
2282 1038 2335 1091 in
2371 1048 2661 1106 conspectu
2688 1036 3155 1091 sanctissimormn
3183 1039 3459 1109 symbolo~

1861 1144 2018 1193 rum,
2070 1142 2209 1200 aqua
2268 1144 2460 1184 manus
2530 1142 2775 1184 summus
2824 1132 3077 1185 sacerdos
3146 1131 3289 1185 lavat
3328 1145 3467 1187 cum'

1857 1221 2054 1291 pudico
2079 1224 2421 1276 sacerdotum
2459 1222 2648 1276 ordine
2676 1236 2690 1276 :
2726 1223 2850 1292 quia
2876 1223 3112 1291 quidem,
3146 1232 3207 1278 ut
3236 1224 3452 1296 eloquia

1860 1314 2030 1378 aiunt,
2059 1313 2150 1384 qui
2179 1313 2320 1367 lotus
2341 1322 2444 1378 cst,
2474 1328 2577 1368 non
2604 1312 2807 1385 indiget
2833 1314 3063 1385 alicujus
3088 1315 3334 1380 alterius,
3350 1315 3453 1370 nisi

1860 1422 2212 1470 summorum,
2248 1404 2299 1460 id
2346 1417 2449 1470 est,
2498 1407 2912 1462 novissimoruni
2958 1422 3177 1462 suorum
3222 1404 3469 1464 lavatio-r

1862 1496 1945 1551 nis
1977 1495 2026 1559 ά,
2057 1503 2275 1567 pr0plcr
2306 1494 2746 1552 sublituissiazam
2776 1499 3149 1569 purgationem
3178 1499 3230 1554 in
3263 1499 3457 1554 castis-

1861 1588 1998 1642 simo
2026 1586 2404 1641 deiformitatis
2444 1584 2654 1651 habitu,
2684 1598 2736 1641 et
2776 1587 2842 1641 ad
2868 1591 3101 1643 secunda
3131 1590 3469 1660 provenieus

1861 1674 2219 1757 deiformiter,
2255 1679 2712 1735 inuueusurahilis
2754 1680 2858 1735 erit
2905 1691 2958 1735 et
3008 1683 3307 1749 absolutus,
3339 1690 3469 1737 tan-’

1863 1786 2023 1842 quam
2071 1772 2466 1841 perfectissime
2508 1768 2816 1832 uniformis.
2864 1785 2918 1828 et
2967 1775 3032 1829 ad
3065 1789 3228 1828 unum
3258 1771 3471 1829 iterum"

162 1874 408 1944 pulchris
453 1872 712 1929 deifarzue
754 1884 997 1928 nostrum
1063 1874 1339 1940 linmans,
1395 1888 1442 1929 et
1504 1879 1753 1935 divia'ori

1863 1864 2137 1917 adunatim
2167 1874 2512 1929 convertens,
2558 1866 2712 1933 quasi
2742 1862 3127 1921 deiformitatis
3156 1867 3452 1921 salvautem

166 1969 352 2023 habitu
378 1977 434 2022 et
470 1968 837 2031 renovatione
864 1969 913 2022 in
956 1969 1367 2039 participatione
1396 1971 1752 2036 constituens,

162 2076 459 2131 Segregans
515 2071 694 2115 autem
744 2077 807 2115 ex
866 2062 1187 2133 negligentia
1250 2064 1542 2133 ingenitam
1600 2066 1754 2122 nobis

164 2153 584 2207 sollicitulinem
629 2153 933 2207 divinorum
990 2154 1251 2208 donormu
1284 2194 1298 2215 ,
1351 2154 1599 2211 reficiens
1659 2173 1756 2213 nos

164 2242 341 2307 bouis,
376 2244 426 2300 in
458 2245 738 2314 antiquum
766 2254 1000 2310 revocat,
1032 2253 1085 2298 et
1112 2246 1502 2323 perfectissima
1539 2257 1754 2301 nostro-

136 2343 289 2392 ’runt
338 2338 707 2407 assumptione
754 2338 1350 2395 consuaututtissimmu
1410 2340 1755 2410 propriorum

164 2429 509 2484 traditionem
557 2429 759 2500 optime
804 2414 1081 2501 operatur,
1132 2432 1280 2485 etab
1311 2431 1411 2486 hac
1439 2432 1755 2489 societatem

163 2522 323 2598 nobis
349 2520 439 2577 Dei
466 2530 521 2576 et
548 2520 849 2576 divinorum
896 2522 1076 2578 donat.
1120 2522 1209 2577 Sic
1235 2532 1413 2577 autem
1444 2523 1619 2578 divina
1652 2525 1773 2583 ltus

164 2614 425 2667 man'tatc
481 2628 636 2669 sacre
683 2611 1231 2678 laudata,occultus
1275 2615 1491 2684 quidem
1542 2616 1757 2672 divinus

160 2704 323 2773 panis
352 2704 661 2775 apponitur,
700 2713 758 2760 et
776 2701 1172 2761 benedictionis
1200 2705 1340 2761 calix
1375 2724 1388 2761 :
1417 2707 1755 2764 divinissima

164 2803 345 2849 autem
392 2794 645 2850 salutatio
691 2803 875 2852 sancte
926 2797 1107 2867 agitur
1139 2836 1153 2856 ,
1210 2805 1264 2851 et
1307 2797 1753 2868 agiograpltorum

161 2882 499 2963 voluminum
539 2885 763 2956 mystica
793 2896 846 2940 et
877 2888 1310 2956 supermundana
1342 2889 1604 2944 recitatio.
1639 2889 1753 2945 Non

162 2977 311 3031 enim
340 2992 504 3031 unum
533 2986 616 3032 est
645 2978 712 3031 ad
744 2993 906 3032 unum
932 2979 1269 3047 congregati,
1299 2989 1353 3035 et
1390 2982 1545 3035 unius
1583 2983 1754 3051 parti-

163 3066 352 3135 cipare
380 3064 602 3136 pacifica
650 3067 891 3130 unitate,
944 3068 1011 3121 ad
1060 3070 1267 3138 seipsos
1315 3069 1645 3139 pacificatoe.
1698 3072 1753 3127 Si

163 3157 311 3212 enim
360 3157 429 3212 ab
467 3158 626 3212 unius
670 3157 1121 3229 contemplatione
1172 3169 1226 3213 et
1283 3161 1504 3214 scientia
1558 3161 1754 3214 illumi-

165 3248 280 3303 nati
311 3288 328 3311 ,
376 3248 444 3302 ad
498 3246 821 3305 uniformetn
881 3261 935 3304 et
985 3251 1220 3305 divinam
1285 3254 1755 3324 congregationem

164 3338 521 3405 uuilicamur,
575 3356 680 3395 non
736 3339 981 3395 fortassis
1024 3341 1076 3395 in
1128 3343 1355 3412 partitas
1406 3343 1764 3398 rescindimur

164 3433 420 3489 decidere
481 3433 988 3505 concupiscentias,
1070 3449 1135 3489 ex
1194 3434 1390 3504 quibus
1450 3435 1762 3491 materiales

164 3533 425 3578 creantur
451 3532 506 3578 et
546 3523 828 3594 passibiles
868 3525 1123 3577 adversus
1164 3522 1460 3579 sccumlum
1509 3535 1759 3579 naturam

164 3615 506 3685 aequiforme
556 3616 637 3670 inf
664 3618 945 3670 stationes.
983 3615 1134 3671 Hane
1181 3632 1328 3687 ergo,
1403 3626 1462 3672 ut
1508 3620 1767 3686 aestimo,

165 3694 491 3761 tinifortnem
515 3715 566 3761 cl
589 3705 999 3776 inseparabilem
1037 3707 1203 3760 vitam
1228 3708 1375 3777 pacis
1394 3710 1571 3764 actio‘
1604 3725 1757 3765 sacra

162 3797 490 3868 promulgat,
533 3797 694 3852 simili
723 3797 899 3851 simile
924 3797 1214 3861 collocatis,
1246 3808 1299 3852 et
1350 3801 1562 3868 partitis
1603 3816 1759 3871 sepa-

166 3901 299 3941 rans
326 3886 506 3940 divina
552 3895 608 3941 et
653 3887 803 3940 unita
849 3886 1176 3957 spectacula.
1230 3886 1522 3942 Sacrarum
1574 3900 1755 3946 autem

168 3978 472 4041 tabularum
527 3986 647 4048 post
707 3994 895 4049 pacem
950 3978 1200 4035 recitatio
1249 3979 1526 4050 praedicat
1572 3968 1763 4038 sancte

161 4068 429 4129 ﬁrmatos,
475 4050 529 4122 et
547 4069 615 4121 ad
663 4077 917 4122 strenuae
942 4068 1081 4121 vitae
1103 4071 1627 4125 consummationem
1659 4073 1757 4126 im-

163 4159 501 4214 mutabiliter
548 4159 917 4213 advenientes.
949 4157 1059 4213 Nos
1084 4159 1299 4228 quidem
1328 4175 1427 4231 per
1452 4161 1758 4218 similitudi-

161 4265 292 4306 nem
322 4266 507 4305 eorum
553 4252 605 4305 in
650 4251 1023 4305 beatissimum
1074 4252 1314 4306 habitttm
1360 4260 1411 4306 et
1442 4252 1755 4311 deiformem

162 4343 402 4416 quietem
454 4343 680 4399 hortans
707 4352 763 4399 et
811 4343 1195 4416 manuduceus,
1246 4345 1440 4415 quibus
1500 4355 1757 4417 tanquam

160 4435 471 4490 viventibus
491 4435 788 4505 praedicat,
815 4444 889 4499 et,
938 4443 995 4487 ut
1027 4434 1295 4505 theologia
1324 4436 1424 4499 ait,
1472 4452 1575 4491 non
1605 4452 1761 4493 mor-_

1860 1954 2249 2024 plenitudinem
2275 1963 2330 2009 et
2362 1956 2749 2027 integritatem.
2779 1955 2949 2013 Sacer
2989 1972 3118 2029 ergo
3145 1960 3283 2013 luter
3310 1968 3362 2025 ο,
3386 1964 3466 2015 ut

1859 2048 2128 2109 diximus,
2176 2047 2230 2101 iu
2273 2062 2336 2102 ea
2386 2050 2683 2103 secundum
2731 2043 2955 2120 legemf
2986 2062 3105 2106 erat
3147 2044 3468 2118 lerarcltiaf

1859 2138 2000 2195 nunc
2045 2146 2222 2194 autem
2268 2139 2466 2193 summi
2517 2138 2816 2197 sacerdotis
2852 2150 2907 2199 et
2953 2145 3294 2198 saterdotum
3340 2156 3457 2197 ma-

1858 2244 2021 2283 nmnn
2061 2226 2309 2303 purgatio
2369 2230 2543 2300 ipsum
2596 2230 2854 2287 insinuat.
2906 2230 3011 2288 Eos
3055 2237 3200 2288 enim
3232 2234 3298 2288 ad
3330 2218 3465 2288 san--

1857 2322 2157 2377 ctissimam
2203 2322 2482 2377 venientes
2532 2326 2848 2401 ἱερουργίαν,
2878 2338 3106 2398 purgare
3128 2334 3370 2396 oportet,
3398 2336 3469 2383 ρι’

1856 2426 2131 2470 estremas
2170 2414 2384 2471 animae
2432 2416 2770 2486 pltantasias,
2821 2426 2875 2473 ct
2919 2430 3016 2488 per
3048 2418 3469 2474 similitudinem

1859 2507 1969 2576 ipsa
2036 2513 2293 2572 tantum,
2344 2517 2606 2576 quantum
2661 2506 2919 2577 possibile
2983 2514 3106 2573 est,
3161 2509 3469 2564 admittere”

1859 2598 2257 2654 manifestiores
2301 2599 2380 2654 sic
2411 2596 2788 2669 theophanias,
2818 2601 2964 2656 circa
3009 2616 3144 2671 quas
3186 2612 3458 2672 ponentur

1856 2691 2367 2761 supermuudalibus
2441 2689 2745 2762 fulgoribus
2797 2692 2849 2747 in
2905 2690 3266 2747 conformitun
3325 2706 3471 2763 spe»

1857 2788 2101 2841 culorum
2167 2787 2469 2842 claritatem
2539 2784 2987 2843 universaliorem
3038 2793 3094 2841 et
3136 2784 3453 2841 lucidiorem

1857 2878 2232 2948 app-tentibus
2254 2877 2537 2946 pervenire
2559 2876 2836 2946 proprium
2862 2876 3221 2947 splendorem.
3244 2880 3267 2921 θ’
3283 2871 3463 2930 umml'

1858 2982 2035 3023 autem
2087 2968 2387 3023 sacerdotis
2434 2978 2489 3022 et
2518 2967 2861 3022 sacerdotum
2911 2982 3081 3037 usque
3109 2967 3175 3021 ad
3218 2976 3463 3030 summa,

1858 3062 1907 3115 i.l
1950 3068 2055 3121 est,
2108 3059 2403 3113 novissima
2448 3057 2648 3113 lavatio
2677 3058 2728 3112 in
2760 3067 3051 3127 conspectu
3083 3058 3137 3111 llt
3168 3052 3464 3110 sauctissi-i

1862 3167 2070 3205 moruut
2127 3148 2841 3222 symbolorum,‘tanquam
2903 3148 2954 3202 in
3004 3147 3209 3203 Christi
3263 3141 3455 3201 omnes

1867 3242 2204 3314 inspicieulis
2255 3252 2469 3297 nostras
2515 3241 2913 3297 occultissimas
2964 3241 3226 3303 notiones,
3261 3247 3316 3294 et
3362 3233 3463 3294 sui

1865 3333 2214 3389 blituissimae
2257 3334 2593 3405 purgationis
2625 3335 2677 3387 in
2733 3332 3253 3402 ejits.itttcntissi.nis
3276 3330 3462 3385 Subti-‘

1862 3427 2103 3483 litatibus
2147 3438 2200 3483 et
2222 3422 2540 3495 justissimis
2587 3432 2642 3481 et
2685 3424 3030 3496 aequissimis
3071 3424 3294 3496 jutliciis
3343 3425 3463 3478 ter-‘

1863 3520 2118 3575 miualae.
2165 3518 2257 3574 Sic
2298 3516 2496 3572 divinis
2537 3532 2784 3584 smnnms
2837 3516 3092 3570 sacerdos
3126 3514 3361 3577 'unitur,
3398 3516 3465 3567 ct'

1862 3628 2046 3669 sacras
2081 3613 2293 3666 divinas
2333 3610 2578 3667 actiones
2614 3609 2840 3664 laudans
2865 3649 2880 3675 ,
2918 3607 3191 3663 sacrificat
3230 3605 3454 3661 divinis-

1860 3707 2017 3772 sima,
2052 3717 2105 3758 et
2144 3704 2245 3758 sub
2292 3710 2638 3773 conspectum
2684 3701 2831 3756 ducit
2875 3700 3109 3754 laudata.
3165 3696 3305 3768 Ergo
3331 3696 3461 3753 esse

1861 3797 1913 3850 in
1932 3802 2028 3849 nes
2053 3795 2264 3849 divinas
2283 3793 2524 3847 actiones
2549 3792 2785 3846 diximus
2804 3792 2851 3855 ’,
2874 3789 3065 3845 deinde
3098 3789 3451 3851 narrandum,

1860 3896 2061 3958 quanta
2098 3886 2288 3938 virtus.
2337 3880 2453 3936 Non
2489 3886 2631 3936 enim
2679 3896 2870 3937 onmes
2925 3880 3143 3936 laudare
3182 3878 3460 3963 sulllciens

1859 3995 1976 4055 ego,
2019 3993 2193 4047 neque
2218 3986 2402 4047 aperte
2427 3977 2586 4039 scire,
2609 3984 2663 4029 et
2687 3975 2823 4029 alios
2855 3974 2906 4028 in
2936 3975 3192 4044 mysteria
3232 3975 3461 4027 ducere;

1860 4070 2243 4140 Quaecunque
2274 4078 2451 4122 autem
2499 4082 2528 4120 a
2569 4064 2765 4121 divinis
2808 4064 3033 4121 summis
3077 4064 3453 4119 sacerdotibus

1860 4171 2258 4231 consequenter
2291 4159 2523 4229 eloquiis
2574 4158 2867 4213 laudantur
2916 4166 2973 4212 et
3027 4155 3450 4220 Sacriﬁcantur,

1862 4234 1997 4310 Itacc
2026 4295 2041 4320 ,
2092 4262 2151 4309 ut
2200 4252 2355 4309 nobis
2406 4251 2661 4323 possibile
2690 4292 2705 4317 ,
2761 4253 3044 4315 dicemus,
3092 4249 3455 4306 ierarchicam‘

1862 4332 2269 4417 inspirationem
2309 4343 2503 4399 ducem
2552 4344 2886 4399 invocantes.
2933 4340 3236 4395 Ilumanam
3291 4348 3452 4394 natu-

1859 4456 1974 4507 ram
2002 4438 2267 4511 principio
2296 4453 2360 4492 ex
2408 4436 2605 4491 divinis
2636 4432 2793 4491 bonis
2836 4431 3153 4503 insipienter
3180 4425 3450 4502 perditam

164 4528 300 4589 tuis,
330 4527 425 4583 sed
456 4528 507 4582 in
545 4527 935 4582 divinissimam
965 4528 1128 4583 vitam
1173 4544 1239 4583 ex
1270 4538 1444 4586 morte
1473 4539 1757 4610 transeuu-
1788 4560 1835 4620 υ
1862 4528 2086 4590 nmltunt
2138 4535 2411 4606 passibilis
2457 4529 2581 4590 vita.
2620 4533 2898 4603 suscepit,
2955 4540 3009 4586 et
3050 4524 3452 4609 corrumpentis

163 4619 314 4673 tibus
340 4629 388 4670 ι.
423 4617 553 4674 Vide
593 4626 800 4682 autem,
840 4618 965 4686 quia
1013 4628 1067 4687 et
1095 4617 1561 4676 recordationibus
1586 4624 1757 4679 sacris

163 4708 529 4773 restituimur,
560 4708 739 4763 divina
776 4709 1035 4785 memoria
1077 4724 1183 4763 non
1218 4711 1527 4766 lmmanitus
1551 4728 1755 4771 memo-

163 4798 342 4854 rativa
376 4800 658 4869 phantasia
709 4798 1035 4862 declarante,
1067 4800 1160 4855 sed
1186 4797 1346 4856 veluti
1387 4799 1431 4855 si
1466 4800 1589 4870 quis
1614 4802 1759 4861 dicat

162 4888 428 4964 divinitus
450 4891 745 4945 secundum
768 4890 1068 4945 divinorum
1094 4890 1384 4961 perfectura
1414 4891 1756 4963 deiformium

163 4979 470 5053 preciosatn
496 4989 557 5037 et
575 4981 963 5037 immutabilem
993 4982 1375 5053 cognitionem.
1409 4980 1565 5037 Novit
1594 4986 1755 5051 enim,

164 5072 323 5125 aiunt
360 5069 593 5143 eloquia,
643 5072 730 5142 qui
785 5083 905 5126 sunt
953 5072 1066 5143 ejus
1117 5073 1175 5140 b;
1227 5082 1281 5129 et
1332 5090 1345 5126 :
1402 5071 1647 5129 Preciosa
1699 5077 1755 5132 in

163 5172 443 5234 conspectu
486 5161 701 5235 Domini
755 5180 896 5218 mors
946 5168 1246 5218 sanctorum
1307 5164 1420 5235 ejus
1476 5176 1533 5232 ος
1585 5166 1759 5223 merte

163 5266 483 5315 sanctorum
529 5272 630 5329 pro
674 5257 728 5312 in
766 5257 1052 5313 sanctitate
1095 5258 1561 5314 consummatione
1588 5259 1753 5316 dicta.

1866 4626 2057 4682 mortis
2108 4624 2250 4680 linis.
2307 4619 2713 4693 Consequentcr
2757 4621 2923 4685 enim,
2971 4635 3111 4691 quae
3161 4633 3288 4673 vere
3343 4606 3451 4681 est,

1865 4719 2105 4775 bonitate
2130 4718 2340 4789 perdita
2370 4717 2661 4788 apostasia,
2709 4732 2901 4772 sacrae
2949 4715 3001 4770 in
3034 4703 3285 4787 paradiso
3314 4711 3455 4781 lcgi-‘

1862 4809 2106 4864 slationis
2172 4808 2606 4879 transgressione
2643 4847 2659 4873 ,
2733 4807 3171 4865 recalcitrantent
3238 4803 3453 4858 vivitico

1856 4900 2005 4970 jugo,
2048 4884 2282 4972 prepriis
2323 4898 2544 4953 nutibtts
2572 4906 2626 4952 et
2653 4892 3017 4954 delcctatoriis
3048 4894 3366 4958 adversarii,
3398 4886 3453 4969 et

1864 4987 2097 5044 inimicis
2123 4986 2533 5061 seductionibus
2577 4986 2894 5053 contrariis,
2941 4982 3248 5042 divinorum
3284 4983 3453 5061 houo_-

1862 5070 1980 5136 rum
2018 5081 2257 5155 tradidit.
2292 5079 2420 5135 lude
2454 5060 2839 5137 iitiserabiliter
2858 5095 2955 5152 pro
2981 5077 3194 5150 quidem
3226 5057 3450 5140 aeterm;

1862 5154 2088 5229 mortale
2128 5166 2415 5239 mutuavit,
2456 5172 2734 5243 propriuut
2777 5180 2958 5226 autem
3009 5164 3330 5241 principium
3370 5154 3451 5220 in1

1859 5258 2298 5336 corruptibilibus
2324 5264 2530 5320 habens
2563 5261 3000 5335 generationibus
3027 5300 3042 5326 ,
3088 5257 3154 5313 ad
3198 5252 3449 5333 principii

1448 5368 1704 5453 vantae
1740 5372 2143 5432 LECTIONES.

241 5465 260 5497 ⁸
297 5462 345 5518 Α
364 5463 406 5521 ε
441 5476 592 5520 sacra
611 5467 769 5535 actio.
845 5473 867 5503 ’
888 5465 930 5519 Δ
961 5463 1001 5520 Ε
1026 5463 1268 5520 dicimus.

1676 5542 1946 5632 'sorAE.

242 5680 270 5708 ι
302 5666 460 5721 Rom.
502 5665 585 5721 \‘l.

242 5739 270 5778 1³
309 5737 349 5791 II
386 5736 527 5790 Tim.
577 5737 635 5790 II.

244 5822 264 5845 ε’
311 5807 451 5886 I‘sttl.
486 5808 570 5862 CX
584 5806 644 5863 Υ.

1926 5663 1956 5704 δ
1994 5664 2154 5723 Joan.
2196 5665 2330 5721 Xlll.
3426 5664 3448 5715 ἑ

1997 5736 2156 5809 Later
2178 5737 2289 5809 i._e.
2316 5738 2516 5809 λουτὴρ.
2532 5736 2834 5809 incanum,

2006 5807 2172 5862 I'Ixod.
2217 5807 2385 5873 XXX,
2428 5806 2690 5863 XXXVIII
2727 5819 2781 5877 et
2809 5806 2916 5864 XL.
