4008 6286
566 308 703 368 1087

1951 301 2234 358 JOANNIS
2270 301 2463 358 SCOTI

3709 305 3838 360 l088

562 427 976 489 consequentem
1032 416 1226 473 merito
1264 415 1419 471 ducta
1467 426 1551 470 est
1601 415 1779 470 liuent.
1821 415 1925 469 Sed
1955 427 2008 470 et
2031 433 2148 470 sur-
2179 421 2222 475 Α
2255 413 2467 467 laudata
2507 428 2602 482 per
2640 427 2793 467 sacre
2838 414 3244 480 procumbetuin
3284 415 3547 486 symbma.
3597 414 3840 472 Vciatma

561 527 684 568 sum
732 509 963 564 ducente
1016 511 1125 563 vita
1183 507 1487 563 voluntarie
1540 509 1785 563 recidens
1826 509 1893 562 ad
1947 519 2149 564 terram

559 601 832 660 contraria
859 601 1200 656 extremitate
1225 641 1241 665 ,
1274 610 1492 669 gravata
1531 609 1614 654 est
1655 599 1877 653 multmn
1911 600 2149 670 passibili

559 691 939 747 mutabilitate.
983 691 1184 746 Errans
1219 699 1399 744 autem
1448 700 1590 744 recta
1626 689 1732 755 via,
1771 705 1911 760 quae
1955 700 2040 745 cst
2083 691 2149 746 ad

558 799 687 838 vere
718 782 1040 838 existentetn
1071 781 1264 845 Deum,
1297 779 1577 834 vulnerata
1608 789 1714 844 est,
1742 788 1797 835 et
1827 781 2055 850 perditis
2093 792 2150 835 et

559 873 818 929 maleticis
867 870 1110 940 subjecta
1161 872 1632 936 multitudiuibus,
1682 873 1847 928 oblita
1903 883 2006 939 est,
2041 890 2146 929 non

555 964 679 1030 diis,
709 981 885 1034 neque
929 964 1140 1028 amicis,
1169 964 1264 1018 sed
1291 963 1524 1019 inimicis
1550 961 1838 1018 famulans.
1887 965 2021 1036 Ipsis
2050 981 2151 1020 au-

555 1065 664 1111 tem
696 1054 1196 1110 iuunisericorditer
1226 1070 1287 1109 ea
1316 1055 1609 1110 secundum
1642 1055 1912 1126 pr0priam
1955 1057 2146 1111 imma-

554 1147 804 1209 nitatem,
834 1145 1199 1210 abutentibus,
1229 1145 1284 1198 in
1324 1160 1428 1198 non
1468 1145 1846 1202 subsistentias
1871 1147 2144 1204 serviliter

552 1235 741 1292 incidit
796 1244 852 1290 et
909 1235 1227 1306 perditionis
1291 1235 1608 1306 periculum.
1683 1236 1909 1294 Divinae
1964 1249 2144 1294 autem

550 1325 806 1382 bonitatis
835 1325 1066 1382 maxima
1098 1326 1424 1390 humanitas,
1471 1342 1574 1397 per
1615 1341 1676 1382 se
1727 1328 1896 1398 ipsam
1948 1345 2143 1400 opera-

550 1417 742 1474 tricem
789 1420 946 1475 nobis
975 1419 1234 1474 divinitus
1263 1434 1366 1474 non
1411 1419 1683 1475 induravit
1729 1422 2141 1490 providentiam,

549 1510 643 1564 sed
683 1510 735 1564 in
786 1510 1010 1566 veritate
1053 1510 1469 1580 participatione
1495 1550 1510 1574 ,
1554 1525 1693 1579 quae
1721 1514 2015 1568 secundum
2047 1530 2144 1569 nos

547 1609 675 1654 sunt
714 1601 856 1656 facta
897 1609 980 1656 est
1024 1602 1265 1656 omnium
1311 1602 1427 1658 sine
1464 1613 1688 1673 peccato
1734 1615 1788 1659 et
1829 1607 1896 1658 ad
1945 1607 2144 1663 humile

547 1701 789 1747 nostrum
839 1692 1089 1765 unilicata
1119 1734 1136 1759 ,
1182 1709 1306 1748 cum
1356 1695 1696 1764 propriorum
1754 1697 2035 1754 inconfnso
2089 1710 2144 1755 et

2251 504 2393 556 cnim
2417 513 2470 557 ct
2496 520 2600 556 non
2629 504 2857 558 divisum
2910 521 3103 576 panem
3157 508 3422 572 revelatis,
3477 519 3533 562 et
3575 510 3630 562 in
3679 510 3838 562 multa

2251 595 2517 656 dividens,
2557 604 2607 649 et
2649 595 2902 650 unionem
2961 597 3150 652 caiicis
3206 600 3464 653 omnibus
3512 599 3840 668 dispertiens

2249 685 2544 756 symbolice
2593 687 2856 741 unitatem
2903 689 3241 759 multiplicat,
3273 701 3328 744 et
3365 691 3684 757 distribuit;
3720 707 3836 745 san-

2250 775 2546 830 ctissimam
2581 776 2632 830 in
2673 778 2758 832 his
2780 778 3065 846 jactionem
3097 795 3308 834 sacram
3337 783 3385 845 ',
3428 797 3835 838 consummatis.

2254 865 2427 920 Unmn
2467 867 2612 920 enim
2647 876 2704 921 et
2727 867 2978 938 simplum
3024 877 3080 922 et
3115 870 3386 924 occultum
3432 870 3561 926 Jesu
3612 872 3837 929 divinis-

2248 957 2371 1031 simi
2417 958 2591 1024 verbi,
2641 960 2935 1014 secundum
2984 944 3094 1017 nos.
3135 962 3186 1016 in
3237 963 3633 1017 humanatione
3681 975 3742 1019 et
3778 967 3837 1020 ad

2247 1051 2602 1120 compositum
2623 1060 2677 1106 et
2699 1052 2931 1117 visibile,
2956 1053 3279 1109 immutabili
3303 1056 3549 1111 bonitate
3571 1066 3629 1111 ct
3649 1057 3835 1112 barua-

2248 1143 2417 1197 nitate
2447 1143 2718 1211 provenit,
2749 1153 2802 1199 et
2827 1144 2894 1198 ad
2925 1159 2983 1199 se
3023 1158 3264 1202 nostra-.n
3300 1148 3557 1202 uniﬁcanl
3605 1150 3838 1205 societa-

2249 1240 2355 1287 tem
2407 1234 2637 1304 benigne
2660 1236 2869 1307 peregit
2891 1243 2942 1302 »³,
2983 1246 3164 1292 n'ostra
3214 1239 3441 1292 humilia
3478 1241 3837 1295 divinissimis

2245 1322 2358 1378 suis
2396 1337 2605 1379 summe
2659 1326 2924 1382 adunans.
2973 1326 3253 1398 Siquidem
3317 1337 3371 1383 et
3423 1346 3521 1383 nos
3582 1341 3835 1402 tauquam

2249 1415 2489 1470 membra
2518 1418 2735 1486 corpori
2785 1419 3231 1489 compagiuamur
3271 1419 3371 1489 ipsi
3426 1430 3735 1475 secundum
3767 1425 3839 1477 id-

2249 1505 2420 1576 ipsum
2471 1507 2815 1563 immacuiata
2849 1519 2904 1564 et
2926 1511 3102 1564 divina
3158 1512 3286 1575 vita,
3342 1522 3396 1567 ct
3454 1530 3562 1568 non
3595 1530 3838 1569 corrum-

2245 1600 2496 1669 pentihus
2531 1601 2874 1668 passiouibus
2895 1600 3051 1671 juxta
3080 1605 3464 1657 mortificatum
3504 1604 3837 1670 iucntnpacti

2245 1698 2300 1743 et
2329 1688 2602 1746 deformes
2631 1691 2674 1756 ⁸,
2700 1702 2754 1745 ct.
2777 1708 2885 1746 non
2935 1695 3321 1749 convenientes
3358 1695 3630 1751 efficimur
3668 1706 3737 1752 ad
3761 1699 3836 1751 di-

546 1782 889 1840 immaculaw
915 1783 1309 1854 pej'fcclissime
1339 1786 1542 1852 habitu,
1587 1787 1652 1840 ad
1685 1804 1743 1843 se
1793 1790 1947 1844 nobis
1993 1805 2138 1846 cum-
2172 1795 2214 1854 Β
2242 1781 2366 1835 vina
2405 1784 2642 1837 membra
2669 1793 2723 1837 ΘΙ,
2746 1784 3054 1839 sanissima.
3095 1786 3320 1856 Oportet
3357 1789 3504 1842 Θηίίιι
3543 1805 3673 1854 nos,
3698 1793 3744 1844 Si
3771 1793 3832 1846 ad

546 1874 961 1929 municationem
1011 1885 1264 1945 tanquam
1315 1878 1616 1947 congenitis
1658 1881 1723 1933 de
1762 1888 1946 1935 cetero
1973 1882 2138 1936 dona-

543 1965 662 2030 vit,
713 1976 769 2020 et
809 1969 1148 2038 propriorum
1223 1972 1427 2042 recepit
1491 1972 1787 2043 participes
1847 1974 2134 2028 bonormn.

539 2055 882 2125 Apostaticae
947 2059 1161 2129 quidem
1236 2060 1597 2116 multitudinis
1630 2101 1646 2127 ,
1727 2062 1867 2118 sicut
1921 2062 2134 2118 occulta

542 2148 765 2204 traditio
793 2149 972 2215 habet,
1001 2167 1141 2219 quae
1171 2161 1363 2207 contra
1393 2169 1492 2209 nos
1521 2163 1621 2220 est,
1651 2155 1918 2210 destruxit
1950 2167 2137 2225 potet:-

540 2236 692 2303 tiam,
734 2255 838 2294 non
877 2256 972 2310 per
1011 2242 1265 2297 virtutem
1301 2259 1585 2314 superans,
1623 2244 1780 2316 juxta
1839 2263 1967 2302 vero
2017 2264 2134 2320 my-

542 2332 679 2387 stice
709 2334 863 2389 nobis
896 2337 1154 2391 traditum
1195 2337 1490 2407 eloquium,
1517 2339 1568 2394 in
1593 2338 1798 2409 judicio
1828 2349 1882 2395 et
1897 2341 2129 2411 justitia.

538 2423 688 2491 Quae
732 2427 876 2480 enim
908 2428 923 2458 ¹
953 2429 1248 2483 secundum
1307 2446 1404 2486 nos
1461 2441 1626 2496 sunt,
1677 2433 1744 2486 ad
1801 2433 2132 2488 contrarium

537 2515 699 2570 simul
741 2533 900 2574 omne
947 2521 1177 2591 benigne
1230 2524 1518 2591 reparavit.
1571 2524 1724 2592 Quod
1785 2525 1928 2579 enim
1979 2524 2130 2593 juxta

537 2606 776 2661 animum
824 2621 1064 2664 nostrum
1117 2611 1404 2668 obscurum
1445 2625 1549 2681 est,
1598 2616 1838 2688 implevit
1881 2617 2029 2671 diviti
2078 2625 2133 2671 et

540 2698 877 2756 divinissimo
919 2703 1142 2769 lumine,
1172 2714 1227 2761 et
1264 2706 1615 2764 deiformibus
1655 2709 1868 2763 ornavit
1902 2709 2132 2764 informe

538 2789 1050 2860 pulchritudinibns.
1083 2795 1309 2851 Animae
1337 2811 1464 2852 vero
1506 2797 1872 2854 habitaculum
1907 2799 1960 2852 in
2004 2814 2130 2876 per-

537 2881 830 2939 fectissima
854 2887 1025 2942 salute
1042 2897 1248 2943 tantum
1266 2889 1565 2945 decidentis
1588 2902 1805 2946 nostrae
1829 2894 2126 2956 essentiac,

537 2972 910 3042 pollutissimis
940 2979 1282 3047 passionilms
1326 2990 1383 3034 et
1431 2982 1902 3052 eorrumpentibus
1945 2997 2128 3036 macu-

535 3063 605 3117 lis
659 3062 952 3130 liberavit,
994 3068 1396 3124 renovationem
1441 3080 1683 3125 nostram
1737 3072 2128 3141 supermunda-

539 3170 663 3209 nam
690 3158 1002 3224 ostendens,
1029 3169 1084 3214 et
1127 3161 1350 3216 multam
1398 3163 1786 3232 perfectionem
1816 3164 2051 3218 divinam
2080 3163 2130 3217 in
2164 3155 2206 3213 (ἰ

537 3245 670 3314 ipsis
718 3246 785 3301 ad
837 3263 957 3302 eam
1012 3252 1212 3306 nostris
1259 3252 1450 3316 sacris,
1483 3253 1776 3308 secundum
1823 3253 1963 3323 quod
2012 3268 2132 3323 pos-

535 3336 692 3392 sibile
739 3348 868 3404 est,
937 3340 1400 3398 similitudinibus.
1471 3344 1660 3400 Divina
1710 3362 1840 3401 vero
1900 3346 2130 3400 imitatio

535 3425 806 3492 quomodo
869 3428 1023 3483 nobis
1097 3429 1255 3487 aliter
1319 3432 1552 3502 ingenim
1607 3435 1715 3496 sit,
1775 3436 1877 3490 nisi
1947 3451 2128 3493 sacra-

537 3516 869 3570 tissimarum
922 3518 1223 3574 divinarum
1261 3522 1534 3578 actionum
1565 3526 1821 3580 memoria
1875 3537 2127 3584 renovata

537 3622 754 3677 semper
788 3609 1101 3667 ierarchicis
1131 3621 1185 3668 et
1213 3615 1388 3671 sacris
1413 3617 1750 3672 orationibus
1777 3629 1831 3673 et
1854 3621 2128 3677 sacrifica-

536 3698 805 3753 tionibus?
847 3699 960 3756 Hoc
1000 3718 1130 3774 ergo
1164 3704 1416 3771 faciams,
1465 3717 1526 3762 ut
1554 3707 1768 3778 eloquia
1811 3711 1963 3766 aiunt
1990 3723 2038 3774 ⁸.
2072 3713 2125 3767 in

533 3789 654 3859 ejus
683 3793 1132 3850 recordationem.
1180 3797 1308 3852 Inde
1352 3799 1566 3856 divinus
1598 3816 1842 3857 summus
1869 3807 2124 3860 sacerdos

533 3879 600 3933 ad
635 3880 873 3936 divinum
913 3884 1084 3941 altare
1118 3897 1290 3954 stans,
1322 3887 1506 3945 laudat
1535 3891 1709 3946 dictas
1737 3909 1922 3950 sacras
1954 3895 2123 3951 actio-

534 3984 633 4022 nes
673 3970 882 4027 divinas
930 3972 1056 4030 Jesu
1089 3976 1456 4033 divinissimae
1487 3989 1702 4036 nostrae
1731 3983 2120 4051 providentiae,

533 4073 669 4126 quas
705 4059 755 4113 in
783 4061 955 4116 salute
984 4066 1197 4133 generis
1228 4068 1397 4122 nostri
1426 4068 1763 4138 heneplacito
1789 4071 2120 4126 sanctissimi

531 4150 710 4207 Patris
736 4146 790 4208 in
810 4154 1010 4226 Spiritu
1037 4167 1225 4214 sancto
1249 4161 1544 4215 secundum
1577 4161 1846 4232 eloquium
1879 4181 2125 4220 consum-

535 4242 718 4295 mavit.
753 4241 1004 4299 Laudans
1034 4257 1213 4302 autem
1246 4257 1301 4303 et
1328 4249 1528 4304 cultmn
1558 4265 1768 4317 earum,
1797 4262 1851 4307 et
1884 4253 2125 4310 invisibi-

531 4332 639 4387 lcm
683 4336 1191 4405 contemplationem
1238 4339 1688 4396 intellectualibus
1733 4342 1902 4398 oculis
1951 4344 2123 4416 inspi-

531 4424 701 4490 ciens,
728 4425 778 4478 in
807 4427 1152 4497 synn.olica|it
1183 4445 1370 4484 earmn
1401 4431 1695 4502 lerurgiam
1724 4435 1890 4501 venit,
1942 4445 1994 4492 et
2022 4438 2124 4494 hoc

2237 1885 2360 1924 eum
2405 1871 2777 1928 desideramus
2825 1879 3282 1942 communionem,
3328 1878 3379 1933 in
3427 1881 3828 1937 divinissimau

2241 1959 2322 2014 sui
2353 1962 2648 2015 secundum
2680 1976 2902 2018 carnem
2954 1963 3119 2018 vitam
3171 1965 3465 2034 respicere,
3498 1977 3553 2022 et
3607 1971 3680 2022 ad
3712 1987 3827 2023 eaut

2237 2051 2575 2106 similitudini
2621 2069 2776 2108 sacra
2843 2065 3068 2124 peccato
3115 2057 3358 2110 carentia
3406 2057 3738 2112 deiformetn
3783 2071 3831 2113 et

2238 2142 2638 2197 immaculatum
2663 2144 2904 2199 habitum
2929 2161 3228 2201 recurrere.
3259 2147 3355 2202 Sic
3375 2148 3526 2203 enim
3553 2159 3831 2220 compacte

2236 2233 2391 2288 nobis
2421 2235 2486 2288 ad
2517 2235 2692 2289 simile
2722 2235 3036 2291 societatem
3065 2237 3306 2292 donabit.
3349 2238 3503 2295 llaec
3532 2241 3715 2296 sacris
3744 2256 3829 2297 ac-

2237 2325 2471 2381 tionibus
2509 2343 2753 2384 summus
2795 2331 3048 2385 sacerdos
3099 2332 3434 2400 manifestat,
3479 2334 3668 2390 velata
3719 2337 3831 2407 qui-

2233 2418 2356 2472 dem
2410 2419 2548 2473 dona
2602 2421 2666 2475 ad
2736 2421 3084 2477 manifestum
3156 2425 3384 2491 ducens,
3446 2426 3828 2500 uniformeqnc

2231 2523 2421 2563 eorum
2471 2511 2523 2564 in
2565 2512 2730 2566 mtdta
2773 2513 3039 2579 dividens,
3087 2524 3145 2570 et.
3190 2517 3618 2574 distributum
3648 2524 3718 2575 ad
3749 2537 3826 2585 ea.

2235 2598 2286 2652 in
2339 2601 2538 2670 quibus
2586 2601 2721 2656 fiunt
2762 2605 3056 2659 secundum
3107 2616 3319 2680 tempus
3364 2609 3598 2677 unitati,
3651 2613 3825 2668 socios

2231 2706 2416 2746 eorum
2443 2693 2728 2761 pet-ficiens
2765 2696 3080 2765 participes.
3115 2697 3383 2752 Describit
3446 2700 3604 2755 enim
3663 2702 3718 2756 in
3746 2702 3825 2757 bis

2229 2782 2595 2847 sensibilibus,
2612 2785 2709 2840 sub
2730 2787 3300 2856 conspectum'dueens
3317 2788 3509 2845 Jcsutn
3527 2791 3823 2860 Christum,

2229 2873 2550 2928 invisibilem
2582 2888 2842 2942 nostram,
2874 2891 3134 2947 quantum
3160 2880 3212 2934 in
3243 2881 3601 2951 imaginibus,
3638 2887 3822 2950 vitam,

2230 2968 2522 3021 secundum
2558 2970 2722 3024 Deum
2753 2985 2820 3024 ex
2859 2972 3072 3025 occulto
3102 2972 3268 3042 perfer
3291 2975 3509 3029 tissima
3540 2987 3596 3030 et
3637 2978 3821 3032 incon-

2229 3056 2344 3110 fusa
2369 3057 2522 3128 juxta
2562 3076 2662 3114 nos
2685 3063 2735 3114 in
2772 3061 3159 3117 humanatitme
3190 3065 3633 3121 misericorditer
3660 3071 3712 3121 in
3743 3087 3822 3122 na-

2242 3157 2415 3202 turam
2467 3161 2705 3204 nostram
2771 3153 3160 3220 speciticatum,
3207 3166 3263 3209 et
3314 3157 3384 3210 ad
3437 3159 3706 3226 partibile
3737 3178 3824 3212 tm-

2231 3246 2402 3292 strum
2433 3238 2843 3293 immutabiliter
2873 3257 2936 3295 ex
2965 3258 3070 3297 uno
3100 3244 3396 3298 secundum
3423 3257 3685 3301 naturam
3712 3265 3824 3319 pra-

2232 3328 2575 3395 venientem,
2639 3341 2694 3385 et
2757 3334 3205 3405 per.lwnignam
3263 3337 3402 3391 hanc
3472 3339 3822 3395 humanitatis

2230 3420 2574 3477 dilectionem
2629 3423 2687 3478 in
2741 3425 3212 3496 participationem
3244 3429 3326 3482 sui
3376 3437 3430 3483 et
3475 3433 3819 3502 pmpriomm

2230 3513 2492 3567 bonormn
2541 3523 2824 3569 vocantem
2891 3518 3182 3572 lnunanam
3246 3529 3488 3589 gentem.
3541 3522 3818 3592 Siquidem

2230 3604 2448 3658 unimur
2499 3607 2598 3675 ipsi
2655 3607 3027 3662 divinissimac
3078 3610 3220 3664 vitae
3274 3611 3341 3664 ad
3398 3626 3526 3666 eam
3582 3626 3816 3669 nostram

2219 3694 2376 3764 juxta
2404 3701 2656 3752 virtutem
2688 3698 3044 3756 similitudine
3062 3719 3075 3754 :
3096 3716 3194 3771 per
3217 3703 3322 3757 hoc
3338 3703 3510 3757 etiam
3533 3706 3603 3758 ad
3626 3708 3820 3760 verita-

2231 3797 2336 3841 tem
2363 3789 2857 3844 communicaturcs
2887 3790 2976 3843 Dei
2994 3800 3049 3844 et
3072 3792 3538 3848 divinissimarum
3565 3811 3816 3850 consum-

2229 3881 2526 3935 mationum
2569 3882 2794 3935 erimus.
2827 3882 3115 3951 Accipiens
3141 3893 3322 3938 autem
3348 3893 3401 3939 et
3432 3887 3658 3940 tradens
3686 3888 3815 3940 divi.

2230 3985 2353 4024 nam
2410 3973 2872 4036 communionem,
2938 3973 2989 4026 in
3045 3975 3446 4030 Eucharistiam
3485 3979 3817 4033 sacramde-

2227 4063 2355 4117 sinit
2380 4079 2500 4119 cum
2533 4065 2679 4119 omni
2712 4065 2986 4120 Ecclesiae
3014 4081 3170 4121 sacra
3213 4068 3578 4138 plenitudine.
3635 4071 3812 4126 Parti-

2225 4154 2425 4225 cipatio
2456 4155 2602 4210 enim
2631 4156 2976 4210 traditionem
3017 4157 3186 4220 ducit,
3219 4166 3274 4212 et
3299 4159 3590 4229 mysticam
3631 4162 3813 4213 distri-

2226 4245 2498 4300 butionem
2554 4247 2936 4318 mysteriorum
2980 4248 3297 4318 assumptio.
3363 4249 3484 4317 Ipse
3543 4252 3692 4303 enim
3738 4262 3816 4305 est

2225 4336 2526 4392 catholicus
2557 4337 2866 4392 divinorum
2917 4349 3144 4393 ornatus
3198 4348 3255 4393 et
3296 4340 3456 4401 ordo,
3491 4343 3732 4410 primum
3763 4344 3810 4394 ia

2224 4427 2635 4499 participatione
2651 4429 2764 4482 fieri
2780 4429 3306 4485 cteonsuunnatione
3320 4446 3537 4486 sacrum
3558 4433 3710 4500 dum;
3721 4453 3751 4484 ιι
3766 4435 3808 4493 ³,

534 4513 645 4567 Deo
670 4515 932 4570 tradente.
960 4517 1107 4573 Unde
1126 4530 1180 4574 et
1206 4529 1515 4576 reverenter
1553 4523 1711 4576 simul
1739 4533 1794 4577 et
1822 4523 2119 4583 icrarchice
2150 4525 2195 4586 D
2224 4535 2320 4589 per
2362 4535 2421 4575 se
2453 4520 2709 4575 divinitus
2733 4520 2855 4576 aliis
2899 4520 3297 4585 donandorum.
3351 4520 3540 4592 sicque
3586 4533 3644 4575 οι
3699 4507 3811 4578 iliis

533 4612 654 4671 post
702 4619 889 4659 sacras
917 4609 1188 4663 actionum
1242 4610 1545 4665 divinarum
1591 4610 1808 4676 laudes,
1860 4629 1960 4685 pro
2005 4616 2116 4686 ipsa

531 4707 697 4764 supra
725 4711 785 4758 se
815 4697 1028 4753 actione
1064 4716 1218 4754 sacra
1257 4700 1556 4773 apologiam
1604 4699 1750 4765 facit,
1783 4705 1934 4773 prius
1967 4723 2120 4764 sacre

532 4785 601 4839 ad
635 4785 806 4856 ipsum
845 4789 1079 4844 reboans
1108 4807 1121 4843 :
1152 4790 1232 4845 Tu
1264 4793 1444 4848 dixisti
1484 4811 1499 4847 :
1548 4794 1646 4848 hoc
1670 4792 1835 4864 facile
1863 4797 1920 4850 in
1947 4815 2116 4852 meam

535 4879 946 4935 recordationem
975 4882 1023 4934 ιι.
1052 4883 1250 4939 Deinde
1274 4885 1383 4940 Deo
1409 4885 1572 4941 simili
1597 4887 1698 4942 hac
1722 4889 1937 4944 actione
1964 4904 2117 4944 sacra

534 4968 730 5041 dignus
778 4982 967 5043 petens
1023 4974 1182 5040 fieri,
1241 4985 1299 5030 et
1351 4977 1421 5031 ad
1478 4977 1651 5047 ipsum
1711 4979 1983 5033 Christum
2046 4981 2119 5036 si-

533 5061 834 5119 militudine
878 5065 1055 5120 divina
1108 5066 1384 5136 perficere,
1433 5077 1487 5124 et
1535 5069 1665 5125 dare
1705 5072 2022 5140 castissime,
2063 5083 2120 5129 et

534 5166 721 5209 sancta
757 5158 1145 5228 partieipantcs
1191 5175 1346 5214 sacre
1389 5169 1445 5215 et
1489 5161 1743 5219 decenter
1768 5166 2117 5239 participare,

531 5240 804 5304 sacrificat
869 5251 1201 5306 divinissima
1232 5290 1247 5317 ,
1295 5262 1348 5306 et
1422 5252 1522 5307 sub
1577 5264 1924 5325 conspectum
1973 5259 2120 5314 ducit

2227 4610 2458 4665 tradere.
2492 4608 2718 4680 Propter
2758 4610 2901 4678 quod
2951 4619 3008 4664 et
3059 4611 3256 4665 divinis
3289 4610 3559 4666 doctrinis
3594 4614 3809 4683 quidam

2225 4703 2487 4758 audacter
2511 4703 2819 4767 abutentes,
2849 4711 2976 4756 ante
2999 4702 3295 4757 secundum
3322 4717 3418 4756 eas
3433 4705 3808 4758 conversatio-

2225 4811 2347 4850 nem
2363 4805 2417 4850 et
2450 4797 2689 4850 habitum
2709 4795 2970 4849 immundi
2998 4805 3052 4849 et
3080 4793 3240 4848 alieni
3262 4795 3487 4851 omnino
3507 4811 3666 4853 sacra
3684 4807 3802 4851 sunt
3849 4779 3860 4800 ’

2225 4887 2578 4958 Iegislatione.
2602 4885 2671 4940 Ut
2697 4886 2839 4939 enim
2868 4886 2919 4938 in
2944 4885 3209 4940 solaribus
3234 4885 3618 4956 splendoribus
3640 4889 3805 4942 subti-

2224 4979 2386 5034 liores
2405 4987 2458 5032 ct
2484 4978 2744 5032 clariores
2772 4976 3126 5032 essentiarum
3161 4977 3367 5047 primae
3391 4977 3600 5033 inlluxu
3630 4981 3797 5048 reple-

2228 5081 2334 5134 tae,
2390 5086 2482 5140 pcr
2541 5069 2722 5124 omnia
2762 5085 2857 5122 eas
2895 5069 3306 5138 supereminens
3366 5068 3548 5124 lumen
3601 5072 3654 5123 in
3717 5087 3797 5136 ea,

2226 5177 2364 5237 quae
2420 5173 2538 5232 post
2583 5174 2676 5214 eas
2724 5159 2852 5216 solis
2911 5157 3368 5214 iustarinvehnnt
3433 5178 3446 5209 :
3505 5159 3587 5212 sic
3621 5167 3680 5210 ct
3733 5157 3800 5208 di-

2228 5257 2355 5311 vino
2378 5255 2522 5311 omni
2555 5270 2658 5308 non
2689 5253 2994 5307 audendum
3028 5253 3149 5306 aliis
3179 5253 3281 5306 dux
3316 5264 3462 5310 esse,
3485 5249 3588 5303 nisi
3621 5262 3801 5303 secan-

851 5427 854 5430 ,
1806 5367 2060 5423 VARIAE
2097 5366 2496 5424 LECTIONES.

609 5458 622 5488 ¹
676 5458 765 5512 ΑΕ
797 5468 988 5512 autem.
1066 5462 1086 5494 ²
1118 5457 1202 5512 BH
1232 5457 1558 5513 sanctissima
1593 5458 1644 5512 in
1670 5458 1755 5513 his
1800 5459 1937 5512 actio
1977 5458 2306 5530 multiplicat.
2384 5458 2404 5488 ³
2441 5456 2531 5510 Bii
2585 5458 2809 5528 peragit.
2887 5455 2907 5484 ‘
2935 5453 3022 5508 AB
3048 5451 3347 5520 driformrs.
3424 5460 3445 5492 ³
3471 5447 3556 5501 ΒΗ
3589 5449 3789 5500 ducens.

2039 5598 2288 5656 NOTAE.

535 5702 632 5818 nl
675 5689 857 5746 Ma'th.
889 5691 1086 5757 XXVI;
1134 5691 1310 5766 .Mare.
1344 5691 1493 5756 XIV;
1550 5689 1682 5746 Luc.
1718 5688 1890 5753 XXII;
1932 5688 2112 5744 [Ωον.

2301 5691 2326 5730 b
2367 5691 2496 5744 Luc.
2536 5689 2698 5756 XXII,
2737 5688 2827 5750 l9;
2860 5686 3048 5740 Matth.
3091 5682 3289 5745 XXVI;
3321 5681 3336 5733 I
3373 5679 3499 5734 Cor.
3542 5676 3628 5732 XL
