2004 3143
97 185 172 215 1089

386 183 515 214 VERSIO
533 184 677 215 OPERUM
695 186 724 215 S.
746 185 904 216 DIONYSII.
920 177 959 209 ’ὲ-
978 185 1246 216 ECCLESIASTICA
1265 187 1459 217 IEBARCHIA.

1675 190 1744 219 1690

98 234 164 261 dum
173 237 283 260 omnem
305 226 428 260 habitum
453 240 533 261 suum
553 232 656 261 factum
670 232 718 261 Dei
738 233 899 262 formosissi-
911 232 1058 269 Aptibiles
1095 233 1237 270 imagines.
1282 234 1359 268 Quod
1386 234 1460 263 enim
1498 234 1582 262 Deum
1621 235 1745 264 imitatur

96 286 182 311 mum,
196 281 222 306 et
233 285 281 313 pro
297 277 388 306 divina
402 278 581 314 intelligentia
597 284 625 307 et
636 278 739 314 judicio
760 280 897 316 compagi-

97 330 192 353 natum
205 325 382 360 approbatus.
395 324 424 353 In
436 326 480 354 his
494 326 585 355 omnis
600 327 742 354 sacrorum
756 327 898 362 dispositio

97 371 250 400 ierarchicc
267 372 500 406 condescendens,
514 377 542 400 et
553 372 730 401 divinissimis
743 374 897 401 communi.

97 425 175 451 cans,
191 425 253 445 cum
271 417 422 454 gratiarum
440 418 548 446 actione
568 426 646 447 sacra
662 418 771 452 desinit,
792 419 897 447 divino-

97 473 159 492 rum
171 469 280 492 actuum
293 464 536 500 proportionaliter
554 473 722 501 cognoscens
735 470 763 493 et
782 465 896 494 laudans

97 512 210 548 gratias.
236 511 330 547 Itaque
355 512 446 540 divina
472 519 528 540 non
552 512 751 547 participantes
778 516 806 540 et
819 511 898 547 igno-

98 564 202 591 rantes,
224 566 278 585 non
290 558 372 585 etiam
385 558 411 585 in
424 556 625 586 Eucharistiam
638 558 750 586 venient
767 565 776 586 :
793 562 821 586 et
835 557 897 593 qui-

97 604 159 633 dem
191 604 269 640 juxta
299 604 438 640 propriam
474 608 601 631 naturam
634 603 723 640 dignis
756 604 898 632 existentiv

97 651 149 678 bus
162 651 266 686 gratiae
284 655 402 686 aguntur
420 650 596 678 diviniSSimis
611 649 817 678 donationibus.
841 649 895 678 Sed

98 693 170 732 q'uod
191 696 300 731 quidem
330 696 462 729 dixeram,
486 697 608 732 aspicere
631 696 776 732 aliquando
799 696 898 725 divinis

99 742 178 770 donis
193 751 230 771 ex
245 750 288 775 eo,
300 742 347 780 gui
361 743 388 772 in
405 743 476 770 malo
488 747 541 775 est,
560 743 684 771 contuitu
698 743 833 776 nolentes,
858 743 899 770 in-

100 787 171 824 grati
192 788 227 815 ad
251 795 364 823 magnas
387 788 542 816 divinorum
562 793 672 817 actuum
687 793 900 824 permanserunt

100 833 271 862 donationes.
287 833 397 861 Gustata
407 840 505 867 autem,
518 834 723 870 aiunteloquia,
738 840 763 862 et
775 835 859 862 videte
874 841 899 861 α.

101 880 189 909 Sacra
203 881 275 908 enim
296 881 448 908 divinorum
470 882 593 909 doctrina
611 882 770 917 magniﬁcas
791 890 898 914 eorum,

948 280 1066 316 agalma,
1085 280 1119 308 ad
1133 280 1207 308 illam
1226 280 1389 309 invisibilem
1412 285 1439 309 et
1465 280 1651 309 beneolentem
1668 283 1743 317 aspi-

948 325 1023 354 ciens
1043 324 1169 359 fortnam,
1197 325 1237 354 sie
1264 326 1381 361 seipsum
1408 327 1506 362 ligurat
1530 332 1557 354 et
1583 326 1684 362 efﬁngit
1711 326 1746 357 ad

947 372 1172 401 formosissimam
1192 372 1382 401 imitationem.
1398 373 1431 401 Et
1445 374 1515 401 sicut
1528 374 1554 401 in
1571 376 1753 406 sensibilibus

948 419 1111 455 imaginibus
1121 427 1229 454 semper
1241 420 1276 447 ad
1295 420 1412 455 primam
1427 420 1610 456 exemplarem
1625 421 1744 456 speciem

948 465 1064 501 scriptor
1076 465 1262 494 inﬂexibiliter
1275 466 1399 500 intendit,
1415 466 1450 494 ad
1472 467 1574 494 nullum
1594 467 1667 495 aliud
1679 468 1745 496 visi.

948 510 1042 538 bilium
1058 515 1202 544 retractus,
1215 515 1261 539 aut
1283 513 1430 540 secundum
1456 513 1521 548 quid
1548 514 1673 548 partitus,
1698 519 1744 543 sec
1775 510 1778 513 ’

948 557 1107 592 ipsumillud
1115 558 1187 594 quod
1200 563 1242 586 est
1260 558 1475 592 describendum,
1488 560 1511 587 si
1522 559 1626 594 justum
1641 561 1744 594 dicere,

949 603 1063 639 eﬂiugit,
1077 609 1105 631 et
1114 606 1240 633 ostendet
1254 605 1263 621 ³
1279 606 1440 634 alterutrum
1454 607 1481 634 in
1493 607 1624 636 alterutro
1636 613 1742 644 propter

949 652 1085 680 essentiae
1098 652 1277 682 differentiam
1291 662 1298 681 :
1313 655 1354 682 sic
1368 656 1476 683 mundis
1494 656 1520 683 in
1534 656 1625 684 animo
1644 656 1743 684 deseri

949 698 990 726 bit
1002 698 1060 734 ipsa
1074 699 1107 726 ad
1128 699 1303 728 beneolacem
1317 705 1344 729 et
1355 701 1491 729 occultam
1512 701 1628 730 formam
1641 703 1745 730 intenta

950 748 978 771 et
993 743 1149 772 inﬂexibilis
1172 746 1365 781 contemplatio
1381 754 1435 774 non
1451 754 1547 775 errans
1566 747 1746 776 deiformosis-

951 790 1082 817 simorum
1094 791 1266 825 phantasma.
1282 791 1359 820 .Iuste
1373 793 1456 828 igitur
1469 794 1501 821 ad
1513 795 1750 829 superessentiaii.

952 839 994 863 ter
1006 836 1208 864 suaveolentem
1224 842 1252 865 et
1276 838 1437 867 invisibilem
1465 832 1754 885 pulchritudinem-jar}

952 881 1037 908 Deum
1051 882 1184 914 conversi,
1206 882 1389 911 intellectuale
1403 892 1481 912 suum
1502 881 1755 926 inconversiy'iilier

100 928 147 963 qui
162 928 280 961 discunt,
299 928 401 964 gratias
421 933 598 963 cognoscent,
617 933 645 956 et
667 929 899 957 divinissimarum
915 926 939 956 B
953 928 1152 962 speciticantes,
1167 929 1269 956 nullam
1284 935 1368 965 agunt
1380 931 1408 958 in
1433 939 1462 958 se
1485 932 1569 959 Deum
1585 931 1759 963 iminantium

101 981 213 1001 suarum
221 973 390 1001 altitudinem
398 978 425 1001 et
433 975 644 1010 magnitudinem
655 974 682 1002 in
693 975 901 1010 participatione

101 1020 287 1048 sacratissime
319 1020 514 1055 inspicientes,
540 1021 756 1055 supercaelcstes
781 1022 901 1056 gratiose

102 1067 251 1096 laudabunt
263 1067 385 1095 actiones
399 1067 508 1096 divinae
526 1066 712 1103 benignitatis.

373 1135 573 1165 CAPITULUM
589 1135 623 1164 IV

177 1182 215 1211 De
226 1183 393 1219 perﬁciendis
405 1184 433 1211 in
447 1191 521 1219 myra
536 1188 559 1211 et
570 1183 598 1211 in
608 1183 666 1219 ipso
679 1183 831 1218 afferendis.

117 1223 227 1268 .Tanta
254 1240 443 1268 sanctissimae
468 1248 603 1277 synaxeos
626 1246 699 1274 sunt,
723 1245 751 1268 et
774 1240 815 1269 sic
832 1241 903 1268 bona

105 1286 251 1315 invisibilia
262 1287 294 1314 ad
308 1295 390 1315 unum
403 1287 492 1321 nobis,
504 1287 575 1315 sicut
585 1294 665 1323 saepe
680 1280 904 1321 diximus,iérar-

105 1332 184 1361 chiee
209 1332 392 1360 sacriﬁcanlia
421 1332 579 1360 societatem
606 1337 634 1360 et
661 1331 903 1360 coordinationem.

107 1378 160 1406 Sed
172 1378 305 1415 estbujus
317 1378 495 1414 aequipotens
510 1379 595 1407 altera
608 1378 757 1414 perfectiva
771 1378 905 1414 operatio,

106 1424 176 1460 myri
193 1424 300 1452 teletam
326 1425 408 1452 duces
422 1425 509 1452 nostri
521 1425 530 1440 ¹
547 1433 630 1461 quam
644 1425 795 1453 nominant.
810 1423 906 1452 Partes

107 1469 201 1505 itaque
215 1469 273 1505 ejus
287 1470 297 1485 '
318 1470 346 1498 in
370 1470 469 1499 ordine
492 1472 642 1499 secundum
666 1478 760 1499 sacras
774 1471 907 1506 imagines

108 1516 295 1550 intendentes,
321 1517 361 1545 sic
384 1519 416 1546 ad
432 1526 515 1546 unum
531 1519 617 1554 ipsius
640 1526 690 1554 per
703 1522 797 1554 partes
822 1518 908 1546 ierar-

110 1563 196 1592 cbicis
215 1564 491 1601 contemplationibus
506 1566 698 1594 ascendemus.

323 1620 480 1656 Myaterium
489 1621 582 1649 teletae
597 1621 691 1657 myriﬁ

161 1669 226 1695 uxta
245 1666 371 1694 eumdem
392 1675 528 1703 synaxeos
552 1668 663 1695 modum
685 1666 911 1703 imperfectorum

109 1712 288 1740 absolvuntur
309 1713 430 1747 ordines,
448 1713 641 1741 accedentibus
657 1713 761 1741 scilicet
773 1717 803 1741 et
822 1713 910 1741 ierar-

110 1760 189 1787 chico
205 1760 233 1787 in
252 1767 333 1787 omne
347 1759 476 1795 templum
490 1761 560 1788 bene
575 1760 658 1788 olenti
672 1759 787 1793 ambitu,
802 1764 831 1788 et
840 1759 908 1795 psal-

109 1805 181 1832 mica
195 1813 272 1832 sacra
286 1805 422 1839 cantione,
445 1810 474 1833 et
488 1806 722 1834 divinissimorum
740 1805 910 1840 eloquiorum

109 1849 237 1878 lectione.
254 1851 354 1879 Deinde
371 1860 466 1888 myron
482 1860 605 1880 summus
619 1853 746 1880 sacerdos
761 1852 911 1886 accipiens,

110 1896 271 1932 superponit
288 1894 379 1925 divino
393 1898 473 1926 altari
490 1898 713 1926 circumvelatum
738 1906 755 1925 a
770 1898 912 1925 duodecim

110 1946 210 1981 pennis
230 1946 325 1978 sacris,
347 1947 522 1975 reboantibus
545 1947 626 1975 simul
652 1947 779 1975 omnibus
794 1947 912 1974 sanctis-

112 1991 182 2018 sima
197 1999 264 2020 voce
285 1997 410 2020 sanctum
426 1993 481 2021 Deo
494 1993 703 2029 acceptabilium
715 1993 913 2028 prophetarum

113 2036 293 2071 inspiratione
312 2038 473 2066 melodema.
486 2038 520 2066 Et
535 2039 562 2066 in
577 2038 637 2074 ipso
650 2038 837 2073 perﬁcientem
850 2045 913 2065 ora-

112 2083 217 2111 tionem
243 2085 394 2121 complens,
408 2086 436 2113 in
462 2085 642 2113 sanctissimis
665 2085 913 2114 consecrandorum

113 2130 204 2159 teletis
227 2139 260 2159 eo
278 2132 364 2159 utitur
374 2132 409 2160 ad
425 2140 535 2161 omnem
552 2132 609 2161 fere
624 2133 804 2161 ierarchicam
821 2131 913 2167 perfe-

113 2178 216 2206 ctivam
229 2179 429 2214 operationem.
639 2174 641 2176 ’

183 2256 184 2259 η
453 2225 577 2254 Tlteoria.
650 2257 652 2260 ,
761 2261 763 2264 ἡ

113 2274 117 2283 ’
151 2270 210 2305 Ipsa
243 2271 325 2308 igitur
355 2272 536 2301 introductiva
565 2272 796 2301 consummativae
833 2271 914 2307 hujus

115 2315 339 2345 sanctiﬁcationis
375 2325 497 2354 anagoge
525 2326 574 2354 per
598 2326 639 2352 ea,
667 2326 738 2354 quae
763 2320 914 2347 secundum

94 2364 99 2367 '
115 2359 236 2398 divinum
250 2369 345 2396 myron
357 2369 436 2391 sacre
449 2368 577 2399 aguntur,
595 2364 669 2396 illud,
682 2365 809 2398 aestimo,
822 2364 915 2392 decla-

115 2410 172 2439 rat,
199 2407 271 2442 quod
295 2408 507 2437 circumvelatur
539 2410 642 2437 sanctis
668 2410 736 2437 viris
766 2410 793 2437 in
822 2410 915 2437 animo

117 2459 226 2480 sacrum
239 2457 267 2481 et
283 2453 354 2483 bene
371 2455 507 2488 redolens,
522 2463 592 2491 quae
613 2455 742 2483 divinitus
760 2455 839 2490 jubet
854 2464 916 2483 san-

117 2498 171 2526 ctis
195 2498 271 2532 viris,
290 2507 345 2527 non
373 2500 534 2529 manifestas
563 2502 666 2529 habere
687 2501 715 2529 in
741 2501 827 2537 gloria
846 2508 916 2529 vana

117 2544 267 2572 secundum
276 2545 407 2575 virtutem
417 2547 515 2576 occulti
527 2547 574 2575 Dei
586 2548 672 2575 bonas
683 2553 711 2575 et
724 2548 915 2577 suaveolentes

118 2589 321 2620 similitudines.
328 2592 444 2621 Mundae
449 2594 521 2622 enim
533 2597 598 2622 sunt
608 2593 656 2620 Dei
666 2598 787 2622 secretae
797 2598 825 2622 et
835 2601 917 2629 super

118 2634 240 2664 animum
253 2637 440 2667 suaveolentes
451 2639 678 2675 pulchritudines,
692 2643 720 2667 et
744 2639 917 2667 invisibiliter

119 2682 300 2711 ostenduntur
317 2684 487 2713 solummodo
500 2685 738 2719 intellectualibus,
763 2685 917 2713 conformes

119 2724 224 2756 habere
233 2728 355 2758 volentes
370 2738 420 2759 per
429 2730 557 2759 virtutem
581 2731 610 2760 in
633 2731 776 2759 animabus
790 2731 917 2759 incorru-

953 974 1084 1001 virtutum
1100 975 1128 1002 in
1141 975 1345 1011 adspiciendum
1356 976 1434 1011 juxta
1448 978 1583 1013 eloquium
1594 970 1629 1012 ,αδ
1647 972 1762 1002 homini-

953 1021 1014 1054 bus,
1024 1021 1070 1048 sed
1082 1026 1176 1049 sancte
1187 1022 1334 1058 inspiciunt
1345 1028 1472 1060 tanquam
1486 1025 1511 1052 in
1526 1017 1759 1057 imatgifleidiv'mo

953 1074 1032 1102 myro
1049 1067 1083 1094 ab
1094 1067 1214 1095 Ecclesia
1225 1069 1407 1097 sacratissima
1422 1063 1635 1113 circumvef-“a-
1649 1063 1765 1099 Ρνορίθτ

954 1112 1025 1148 quod
1041 1118 1069 1140 et
1086 1113 1138 1148 ipsi
1162 1116 1311 1143 secundum
1336 1116 1475 1150 virtutem,
1501 1111 1635 1159 saucii-Ill"
1665 1114 1693 1136 ει
1708 1111 1764 1136 (ἰεί-

954 1160 1180 1199 l'ormosissimum
1192 1161 1264 1189 intus
1280 1163 1362 1190 Deum
1378 1163 1526 1194 imitantes,
1543 1156 1650 1202 ριἰςθεο
1665 1156 1767 1202 descri-

953 1207 995 1242 pti
1010 1207 1092 1234 animi
1104 1214 1182 1234 sacre
1193 1208 1430 1242 circumvetangcs,
1444 1210 1477 1236 ad
1490 1201 1594 1236 5013.116
1607 1201 1764 1242 fé‘s'yicillni

957 1252 1149 1280 arclriformem
1159 1251 1375 1287 intelligentiam.
1395 1255 1486 1289 neque
1498 1254 1571 1280 enim
1586 1246 1756 1284 comminuam

957 1297 1025 1326 biles
1040 1301 1145 1325 tantum
1175 1302 1239 1324 sunt
1264 1295 1447 1324 diSSimilibus.
1473 1300 1519 1326 sed
1536 1304 1626 1330 neque
1650 1296 1699 1330 ipsi
1725 1295 1761 1323 ad

957 1344 1065 1372 illorum
1084 1344 1229 1372 trahuntur
1250 1343 1395 1381 visionem,
1411 1341 1519 1371 sibimet
1534 1346 1734 1375 ροηδρςιυι-ηιθιπ
1752 1351 1758 1369 ε

958 1396 1047 1425 neque
1062 1389 1209 1417 visibilium
1226 1388 1358 1424 imagines
1371 1388 1503 1415 bonorum
1554 1385 1699 1428 iustorum,
1713 1388 1762 1414 sed

958 1443 1063 1469 eorum,
1087 1443 1157 1471 quae
1173 1439 1237 1463 sunt
1249 1442 1323 1467 vere,
1339 1441 1405 1462 vere
1421 1438 1511 1461 amant
1525 1442 1532 1459 ε
1550 1440 1576 1458 ιιί
1596 1442 1636 1457 ιντο*
1648 1435 1680 1461 ad
1704 1435 1762 1470 glo—

959 1482 1029 1510 riam
1041 1482 1134 1509 vident
1145 1489 1161 1508 a
1174 1481 1347 1509 multitudine
1359 1479 1582 1508 irrationabiliter
1595 1481 1761 1513 beatificauit,

960 1529 1009 1557 sed
1033 1530 1134 1557 bonum
1154 1532 1201 1556 aut
1222 1528 1324 1556 malum
1351 1528 1378 1555 in
1394 1528 1483 1562 seipse
1504 1527 1594 1554 divina
1611 1527 1762 1555 imitatione

958 1575 1122 1611 judicantes,
1136 1573 1271 1610 agalmata
1283 1573 1375 1601 divina
1390 1573 1578 1601 divinissimae
1601 1578 1663 1600 sunt
1678 1574 1760 1600 benc-

922 1614 946 1646 C
961 1621 1086 1653 olentiae,
1098 1628 1133 1648 ex
1144 1621 1233 1656 seipsa
1244 1628 1340 1648 verum
1354 1620 1425 1648 bene
1438 1619 1500 1646 olax
1516 1618 1630 1651 habens,
1641 1619 1675 1645 ad
1691 1617 1763 1645 mul-

960 1668 996 1696 tis
1008 1667 1178 1696 dissimiliter
1191 1667 1328 1702 opinabile
1344 1674 1398 1695 non
1412 1666 1594 1698 convertitur,
1608 1665 1681 1692 veris
1705 1665 1763 1691 suis

960 1713 1214 1749 pulchritudinibus
1228 1721 1312 1741 unum
1324 1712 1457 1745 formans,
1469 1712 1541 1747 quod
1554 1715 1596 1739 est
1609 1712 1667 1739 sine
1680 1711 1763 1738 simu-

961 1761 1072 1789 latione.
1088 1759 1142 1788 Fer
1170 1760 1316 1795 reliquum,
1333 1760 1462 1795 quoniam
1476 1764 1486 1779 α
1503 1759 1623 1786 exterius
1641 1758 1764 1793 pulchri-

962 1808 1085 1835 tudinem
1112 1807 1287 1843 contemplati
1304 1814 1399 1835 sumus
1414 1807 1497 1834 totius
1515 1807 1601 1834 bonae
1617 1810 1644 1833 et
1669 1812 1765 1832 sacrae

964 1854 1089 1886 actionis,
1112 1853 1141 1881 in
1167 1854 1330 1881 diviniorem
1355 1853 1413 1888 ejus
1437 1852 1614 1887 respiciemus
1635 1850 1763 1883 fortnam,

963 1900 1051 1936 ipsam
1063 1900 1090 1926 in
1102 1900 1190 1935 seipsa
1203 1900 1351 1927 revelatam
1376 1899 1510 1926 velamina
1519 1919 1528 1932 ,
1543 1897 1765 1932 contemplantes

963 1946 1082 1978 beatam,
1105 1943 1302 1981 splendentem,
1331 1945 1475 1972 manifeste
1501 1944 1614 1976 claram,
1631 1948 1660 1971 et
1676 1943 1762 1970 incir—

964 1991 1116 2020 cumvelate
1130 1990 1312 2019 intellectibus
1324 1990 1473 2026 replentem
1487 1998 1536 2018 nos
1550 1988 1763 2018 suaveolentiac.

964 2037 1058 2073 Neque
1075 2037 1147 2064 enim
1164 2036 1306 2064 manifesta
1335 2036 1404 2072 myri
1429 2036 1549 2071 perfecta
1570 2034 1691 2069 operatio
1709 2033 1763 2066 bis,

965 2084 1012 2120 qui
1027 2084 1099 2112 circa
1115 2091 1251 2111 summum
1271 2082 1441 2110 sacerdotem
1456 2086 1530 2115 sunt,
1546 2078 1763 2109 incommunica-

964 2131 1028 2159 bilis
1044 2134 1086 2158 est
1111 2133 1159 2157 aut
1177 2128 1334 2161 invisibilis,
1355 2129 1401 2156 sed
1426 2127 1581 2156 econtrario
1606 2133 1693 2161 usque
1718 2132 1766 2153 eos

964 2176 1137 2214 perveniens,
1153 2180 1182 2204 et
1199 2179 1321 2203 statuens
1341 2182 1421 2210 supra
1443 2173 1542 2202 multos
1555 2170 1767 2207 contemplatio»

967 2232 1038 2256 nem,
1066 2223 1100 2251 ab
1126 2222 1193 2258 ipsis
1207 2229 1283 2250 sacre
1295 2216 1524 2253 circumvelatur,
1544 2223 1572 2247 et
1591 2217 1765 2246 multitudine

951 2264 1119 2298 ’ierarchice
1143 2268 1328 2304 distinguitur.
1347 2267 1451 2294 Divinis
1465 2266 1537 2294 enim
1549 2265 1615 2293 viris
1637 2265 1766 2293 sacratis-

967 2317 1098 2345 simorum
1111 2316 1213 2347 radius,
1223 2320 1351 2350 tanquam
1360 2312 1580 2349 congenerationi
1592 2312 1626 2340 ab
1637 2309 1767 2339 invisibili

967 2370 1035 2398 pure
1057 2366 1087 2390 et
1108 2361 1264 2389 immediate
1276 2360 1397 2392 elucens,
1420 2363 1447 2386 et
1461 2358 1659 2386 intellectuales
1670 2364 1765 2386 eorum

968 2408 1139 2444 receptiones
1159 2406 1382 2435 iucircumvelate
1404 2406 1583 2438 suavilicans,
1612 2404 1645 2432 ad
1673 2402 1765 2438 subje-

968 2460 1043 2482 ctum
1057 2462 1110 2482 non
1125 2457 1249 2489 prompte
1260 2453 1394 2488 provenit,
1412 2452 1459 2480 sed
1475 2453 1509 2479 ab
1529 2451 1605 2487 ipsis,
1628 2454 1658 2477 ut
1676 2457 1766 2477 secre-

969 2504 1059 2527 torum
1085 2497 1220 2527 invisibile
1235 2498 1494 2534 contemplantibus,
1522 2496 1582 2524 sine
1600 2502 1716 2530 pompa,
1730 2494 1766 2522 ad

968 2545 1145 2574 dissimilibus
1160 2545 1408 2578 incontaminabile,
1420 2545 1471 2572 sub
1483 2543 1610 2579 pennatis
1621 2542 1763 2577 aenigma-

968 2593 1040 2621 tibus
1064 2591 1218 2627 cooperitur
1231 2599 1239 2619 :
1254 2599 1303 2627 per
1322 2598 1392 2626 quae
1413 2597 1491 2618 sacra
1517 2589 1670 2624 aenigmata
1693 2587 1764 2614 bene

967 2639 1057 2667 ornati
1076 2638 1186 2666 ordines
1214 2638 1380 2665 reducuntur
1406 2637 1440 2664 ad
1464 2643 1569 2663 sacram
1584 2641 1660 2662 suam
1676 2632 1766 2661 analo-

970 2685 1053 2721 giam.
1069 2684 1118 2712 Est
1145 2691 1220 2720 ergo,
1235 2684 1307 2719 quod
1330 2682 1439 2718 quidem
1466 2681 1599 2713 dixeram,
1618 2686 1691 2707 nunc
1708 2678 1767 2705 lau-

971 2730 1059 2758 danda
1079 2730 1158 2758 nobis
1170 2737 1249 2759 sacra
1265 2729 1363 2758 teletae
1383 2728 1516 2765 operatio.
1532 2725 1766 2756 consummativae

279 2825 291 2829 η
418 2826 430 2830 ῃ
765 2788 895 2817 VARIAE
912 2788 1115 2817 LECTIONES.

157 2826 343 2864 "inditam.
355 2826 430 2863 BH."
449 2836 461 2853 ²
479 2826 607 2865 εἰιιῖδῶ.
619 2835 673 2865 ΒΕ.
713 2837 723 2852 ³
741 2835 765 2864 Δ
778 2841 802 2864 et
813 2835 936 2869 ostendit,
949 2835 994 2863 BH
1009 2841 1038 2863 ut
1049 2835 1180 2865 ostendat.
1218 2836 1231 2851 ⁵
1249 2836 1271 2864 Ε
1281 2836 1403 2864 solm-em.
1442 2840 1454 2856 ⁸
1468 2833 1514 2862 Bﬂ
1525 2833 1665 2870 quomodo.

157 2918 174 2950 -'
187 2927 261 2956 υκαι.
280 2899 454 2965 Πχιιιλέί

333 2978 469 3009 “anu.
491 2976 621 3010 CXXII.

880 2890 1007 2921 NOTAE.

994 2928 1009 2948 δ
1028 2927 1124 2957 Matth.
1138 2928 1193 2959 III:
1208 2928 1291 2958 XXIII
1585 2971 1625 3004 35
