2004 3143
255 209 319 236 Mill

953 200 1094 231 JOANNIS
1114 200 1212 231 SCOTI

1829 202 1899 231 1091

254 254 466 284 ierarcliicorum
474 246 653 281 ordinationis
661 249 813 280 etvirtutis.
825 247 940 287 Propter
958 244 1045 286 quod‘
1062 250 1088 281 A
1100 249 1133 278 ad
1148 249 1234 285 ipsam
1255 250 1282 277 in
1301 246 1401 279 malum
1420 244 1630 278 minorationem
1655 250 1897 286 incorruptibiliun

253 306 281 330 et
292 301 362 329 hanc
376 299 460 328 divini
473 299 556 328 duces
577 298 663 327 nostri
676 292 805 334 tanquam
829 293 1048 334 acqiiip‘olcntem

253 350 281 377 et
303 348 375 377 idem
398 350 571 384 peragentem
600 354 734 382 synaxeos
746 347 839 374 sacrae
852 340 1026 379 perfectionis
1037 346 1050 364 ι

252 394 354 423 eisdem
376 391 582 422 characteribus
594 400 644 427 per
658 392 742 420 multa
760 394 787 419 et
799 389 921 427 iny'sti'cis'
936 385 1050 425 disposi-

252 441 372 470 tionibus
396 443 423 469 et
460 440 546 469 sacris
580 437 749 466 orationibus
780 436 986 465 ordinaverunt.
1017 436 1051 464 Et

254 487 362 524 quidem
379 494 514 515 summum
537 485 716 518 sacerdotem,
736 486 864 519 tanquam
886 483 951 519 ipsis
974 490 1050 518 aspe-

253 533 343 562 ctibus
359 538 392 561 ex
408 533 539 561 diviniore
554 531 613 560 loco
628 532 725 560 bonam
739 528 951 559 suaveolentiam
967 528 994 557 in
1006 537 1049 563 ea,

252 583 323 615 quae
350 580 446 608 deinde
473 580 547 612 sunt,
571 582 664 607 sancta
694 577 890 613 proferenteiti,
917 579 946 604 et
963 575 997 603 ad
1021 583 1051 604 se

253 624 419 653 resolutione
437 624 590 657 docentem,
630 623 784 652 divinorum
813 622 1050 663 participationem

252 670 331 700 simul
344 670 469 700 omnibus
483 668 593 707 quidem
609 667 668 698 llet'i
686 664 764 705 iuxta
777 666 938 703 dignitatem
953 667 1049 702 Sacris,

251 718 442 748 ludimlnutam
467 719 532 747 vero
554 721 615 747 esse
634 721 663 746 et
677 711 875 745 immutabilem
890 717 1010 750 omnino,
1024 721 1052 745 et

252 760 413 801 sedentum
441 764 592 792 Secundum
616 761 735 792 divinam
759 756 965 791 collocationem
988 770 1051 799 pro-

246 805 376 850 minatis
390 806 652 840 incommutabiliter
663 812 793 838 stantem.
806 802 949 838 Desiderio
961 813 1051 836 autem

246 853 350 893 Ιιθῦςηι
378 853 547 893 elaquiowm
562 860 659 885 cantus
683 859 711 884 et
725 855 857 884 lectiones
877 854 1052 892 imperfectos

246 853 352 941 item
378 853 547 893 elaquiowm
562 860 659 885 cantus
683 859 711 884 et
725 855 857 884 lectiones
877 854 1052 892 imperfectos

245 900 302 933 inid
353 910 362 932 1
378 903 508 933 erudiunt
531 903 566 931 ad
585 901 728 932 vivifcram
749 898 924 936 ﬁliolitatem,
939 909 1052 929 conver-

240 943 410 978 εὶῡιῖεῗῖκξιυε
433 946 444 967 ⁸
468 949 594 979 sanctam
631 948 737 978 faciunt
763 948 866 984 pollute
891 956 1053 983 energume-

240 995 308 1020 ἲιωίι
323 983 479 1034 “fugitque
490 996 667 1026 manifestam
683 983 902 1032 qualemCunque
918 993 1052 1023 trahendo

243 1034 339 1080 Ῐηξειηε
360 1030 561 1080 ὓηάοῑξιιῶθηίε
588 1030 730 1072 deiformis
757 1030 867 1070 habitus
893 1045 920 1069 et
943 1041 1052 1069 virtutis

242 1077 495 1127 ξυδιίίιιίεεὶηίῇω,
524 1087 767 1127 propertionaliter
801 1087 842 1116 eis
866 1087 1049 1116 ostendentes.

240 1122 323 1156 Inita
336 1122 586 1171 quayieriedmi
601 1135 719 1165 maxime
730 1134 781 1171 ipsi
797 1132 952 1163 contrarias
969 1129 1054 1160 virtu-

242 1175 294 1208 tes,
308 1167 485 1215 etiamm")
498 1183 630 1211 medicina
654 1180 844 1215 praestabunt,
857 1173 949 1209 divina
964 1174 1054 1208 imita-

242 1184 294 1208 ωε»
308 1184 337 1204 οι
359 1184 395 1203 ³η
426 1186 485 1210 rum
498 1184 630 1211 medicina
654 1184 844 1215 praestabunt,
857 1184 949 1209 divina
964 1184 1053 1208 imita-

240 1184 483 1269 tgwﬁbue
510 1229 619 1266 quidem
634 1232 667 1251 ex
685 1224 804 1262 propriis
829 1226 918 1261 bonis,
940 1227 974 1255 ad
988 1233 1053 1254 vero

249 1259 406 1302 antrarids
434 1259 565 1304 minui-tus
586 1259 704 1299 activum
720 1259 774 1301 non
789 1259 921 1302 habentes
936 1271 1052 1307 tantum,

249 1318 298 1347 sed
312 1312 342 1346 et
357 1315 514 1349 donantes;
530 1317 577 1350 llis
598 1322 689 1346 autem
705 1318 734 1346 in
749 1314 917 1348 intellectum
934 1316 1053 1348 divinum

250 1358 284 1392 ei
294 1355 420 1403 pessimis
431 1362 777 1399 transeuntibus,babitum
791 1374 901 1395 sacrum
912 1367 1056 1403 imponunt

250 1410 286 1438 ad
298 1408 352 1437 non‘
372 1400 475 1439 item'n
504 1410 553 1436 sub
570 1409 672 1438 malitia
686 1412 843 1440 errandum.
861 1400 1009 1447 Quosdam,
1026 1418 1056 1441 ut

251 1456 307 1485 sint
327 1452 487 1489 castissimi,
502 1454 655 1491 indigentes
670 1464 859 1487 consummate
878 1457 1054 1492 absolvunt‘,

251 1502 383 1538 quosdam
397 1510 491 1531 sacros
504 1501 606 1530 ducunt
617 1502 645 1531 in
660 1499 766 1532 divinas
782 1502 913 1540 imagines
929 1510 955 1533 ct
967 1500 1056 1540 inspe-

251 1548 356 1576 ctiones
372 1556 467 1576 earum
480 1553 507 1576 ct
520 1550 792 1579 communicationes.
809 1550 944 1578 Reticiunt
962 1555 1053 1579 autem

251 1595 383 1629 quosdam
397 1594 583 1623 sacratissime
601 1591 627 1623 in
641 1590 729 1624 beatis
743 1594 918 1625 invisibiliter
930 1603 1051 1626 contem-

250 1641 436 1677 platio'nibus,
465 1637 627 1678 complcndo
652 1635 787 1681 uniforme
819 1652 913 1672 eorum
939 1653 993 1672 uno
1025 1649 1052 1673 ct

251 1688 409 1717 unilicante.
419 1682 489 1722 Quid
497 1688 607 1717 autem?
617 1688 712 1718 Nonne
727 1695 818 1718 etnon
832 1689 942 1719 omnino
957 1699 1051 1726 puros,

251 1742 368 1769 quorum
375 1733 433 1770 jam
446 1736 607 1763 memoriam
617 1735 743 1770 fecimus,
754 1734 864 1765 ordines
878 1737 951 1765 clare
965 1736 1054 1765 absol-

252 1778 292 1807 vit
318 1778 469 1809 secundum
493 1778 610 1808 eundem
637 1786 772 1817 synaxeos
793 1782 904 1811 modum
922 1790 1053 1819 praesens

252 1835 327 1855 nunc
350 1832 445 1856 sancta
476 1824 574 1856 teletae
595 1829 737 1865 operatio,
765 1824 830 1858 solis
860 1829 1053 1866 inimaginibus

252 1874 349 1903 videns
371 1873 510 1903 obtutibus
530 1874 640 1909 divinis,
666 1881 693 1904 et
709 1884 723 1903 a
741 1876 806 1904 solis
834 1876 990 1904 immediate
1011 1884 1053 1905 sa-

252 1919 416 1948 cratissimis
442 1920 599 1959 ierarcliicis
613 1921 742 1958 anagogis
766 1922 889 1958 inspecta
912 1919 1054 1951 ctsacriii—

252 1966 331 1994 cata?
344 1964 418 1995 Haec
433 1975 498 2003 ergo
506 1967 562 2004 jam
578 1976 658 2003 saepe
669 1976 684 1995 a
696 1967 773 1996 nobis
789 1969 872 2003 dicta,
886 1969 1053 2006 superﬂuum

252 2012 332 2042 nobis
350 2017 401 2047 est,
422 2018 452 2041 ut
478 2014 604 2048 aestimo,
621 2013 724 2043 eisdem
747 2015 887 2043 revolvere
909 2016 1010 2050 verbis,
1025 2021 1053 2044 et

252 2067 308 2087 non
337 2059 371 2088 ad
395 2067 443 2093 ea,
468 2067 540 2095 quae
569 2060 666 2088 deinde
694 2065 756 2089 sunt
783 2060 810 2095 ⁸,
842 2062 1051 2095 transcendere,

252 2113 391 2134 summum
410 2105 580 2134 sacerdotem
595 2106 724 2134 divinitus
739 2107 861 2135 videntes
877 2116 892 2134 a
910 2107 1052 2135 duodecim

251 2149 350 2187 pennis
363 2150 597 2184 circumvelatum,
614 2151 759 2179 habentem
771 2151 893 2180 divinum
904 2160 1013 2189 myron,
1026 2157 1054 2181 et

252 2195 455 2224 sanctissimam
476 2194 505 2223 in
520 2204 552 2224 eo
566 2197 828 2225 consummationem
841 2196 1050 2225 sacriﬁcantem.

254 2239 381 2270 Dicamus
406 2240 501 2278 igitur,
515 2242 651 2278 quomodo
672 2243 743 2280 myri
762 2243 923 2279 compositio
939 2243 1053 2280 congre-

255 2289 328 2324 gatio
344 2288 478 2324 quaedam
499 2293 540 2317 est
558 2289 628 2318 bene
645 2289 807 2326 spirantium
824 2291 1012 2324 materiarum,
1024 2290 1054 2318 in

252 2341 284 2362 se
306 2333 417 2369 copiose
438 2334 543 2362 habens
567 2334 714 2371 qualitates
737 2336 899 2370 odoriferas,
921 2342 1053 2374 quantum

253 2380 419 2415 accipientes
431 2379 562 2408 olfaciunt
583 2381 731 2410 secundum
753 2382 907 2419 analogiam
923 2388 998 2412 tanto
1013 2385 1054 2412 in-

253 2427 362 2463 genitae
388 2427 430 2456 eis
453 2426 526 2456 bono
550 2428 634 2456 odore
654 2429 883 2466 participationis.
911 2427 1054 2459 Credimus

253 2477 346 2501 autem
372 2480 434 2502 esse
456 2474 655 2502 divinissimum
671 2475 763 2504 Iesum
791 2477 1054 2512 supercssentialiter

253 2519 467 2554 suaveolentem,
490 2520 672 2550 in‘visibilibus
698 2520 959 2551 distributionibusd
973 2522 1054 2551 intel-

253 2564 370 2594 lectuale
381 2570 504 2595 nostrum
515 2566 667 2602 replentem
685 2568 776 2596 divina
791 2565 977 2599 delectatione.
992 2569 1053 2605 Ipsa

253 2612 328 2640 enim
340 2610 509 2641 sensibilium
524 2613 688 2642 suavitatum
706 2613 855 2651 asSumptio
882 2616 1054 2644 saturitatem

253 2656 331 2694 iacit,
344 2661 373 2687 et
398 2660 483 2688 nutrit
495 2668 558 2688 cum
572 2651 753 2690 delectatiune
770 2657 854 2691 multa
864 2663 1053 2692 olfacientium

255 2704 442 2740 discrettvuin,
467 2700 602 2743 siquidem
627 2706 854 2748 innocuum'sit.
873 2713 901 2737 et
932 2710 967 2737 ad
983 2710 1053 2739 bene

254 2754 316 2779 otax
328 2750 357 2779 in
370 2753 636 2782 commensuratione
656 2758 840 2790 compactum.
856 2749 1051 2790 Proportiona-

256 2795 325 2829 liter,
340 2796 365 2826 si
376 2798 438 2833 quis
450 2798 549 2827 dixerit
561 2803 590 2827 et
604 2799 802 2830 intellectuales
815 2801 925 2829 nostras
936 2799 1054 2831 Virtutes

1066 2317 1096 2350 D

1100 292 1255 333 dispositas.
1269 295 1295 325 in
1307 295 1366 332 ipsa
1376 295 1404 324 in
1416 296 1494 326 nobis
1505 291 1643 326 discretivi
1663 298 1782 326 naturali
1797 299 1807 314 ⁷
1825 299 1899 327 vale-

1100 342 1203 376 tudine,
1218 334 1366 371 Secuiidum
1389 342 1500 371 deiﬁcas
1514 351 1667 377 mensuras,
1678 348 1706 372 et
1718 344 1900 372 coadunatam

1101 389 1184 416 animi
1197 382 1230 416 ad
1244 388 1329 417 Deum
1341 388 1560 422 conversionem,
1581 384 1608 417 in
1624 389 1780 424 receptionc
1793 389 1901 417 divinae

1100 435 1301 463 suaveolentiae
1318 434 1388 468 fieri,
1402 440 1429 462 et
1446 435 1644 463 benefacientia
1658 439 1737 463 sacra
1750 435 1862 471 impleri
1877 440 1903 463 et

1101 482 1270 510 divinissimo
1306 482 1445 510 alimento.
1472 481 1529 509 Non
1564 490 1629 517 ergo
1654 482 1724 518 myri
1750 481 1902 518 symbolic:

1102 527 1263 564 compesitio
1278 532 1407 563 tanquam
1424 522 1615 556 informatione
1628 527 1800 561 inlomiium,
1815 527 1902 564 ipsum

1098 572 1180 604 nobis
1200 574 1348 603 subscribit
1368 573 1380 594 ³
1398 573 1502 607 Iesum,
1526 572 1630 602 fontem
1654 575 1821 603 existentem
1838 575 1902 603 diri-

1102 629 1197 649 narum
1222 621 1347 649 suavium
1361 619 1547 657 receptionum
1571 620 1695 655 divitem,
1716 622 1830 650 beatum
1846 629 1903 658 pro.

1101 666 1272 704 portionibus
1283 665 1383 695 divinis
1409 673 1437 696 et
1452 667 1648 703 principalibus
1663 667 1844 696 deiforniiora
1867 667 1906 696 in-

1103 709 1296 741 tellectualium
1312 711 1485 748 reddentem,
1508 713 1694 742 divinissimos
1716 707 1905 743 declarantem

1102 767 1228 795 vapores,
1246 760 1275 787 in
1290 758 1388 796 quibus
1403 759 1488 787 animi
1505 759 1628 788 beneﬁce
1643 759 1785 793 delectati,
1797 765 1827 788 et
1840 760 1906 789 divi-

1102 807 1144 835 nis
1154 807 1386 843 assumptionibus
1398 806 1505 844 repleti,
1516 815 1580 835 esca
1591 804 1721 836 invisibili
1734 812 1865 841 utuntur,
1877 808 1905 835 ad

1098 853 1286 883 'intellectuale
1301 860 1396 882 eorum
1411 850 1556 890 penetrant
1565 854 1643 891 jUxta
1659 850 1783 882 divinam
1797 855 1906 890 partici-

1102 900 1241 935 pationem
1255 898 1471 928 suaveolentiam
1492 899 1725 928 distributionum.
1741 899 1792 928 Est
1804 906 1904 932 autem,

1105 947 1134 974 ut
1146 946 1271 980 aestimo,
1296 942 1413 980 clarum,
1430 942 1493 981 quia
1507 953 1588 981 super
1603 954 1652 974 nos
1673 945 1807 975 essentiis
1823 951 1854 974 ut
1868 947 1904 974 di~

1105 992 1255 1020 viniorlbus
1274 991 1383 1020 fontalis
1400 990 1602 1020 suaveolentiae
1616 990 1777 1025 retributio,
1793 993 1904 1028 propin-

1104 1038 1183 1074 quior
1202 1037 1337 1074 quomodo
1365 1039 1454 1067 adhuc
1472 1037 1500 1067 et
1509 1038 1594 1075 magis
1615 1039 1734 1075 seipsam
1749 1040 1905 1068 manifestat

1104 1091 1132 1114 et
1146 1084 1295 1120 distribuit,
1320 1083 1348 1113 in
1365 1085 1565 1114 lucidissimum
1586 1094 1681 1114 earum
1692 1091 1720 1114 et
1734 1086 1810 1115 bene
1821 1086 1905 1114 habile

1102 1131 1179 1167 juxta
1192 1131 1359 1160 intellectum
1375 1131 1529 1167 receptivae
1551 1131 1661 1160 vlftutis
1686 1132 1804 1168 copiose
1817 1140 1905 1168 super

1105 1181 1231 1209 manans,
1253 1180 1281 1205 et
1300 1176 1489 1212 multipliciter
1500 1177 1645 1206 occultata.
1664 1177 1708 1205 Ad
1721 1185 1792 1206 vero
1806 1176 1904 1205 fntelle‘

1105 1224 1235 1252 ctualium
1258 1222 1390 1258 subjecta,
1417 1228 1447 1252 et
1461 1232 1515 1252 non
1538 1224 1634 1253 eodem
1652 1224 1735 1253 modo
1759 1227 1906 1261 παρείη,

1105 1277 1187 1304 super
1202 1269 1330 1297 virtutem
1351 1269 1567 1298 incontaminate
1578 1270 1721 1299 occultans
1736 1271 1875 1299 visionem
1885 1277 1907 1299 et

1096 1316 1352 1353 participationem,
1364 1317 1613 1352 proportionalibus
1622 1318 1856 1354 participantium
1867 1326 1906 1346 vs—

1104 1362 1217 1397 poribus
1245 1363 1273 1390 in
1308 1364 1577 1392 commensurationo
1597 1365 1608 1381 '
1633 1365 1727 1393 divina
1759 1366 1907 1394 distribuit.

1106 1408 1195 1444 Super
1214 1416 1264 1436 nos
1292 1409 1375 1445 igitur
1405 1406 1565 1438 sanctarum
1592 1411 1780 1439 essentiarun
1806 1416 1908 1440 tantum

1106 1455 1292 1490 superpositus
1323 1455 1469 1491 Seraphim
1485 1456 1554 1485 ordo
1568 1457 1595 1484 in
1611 1457 1714 1484 alarum
1740 1457 1908 1486 duodeni-io

1106 1501 1286 1539 significatur,
1298 1502 1373 1530 circa
1391 1502 1486 1531 Jesum
1499 1508 1574 1531 stans
1588 1508 1615 1531 et
1629 1504 1797 1538 collocatus,
1813 1505 1908 1533 beatis-

1105 1548 1182 1575 simis
1203 1549 1288 1583 ipsius
1307 1550 1602 1586 contemplationibus,
1631 1555 1768 1586 quantum
1796 1552 1908 1587 justum.

1106 1594 1292 1628 obumbrans,
1315 1600 1343 1623 et
1371 1596 1516 1625 invisibilis
1544 1597 1747 1625 distributionis
1773 1605 1857 1626 sacre
1885 1599 1908 1626 in

1106 1642 1267 1670 castissimis
1305 1635 1526 1678 susceptionibus
1558 1643 1700 1679 repletus,
1735 1649 1765 1673 et
1797 1645 1908 1672 Inuitum

1106 1679 1289 1721 laudabilem,
1321 1688 1487 1717 scnsibiliter
1511 1689 1647 1723 dicendo,
1676 1698 1734 1717 non
1762 1690 1908 1718 silentibus

1105 1735 1197 1763 oribus
1220 1734 1371 1763 reclamans
1392 1735 1566 1772 theologiam.
1585 1729 1643 1771 ipsa
1657 1736 1732 1764 enim
1746 1742 1847 1764 sancta
1862 1745 1905 1764 su-

1104 1776 1323 1816 permundaiium
1345 1778 1500 1808 animorum
1516 1781 1631 1809 scientia
1650 1782 1733 1809 simul
1748 1787 1842 1810 erecta
1857 1788 1908 1814 est,

1105 1833 1133 1855 et
1146 1819 1334 1856 iucessabilem
1347 1821 1429 1856 liabet
1440 1822 1561 1856 divinum
1573 1836 1706 1861 amorem,
1719 1828 1909 1864 malitiamque

1106 1874 1186 1903 simul
1198 1881 1307 1902 omnem
1322 1879 1434 1910 supcrat
1446 1878 1474 1902 et
1496 1868 1672 1902 oblivionem.
1686 1874 1764 1908 Inde,
1781 1880 1813 1903 ut
1828 1875 1906 1903 aesti-

1105 1929 1160 1953 mo,
1173 1921 1224 1949 hoc
1235 1929 1288 1949 non
1300 1921 1389 1949 silenti
1400 1914 1520 1949 clamore
1531 1921 1650 1949 insinuat
1658 1926 1803 1949 aeternam
1816 1930 1907 1950 eorum

1094 1959 1133 1994 iet
1160 1966 1408 1994 incommutabilem
1431 1967 1458 1994 in
1482 1967 1583 1994 virtute
1610 1966 1685 1995 omni
1701 1972 1730 1995 et
1754 1968 1908 2004 gratiarum

1105 2013 1213 2041 actione
1226 2008 1378 2042 divinorum
1392 2005 1535 2042 scientiam
1549 2019 1576 2042 et
1588 2015 1810 2051 intelligentiam.
1822 2015 1910 2043 Incor-

1104 2058 1214 2094 poralcs
1227 2067 1291 2095 ergo
1304 2059 1446 2095 Serapbim
1462 2061 1653 2096 proprietates,
1671 2061 1699 2088 in
1713 2061 1832 2096 eloquiis
1848 2069 1908 2089 seu-

1106 2099 1229 2134 sibilibus
1245 2104 1409 2141 imaginibus
1435 2111 1462 2134 et
1483 2100 1658 2134 invisibilium
1682 2106 1909 2135 manifestatoriis

1107 2157 1203 2180 sancte
1219 2146 1381 2188 descriptas,
1398 2151 1425 2180 in
1439 2154 1644 2181 exornamentis
1664 2154 1907 2189 supercaelestium

1106 2198 1316 2232 lerarcliiarum,
1337 2204 1366 2226 ut
1379 2199 1507 2233 arbitror,
1522 2200 1592 2227 bene
1607 2200 1788 2235 contemplati
1803 2209 1908 2234 sumus,

1107 2249 1135 2272 et
1159 2245 1213 2272 tuis
1237 2245 1466 2273 intellectualibus
1483 2240 1570 2273 oculis
1591 2246 1774 2274 ostendimus.
1804 2246 1908 2274 Tamen

1107 2291 1236 2326 quoniam
1249 2289 1358 2326 quidem
1372 2296 1399 2319 et
1409 2299 1481 2319 nunc
1495 2299 1630 2320 summum
1644 2292 1820 2320 sacerdotem
1832 2300 1909 2321 sacre

1109 2337 1327 2372 circumstantes,
1342 2337 1427 2373 ipsam
1437 2337 1515 2367 nobis
1529 2337 1603 2366 illam
1619 2338 1770 2366 reformant
1780 2339 1909 2368 excelsis-

1109 2384 1208 2413 simam
1221 2381 1436 2421 dispositionem,
1455 2386 1483 2413 in
1500 2386 1579 2414 brevi
1593 2390 1621 2415 et
1633 2394 1706 2415 nunc
1725 2388 1910 2416 sanctissimis

1110 2433 1265 2468 aspectibus
1292 2432 1565 2462 dciformosissimam
1585 2441 1683 2463 eorum
1698 2434 1857 2463 claritatem
1872 2436 1909 2462 vi-

1111 2479 1233 2507 deamus.
1257 2471 1424 2508 Multiforme
1453 2480 1536 2516 igitur
1557 2488 1652 2508 eorum
1669 2485 1697 2510 et
1726 2481 1859 2516 multipes
1875 2481 1907 2513 “,

1110 2526 1343 2554 inanit'estativum
1355 2532 1407 2561 est,
1421 2532 1451 2554 ut
1461 2528 1587 2561 aestimo,
1599 2527 1760 2555 multividae
1770 2534 1867 2555 eorum
1879 2527 1905 2554 in

1110 2571 1295 2601 divinissimas
1313 2573 1524 2601 illuminationcs
1544 2572 1733 2609 proprietatis,
1748 2578 1777 2601 et
1802 2579 1906 2607 semper

1111 2625 1202 2647 motus
1211 2624 1239 2647 et
1246 2619 1364 2648 multivii
1374 2619 1527 2648 divinorum
1538 2619 1673 2648 bonorum
1681 2618 1902 2655 intelligihiliun.

1108 2666 1222 2694 Alarum
1236 2670 1377 2700 autem,ut
1387 2665 1495 2702 eloquia
1508 2666 1617 2700 aiunt“,
1629 2666 1904 2702 emanarunt“.-

1108 2719 1182 2745 nem,
1189 2718 1243 2739 non
1253 2718 1394 2739 numerum
1406 2715 1531 2746 sanctum
1540 2711 1903 2749 indicarem,“

1108 2756 1172 2784 dum
1183 2748 1256 2791 quod
1267 2756 1354 2785 visum
1362 2749 1404 2785 est
1414 2750 1486 2791 aliis,
1498 2748 1545 2785 sed
1561 2757 1625 2792 quia
1637 2757 1712 2786 circa
1726 2757 1811 2785 Deum
1821 2756 1904 2792 ipsius

1108 2802 1352 2846 esceilentissimae
1359 2804 1494 2845 essentiae
1500 2803 1636 2838 etordinis
1643 2804 1664 2819 “
1673 2804 1819 2846 anagogica
1824 2808 1853 2840 et
1859 2804 1904 2831 ab-

901 2843 1031 2876 VARIAE
1050 2844 1255 2878 ιΕοτισΝΕς.

293 2880 386 2914 *qttod
403 2887 458 2907 om.
482 2881 527 2909 BH
574 2883 630 2910 'A‘

667 2883 844 2924 ιτίεεςεοτιειηις
883 2882 956 2924 ass
976 2886 1138 2924 ammte

1217 2894 1258 2913 ue.
1297 2886 1308 2901 ⁵
1322 2886 1450 2914 quosdam
1463 2890 1492 2913 ut
1508 2886 1559 2913 sint
1573 2900 1608 2906 —
1622 2884 1758 2913 absolvant
1775 2891 1829 2912 om.
1848 2883 1902 2912 BH.

257 2915 277 2961 ἶ.
287 2914 596 2961 ἓίίξτὲειξξξβῢξειδξρξέ
609 2914 656 2947 BH
670 2914 915 2955 ἀίσνίοοίοπίθκοοητ
926 2918 951 2948 Ε
963 2925 1052 2948 mw

1114 2921 1137 2949 ﬂ
1156 2914 1288 2950 describit.
1305 2925 1316 2942 ³
1328 2914 1375 2950 ΒΗ
1389 2922 1646 2961 commentor“
1662 2921 1687 2936 "
1698 2918 1901 2955 311W

256 2950 318 2984 δίιέι
332 2950 434 2979 ordinis
443 2957 498 2980 om.
511 2951 589 2982 ΒΕΗ.

293 3001 306 3016 ι
320 2996 372 3024 lsa.
387 2994 432 3024 νῐ.

1018 2973 1145 3007 NOTAE.
