3956 5602
777 543 1024 602 VERSIO
1064 549 1346 607 ()PEllUM
1390 552 1444 606 S.
1489 555 1805 616 DlONYSll.
1836 593 1903 602 —
1945 561 2478 622 ECCLESIASTICA
2514 566 2902 631 IERARCHIA.

199 659 364 768 soluta
393 660 793 733 perfectissime
824 674 948 720 sunt
975 651 1775 740 etsupermundana,iprimaet
1802 681 1850 740 Α
1876 675 2062 734 Iesum
2113 695 2214 750 pro
2266 692 2449 738 nostra
2493 685 2673 742 divina
2722 692 3068 759 generatione
3121 695 3454 768 demersum,

178 751 372 836 modia
401 763 454 810 et
475 764 719 813 extrema
753 756 1196 815 intellectualium
1239 762 1321 816 sui
1350 773 1404 817 et
1431 764 1773 826 deiformium

204 842 478 902 virtutum.
527 847 655 902 Inde
703 848 1044 920 eloquiorum
1068 853 1439 910 sacratissima
1473 859 1773 928 sapientia,

198 943 402 994 alarum
434 933 854 1009 duplicationem
903 952 1092 1000 sancte
1141 939 1474 1012 describens,
1530 949 1675 1006 circa
1702 950 1777 1009 fa-

199 1032 307 1088 cies
324 1042 381 1094 et
423 1033 598 1087 media
627 1045 680 1088 et
706 1034 872 1104 pedes
895 1049 1086 1091 eorum
1129 1035 1359 1106 imponit
1390 1038 1522 1105 alas,
1553 1041 1774 1112 nnivere

199 1117 382 1180 saiiter
420 1117 652 1180 volabile
691 1140 882 1181 eorum
909 1126 1210 1194 insinuans,
1245 1123 1610 1201 largissimum
1638 1132 1694 1188 in
1722 1133 1774 1188 id

197 1215 334 1286 quod
364 1230 489 1270 vere
511 1225 596 1270 est
617 1217 947 1288 anagogicae
970 1218 1208 1275 virtutis.
1235 1217 1293 1274 Si
1322 1229 1504 1278 autem
1530 1221 1697 1282 facies
1721 1231 1776 1278 et

185 1305 353 1388 pedes
403 1315 610 1384 tegunt,
641 1316 698 1362 et
741 1307 872 1364 solis
916 1309 1102 1365 volant
1147 1311 1343 1367 mediis
1373 1295 1496 1380 alis,
1537 1293 1776 1388 intellige

194 1411 364 1464 sacre,
391 1395 517 1469 quia
550 1406 759 1454 tantum
781 1397 1051 1456 exaltatus
1077 1399 1652 1460 e’xcellentissimarum
1683 1419 1772 1461 es-

191 1493 485 1550 Scntiarum
515 1494 649 1549 ordo
699 1495 921 1570 timidus
961 1506 1046 1552 est
1101 1489 1250 1554 circa
1295 1489 1775 1572 intelligentiaruin

189 1577 511 1654 ejusaltiora
537 1597 592 1642 et
616 1579 991 1658 profundiora,
1010 1589 1271 1646 etmediis
1291 1589 1392 1647 alis
1413 1589 1468 1646 in
1493 1607 1772 1648 commen-

189 1673 462 1735 curatione
490 1669 555 1734 ad
587 1673 826 1735 divinam
853 1680 1118 1738 visionem
1145 1679 1439 1750 exaltatur,
1467 1679 1665 1738 divinis
1685 1680 1774 1754 ju-

188 1769 270 1845 gis
319 1789 631 1844 supponens
670 1773 944 1846 propriam
992 1769 1185 1842 vitam,
1216 1785 1273 1832 et
1322 1775 1390 1832 ab
1428 1761 1559 1848 ipsis
1585 1777 1775 1834 sancte

189 1861 424 1922 directus
454 1857 521 1922 ad
562 1865 762 1923 suimet
803 1867 1190 1939 cognitionem.
1223 1867 1377 1939 Quod
1431 1880 1612 1927 autem
1664 1871 1777 1928 elo-

189 1953 328 2034 quiis
363 1958 570 2014 dictum
598 1968 701 2026 est,
732 1955 916 2027 veluti,
951 1955 1225 2018 clamabat
1257 1961 1393 2017 alter
1421 1959 1487 2018 ad
1515 1961 1773 2030 alterum,

189 2047 330 2104 istud
377 2050 606 2106 aeStimo
635 2045 939 2121 declarare,
975 2049 1102 2124 quia
1150 2051 1167 2084 ¹
1198 2051 1424 2110 deividis
1472 2045 1586 2111 suis
1616 2041 1774 2110 intel-

185 2144 420 2217 ligentiis
467 2143 571 2202 sibi
598 2131 833 2212 invicem
861 2147 1078 2218 copiose
1109 2147 1349 2203 tradunt.
1384 2145 1448 2204 Et
1476 2147 1580 2204 hoc
1615 2163 1771 2204 sacra

185 2227 406 2314 dignum
427 2242 795 2312 judicavimus
825 2243 1109 2308 memoria,
1134 2241 1406 2313 quomodo
1428 2233 1774 2314 eloquio‘rum

185 2325 430 2393 Hebraea
478 2351 606 2402 vox,
649 2331 806 2404 juxta
856 2331 1249 2412 intelligibilem
1299 2337 1769 2400 nominationem,

181 2436 343 2486 vocat
393 2417 770 2484 sanctissimas
815 2417 1102 2498 Seraphim
1147 2427 1426 2493 cssentias,
1468 2421 1540 2484 ex'
1592 2415 1706 2498 ipsa
1749 2421 1770 2460 ⁵

181 2520 482 2577 secundum
536 2511 777 2574 divinam
833 2530 888 2575 et
934 2515 1323 2576 immutabilem
1375 2521 1541 2575 vitam
1582 2519 1773 2591 perﬂa-

180 2593 412 2684 grantia.
445 2611 566 2666 Dixi
597 2627 747 2682 ergo,
770 2615 829 2666 ut
857 2627 996 2683 quae
1023 2599 1389 2668 Hebraeorum
1420 2622 1561 2677 sunt,
1607 2605 1772 2669 inter-

178 2691 459 2780 pretantes
512 2703 684 2768 aiunt,
725 2703 1046 2758 divinissimi
1103 2701 1388 2774 Seraphim
1415 2705 1668 2761 ardentes
1718 2712 1773 2760 et

179 2785 561 2855 calefacientes
576 2813 606 2852 a
627 2783 896 2870 theologia
927 2797 1187 2855 nominati
1206 2809 1351 2866 sunt,
1371 2800 1771 2857 manifestativo

177 2878 554 2950 substantialis
585 2908 770 2950 eorum
814 2894 1034 2952 habitus
1076 2894 1314 2962 nomine,
1356 2895 1632 2966 divinique
1665 2911 1769 2951 ua-

174 2985 365 3058 guenti
404 2985 560 3056 juxta
596 2979 950 3058 symbolicam
996 2986 1292 3060 imaginum
1348 2973 1772 3068 descriptionem

172 3079 413 3136 motivas
439 3078 702 3136 habentes
721 3079 970 3144 virtutes,
1002 3080 1056 3135 in
1086 3080 1578 3152 manifestationem
1603 3083 1770 3152 ipsius

172 3177 234 3238 et
278 3179 404 3226 actu
418 3170 658 3250 aliorum
704 3187 968 3250 vaporum
995 3171 1433 3230 distributionem
1460 3184 1768 3232 evocantes.

167 3259 298 3332 Ipsa
341 3247 488 3318 enim
520 3278 682 3333 super
733 3247 1069 3319 intellectum
1113 3279 1281 3320 suave
1337 3257 1489 3321 olens
1529 3251 1776 3322 essentia.

170 3355 246 3413 ab
275 3355 458 3428 ignitis
477 3366 535 3414 et
574 3359 970 3429 purgatissimis
994 3359 1267 3416 motibus
1297 3361 1348 3414 in
1377 3360 1625 3416 notitiam
1649 3375 1769 3416 mo-

165 3447 293 3503 veri
324 3457 490 3522 amat,
524 3457 579 3504 et
621 3449 989 3506 divinissimas
1025 3466 1153 3506 suas
1184 3451 1566 3522 inSpirationes
1595 3453 1648 3508 in
1684 3454 1766 3508 di-

165 3539 404 3596 tissimis
425 3529 897 3598 distributionibus
927 3542 1093 3598 donat
1123 3544 1202 3599 sic
1225 3560 1283 3600 se
1328 3547 1770 3615 supermundane

162 3619 552 3690 evocantibus.
582 3632 701 3688 Non
731 3648 861 3704 ergo
885 3634 1256 3690 divinissimus
1286 3627 1770 3705 supercaeiestinm

162 3725 540 3784 essentiarum
589 3728 724 3784 ordo
782 3728 1050 3802 ignoravit
1107 3729 1504 3786 divinissimum
1562 3730 1771 3787 intelle-

162 3824 328 3874 ctum
355 3818 411 3873 in
448 3820 900 3876 sanctiﬁcandum
926 3819 1365 3876 descendentem.
1399 3818 1656 3891 lntelligit
1677 3835 1772 3875 au-

161 3917 290 3966 tem
343 3926 469 3968 eum
507 3927 662 3968 sacre
722 3913 776 3967 in
823 3899 929 3978 his,
976 3928 1098 3984 qum
1144 3911 1440 3968 secundum
1487 3927 1586 3968 nos
1622 3921 1770 3980 sunt,

157 4002 418 4076 seipsum
471 4003 494 4036 ⁸
551 4005 925 4077 subjicientern
984 4019 1084 4074 per
1145 4003 1382 4059 divinam
1460 4013 1517 4060 et
1579 4002 1770 4060 ineﬁ'a-

157 4095 342 4152 bilem
392 4096 720 4166 bonitatem,
772 4106 828 4153 et
881 4113 911 4152 a
955 4098 1117 4155 Patre
1175 4112 1296 4163 suo,
1351 4104 1406 4151 et
1469 4111 1500 4152 a
1564 4095 1770 4166 Spiritu

153 4189 494 4251 humanitus
582 4191 1001 4268 sanctiﬁcatum.
1086 4191 1372 4264 Aspiciens
1436 4205 1565 4248 vero
1640 4206 1768 4262 pro-

154 4283 360 4354 prium
411 4284 561 4342 novit
614 4285 962 4358 principium,
1036 4284 1091 4340 in
1159 4284 1571 4355 quibuscunque
1635 4284 1770 4340 divi-

153 4373 329 4430 nitus
373 4374 509 4450 agit,
566 4376 864 4431 secundum
913 4375 1205 4432 essentiam
1255 4373 1512 4430 mutabile
1560 4361 1768 4431 baben-

156 4476 312 4522 tem.
369 4465 497 4522 Inde
555 4482 834 4523 sacrorum
909 4468 1280 4540 symbolornm
1336 4468 1578 4538 traditio,
1638 4484 1769 4525 san-

151 4555 416 4614 ctilicato
479 4559 662 4631 divino
735 4568 1010 4630 unguento
1075 4558 1355 4631 Seraphim
1426 4559 1769 4628 circumdat,

152 4641 680 4706 incommutabilem
709 4650 900 4706 videns
929 4659 983 4705 et
1029 4651 1343 4708 describens
1391 4651 1671 4708 Christum
1714 4652 1773 4710 in

148 4755 260 4807 ea,
290 4758 412 4812 qua:
435 4745 734 4800 secundum
757 4758 854 4799 nos
869 4752 974 4809 est,
989 4743 1282 4800 universali
1299 4745 1366 4799 ad
1383 4746 1666 4801 veritatem
1689 4746 1773 4800 in-

1877 770 1981 828 boe
2019 773 2202 831 divino
2245 785 2302 831 et
2347 779 2722 847 potentissimo
2769 784 3048 849 descensu,
3111 789 3165 843 in
3221 787 3454 849 montani

1875 879 2032 921 suam
2064 867 2220 937 juxta
2248 869 2518 928 occultum
2563 873 2834 944 eloquium
2874 877 3192 949 baptizatos,
3238 895 3304 940 ex
3332 879 3454 943 'cot‘l

1877 960 2178 1027 rumpentis
2256 963 2448 1018 mortis
2522 966 2692 1021 veteri
2767 969 3112 1039 absorptiune
3201 975 3456 1035 (tinnitus

1877 1061 2262 1121 emergentem,
2289 1062 2345 1110 et
2370 1062 2717 1114 reserantem
2747 1060 2816 1116 ad
2838 1061 3072 1118 divinant
3101 1073 3157 1120 et
3181 1073 3456 1124 aetemani

1877 1144 2302 1202 subsistentiam.
2352 1147 2460 1204 Sed
2508 1160 2563 1205 et
2615 1152 2734 1222 ipso
2781 1153 3096 1224 perﬁciente
3155 1160 3457 1217 sacratlSsié

1879 1248 2021 1288 mam
2069 1235 2287 1292 divinae
2333 1241 2696 1308 generationis
2733 1243 2973 1311 teletam,-
3022 1246 3189 1302 divinl
3235 1244 3460 1320 spiritus

1877 1327 2330 1396 superadventum
2360 1335 2617 1404 unguenti
2673 1337 2838 1392 donat
2883 1337 3308 1398 censummatlva
3353 1349 3457 1401 uri-

1877 1417 2008 1485 ctio,
2046 1419 2529 1492 cbaracterizante,
2555 1435 2616 1480 ut
2644 1429 2890 1495 aestimo;
2922 1443 3076 1488 sacra
3095 1429 3462 1506 s'yniboldru‘ni

1879 1507 2203 1581 imaginaria
2235 1513 2593 1586 descriptione
2624 1519 2691 1574 ab
2717 1519 2834 1589 ipso
2860 1533 3082 1594 propter
3112 1540 3222 1582 nos
3264 1525 3461 1585 humi-’5

1876 1600 2026 1658 nitus
2079 1603 2266 1660 divino
2315 1605 2511 1678 spiritu
2556 1610 2904 1678 sanetiﬁcati,
2964 1614 3282 1672 immutabili
3332 1619 3460 1675 sub:

1877 1695 2149 1754 stantialis
2208 1697 2510 1758 divinitatis
2555 1696 2740 1762 habitu
2769 1743 2785 1770 ,
2841 1705 3234 1764 divinissimittn
3303 1711 3462 1781 spiri-

1880 1795 1992 1842 tum
2019 1787 2297 1844 donatum.
2328 1790 2396 1846 Et
2425 1791 2530 1848 hoc
2571 1792 2872 1852 ierarehice
2919 1797 3177 1870 intellige,
3224 1799 3350 1870 quia
3405 1810 3464 1858 et

1880 1879 2046 1935 divini
2073 1877 2262 1937 altaris
2285 1896 2498 1938 sacram
2535 1887 3062 1944 consummationem
3092 1891 3462 1948 Sanctissima-

1829 2021 1849 2054 λ
1881 1985 2000 2025 rum
2053 1971 2357 2029 hostiarum
2434 1972 2703 2046 legislatio
2774 1979 3133 2036 sacratissimi
3213 1991 3462 2054 unguen:

1880 2061 2092 2133 perﬁcit
2121 2065 2485 2130 sanctissimis
2512 2065 2884 2126 effusionibus.
2925 2071 3020 2128 Est
3048 2081 3232 2130 autem
3265 2089 3460 2146 super-

1875 2153 2125 2211 caelestis
2153 2165 2210 2212 et
2247 2159 2720 2228 superessentialis
2759 2162 2992 2230 theoria;
3021 2165 3198 2226 omnis
3236 2165 3458 2222 deiﬁca-

1876 2245 2038 2300 tionis
2102 2255 2320 2303 nostrae
2378 2257 2446 2320 et.
2503 2250 2950 2310 sanctiﬁcationis
3010 2255 3338 2328 principium
3406 2263 3465 2313 et

1873 2337 2110 2416 essentia
2138 2347 2195 2394 et
2223 2338 2519 2414 perfectiva
2555 2341 2745 2413 virtus.
2789 2340 2850 2400 Si
2889 2345 3034 2410 enim
3079 2344 3466 2410 est‘diviniasi—

1875 2441 2020 2481 mum
2060 2437 2310 2484 nostrum
2338 2429 2511 2487 altare
2548 2429 2712 2488 Iesus
2737 2433 3054 2505 principalis
3089 2434 3272 2492 divina
3323 2435 3470 2496 divi-.

1873 2532 2066 2573 norum
2118 2520 2423 2594 animorum
2460 2522 2682 2600 oblatio,
2738 2524 2794 2578 in
2833 2539 2940 2595 quo
2979 2526 3136 2598 juxta
3186 2526 3477 2599 eloquium:

1872 2609 2036 2668 oblati
2058 2622 2112 2668 et
2127 2615 2358 2686 mystice
2371 2615 2821 2673 holocaustomati
2834 2633 3116 2688 accessum
3138 2619 3404 2678 habemus
3415 2619 3462 2688 ⁸,

1873 2708 2324 2782 supermundanis
2379 2709 2552 2766 oculis
2596 2710 2899 2768 videbimus
2965 2713 3141 2784 ipsum
3187 2712 3464 2770 divinissi-

1873 2814 2023 2854 mum
2051 2799 2243 2868 altare,
2277 2800 2336 2855 in
2360 2816 2469 2872 quo
2495 2800 2738 2873 perfecta
2782 2802 3138 2873 perﬁciuntur
3161 2812 3218 2860 et
3251 2805 3464 2861 sancti-

1873 2888 2126 2958 ﬁcantur,
2178 2892 2247 2947 ab
2288 2891 2406 2964 ipso
2454 2892 2792 2952 divinissimo
2837 2905 3113 2968 unguento
3138 2883 3460 2966 perfectum.

1874 2981 2189 3040 Sanctiﬁcat
2244 2984 2390 3040 enim
2438 2999 2540 3056 pro
2584 2985 2741 3042 nobis
2787 2987 3026 3057 seipsum
3086 2987 3464 3045 sanctissimus

1872 3073 2051 3142 Iesus,
2112 3086 2166 3132 et
2222 3077 2372 3134 omni
2426 3093 2526 3134 nos
2584 3079 3017 3136 sanctiﬁcatione
3072 3081 3244 3152 replet
3287 3080 3346 3136 in
3402 3095 3466 3138 se

1873 3166 2265 3236 perfectionum
2281 3169 2674 3240 dispensatoris
2699 3170 2755 3226 in
2779 3186 2890 3227 nos
2911 3180 3168 3242 tanquam
3189 3157 3468 3244 Deogeni-

1877 3268 1960 3316 tos
1980 3262 2047 3315 de
2063 3270 2264 3330 cetero
2288 3263 2520 3334 benigne
2541 3251 3000 3320 descendentium.
3028 3264 3184 3340 inde;
3207 3265 3462 3332 aestimet

1873 3351 2172 3407 secundum
2217 3352 2555 3410 intellectum
2631 3354 2997 3412 ierarchicum
3047 3356 3160 3414 Deo
3204 3357 3464 3414 traditam

1876 3443 2042 3498 divini
2068 3440 2291 3502 nostrae
2321 3445 2626 3504 lerarchiae
2663 3448 2832 3505 duces
2875 3447 3298 3519 pudicissimarn‘
3319 3450 3468 3506 hanc

1876 3537 2170 3611 ierurgiam
2226 3529 2485 3612 unguenti
2537 3529 2759 3598 teletam
2807 3557 2876 3598 ex
2943 3540 3183 3612 perfecto
3245 3551 3470 3611 actuosa

1875 3632 2180 3710 nominant,
2249 3641 2506 3704 tanquam
2553 3634 2600 3691 si
2645 3635 2772 3706 quis
2823 3633 3022 3691 dixerit
3069 3634 3168 3692 Dei
3218 3635 3468 3703 teletam,

1875 3731 2107 3800 utroque
2144 3723 2418 3780 intellectu
2461 3724 2699 3800 divinam
2744 3727 2915 3800 ipsius
2942 3726 3246 3798 perfectam
3273 3741 3468 3798 operas

1876 3795 2419 3892 tionemlaudantes.
2459 3799 2556 3872 Est
2600 3795 2961 3888 enimipsius
3003 3818 3204 3886 hostia,
3241 3795 3464 3888 etvpro-

1876 3916 1996 3977 pter
2033 3923 2130 3962 nos
2168 3908 2481 3964 humanitus
2535 3909 2886 3973 sanctilicari,
2934 3918 2993 3964 et
3039 3907 3233 3976 deities
3281 3908 3464 3964 omnia

1874 3999 2161 4069 perﬁcere,
2214 4007 2269 4054 et
2319 3997 2661 4055 sanctiﬁcare
2723 3998 2982 4069 perfecta.
3036 3999 3285 4053 Divinum
3333 4013 3465 4055 vero

1876 4090 1987 4147 Dco
2058 4091 2473 4162 acceptabilium
2535 4091 2889 4162 inspiratione
2935 4091 3258 4158 melodema,
3313 4090 3468 4147 aiunt

1874 4187 1966 4256 qui
1995 4185 2017 4218 ⁸
2057 4185 2424 4242 Hebraeorum
2460 4195 2585 4242 sunt
2618 4187 2872 4252 scientes,
2901 4186 3018 4240 laus
3043 4185 3138 4240 Dei
3163 4184 3466 4252 declarare,

1875 4287 1968 4333 aut
1992 4279 2218 4334 laudare
2244 4279 2553 4336 Dominum.
2585 4277 2778 4334 Totius
2825 4280 2988 4351 igitur
3031 4288 3250 4335 sanctae
3307 4279 3465 4333 theo-

1874 4369 2112 4441 phaniae
2152 4378 2208 4426 et
2253 4370 2547 4427 creationis
2589 4371 2644 4426 in
2683 4370 2835 4425 varia
2867 4371 3258 4441 compositione
3295 4371 3469 4428 ierar-

1876 4451 2156 4519 chicorum
2187 4460 2553 4534 symbolorum
2604 4478 2756 4518 sacre
2788 4463 3110 4533 descriptae,
3142 4477 3249 4518 non
3275 4463 3470 4518 incon-

1873 4557 2100 4613 veniens
2110 4565 2196 4613 est
2213 4557 2487 4612 recordari
2503 4556 2611 4612 Deo
2624 4567 2824 4610 motam
2840 4557 3224 4626 prophetarum
3241 4555 3472 4628 hymno-

1877 4651 2100 4726 logiam.
2129 4652 2296 4707 Docet
2327 4651 2474 4706 enim
2501 4659 2555 4706 et
2577 4658 2727 4704 caste
2755 4650 2917 4705 simul
2941 4659 2995 4707 et
3039 4649 3318 4728 divinitus,
3350 4647 3472 4701 lau-

1884 4741 2040 4799 dibus
2059 4742 2232 4799 sacris
2243 4741 2432 4812 dignas
2444 4756 2563 4798 esse
2580 4740 2793 4796 divinas
2813 4742 3076 4797 actiones.
3091 4735 3238 4794 Haec
3257 4739 3477 4810 quidem

147 4835 587 4892 bumanatione.
603 4836 670 4890 Et
685 4837 860 4892 adhuc
885 4827 1141 4901 divinius,
1163 4836 1288 4906 quia
1311 4846 1586 4909 unguento
1605 4837 1778 4894 utitur
1799 4794 1857 4859 D
1885 4837 2206 4895 divinissimi
2237 4836 2498 4913 unguenti
2536 4832 2786 4905 perfecta
2829 4833 3070 4904 operatio
3099 4840 3204 4885 est.
3243 4830 3482 4889 Tempus

147 4923 292 4981 ad"
319 4927 495 4983 omnis
539 4927 706 4983 divini
761 4925 1171 4998 perfectionem,
1230 4936 1416 4995 aperte
1461 4929 1772 4996 ostendens,
1795 4982 1810 5020 .
1887 4934 2070 4986 autem
2120 4925 2371 4983 fortassis
2403 4924 2552 4990 sit',
2592 4932 2709 4992 post
2765 4927 2980 4982 divinas
3019 4933 3206 4976 sacras
3243 4919 3485 4973 actiones

136 5019 329 5092 juxta
371 5019 670 5093 eloquium,
724 5017 1155 5076 sanctiﬁcantcm
1209 5019 1628 5085 sanctiﬁcatum,
1655 5014 1809 5078 tan?
1888 5023 2036 5094 ipsas
2061 5033 2335 5092 exponere
2376 5015 2739 5098 sacerdotales
2793 5014 3162 5076 ordinationes
3187 5018 3243 5063 et
3282 5018 3491 5106 partes,-

141 5126 344 5183 quam
391 5127 607 5186 semper
655 5111 830 5182 ipsum
881 5111 1202 5168 existentem
1252 5111 1431 5182 seipso
1476 5115 1773 5172 secundum
1887 5115 2228 5182 virtutesque
2248 5124 2443 5169 earum
2465 5119 2518 5168 et
2544 5107 3492 5197 operationesetconsumlnaltmles,

138 5218 394 5262 omnem
447 5207 693 5265 divinam
744 5204 1184 5263 beneﬁcentiam.
1238 5204 1465 5277 Propter
1515 5208 1659 5278 quod
1715 5217 1773 5264 et
1887 5216 1945 5265 et
1986 5220 2152 5276 super
2179 5203 2278 5258 bas
2306 5200 2636 5264 Trinitatem
2661 5187 3496 5288 superlirmantium‘Ordinllfny

134 5311 366 5356 sacrae
403 5301 628 5374 divinae
683 5299 1056 5372 generationis
1100 5267 1396 5373 perfectiva
1447 5267 1667 5364 donatio
1714 5311 1774 5359 et
1888 5309 2186 5369 utcumque
2212 5295 2591 5357 demonstrata
2633 5293 2704 5348 sit
2725 5291 3039 5355 secundum
3075 5292 3174 5334 nos
3196 5267 3504 5334 lerarchiae

132 5394 348 5468 gratia
369 5395 421 5453 in
441 5397 713 5472 unguenti
737 5395 1018 5467 perﬁcitur
1043 5399 1395 5464 divinissimis
1420 5413 1766 5465 consumma-
1887 5386 2588 5464 ὧεροείιίονίηοΐάὶιιθιυω
2607 5383 2849 5455 quidem
2872 5397 2927 5442 et
2946 5378 3252 5438 inornatum
3280 5378 3338 5425 ει
3355 5386 3503 5472 εοῐῐιῇ

133 5479 425 5541 tionibus.
453 5470 615 5549 inde,
648 5492 709 5539 ut
756 5483 1005 5555 aestimo,
1047 5498 1104 5545 et
1129 5493 1416 5562 purgativo
1443 5487 1767 5565 baptisteria
1882 5484 2118 5542 mixtum
2141 5480 2289 5538 clare
2319 5483 2685 5552 distinguens,
2715 5479 2961 5565 replens
2993 5472 3431 5565 fertt'tfl‘nalum
3457 5470 3512 5516 et

569 5580 628 5602 ι..
689 5549 1294 5602 μέ..κ.ξιιη-...ίι..λ-μῗι
1443 5549 1496 5602 ἠέ
1517 5549 1559 5602 .-
1647 5585 1766 5602 s_~.__
1883 5573 2193 5602 “nam”-..
2225 5579 2273 5602 ne
2307 5573 2456 5602 ιιι-..ι-
2483 5567 2756 5602 “ninnium
2827 5571 2878 5602 In
2905 5559 3034 5602 hic!“
3067 5569 3098 5580 ’⁸
3129 5549 3138 5561 ›
