4008 6286
512 483 656 542 1095

1898 472 2182 533 JOANNIS
2216 471 2414 532 SCOTI

3655 467 3806 526 1096

510 597 672 656 nobis
697 593 930 651 laudatis
980 591 1287 661 lerarchiis,
1329 599 1386 647 ut
1411 590 1658 656 aestimo,
1683 590 1822 645 bene
1849 589 2102 660 exposui—
2126 588 2406 655 Avirtute
2433 627 2452 655 ,
2493 593 2551 642 et
2597 583 2778 641 divina
2830 583 3078 657 analogia
3128 582 3400 655 praevisa,
3446 591 3504 639 et
3550 583 3804 640 omnium

514 703 662 754 mus,
685 685 950 752 dicentes,
976 685 1231 756 quoniam
1263 683 1558 742 secundum
1579 699 1678 739 nos
1706 696 1857 738 sacra
1883 681 2100 736 traditio

513 777 704 845 habet,
735 792 954 834 omnem
981 776 1336 832 ierarchicam
1365 775 1633 831 actionem
1652 773 1704 828 in
1727 771 2098 829 sanctissimas

511 869 708 927 teletas
741 869 930 936 dividi,
959 877 1017 925 et
1040 869 1250 925 divinas
1293 884 1480 925 earum
1523 867 1780 923 scientias
1821 875 1877 923 et
1901 865 2101 922 doctri-

509 975 636 1029 nas,
661 968 719 1017 et
774 961 843 1017 ab
869 960 1002 1032 ipsis
1036 974 1192 1016 sacre
1218 958 1508 1032 perfectos.
1561 957 1680 1013 Non
1705 973 1836 1027 ergo
1864 956 2097 1013 sanctis-

509 1051 649 1108 sima
677 1050 895 1123 quidem
936 1051 1415 1122 supercaelestium
1444 1052 1804 1108 essentiarum
1828 1049 2098 1107 lerarehia

508 1143 728 1200 teletam
760 1143 978 1214 quidem
1010 1144 1173 1201 habet
1208 1144 1502 1199 secundum
1533 1142 1791 1198 virtutem
1821 1144 2097 1215 pr0priam

507 1236 609 1292 Dei
637 1245 694 1293 et
721 1237 1027 1294 divinorum
1059 1237 1629 1293 immaterialissimam
1658 1236 2095 1308 intelligentiam,

508 1337 568 1384 et
622 1329 1004 1386 deiformitatis
1037 1329 1426 1401 integritatem,
1453 1339 1510 1386 et
1535 1332 1634 1385 ut‘
1666 1329 1947 1400 possibile,
1990 1330 2100 1384 Deo

391 1399 428 1478 κ’
506 1421 738 1479 similem
766 1423 1052 1480 habitum:
1082 1423 1135 1478 in
1158 1399 1470 1494 ilucemque
1514 1399 1740 1489 ducens,
1779 1431 1835 1480 et
1865 1422 1932 1477 ad
1974 1437 2096 1477 san-

403 1550 421 1576 ,-
451 1561 460 1572 .
506 1524 652 1572 ctam
694 1516 868 1588 ipsam
917 1519 1438 1574 consummationem
1485 1519 1687 1575 ducens
1711 1519 1733 1550 '
1759 1518 1903 1574 circa
1928 1519 2098 1574 Deum

505 1611 813 1682 primitivas
858 1613 1126 1670 essentias
1171 1629 1467 1684 sacrosque
1511 1613 1730 1669 ordines
1762 1610 2097 1667 deiformiter

459 1713 471 1772 9
505 1711 561 1757 et
586 1704 1070 1775 proportionaliter
1105 1705 1409 1761 transvehit
1457 1704 1526 1760 ad
1568 1704 1795 1760 donatas
1832 1705 1912 1759 eis
1955 1718 2098 1759 sem-

500 1809 597 1865 per
626 1793 850 1852 deiﬁcas
880 1796 1134 1853 scientias
1177 1797 1246 1852 ab
1273 1797 1392 1868 ipsa
1435 1811 1534 1867 per
1580 1797 1825 1867 seipsam
1854 1793 2096 1867 perfecta

504 1892 598 1968 et_
633 1886 967 1957 sapientiﬁca
1045 1886 1354 1942 divinorum
1427 1886 1731 1942 animorum
1789 1885 2092 1942 divinitate.

2203 683 2346 738 bono
2371 690 2589 746 ornatu,
2647 689 2704 736 et
2754 680 3051 736 secundum
3105 679 3352 734 ordinem
3399 689 3692 750 compacta
3749 687 3805 734 et

2203 770 2548 841 coniunctiva
2564 770 2845 826 societate.
2870 769 3226 826 Sanctissima
3239 784 3370 839 ergo
3388 769 3702 825 hostiarum
3724 783 3808 823 sa-

2202 862 2750 935 criﬁcatio‘primam
2773 863 2989 935 quidem
3013 863 3172 919 habet
3197 863 3519 919 deiformem
3541 863 3806 918 virtutem

2203 967 2451 1015 sanctam
2508 956 2953 1029 imperfectorum
3025 959 3404 1029 purgationem
3471 975 3485 1012 :
3563 957 3804 1011 mediam

2204 1062 2384 1109 autem
2409 1061 2760 1124 purgaturum
2803 1051 3246 1108 illuminatricem
3296 1050 3657 1108 doctrinam:
3700 1064 3804 1104 no-

2202 1145 2482 1201 vissimam
2543 1161 2675 1202 vero
2726 1154 2783 1201 et
2825 1147 3068 1217 priorum
3131 1144 3624 1202 consummativam
3676 1157 3802 1198 eru-

2203 1240 2438 1296 ditorum
2524 1238 2580 1294 in
2670 1239 2901 1296 scientia
2991 1239 3344 1311 pulchrarum
3426 1237 3802 1293 doctrinarum

2202 1333 2752 1392 consummationem.
2829 1317 2982 1401 Ipsa“
3009 1343 3190 1390 autem
3253 1331 3687 1390 sacriﬁcantium
3719 1330 3802 1384 di-

2202 1430 2468 1502 spositio,
2527 1431 2582 1486 in
2643 1429 2854 1502 potenti
2922 1429 3125 1485 virtute
3182 1429 3398 1500 prima,
3451 1441 3560 1496 per
3609 1424 3803 1481 teletas

2201 1537 2396 1598 purgat
2423 1526 2813 1598 imperfectos:
2863 1521 2917 1577 in
2965 1521 3145 1577 media
3191 1529 3376 1576 autem
3420 1517 3605 1574 lucem
3657 1517 3805 1572 ducit

2199 1632 2499 1694 purgatos:
2553 1622 2606 1676 in
2654 1620 2846 1674 ultima
2885 1633 3016 1674 vero
3053 1624 3110 1672 et
3151 1613 3546 1671 sublimissima
3597 1609 3806 1668 sacriﬁ-

2202 1719 2442 1774 cantium
2467 1716 2728 1771 virtutum
2761 1711 2976 1784 perﬁcit
3017 1710 3200 1765 divino
3249 1708 3452 1763 lumine
3496 1704 3807 1762 communi-

2201 1822 2390 1867 cantes
2418 1812 2470 1865 in
2496 1805 2998 1878 contemptabilium
3030 1801 3490 1858 illuminationum
3525 1797 3806 1854 scibilibus

2201 1899 2776 1971 contemplationibus.
2869 1893 3247 1950 Perfectorum
3343 1898 3532 1944 autem
3630 1889 3804 1941 virtus

502 1977 659 2049 Ipsae
688 1988 869 2036 amem
897 1980 1199 2052 primarum
1230 1981 1588 2036 essentiam!“
1611 1977 1886 2048 ευδςίθθῑθθ
1915 1979 2095 2048 dispo'
2125 1997 2175 2060 Β
2200 1995 2378 2067 prima
2423 1993 2642 2062 quidem
2676 1998 2761 2045 est
2802 2002 3078 2059 purgans:
3129 1983 3308 2040 media
3331 1997 3467 2038 vero
3516 1991 3648 2052 post
3677 1996 3802 2051 pur-

505 2071 754 2138 sitiones,
785 2082 1041 2144 tanquam
1087 2088 1186 2146 per
1233 2072 1352 2128 illas
1393 2073 1651 2128 divinitus
1707 2071 1980 2127 exaltatae
2026 2070 2093 2124 ad

505 2163 756 2221 deiﬁcam
805 2166 1108 2223 divinitatis
1158 2166 1639 2231 illuminationem,
1688 2164 1920 2236 perfecti
1950 2162 2098 2218 ordi-

502 2273 603 2316 nes
627 2267 684 2316 et
731 2269 860 2317 sunt
900 2270 957 2316 et
993 2277 1123 2318 vere
1171 2261 1541 2316 nominantur.
1582 2260 1715 2316 Post
1765 2259 1911 2314 illam
1965 2272 2096 2313 vero

499 2351 794 2409 caelestem
841 2362 898 2410 et
953 2355 1450 2424 supermundanam
1499 2353 1828 2410 lerarcbiam
1891 2352 1945 2406 in
2004 2365 2091 2417 ea,

500 2461 643 2517 quae
683 2449 986 2505 secundum
1025 2465 1124 2505 nos
1156 2457 1301 2516 sunt,
1342 2450 1586 2506 beneﬁce
1621 2449 1796 2506 deitas
1840 2448 2098 2504 sacratis-

497 2540 672 2596 simas
699 2556 826 2596 suas
877 2543 1200 2598 donationes
1251 2541 1426 2598 all'ert.
1482 2542 1702 2598 Milibus
1743 2543 1959 2612 quidem
2002 2540 2095 2610 qui

499 2641 630 2688 sunt
687 2634 985 2689 secundum
1055 2634 1352 2703 eloquium,
1414 2634 1635 2689 donavit
1705 2633 1862 2703 juxta
1920 2631 2094 2702 legem

495 2721 832 2779 lerarcbiam
857 2725 1108 2783 obscuris
1133 2741 1389 2782 verorum
1425 2726 1833 2781 characterihus
1873 2733 1928 2780 et
1975 2725 2096 2778 lon-

500 2814 742 2885 gissimis
784 2817 1165 2889 principalium
1214 2818 1580 2889 exemplorum
1635 2817 2095 2888 inconsequentiis

501 2913 559 2961 et
588 2905 796 2980 ﬁguris,
847 2925 956 2965 non
993 2911 1133 2966 bene
1163 2911 1455 2966 discretam
1504 2910 1859 2976 habentibus,
1912 2909 2095 2965 occul-

497 3004 610 3052 tam
646 2999 728 3054 eis
774 2999 1286 3070 contemplationem
1339 3001 1394 3055 in
1450 3001 1583 3072 ipsis
1635 3001 1810 3055 lucem
1863 3000 2094 3054 inﬁrmis

494 3090 804 3162 aspectibus
842 3092 1079 3150 innocue
1127 3094 1435 3150 declarans.
1486 3093 1623 3148 Huic
1669 3102 1850 3147 autem
1903 3106 2095 3146 secun-

501 3181 632 3237 dum
659 3182 836 3256 legem
864 3183 1172 3242 lerarcbiae
1201 3186 1363 3241 teleta
1392 3185 1608 3255 quidem
1646 3185 1713 3240 ad
1752 3183 2091 3254 spiritualem

495 3271 596 3329 Dei
621 3273 828 3330 cultum
857 3291 1100 3349 anagoge
1130 3295 1144 3331 :
1189 3278 1614 3333 manuductores
1666 3285 1848 3331 autem
1876 3277 1943 3331 ad
1971 3291 2092 3329 eam

493 3367 601 3438 ipsi
662 3379 910 3426 sanctum
969 3370 1101 3425 illud
1150 3371 1563 3426 tabernaculum
1613 3384 1646 3424 a
1701 3369 1883 3440 Moyse
1937 3371 2166 3435 sacreC

498 3460 717 3525 eruditi,
743 3464 924 3532 primo
967 3465 1264 3519 secundum
1307 3464 1482 3534 legem
1520 3462 1837 3534 pontiﬁcum
1873 3465 2094 3518 doctore

491 3561 553 3610 et
603 3555 760 3610 duce.
802 3555 884 3609 Ad
935 3556 1080 3624 quod
1123 3565 1372 3610 sanctum
1400 3553 1810 3611 tabernaculum
1853 3553 2096 3608 introdu-

492 3645 639 3701 ctive
703 3647 1113 3705 sacroscribens
1165 3649 1461 3704 secundum
1506 3646 1682 3718 legem
1739 3646 2090 3712 lerarcbiam,

493 3738 818 3796 charactere
845 3741 1055 3798 formae
1098 3752 1320 3798 ostenso
1344 3741 1395 3798 ei
1417 3756 1581 3812 super
1609 3740 1740 3796 Sina
1768 3750 2005 3797 montem
2026 3753 2052 3782 α
2071 3781 2088 3808 ,

493 3838 658 3886 vocat
724 3833 908 3888 omnia
962 3834 1258 3890 secundum
1326 3833 1500 3906 legem
1566 3833 1895 3890 sacriﬁcata.
1951 3835 2092 3888 Ante

491 3941 626 3982 vero
677 3925 920 3997 perfecta
958 3944 990 3982 a
1040 3927 1304 4000 legalibus
1355 3927 1619 4001 symbolis
1665 3926 2092 3998 proportionali-

498 4028 585 4074 ter
632 4022 701 4075 ad
753 4022 1135 4093 perlectiorem
1195 4024 1498 4080 doctrinam
1570 4023 1904 4080 reducimus.
1958 4021 2086 4076 Per-

496 4109 782 4168 fectiorem
813 4123 995 4170 autem
1025 4115 1330 4171 doctrinam
1362 4116 1631 4187 theologia
1661 4115 1958 4172 secundum
1989 4128 2089 4168 nos

494 4202 828 4260 lerarcbiam
871 4207 1004 4262 dicit
1060 4207 1452 4279 plenitudinem
1501 4208 1644 4264 hanc
1695 4208 1842 4265 illius
1885 4222 2088 4264 vocans

491 4303 548 4351 et
575 4309 794 4352 sacrum
824 4297 1012 4354 ﬁnem.
1061 4299 1158 4354 Est
1200 4309 1379 4356 autem
1415 4309 1471 4355 et
1513 4300 1766 4356 caelestis
1809 4308 1866 4354 et
1899 4299 2090 4371 legalis

494 4389 992 4446 wmmunicativae
1036 4392 1316 4448 medietati
1362 4401 1730 4450 extremarum
1756 4401 1999 4462 recepta,
2034 4391 2087 4446 ei

492 4483 713 4552 quidem
755 4485 1163 4542 communicans
1189 4485 1642 4542 intellectualibus
1678 4484 2091 4555 contemplatio-

490 4575 707 4631 nibus:
768 4577 896 4632 huic
945 4593 1077 4634 vero
1127 4579 1190 4646 ⁸,
1246 4579 1375 4649 quia
1431 4578 1690 4651 symbolis
1742 4575 2089 4633 sensibilibus

490 4669 761 4738 variatur,
806 4679 863 4726 et
889 4685 987 4742 per
1033 4687 1098 4727 ea
1128 4688 1282 4728 sacre
1320 4673 1376 4728 in
1405 4672 1576 4728 Deum
1619 4672 1916 4726 reducitur.
1962 4669 2085 4724 Tri-

491 4773 627 4813 num
654 4767 835 4815 autem
866 4761 1117 4816 similiter
1146 4763 1310 4818 habet
1337 4762 1673 4818 ierarchicae
1711 4760 1996 4817 divisionis
2030 4760 2084 4815 in
2117 4738 2166 4799 Ῐ)

492 4852 872 4910 sanctissimas
940 4854 1226 4911 teletarum
1283 4855 1708 4912 sacriﬁcationes
1773 4855 1966 4920 divisa,
2031 4864 2086 4909 et

489 4946 786 5004 deiformes
838 4963 1121 5006 sacrorum
1155 4951 1453 5016 ministros,
1483 4951 1634 5006 etab
1680 4950 1812 5021 ipsis
1859 4963 2087 5019 pr0por-

491 5036 765 5096 tioualiter
811 5041 866 5096 in
920 5055 1078 5097 sacra
1131 5041 1496 5097 adduceudos.
1543 5041 1912 5111 Unaquaeque
1958 5054 2087 5094 vero

493 5129 662 5186 trium
706 5142 925 5190 nostrae
975 5130 1282 5190 lerarcbiae
1319 5134 1642 5190 divisionum
1691 5140 2090 5204 consequenter

499 5222 739 5297 (tlegali
786 5225 1140 5283 eti'diviniori
1165 5241 1378 5294 eorum,
1434 5242 1572 5298 quae
1612 5227 1910 5283 secundum
1961 5240 2083 5292 nos,

487 5311 806 5376 lerarcbiae
862 5321 1040 5393 prima
1096 5330 1152 5379 et
1205 5323 1408 5409 media.
1441 5331 1497 5379 et
1559 5323 1765 5408 ultima
1800 5323 2085 5380 ordinatur

1782 5441 2040 5499 VARIAE
2078 5438 2482 5497 LECTIONES.
2498 5512 2519 5530 Α

2198 2084 2818 2158 gatiouemilluminans,
2853 2089 2906 2136 et
2925 2077 3264 2150 quorundam
3296 2082 3623 2130 sanctorum
3676 2087 3800 2127 con-

2199 2178 2548 2248 templativa:
2600 2177 2789 2232 ultima
2829 2184 3011 2230 autem
3041 2182 3095 2228 et
3119 2170 3355 2226 divinior
3396 2168 3661 2230 aliarum,
3688 2165 3800 2234 ipsa

2198 2281 2514 2329 sanctorum
2557 2273 2976 2342 photismatum,
3021 2283 3251 2337 quorum
3281 2263 3540 2329 efﬁcitur,
3564 2271 3804 2318 contem-

2197 2364 2397 2436 platrix
2433 2405 2449 2430 ,
2533 2363 2849 2423 illuminans
2931 2356 3421 2416 consummativam
3493 2353 3799 2410 scientiam.

2201 2456 2440 2512 Sanctae
2505 2471 2636 2526 ergo
2704 2455 2989 2510 teletarum
3057 2451 3329 2522 lerurgiae
3409 2447 3559 2502 trina
3635 2446 3800 2501 virtus

2199 2545 2472 2610 laudatur,
2518 2559 2710 2600 sacrae
2758 2543 2974 2614 quidem
3027 2538 3414 2610 tbeogeuesiae
3453 2552 3525 2591 ex
3577 2535 3800 2605 eloquiis

2199 2637 2583 2707 comprobatae
2630 2633 2950 2706 purgatione
2973 2641 3027 2687 et
3045 2630 3335 2700 photistica
3367 2627 3798 2683 illuminatione:

2200 2744 2467 2802 synaxeos
2519 2735 2704 2782 autem
2752 2736 2808 2780 et
2858 2722 2998 2794 myri
3065 2721 3263 2777 teletae
3328 2719 3800 2776 consumtiiativae

2200 2823 2506 2878 divinorum
2540 2829 2758 2875 actuum
2789 2816 3098 2888 cognitione
3124 2824 3180 2870 et
3214 2815 3470 2880 scientia,
3501 2827 3608 2884 per
3642 2828 3798 2884 quam

2199 2917 2543 2972 sacerdotum
2569 2914 2671 2969 “ad
2688 2913 3026 2968 divinitatem
3046 2920 3306 2979 tanquam
3327 2907 3532 2963 uniﬁca
3556 2920 3800 2977 anagoge

2198 3017 2253 3064 et
2277 3007 2596 3064 beatissima
2627 3004 3054 3061 communicatio
3094 3001 3395 3073 perﬁcitur.
3426 2997 3595 3053 Nunc
3623 3007 3796 3052 autem

2199 3101 2593 3158 sacerdotalem
2646 3098 3056 3168 dispositionem
3113 3102 3517 3163 consequenter
3541 3105 3798 3147 enarran-

2198 3193 2347 3260 dum,
2378 3193 2433 3247 in
2466 3192 2812 3263 purgativam
2837 3198 2891 3244 et
2930 3186 3346 3244 illuminativam
3371 3194 3428 3241 et
3453 3196 3797 3240 consumma-

2197 3287 2364 3342 tivam
2395 3287 2797 3344 ordinationem
2829 3284 3060 3340 divisam

2754 3375 3158 3434 CAPITULUM
3197 3374 3260 3430 ν.

2369 3527 2381 3541 ,
2437 3472 2518 3528 De
2543 3469 2955 3527 sacerdotalibus
2985 3464 3554 3522 consummationibtu.

2268 3564 2380 3620 Lex
2406 3563 2626 3634 quidem
2658 3563 2795 3618 haec
2822 3568 2907 3615 est
2933 3557 3248 3613 thearchiae
3274 3553 3676 3619 sacratissima,
3703 3565 3795 3624 per

2196 3657 2370 3726 prima
2415 3655 2654 3712 secunda
2700 3653 2768 3709 ad
2797 3651 3193 3708 divinissimam
3224 3663 3383 3704 suam
3422 3646 3695 3702 reducere
3721 3644 3796 3698 lu-

2195 3763 2334 3803 cem.
2366 3748 2449 3802 An
2475 3763 2582 3802 non
2611 3743 2896 3802 seusibiles
2927 3742 3320 3798 elementorum
3349 3738 3626 3794 essentias
3655 3735 3794 3790 vide-

2194 3857 2317 3897 mus
2350 3841 2406 3897 in
2447 3840 2622 3912 magis
2667 3838 2746 3895 eis
2779 3837 3092 3909 coguatiora
3140 3834 3377 3903 primum
3406 3831 3713 3893 venientes,
3741 3837 3789 3882 et

2193 3947 2292 4003 per
2339 3931 2430 3986 illa
2475 3932 2528 3986 in
2567 3931 2671 3985 alia
2714 3930 2986 4000 propriam
3033 3926 3337 3994 dividentes
3382 3921 3787 3995 Operationem?

2193 4023 2424 4079 Pulchre
2475 4037 2603 4091 ergo
2651 4021 2831 4076 omnis
2877 4016 3161 4073 invisibilis
3206 4024 3262 4071 et
3305 4014 3542 4070 visibilis
3573 4021 3786 4068 ornatus

2192 4118 2518 4190 principium
2567 4124 2624 4171 et
2666 4113 3078 4168 fundamentum
3132 4111 3189 4165 in
3239 4106 3626 4165 deiformiores
3689 4105 3788 4174 pti-

2193 4226 2311 4266 mos
2350 4210 2488 4263 indit
2529 4207 2750 4263 deiﬁcos
2781 4205 2962 4261 radios
2997 4202 3184 4257 venire
3211 4242 3226 4267 ,
3276 4209 3331 4255 et
3375 4214 3478 4270 per
3521 4197 3644 4253 illos
3676 4207 3784 4250 tan-

2191 4321 2354 4376 quam
2385 4302 2675 4358 lucidiores
2705 4301 2934 4363 animos,
2953 4306 3008 4353 et
3035 4297 3100 4351 ad
3130 4294 3607 4368 participationem
3636 4290 3786 4344 lumi-

2191 4399 2277 4454 nis
2305 4406 2359 4453 et
2394 4395 2741 4451 traditionem
2783 4400 3145 4464 opportunum
3193 4388 3482 4451 habentes,
3515 4386 3572 4440 in
3615 4382 3788 4451 subje-

2191 4499 2309 4547 ctos
2361 4487 2841 4560 proportionaliter
2901 4487 2980 4540 eis
3032 4483 3215 4539 illucet
3269 4490 3324 4537 et
3377 4485 3786 4550 superapparct.

2192 4583 2397 4638 llorum
2438 4582 2602 4653 igitur
2630 4589 2715 4635 est
2741 4580 3064 4649 primorum,
3097 4573 3369 4630 deividum
3409 4573 3672 4629 secundis
3700 4585 3789 4625 co-

2191 4676 2341 4746 piose
2378 4675 2432 4728 in
2471 4672 3029 4736 commensuratione,
3070 4684 3208 4739 quae
3247 4668 3398 4739 juxta
3445 4682 3542 4721 eos
3566 4675 3669 4728 est,
3703 4679 3789 4718 os-

2193 4770 2416 4824 tendere
2436 4768 2504 4822 ab
2527 4768 2658 4838 ipsis
2680 4762 3219 4832 sacre'eontemplata
3245 4761 3424 4815 divina
3448 4757 3785 4830 spectacula:

2192 4870 2249 4916 et
2275 4862 2493 4924 docere,
2525 4873 2666 4928 quae
2715 4855 3020 4912 ierarchica
3057 4861 3205 4918 sunt,
3245 4866 3369 4906 cum
3398 4849 3633 4904 scientia
3663 4863 3786 4902 con-

2194 4951 2525 5006 summativa
2581 4950 2695 5019 ipsa
2759 4949 2942 5003 divina
3001 4961 3132 5010 eos,
3199 4943 3291 5014 qui
3342 4949 3469 5013 post
3532 4956 3595 4996 se
3666 4945 3784 4993 sunt

2192 5041 2495 5097 Ierarchiae
2521 5039 2681 5094 simul
2713 5039 2896 5093 omnia
2924 5037 2965 5101 °,
3005 5036 3142 5090 bene
3166 5034 3500 5098 docentium,
3529 5040 3586 5085 et
3618 5029 3787 5098 perfe-

2194 5144 2339 5190 ctam
2387 5132 2611 5189 docendi
2678 5131 2934 5186 virtutem
2996 5126 3373 5197 accipientium
3402 5164 3418 5188 ,
3467 5131 3524 5178 et
3577 5123 3785 5176 tradere

2196 5227 2496 5283 secundum
2523 5225 2842 5296 dignitatem
2871 5237 3028 5278 sacra
3062 5220 3270 5275 erudite
3307 5227 3364 5273 et
3385 5216 3600 5286 integre
3625 5213 3787 5284 parti-

2193 5320 2490 5391 cipantium
2514 5315 2832 5374 sacerdotali
2856 5312 3322 5371 consummatione
3337 5311 3386 5364 b.
3410 5309 3558 5380 Ergo
3577 5308 3783 5363 divinus

3311 5477 3496 5528 Μαι-..ιῘέ
3511 5503 3522 5520 '-

557 5558 581 5586 λ
614 5565 675 5611 ut
693 5570 804 5613 om.
822 5555 937 5612 BH.
1013 5557 1036 5589 ⁸
1057 5556 1150 5632 ᾼΕ
1170 5559 1352 5632 duces.
1430 5559 1452 5592 ³
1479 5559 1569 5616 BH
1592 5578 1734 5632 ergo.
1813 5559 1835 5591 ⁸
1860 5558 1952 5615 Sic
1970 5560 2050 5627 A;
2084 5559 2220 5615 BEH
2247 5509 2711 5626 sacrificium
2731 5558 3111 5614 sacerdotium.
3189 5557 3212 5588 ⁸
3235 5509 3675 5625 “lips-atomum
3696 5513 3776 5606 di-

491 5623 620 5683 vina
651 5644 702 5683 e.
730 5644 788 5684 σ.
819 5644 874 5700 p.
904 5644 952 5684 s.
980 5643 1026 5686 s.
1071 5629 1113 5684 l.
1131 5630 1288 5686 simul
1307 5633 1432 5688 bene
1451 5642 1559 5689 cet.

2019 5726 2268 5784 NOTAE.

645 5837 815 5895 Exeo.
862 5840 990 5907 AV;
1022 5839 1188 5896 Hebr.
1223 5840 1359 5896 Vill.

561 5908 590 5948 ιι
621 5909 800 5980 Codex
832 5910 1057 5966 Joannis
1086 5911 1232 5967 Scoti
1259 5917 1346 5980 qui
1375 5912 1491 5974 fuit,
1527 5913 1580 5966 h.
1615 5913 1651 5966 l.
1685 5912 1908 5968 mutilus
1932 5912 2082 5969 vidc-

489 5992 582 6040 tur
612 5979 800 6038 fuisse.
834 5980 968 6036 Nam
1018 5999 1135 6051 quze
1185 5985 1238 6038 in
1280 5979 1525 6039 Corderii
1575 5982 1812 6040 editione
1843 5984 2002 6040 'l‘om.
2045 5985 2082 6048 l,

2184 5857 2239 5912 p.
2269 5840 2376 5915 ζ’λὸἱᾷ
2397 5854 2428 5895 a
2453 5838 2636 5915 verbis
2659 5850 2713 5895 Ἧ
2737 5836 2794 5915 δὲ
2819 5846 2920 5898 τῶν
2948 5838 3230 5915 ἱερουρνῶν
3252 5833 3588 5915 martiolum
3612 5842 3777 5915 usque

2187 5906 2243 5982 ᾖ.
2275 5911 2380 5994 5βο
2414 5913 2616 5994 ρῦκοὶξιξ
2648 5913 2818 5994 ἡβεξοε
2867 5917 2973 5994 τῶη
2996 5906 3308 5987 "rapa:pr
3354 5906 3493 5973 τάξις
3529 5912 3676 5966 sum,
3729 5906 3777 5954 in

2191 5983 2459 6040 versionis
2481 5984 2640 6040 codd.
2669 5983 3068 6040 desiderantur.
