  <div class='ocr_page' id='page_1' title='image "/cluster/home/n/w/nwhite01/storage/ocr_20150623/122/hvd.32044015471659/586.png"; bbox 0 0 4008 6286; ppageno 0'>
   <div class='ocr_carea' id='block_1_1' title="bbox 213 367 354 426">
    <p class='ocr_par' dir='ltr' id='par_1_1' title="bbox 213 367 354 426">
     <span class='ocr_line' id='line_1_1' title="bbox 213 367 354 426; baseline 0 -1"><span class='ocrx_word' id='word_1_1' title='bbox 213 367 354 426; x_wconf 80' lang='grc'><strong>1097</strong></span> 
     </span>
    </p>
   </div>
   <div class='ocr_carea' id='block_1_2' title="bbox 793 366 2890 430">
    <p class='ocr_par' dir='ltr' id='par_1_2' title="bbox 793 366 2890 430">
     <span class='ocr_line' id='line_1_2' title="bbox 793 366 2890 430; baseline 0.002 -7"><span class='ocrx_word' id='word_1_2' title='bbox 793 367 1040 426; x_wconf 82' lang='lat' dir='ltr'><strong>VERSIO</strong></span> <span class='ocrx_word' id='word_1_3' title='bbox 1079 367 1365 427; x_wconf 78' lang='lat' dir='ltr'><strong>OPERUM</strong></span> <span class='ocrx_word' id='word_1_4' title='bbox 1405 369 1464 425; x_wconf 88' lang='lat' dir='ltr'><strong>S.</strong></span> <span class='ocrx_word' id='word_1_5' title='bbox 1501 366 2473 430; x_wconf 80' lang='lat' dir='ltr'><strong>DlONYSlI.—ECCLESIASTIC.\</strong></span> <span class='ocrx_word' id='word_1_6' title='bbox 2515 370 2890 430; x_wconf 72' lang='lat' dir='ltr'><strong>IERARCHIA</strong></span> 
     </span>
    </p>
   </div>
   <div class='ocr_carea' id='block_1_3' title="bbox 3351 371 3496 431">
    <p class='ocr_par' dir='ltr' id='par_1_3' title="bbox 3351 371 3496 431">
     <span class='ocr_line' id='line_1_3' title="bbox 3351 371 3496 431; baseline 0 -3"><span class='ocrx_word' id='word_1_7' title='bbox 3351 371 3496 431; x_wconf 68' lang='lat'><strong>1098</strong></span> 
     </span>
    </p>
   </div>
   <div class='ocr_carea' id='block_1_4' title="bbox 211 482 3499 558">
    <p class='ocr_par' dir='ltr' id='par_1_4' title="bbox 211 482 3499 558">
     <span class='ocr_line' id='line_1_4' title="bbox 211 482 3499 558; baseline 0.002 -19"><span class='ocrx_word' id='word_1_8' title='bbox 211 482 531 557; x_wconf 88' lang='lat' dir='ltr'><strong>pontiﬁcum</strong></span> <span class='ocrx_word' id='word_1_9' title='bbox 580 483 714 540; x_wconf 82' lang='lat' dir='ltr'><strong>ordo</strong></span> <span class='ocrx_word' id='word_1_10' title='bbox 761 485 969 557; x_wconf 88' lang='lat' dir='ltr'><strong>primus</strong></span> <span class='ocrx_word' id='word_1_11' title='bbox 998 484 1230 558; x_wconf 58' lang='lat' dir='ltr'><strong>{quidem</strong></span> <span class='ocrx_word' id='word_1_12' title='bbox 1277 493 1362 541; x_wconf 90' lang='lat' dir='ltr'><strong>est</strong></span> <span class='ocrx_word' id='word_1_13' title='bbox 1417 483 1755 541; x_wconf 88' lang='lat' dir='ltr'><strong>deividarum</strong></span> <span class='ocrx_word' id='word_1_14' title='bbox 1780 484 1797 515; x_wconf 82' lang='grc'>¹</span> <span class='ocrx_word' id='word_1_15' title='bbox 1827 483 2024 548; x_wconf 74' lang='grc' dir='ltr'><strong>Αΐιιεθ</strong></span> <span class='ocrx_word' id='word_1_16' title='bbox 2050 500 2328 557; x_wconf 77' lang='lat' dir='ltr'><strong>separaris.</strong></span> <span class='ocrx_word' id='word_1_17' title='bbox 2372 485 2602 558; x_wconf 75' lang='lat' dir='ltr'><strong>Propter</strong></span> <span class='ocrx_word' id='word_1_18' title='bbox 2631 489 2776 558; x_wconf 88' lang='lat' dir='ltr'><strong>quod</strong></span> <span class='ocrx_word' id='word_1_19' title='bbox 2822 495 2879 544; x_wconf 90' lang='lat' dir='ltr'><strong>et</strong></span> <span class='ocrx_word' id='word_1_20' title='bbox 2922 496 3126 546; x_wconf 77' lang='lat' dir='ltr'><strong>sanctis</strong></span> <span class='ocrx_word' id='word_1_21' title='bbox 3153 501 3278 544; x_wconf 89' lang='lat' dir='ltr'><strong>eam</strong></span> <span class='ocrx_word' id='word_1_22' title='bbox 3306 489 3499 545; x_wconf 86' lang='lat' dir='ltr'><strong>statuit</strong></span> 
     </span>
    </p>
   </div>
   <div class='ocr_carea' id='block_1_5' title="bbox 214 575 1807 634">
    <p class='ocr_par' dir='ltr' id='par_1_5' title="bbox 214 575 1807 634">
     <span class='ocr_line' id='line_1_5' title="bbox 214 575 1807 634; baseline -0.001 0"><span class='ocrx_word' id='word_1_23' title='bbox 214 575 650 634; x_wconf 89' lang='lat' dir='ltr'><strong>ordinationum:</strong></span> <span class='ocrx_word' id='word_1_24' title='bbox 676 575 1092 634; x_wconf 79' lang='lat' dir='ltr'><strong>sublimissimus</strong></span> <span class='ocrx_word' id='word_1_25' title='bbox 1114 585 1296 634; x_wconf 91' lang='lat' dir='ltr'><strong>autem</strong></span> <span class='ocrx_word' id='word_1_26' title='bbox 1325 577 1524 634; x_wconf 82' lang='lat' dir='ltr'><strong>iterum</strong></span> <span class='ocrx_word' id='word_1_27' title='bbox 1548 585 1604 634; x_wconf 90' lang='lat' dir='ltr'><strong>et</strong></span> <span class='ocrx_word' id='word_1_28' title='bbox 1628 575 1807 633; x_wconf 52' lang='lat' dir='ltr'><strong>novisc</strong></span> 
     </span>
    </p>
   </div>
   <div class='ocr_carea' id='block_1_6' title="bbox 215 668 1807 742">
    <p class='ocr_par' dir='ltr' id='par_1_6' title="bbox 215 668 1807 742">
     <span class='ocr_line' id='line_1_6' title="bbox 215 668 1807 742; baseline -0.003 -16"><span class='ocrx_word' id='word_1_29' title='bbox 215 668 387 726; x_wconf 91' lang='lat' dir='ltr'><strong>simus</strong></span> <span class='ocrx_word' id='word_1_30' title='bbox 429 668 594 724; x_wconf 81' lang='lat' dir='ltr'><strong>idem.</strong></span> <span class='ocrx_word' id='word_1_31' title='bbox 627 669 838 726; x_wconf 82' lang='lat' dir='ltr'><strong>Etenim</strong></span> <span class='ocrx_word' id='word_1_32' title='bbox 886 673 940 727; x_wconf 90' lang='lat' dir='ltr'><strong>in</strong></span> <span class='ocrx_word' id='word_1_33' title='bbox 971 671 1090 742; x_wconf 89' lang='lat' dir='ltr'><strong>ipso</strong></span> <span class='ocrx_word' id='word_1_34' title='bbox 1130 670 1412 741; x_wconf 92' lang='lat' dir='ltr'><strong>perﬁcitur</strong></span> <span class='ocrx_word' id='word_1_35' title='bbox 1448 678 1504 724; x_wconf 90' lang='lat' dir='ltr'><strong>et</strong></span> <span class='ocrx_word' id='word_1_36' title='bbox 1551 668 1807 740; x_wconf 89' lang='lat' dir='ltr'><strong>impletur</strong></span> 
     </span>
    </p>
   </div>
   <div class='ocr_carea' id='block_1_7' title="bbox 213 760 1804 834">
    <p class='ocr_par' dir='ltr' id='par_1_7' title="bbox 213 760 1804 834">
     <span class='ocr_line' id='line_1_7' title="bbox 213 760 1804 834; baseline -0.001 -17"><span class='ocrx_word' id='word_1_37' title='bbox 213 760 391 817; x_wconf 91' lang='lat' dir='ltr'><strong>omnis</strong></span> <span class='ocrx_word' id='word_1_38' title='bbox 414 770 634 818; x_wconf 86' lang='lat' dir='ltr'><strong>nostrae</strong></span> <span class='ocrx_word' id='word_1_39' title='bbox 660 761 960 818; x_wconf 87' lang='lat' dir='ltr'><strong>lerarcbiae</strong></span> <span class='ocrx_word' id='word_1_40' title='bbox 987 761 1288 834; x_wconf 87' lang='lat' dir='ltr'><strong>dispositio.</strong></span> <span class='ocrx_word' id='word_1_41' title='bbox 1323 761 1394 816; x_wconf 91' lang='lat' dir='ltr'><strong>Ut</strong></span> <span class='ocrx_word' id='word_1_42' title='bbox 1415 760 1560 816; x_wconf 88' lang='lat' dir='ltr'><strong>enim</strong></span> <span class='ocrx_word' id='word_1_43' title='bbox 1587 775 1804 817; x_wconf 90' lang='lat' dir='ltr'><strong>omnem</strong></span> 
     </span>
    </p>
   </div>
   <div class='ocr_carea' id='block_1_8' title="bbox 213 851 1806 918">
    <p class='ocr_par' dir='ltr' id='par_1_8' title="bbox 213 851 1806 918">
     <span class='ocr_line' id='line_1_8' title="bbox 213 851 1806 918; baseline 0.001 -11"><span class='ocrx_word' id='word_1_44' title='bbox 213 851 544 908; x_wconf 88' lang='lat' dir='ltr'><strong>lerarcbiam</strong></span> <span class='ocrx_word' id='word_1_45' title='bbox 575 853 820 911; x_wconf 85' lang='lat' dir='ltr'><strong>videmus</strong></span> <span class='ocrx_word' id='word_1_46' title='bbox 871 855 924 909; x_wconf 92' lang='lat' dir='ltr'><strong>in</strong></span> <span class='ocrx_word' id='word_1_47' title='bbox 969 853 1154 910; x_wconf 86' lang='lat' dir='ltr'><strong>Jesum</strong></span> <span class='ocrx_word' id='word_1_48' title='bbox 1200 861 1634 910; x_wconf 75' lang='lat' dir='ltr'><strong>consummatam</strong></span> <span class='ocrx_word' id='word_1_49' title='bbox 1660 893 1674 918; x_wconf 95' lang='lat'><strong>,</strong></span> <span class='ocrx_word' id='word_1_50' title='bbox 1727 852 1806 909; x_wconf 89' lang='lat' dir='ltr'><strong>sic</strong></span> 
     </span>
    </p>
   </div>
   <div class='ocr_carea' id='block_1_9' title="bbox 215 949 1804 1021">
    <p class='ocr_par' dir='ltr' id='par_1_9' title="bbox 215 949 1804 1021">
     <span class='ocr_line' id='line_1_9' title="bbox 215 949 1804 1021; baseline 0.003 -22"><span class='ocrx_word' id='word_1_51' title='bbox 215 961 654 1018; x_wconf 85' lang='lat' dir='ltr'><strong>unamquamque</strong></span> <span class='ocrx_word' id='word_1_52' title='bbox 680 950 732 1004; x_wconf 92' lang='lat' dir='ltr'><strong>in</strong></span> <span class='ocrx_word' id='word_1_53' title='bbox 759 951 1038 1021; x_wconf 88' lang='lat' dir='ltr'><strong>proprium</strong></span> <span class='ocrx_word' id='word_1_54' title='bbox 1064 949 1308 1005; x_wconf 88' lang='lat' dir='ltr'><strong>divinum</strong></span> <span class='ocrx_word' id='word_1_55' title='bbox 1328 963 1602 1004; x_wconf 89' lang='lat' dir='ltr'><strong>summum</strong></span> <span class='ocrx_word' id='word_1_56' title='bbox 1626 963 1804 1004; x_wconf 88' lang='lat' dir='ltr'><strong>sacer—</strong></span> 
     </span>
    </p>
   </div>
   <div class='ocr_carea' id='block_1_10' title="bbox 214 1037 1806 1109">
    <p class='ocr_par' dir='ltr' id='par_1_10' title="bbox 214 1037 1806 1109">
     <span class='ocr_line' id='line_1_10' title="bbox 214 1037 1806 1109; baseline 0.002 -18"><span class='ocrx_word' id='word_1_57' title='bbox 214 1037 415 1093; x_wconf 86' lang='lat' dir='ltr'><strong>dotem.</strong></span> <span class='ocrx_word' id='word_1_58' title='bbox 441 1037 560 1109; x_wconf 90' lang='lat' dir='ltr'><strong>lpsa</strong></span> <span class='ocrx_word' id='word_1_59' title='bbox 589 1047 769 1095; x_wconf 87' lang='lat' dir='ltr'><strong>autem</strong></span> <span class='ocrx_word' id='word_1_60' title='bbox 798 1039 1085 1096; x_wconf 89' lang='lat' dir='ltr'><strong>ierarchici</strong></span> <span class='ocrx_word' id='word_1_61' title='bbox 1110 1040 1318 1096; x_wconf 87' lang='lat' dir='ltr'><strong>ordinis</strong></span> <span class='ocrx_word' id='word_1_62' title='bbox 1345 1040 1521 1096; x_wconf 90' lang='lat' dir='ltr'><strong>virtus</strong></span> <span class='ocrx_word' id='word_1_63' title='bbox 1547 1040 1603 1096; x_wconf 92' lang='lat' dir='ltr'><strong>in</strong></span> <span class='ocrx_word' id='word_1_64' title='bbox 1630 1039 1806 1095; x_wconf 88' lang='lat' dir='ltr'><strong>omni-</strong></span> 
     </span>
    </p>
   </div>
   <div class='ocr_carea' id='block_1_11' title="bbox 210 1127 1807 1201">
    <p class='ocr_par' dir='ltr' id='par_1_11' title="bbox 210 1127 1807 1201">
     <span class='ocr_line' id='line_1_11' title="bbox 210 1127 1807 1201; baseline 0.001 -18"><span class='ocrx_word' id='word_1_65' title='bbox 210 1127 315 1183; x_wconf 86' lang='lat' dir='ltr'><strong>bus</strong></span> <span class='ocrx_word' id='word_1_66' title='bbox 341 1127 554 1184; x_wconf 85' lang='lat' dir='ltr'><strong>locatur</strong></span> <span class='ocrx_word' id='word_1_67' title='bbox 577 1130 749 1186; x_wconf 90' lang='lat' dir='ltr'><strong>sacris</strong></span> <span class='ocrx_word' id='word_1_68' title='bbox 779 1129 1220 1186; x_wconf 90' lang='lat' dir='ltr'><strong>universitatibus</strong></span> <span class='ocrx_word' id='word_1_69' title='bbox 1237 1170 1252 1197; x_wconf 97' lang='lat'><strong>,</strong></span> <span class='ocrx_word' id='word_1_70' title='bbox 1293 1139 1350 1186; x_wconf 91' lang='lat' dir='ltr'><strong>et</strong></span> <span class='ocrx_word' id='word_1_71' title='bbox 1375 1145 1472 1201; x_wconf 89' lang='lat' dir='ltr'><strong>per</strong></span> <span class='ocrx_word' id='word_1_72' title='bbox 1500 1145 1691 1187; x_wconf 88' lang='lat' dir='ltr'><strong>omnes</strong></span> <span class='ocrx_word' id='word_1_73' title='bbox 1719 1143 1807 1184; x_wconf 89' lang='lat' dir='ltr'><strong>sa-</strong></span> 
     </span>
    </p>
   </div>
   <div class='ocr_carea' id='block_1_12' title="bbox 210 1222 1802 1298">
    <p class='ocr_par' dir='ltr' id='par_1_12' title="bbox 210 1222 1802 1298">
     <span class='ocr_line' id='line_1_12' title="bbox 210 1222 1802 1298; baseline 0 -20"><span class='ocrx_word' id='word_1_74' title='bbox 210 1235 336 1278; x_wconf 90' lang='lat' dir='ltr'><strong>cros</strong></span> <span class='ocrx_word' id='word_1_75' title='bbox 361 1222 582 1279; x_wconf 86' lang='lat' dir='ltr'><strong>ordines</strong></span> <span class='ocrx_word' id='word_1_76' title='bbox 627 1232 884 1293; x_wconf 87' lang='lat' dir='ltr'><strong>operatur</strong></span> <span class='ocrx_word' id='word_1_77' title='bbox 913 1225 1166 1295; x_wconf 82' lang='lat' dir='ltr'><strong>propriae</strong></span> <span class='ocrx_word' id='word_1_78' title='bbox 1193 1225 1498 1282; x_wconf 88' lang='lat' dir='ltr'><strong>lerarchiae</strong></span> <span class='ocrx_word' id='word_1_79' title='bbox 1521 1224 1802 1298; x_wconf 87' lang='lat' dir='ltr'><strong>mysteria.</strong></span> 
     </span>
    </p>
   </div>
   <div class='ocr_carea' id='block_1_13' title="bbox 210 1314 1805 1398">
    <p class='ocr_par' dir='ltr' id='par_1_13' title="bbox 210 1314 1805 1398">
     <span class='ocr_line' id='line_1_13' title="bbox 210 1314 1805 1398; baseline 0.003 -27"><span class='ocrx_word' id='word_1_80' title='bbox 210 1314 456 1373; x_wconf 89' lang='lat' dir='ltr'><strong>Discrete</strong></span> <span class='ocrx_word' id='word_1_81' title='bbox 494 1327 676 1374; x_wconf 91' lang='lat' dir='ltr'><strong>autem</strong></span> <span class='ocrx_word' id='word_1_82' title='bbox 704 1319 851 1385; x_wconf 90' lang='lat' dir='ltr'><strong>huic,</strong></span> <span class='ocrx_word' id='word_1_83' title='bbox 879 1319 1034 1374; x_wconf 68' lang='lat' dir='ltr'><strong>ultra</strong></span> <span class='ocrx_word' id='word_1_84' title='bbox 1064 1330 1274 1398; x_wconf 78' lang='lat' dir='ltr'><strong>ceteros</strong></span> <span class='ocrx_word' id='word_1_85' title='bbox 1302 1321 1544 1388; x_wconf 87' lang='lat' dir='ltr'><strong>ordines,</strong></span> <span class='ocrx_word' id='word_1_86' title='bbox 1565 1321 1621 1376; x_wconf 92' lang='lat' dir='ltr'><strong>in</strong></span> <span class='ocrx_word' id='word_1_87' title='bbox 1651 1335 1805 1376; x_wconf 89' lang='lat' dir='ltr'><strong>suam</strong></span> 
     </span>
    </p>
   </div>
   <div class='ocr_carea' id='block_1_14' title="bbox 210 1411 1807 1480">
    <p class='ocr_par' dir='ltr' id='par_1_14' title="bbox 210 1411 1807 1480">
     <span class='ocr_line' id='line_1_14' title="bbox 210 1411 1807 1480; baseline 0.004 -17"><span class='ocrx_word' id='word_1_88' title='bbox 210 1411 586 1480; x_wconf 84' lang='lat' dir='ltr'><strong>operationem</strong></span> <span class='ocrx_word' id='word_1_89' title='bbox 617 1411 800 1466; x_wconf 91' lang='lat' dir='ltr'><strong>divina</strong></span> <span class='ocrx_word' id='word_1_90' title='bbox 831 1411 918 1467; x_wconf 80' lang='lat' dir='ltr'><strong>lex</strong></span> <span class='ocrx_word' id='word_1_91' title='bbox 966 1413 1243 1469; x_wconf 92' lang='lat' dir='ltr'><strong>distribuit</strong></span> <span class='ocrx_word' id='word_1_92' title='bbox 1269 1413 1566 1472; x_wconf 91' lang='lat' dir='ltr'><strong>diviniores</strong></span> <span class='ocrx_word' id='word_1_93' title='bbox 1596 1414 1807 1470; x_wconf 86' lang='lat' dir='ltr'><strong>sacriﬁ-</strong></span> 
     </span>
    </p>
   </div>
   <div class='ocr_carea' id='block_1_15' title="bbox 209 1501 1807 1575">
    <p class='ocr_par' dir='ltr' id='par_1_15' title="bbox 209 1501 1807 1575">
     <span class='ocr_line' id='line_1_15' title="bbox 209 1501 1807 1575; baseline 0.004 -20"><span class='ocrx_word' id='word_1_94' title='bbox 209 1502 454 1557; x_wconf 84' lang='lat' dir='ltr'><strong>cationes</strong></span> <span class='ocrx_word' id='word_1_95' title='bbox 484 1503 530 1556; x_wconf 89' lang='grc'><strong>².</strong></span> <span class='ocrx_word' id='word_1_96' title='bbox 559 1501 674 1558; x_wconf 87' lang='lat' dir='ltr'><strong>Hae</strong></span> <span class='ocrx_word' id='word_1_97' title='bbox 703 1511 886 1558; x_wconf 89' lang='lat' dir='ltr'><strong>autem</strong></span> <span class='ocrx_word' id='word_1_98' title='bbox 913 1512 1041 1559; x_wconf 90' lang='lat' dir='ltr'><strong>sunt</strong></span> <span class='ocrx_word' id='word_1_99' title='bbox 1083 1501 1434 1575; x_wconf 80' lang='lat' dir='ltr'><strong>perfectrices</strong></span> <span class='ocrx_word' id='word_1_100' title='bbox 1460 1505 1807 1561; x_wconf 88' lang='lat' dir='ltr'><strong>thearchicae</strong></span> 
     </span>
    </p>
   </div>
   <div class='ocr_carea' id='block_1_16' title="bbox 208 1593 1806 1666">
    <p class='ocr_par' dir='ltr' id='par_1_16' title="bbox 208 1593 1806 1666">
     <span class='ocr_line' id='line_1_16' title="bbox 208 1593 1806 1666; baseline 0.003 -18"><span class='ocrx_word' id='word_1_101' title='bbox 208 1593 428 1649; x_wconf 89' lang='lat' dir='ltr'><strong>virtutis</strong></span> <span class='ocrx_word' id='word_1_102' title='bbox 463 1594 748 1666; x_wconf 80' lang='lat' dir='ltr'><strong>imagines,</strong></span> <span class='ocrx_word' id='word_1_103' title='bbox 779 1604 1221 1652; x_wconf 90' lang='lat' dir='ltr'><strong>consummantes</strong></span> <span class='ocrx_word' id='word_1_104' title='bbox 1257 1599 1439 1652; x_wconf 91' lang='lat' dir='ltr'><strong>omnia</strong></span> <span class='ocrx_word' id='word_1_105' title='bbox 1469 1598 1806 1654; x_wconf 91' lang='lat' dir='ltr'><strong>divinissima</strong></span> 
     </span>
    </p>
   </div>
   <div class='ocr_carea' id='block_1_17' title="bbox 209 1685 1806 1759">
    <p class='ocr_par' dir='ltr' id='par_1_17' title="bbox 209 1685 1806 1759">
     <span class='ocr_line' id='line_1_17' title="bbox 209 1685 1806 1759; baseline 0.004 -21"><span class='ocrx_word' id='word_1_106' title='bbox 209 1685 472 1756; x_wconf 84' lang='lat' dir='ltr'><strong>symbola,</strong></span> <span class='ocrx_word' id='word_1_107' title='bbox 503 1695 559 1741; x_wconf 90' lang='lat' dir='ltr'><strong>et</strong></span> <span class='ocrx_word' id='word_1_108' title='bbox 585 1701 777 1742; x_wconf 89' lang='lat' dir='ltr'><strong>omnes</strong></span> <span class='ocrx_word' id='word_1_109' title='bbox 803 1703 988 1744; x_wconf 88' lang='lat' dir='ltr'><strong>sacras</strong></span> <span class='ocrx_word' id='word_1_110' title='bbox 1016 1690 1419 1759; x_wconf 87' lang='lat' dir='ltr'><strong>dispositiones.</strong></span> <span class='ocrx_word' id='word_1_111' title='bbox 1456 1690 1572 1746; x_wconf 84' lang='lat' dir='ltr'><strong>Etsi</strong></span> <span class='ocrx_word' id='word_1_112' title='bbox 1601 1691 1744 1746; x_wconf 91' lang='lat' dir='ltr'><strong>enim</strong></span> <span class='ocrx_word' id='word_1_113' title='bbox 1774 1706 1806 1745; x_wconf 92' lang='lat' dir='ltr'><strong>a</strong></span> 
     </span>
    </p>
   </div>
   <div class='ocr_carea' id='block_1_18' title="bbox 209 1777 1804 1854">
    <p class='ocr_par' dir='ltr' id='par_1_18' title="bbox 209 1777 1804 1854">
     <span class='ocr_line' id='line_1_18' title="bbox 209 1777 1804 1854; baseline 0.003 -22"><span class='ocrx_word' id='word_1_114' title='bbox 209 1777 583 1834; x_wconf 84' lang='lat' dir='ltr'><strong>sacerdotibus</strong></span> <span class='ocrx_word' id='word_1_115' title='bbox 605 1778 962 1848; x_wconf 89' lang='lat' dir='ltr'><strong>perﬁciuntur</strong></span> <span class='ocrx_word' id='word_1_116' title='bbox 985 1782 1251 1850; x_wconf 86' lang='lat' dir='ltr'><strong>quaedam</strong></span> <span class='ocrx_word' id='word_1_117' title='bbox 1279 1780 1628 1837; x_wconf 89' lang='lat' dir='ltr'><strong>colendorum</strong></span> <span class='ocrx_word' id='word_1_118' title='bbox 1659 1797 1804 1854; x_wconf 86' lang='lat' dir='ltr'><strong>sym-</strong></span> 
     </span>
    </p>
   </div>
   <div class='ocr_carea' id='block_1_19' title="bbox 210 1870 1805 1946">
    <p class='ocr_par' dir='ltr' id='par_1_19' title="bbox 210 1870 1805 1946">
     <span class='ocr_line' id='line_1_19' title="bbox 210 1870 1805 1946; baseline -0.001 -19"><span class='ocrx_word' id='word_1_119' title='bbox 210 1871 480 1936; x_wconf 88' lang='lat' dir='ltr'><strong>bolorum,</strong></span> <span class='ocrx_word' id='word_1_120' title='bbox 511 1870 608 1927; x_wconf 87' lang='lat' dir='ltr'><strong>sed</strong></span> <span class='ocrx_word' id='word_1_121' title='bbox 638 1887 914 1942; x_wconf 87' lang='lat' dir='ltr'><strong>nunquam</strong></span> <span class='ocrx_word' id='word_1_122' title='bbox 945 1872 1234 1942; x_wconf 85' lang='lat' dir='ltr'><strong>aliquando</strong></span> <span class='ocrx_word' id='word_1_123' title='bbox 1272 1888 1485 1929; x_wconf 88' lang='lat' dir='ltr'><strong>sacram</strong></span> <span class='ocrx_word' id='word_1_124' title='bbox 1512 1874 1805 1946; x_wconf 84' lang='lat' dir='ltr'><strong>tbcogcne-</strong></span> 
     </span>
    </p>
   </div>
   <div class='ocr_carea' id='block_1_20' title="bbox 207 1964 1799 2036">
    <p class='ocr_par' dir='ltr' id='par_1_20' title="bbox 207 1964 1799 2036">
     <span class='ocr_line' id='line_1_20' title="bbox 207 1964 1799 2036; baseline -0.001 -17"><span class='ocrx_word' id='word_1_125' title='bbox 207 1965 343 2019; x_wconf 86' lang='lat' dir='ltr'><strong>siam</strong></span> <span class='ocrx_word' id='word_1_126' title='bbox 366 1967 620 2020; x_wconf 86' lang='lat' dir='ltr'><strong>sacerdos</strong></span> <span class='ocrx_word' id='word_1_127' title='bbox 643 1964 958 2034; x_wconf 88' lang='lat' dir='ltr'><strong>operabitur</strong></span> <span class='ocrx_word' id='word_1_128' title='bbox 983 1965 1100 2020; x_wconf 88' lang='lat' dir='ltr'><strong>sine</strong></span> <span class='ocrx_word' id='word_1_129' title='bbox 1127 1964 1464 2020; x_wconf 87' lang='lat' dir='ltr'><strong>divinissimo</strong></span> <span class='ocrx_word' id='word_1_130' title='bbox 1492 1972 1799 2036; x_wconf 87' lang='lat' dir='ltr'><strong>unguento:</strong></span> 
     </span>
    </p>
   </div>
   <div class='ocr_carea' id='block_1_21' title="bbox 205 2057 1807 2130">
    <p class='ocr_par' dir='ltr' id='par_1_21' title="bbox 205 2057 1807 2130">
     <span class='ocr_line' id='line_1_21' title="bbox 205 2057 1807 2130; baseline -0.002 -12"><span class='ocrx_word' id='word_1_131' title='bbox 205 2073 382 2128; x_wconf 67' lang='lat' dir='ltr'><strong>neque</strong></span> <span class='ocrx_word' id='word_1_132' title='bbox 411 2057 628 2114; x_wconf 85' lang='lat' dir='ltr'><strong>divinae</strong></span> <span class='ocrx_word' id='word_1_133' title='bbox 663 2057 1060 2114; x_wconf 88' lang='lat' dir='ltr'><strong>communionis</strong></span> <span class='ocrx_word' id='word_1_134' title='bbox 1104 2057 1351 2129; x_wconf 84' lang='lat' dir='ltr'><strong>perﬁciet</strong></span> <span class='ocrx_word' id='word_1_135' title='bbox 1387 2059 1667 2130; x_wconf 88' lang='lat' dir='ltr'><strong>mysteria,</strong></span> <span class='ocrx_word' id='word_1_136' title='bbox 1702 2058 1807 2114; x_wconf 88' lang='lat' dir='ltr'><strong>nisi</strong></span> 
     </span>
    </p>
   </div>
   <div class='ocr_carea' id='block_1_22' title="bbox 207 2149 1805 2223">
    <p class='ocr_par' dir='ltr' id='par_1_22' title="bbox 207 2149 1805 2223">
     <span class='ocr_line' id='line_1_22' title="bbox 207 2149 1805 2223; baseline 0 -17"><span class='ocrx_word' id='word_1_137' title='bbox 207 2149 546 2206; x_wconf 87' lang='lat' dir='ltr'><strong>divinissimo</strong></span> <span class='ocrx_word' id='word_1_138' title='bbox 575 2149 731 2205; x_wconf 90' lang='lat' dir='ltr'><strong>altari</strong></span> <span class='ocrx_word' id='word_1_139' title='bbox 771 2150 1242 2206; x_wconf 90' lang='lat' dir='ltr'><strong>communicativis</strong></span> <span class='ocrx_word' id='word_1_140' title='bbox 1271 2151 1626 2220; x_wconf 88' lang='lat' dir='ltr'><strong>superpositis</strong></span> <span class='ocrx_word' id='word_1_141' title='bbox 1655 2167 1805 2223; x_wconf 89' lang='lat' dir='ltr'><strong>sym-</strong></span> 
     </span>
    </p>
   </div>
   <div class='ocr_carea' id='block_1_23' title="bbox 210 2242 1808 2316">
    <p class='ocr_par' dir='ltr' id='par_1_23' title="bbox 210 2242 1808 2316">
     <span class='ocr_line' id='line_1_23' title="bbox 210 2242 1808 2316; baseline -0.001 -17"><span class='ocrx_word' id='word_1_142' title='bbox 210 2243 372 2299; x_wconf 82' lang='lat' dir='ltr'><strong>bolis.</strong></span> <span class='ocrx_word' id='word_1_143' title='bbox 407 2242 514 2300; x_wconf 89' lang='lat' dir='ltr'><strong>Sed</strong></span> <span class='ocrx_word' id='word_1_144' title='bbox 543 2257 716 2315; x_wconf 89' lang='lat' dir='ltr'><strong>neque</strong></span> <span class='ocrx_word' id='word_1_145' title='bbox 743 2243 858 2316; x_wconf 89' lang='lat' dir='ltr'><strong>ipse</strong></span> <span class='ocrx_word' id='word_1_146' title='bbox 885 2245 1141 2300; x_wconf 89' lang='lat' dir='ltr'><strong>sacerdos</strong></span> <span class='ocrx_word' id='word_1_147' title='bbox 1165 2243 1294 2311; x_wconf 90' lang='lat' dir='ltr'><strong>erit,</strong></span> <span class='ocrx_word' id='word_1_148' title='bbox 1322 2243 1427 2299; x_wconf 90' lang='lat' dir='ltr'><strong>nisi</strong></span> <span class='ocrx_word' id='word_1_149' title='bbox 1453 2245 1522 2299; x_wconf 90' lang='lat' dir='ltr'><strong>ab</strong></span> <span class='ocrx_word' id='word_1_150' title='bbox 1547 2243 1808 2299; x_wconf 87' lang='lat' dir='ltr'><strong>ierarchi-</strong></span> 
     </span>
    </p>
   </div>
   <div class='ocr_carea' id='block_1_24' title="bbox 209 2335 1807 2398">
    <p class='ocr_par' dir='ltr' id='par_1_24' title="bbox 209 2335 1807 2398">
     <span class='ocr_line' id='line_1_24' title="bbox 209 2335 1807 2398; baseline 0 -6"><span class='ocrx_word' id='word_1_151' title='bbox 209 2337 292 2398; x_wconf 89' lang='lat' dir='ltr'><strong>cis</strong></span> <span class='ocrx_word' id='word_1_152' title='bbox 325 2337 881 2393; x_wconf 89' lang='lat' dir='ltr'><strong>consummationibus</strong></span> <span class='ocrx_word' id='word_1_153' title='bbox 921 2338 978 2393; x_wconf 91' lang='lat' dir='ltr'><strong>in</strong></span> <span class='ocrx_word' id='word_1_154' title='bbox 1024 2337 1128 2394; x_wconf 88' lang='lat' dir='ltr'><strong>hoc</strong></span> <span class='ocrx_word' id='word_1_155' title='bbox 1170 2336 1415 2393; x_wconf 90' lang='lat' dir='ltr'><strong>sortitus.</strong></span> <span class='ocrx_word' id='word_1_156' title='bbox 1456 2335 1586 2391; x_wconf 85' lang='lat' dir='ltr'><strong>[nde</strong></span> <span class='ocrx_word' id='word_1_157' title='bbox 1626 2337 1807 2392; x_wconf 85' lang='lat' dir='ltr'><strong>divina</strong></span> 
     </span>
    </p>
   </div>
   <div class='ocr_carea' id='block_1_25' title="bbox 207 2424 1805 2498">
    <p class='ocr_par' dir='ltr' id='par_1_25' title="bbox 207 2424 1805 2498">
     <span class='ocr_line' id='line_1_25' title="bbox 207 2424 1805 2498; baseline -0.001 -16"><span class='ocrx_word' id='word_1_158' title='bbox 207 2427 474 2498; x_wconf 90' lang='lat' dir='ltr'><strong>legislatio</strong></span> <span class='ocrx_word' id='word_1_159' title='bbox 522 2428 949 2484; x_wconf 87' lang='lat' dir='ltr'><strong>ierarchicorum</strong></span> <span class='ocrx_word' id='word_1_160' title='bbox 995 2427 1246 2483; x_wconf 92' lang='lat' dir='ltr'><strong>ordinum</strong></span> <span class='ocrx_word' id='word_1_161' title='bbox 1293 2424 1805 2496; x_wconf 87' lang='lat' dir='ltr'><strong>sanctiﬁcationem,</strong></span> 
     </span>
    </p>
   </div>
   <div class='ocr_carea' id='block_1_26' title="bbox 210 2522 1809 2594">
    <p class='ocr_par' dir='ltr' id='par_1_26' title="bbox 210 2522 1809 2594">
     <span class='ocr_line' id='line_1_26' title="bbox 210 2522 1809 2594; baseline 0 -17"><span class='ocrx_word' id='word_1_162' title='bbox 210 2532 264 2577; x_wconf 93' lang='lat' dir='ltr'><strong>et</strong></span> <span class='ocrx_word' id='word_1_163' title='bbox 293 2522 464 2576; x_wconf 88' lang='lat' dir='ltr'><strong>divini</strong></span> <span class='ocrx_word' id='word_1_164' title='bbox 495 2523 752 2594; x_wconf 78' lang='lat' dir='ltr'><strong>unguenti</strong></span> <span class='ocrx_word' id='word_1_165' title='bbox 778 2522 1323 2587; x_wconf 89' lang='lat' dir='ltr'><strong>consummationem,</strong></span> <span class='ocrx_word' id='word_1_166' title='bbox 1351 2529 1406 2578; x_wconf 91' lang='lat' dir='ltr'><strong>et</strong></span> <span class='ocrx_word' id='word_1_167' title='bbox 1432 2537 1646 2578; x_wconf 88' lang='lat' dir='ltr'><strong>sacram</strong></span> <span class='ocrx_word' id='word_1_168' title='bbox 1673 2522 1809 2577; x_wconf 90' lang='lat' dir='ltr'><strong>alta-</strong></span> 
     </span>
    </p>
   </div>
   <div class='ocr_carea' id='block_1_27' title="bbox 213 2612 1811 2686">
    <p class='ocr_par' dir='ltr' id='par_1_27' title="bbox 213 2612 1811 2686">
     <span class='ocr_line' id='line_1_27' title="bbox 213 2612 1811 2686; baseline 0.003 -20"><span class='ocrx_word' id='word_1_169' title='bbox 213 2612 292 2668; x_wconf 88' lang='lat' dir='ltr'><strong>ris</strong></span> <span class='ocrx_word' id='word_1_170' title='bbox 318 2613 773 2684; x_wconf 89' lang='lat' dir='ltr'><strong>puriﬁcationem,</strong></span> <span class='ocrx_word' id='word_1_171' title='bbox 813 2615 1120 2670; x_wconf 90' lang='lat' dir='ltr'><strong>divinorum</strong></span> <span class='ocrx_word' id='word_1_172' title='bbox 1152 2613 1466 2684; x_wconf 87' lang='lat' dir='ltr'><strong>pontiﬁcum</strong></span> <span class='ocrx_word' id='word_1_173' title='bbox 1498 2613 1811 2686; x_wconf 80' lang='lat' dir='ltr'><strong>perlectivis</strong></span> 
     </span>
    </p>
   </div>
   <div class='ocr_carea' id='block_1_28' title="bbox 206 2705 1812 2780">
    <p class='ocr_par' dir='ltr' id='par_1_28' title="bbox 206 2705 1812 2780">
     <span class='ocr_line' id='line_1_28' title="bbox 206 2705 1812 2780; baseline 0 -19"><span class='ocrx_word' id='word_1_174' title='bbox 206 2708 504 2764; x_wconf 85' lang='lat' dir='ltr'><strong>virtutibus</strong></span> <span class='ocrx_word' id='word_1_175' title='bbox 533 2708 880 2780; x_wconf 78' lang='lat' dir='ltr'><strong>singulariter</strong></span> <span class='ocrx_word' id='word_1_176' title='bbox 913 2707 1118 2763; x_wconf 88' lang='lat' dir='ltr'><strong>divisit.</strong></span> <span class='ocrx_word' id='word_1_177' title='bbox 1160 2705 1258 2762; x_wconf 87' lang='lat' dir='ltr'><strong>Est</strong></span> <span class='ocrx_word' id='word_1_178' title='bbox 1293 2707 1460 2778; x_wconf 82' lang='lat' dir='ltr'><strong>igitur</strong></span> <span class='ocrx_word' id='word_1_179' title='bbox 1496 2707 1812 2762; x_wconf 88' lang='lat' dir='ltr'><strong>sanctiﬁcus</strong></span> 
     </span>
    </p>
   </div>
   <div class='ocr_carea' id='block_1_29' title="bbox 209 2798 1813 2872">
    <p class='ocr_par' dir='ltr' id='par_1_29' title="bbox 209 2798 1813 2872">
     <span class='ocr_line' id='line_1_29' title="bbox 209 2798 1813 2872; baseline -0.003 -13"><span class='ocrx_word' id='word_1_180' title='bbox 209 2803 369 2868; x_wconf 89' lang='lat' dir='ltr'><strong>ordo,</strong></span> <span class='ocrx_word' id='word_1_181' title='bbox 401 2803 863 2858; x_wconf 88' lang='lat' dir='ltr'><strong>consummativae</strong></span> <span class='ocrx_word' id='word_1_182' title='bbox 909 2800 1126 2856; x_wconf 89' lang='lat' dir='ltr'><strong>virtutis</strong></span> <span class='ocrx_word' id='word_1_183' title='bbox 1162 2799 1420 2872; x_wconf 89' lang='lat' dir='ltr'><strong>repletus,</strong></span> <span class='ocrx_word' id='word_1_184' title='bbox 1465 2798 1705 2870; x_wconf 82' lang='lat' dir='ltr'><strong>perfecta</strong></span> <span class='ocrx_word' id='word_1_185' title='bbox 1731 2799 1813 2854; x_wconf 88' lang='lat' dir='ltr'><strong>le-</strong></span> 
     </span>
    </p>
   </div>
   <div class='ocr_carea' id='block_1_30' title="bbox 218 2893 1812 2965">
    <p class='ocr_par' dir='ltr' id='par_1_30' title="bbox 218 2893 1812 2965">
     <span class='ocr_line' id='line_1_30' title="bbox 218 2893 1812 2965; baseline 0 -15"><span class='ocrx_word' id='word_1_186' title='bbox 218 2895 472 2950; x_wconf 70' lang='lat' dir='ltr'><strong>rarcliiae</strong></span> <span class='ocrx_word' id='word_1_187' title='bbox 499 2895 735 2950; x_wconf 89' lang='lat' dir='ltr'><strong>discrete</strong></span> <span class='ocrx_word' id='word_1_188' title='bbox 781 2894 1070 2965; x_wconf 86' lang='lat' dir='ltr'><strong>perﬁciens</strong></span> <span class='ocrx_word' id='word_1_189' title='bbox 1093 2933 1110 2960; x_wconf 96' lang='lat'><strong>,</strong></span> <span class='ocrx_word' id='word_1_190' title='bbox 1150 2901 1206 2950; x_wconf 92' lang='lat' dir='ltr'><strong>et</strong></span> <span class='ocrx_word' id='word_1_191' title='bbox 1246 2893 1502 2950; x_wconf 89' lang='lat' dir='ltr'><strong>scientias</strong></span> <span class='ocrx_word' id='word_1_192' title='bbox 1531 2907 1812 2950; x_wconf 88' lang='lat' dir='ltr'><strong>sacrorum</strong></span> 
     </span>
    </p>
   </div>
   <div class='ocr_carea' id='block_1_31' title="bbox 212 2985 1815 3058">
    <p class='ocr_par' dir='ltr' id='par_1_31' title="bbox 212 2985 1815 3058">
     <span class='ocr_line' id='line_1_31' title="bbox 212 2985 1815 3058; baseline 0 -15"><span class='ocrx_word' id='word_1_193' title='bbox 212 2985 737 3044; x_wconf 82' lang='lat' dir='ltr'><strong>manifestativorum</strong></span> <span class='ocrx_word' id='word_1_194' title='bbox 772 2987 793 3019; x_wconf 87' lang='grc'>³</span> <span class='ocrx_word' id='word_1_195' title='bbox 822 2987 1089 3053; x_wconf 91' lang='lat' dir='ltr'><strong>eruditus,</strong></span> <span class='ocrx_word' id='word_1_196' title='bbox 1113 2986 1414 3043; x_wconf 89' lang='lat' dir='ltr'><strong>etedocens</strong></span> <span class='ocrx_word' id='word_1_197' title='bbox 1435 2987 1815 3058; x_wconf 86' lang='lat' dir='ltr'><strong>proportiona-</strong></span> 
     </span>
    </p>
   </div>
   <div class='ocr_carea' id='block_1_32' title="bbox 221 3083 1424 3141">
    <p class='ocr_par' dir='ltr' id='par_1_32' title="bbox 221 3083 1424 3141">
     <span class='ocr_line' id='line_1_32' title="bbox 221 3083 1424 3141; baseline -0.002 -1"><span class='ocrx_word' id='word_1_198' title='bbox 221 3084 302 3141; x_wconf 86' lang='lat' dir='ltr'><strong>les</strong></span> <span class='ocrx_word' id='word_1_199' title='bbox 329 3100 517 3140; x_wconf 80' lang='lat' dir='ltr'><strong>eorum</strong></span> <span class='ocrx_word' id='word_1_200' title='bbox 538 3093 604 3140; x_wconf 86' lang='lat' dir='ltr'><strong>.et</strong></span> <span class='ocrx_word' id='word_1_201' title='bbox 629 3099 816 3140; x_wconf 85' lang='lat' dir='ltr'><strong>sacros</strong></span> <span class='ocrx_word' id='word_1_202' title='bbox 846 3083 1063 3139; x_wconf 90' lang='lat' dir='ltr'><strong>habitus</strong></span> <span class='ocrx_word' id='word_1_203' title='bbox 1091 3091 1146 3139; x_wconf 90' lang='lat' dir='ltr'><strong>et</strong></span> <span class='ocrx_word' id='word_1_204' title='bbox 1171 3083 1424 3138; x_wconf 88' lang='lat' dir='ltr'><strong>virtutes.</strong></span> 
     </span>
    </p>
   </div>
   <div class='ocr_carea' id='block_1_33' title="bbox 284 3171 1816 3235">
    <p class='ocr_par' dir='ltr' id='par_1_33' title="bbox 284 3171 1816 3235">
     <span class='ocr_line' id='line_1_33' title="bbox 284 3171 1816 3235; baseline -0.001 0"><span class='ocrx_word' id='word_1_205' title='bbox 284 3177 640 3235; x_wconf 89' lang='lat' dir='ltr'><strong>Sacerdotum</strong></span> <span class='ocrx_word' id='word_1_206' title='bbox 685 3171 870 3233; x_wconf 91' lang='lat' dir='ltr'><strong>autem</strong></span> <span class='ocrx_word' id='word_1_207' title='bbox 918 3177 1200 3234; x_wconf 90' lang='lat' dir='ltr'><strong>luciducus</strong></span> <span class='ocrx_word' id='word_1_208' title='bbox 1243 3176 1266 3208; x_wconf 75' lang='grc'>⁸</span> <span class='ocrx_word' id='word_1_209' title='bbox 1309 3177 1444 3233; x_wconf 93' lang='lat' dir='ltr'><strong>ordo</strong></span> <span class='ocrx_word' id='word_1_210' title='bbox 1493 3177 1549 3232; x_wconf 92' lang='lat' dir='ltr'><strong>in</strong></span> <span class='ocrx_word' id='word_1_211' title='bbox 1596 3187 1816 3233; x_wconf 86' lang='lat' dir='ltr'><strong>sanctas</strong></span> 
     </span>
    </p>
   </div>
   <div class='ocr_carea' id='block_1_34' title="bbox 212 3269 1816 3343">
    <p class='ocr_par' dir='ltr' id='par_1_34' title="bbox 212 3269 1816 3343">
     <span class='ocr_line' id='line_1_34' title="bbox 212 3269 1816 3343; baseline -0.001 -13"><span class='ocrx_word' id='word_1_212' title='bbox 212 3271 519 3330; x_wconf 83' lang='lat' dir='ltr'><strong>hostiarum</strong></span> <span class='ocrx_word' id='word_1_213' title='bbox 557 3271 922 3343; x_wconf 90' lang='lat' dir='ltr'><strong>inspectiones</strong></span> <span class='ocrx_word' id='word_1_214' title='bbox 952 3271 1269 3327; x_wconf 89' lang='lat' dir='ltr'><strong>manuducit</strong></span> <span class='ocrx_word' id='word_1_215' title='bbox 1301 3269 1578 3343; x_wconf 83' lang='lat' dir='ltr'><strong>perfectos</strong></span> <span class='ocrx_word' id='word_1_216' title='bbox 1603 3272 1707 3328; x_wconf 87' lang='lat' dir='ltr'><strong>sub</strong></span> <span class='ocrx_word' id='word_1_217' title='bbox 1733 3271 1816 3328; x_wconf 89' lang='lat' dir='ltr'><strong>di-</strong></span> 
     </span>
    </p>
   </div>
   <div class='ocr_carea' id='block_1_35' title="bbox 212 3361 1815 3435">
    <p class='ocr_par' dir='ltr' id='par_1_35' title="bbox 212 3361 1815 3435">
     <span class='ocr_line' id='line_1_35' title="bbox 212 3361 1815 3435; baseline 0.001 -17"><span class='ocrx_word' id='word_1_218' title='bbox 212 3363 465 3418; x_wconf 75' lang='lat' dir='ltr'><strong>vinorum</strong></span> <span class='ocrx_word' id='word_1_219' title='bbox 487 3361 876 3432; x_wconf 89' lang='lat' dir='ltr'><strong>pontiﬁcalium</strong></span> <span class='ocrx_word' id='word_1_220' title='bbox 896 3362 1107 3430; x_wconf 90' lang='lat' dir='ltr'><strong>ordine,</strong></span> <span class='ocrx_word' id='word_1_221' title='bbox 1129 3372 1184 3419; x_wconf 93' lang='lat' dir='ltr'><strong>et</strong></span> <span class='ocrx_word' id='word_1_222' title='bbox 1206 3372 1329 3435; x_wconf 93' lang='lat' dir='ltr'><strong>post</strong></span> <span class='ocrx_word' id='word_1_223' title='bbox 1354 3379 1478 3420; x_wconf 92' lang='lat' dir='ltr'><strong>eum</strong></span> <span class='ocrx_word' id='word_1_224' title='bbox 1498 3361 1815 3420; x_wconf 90' lang='lat' dir='ltr'><strong>sacriﬁcans</strong></span> 
     </span>
    </p>
   </div>
   <div class='ocr_carea' id='block_1_36' title="bbox 216 3453 1816 3525">
    <p class='ocr_par' dir='ltr' id='par_1_36' title="bbox 216 3453 1816 3525">
     <span class='ocr_line' id='line_1_36' title="bbox 216 3453 1816 3525; baseline -0.001 -16"><span class='ocrx_word' id='word_1_225' title='bbox 216 3453 467 3525; x_wconf 89' lang='lat' dir='ltr'><strong>proprias</strong></span> <span class='ocrx_word' id='word_1_226' title='bbox 504 3467 692 3509; x_wconf 87' lang='lat' dir='ltr'><strong>sacras</strong></span> <span class='ocrx_word' id='word_1_227' title='bbox 721 3454 964 3510; x_wconf 89' lang='lat' dir='ltr'><strong>actiones</strong></span> <span class='ocrx_word' id='word_1_228' title='bbox 989 3494 1007 3522; x_wconf 90' lang='lat'><strong>,</strong></span> <span class='ocrx_word' id='word_1_229' title='bbox 1057 3454 1113 3510; x_wconf 91' lang='lat' dir='ltr'><strong>in</strong></span> <span class='ocrx_word' id='word_1_230' title='bbox 1158 3455 1356 3525; x_wconf 89' lang='lat' dir='ltr'><strong>quibus</strong></span> <span class='ocrx_word' id='word_1_231' title='bbox 1401 3453 1547 3524; x_wconf 89' lang='lat' dir='ltr'><strong>quod</strong></span> <span class='ocrx_word' id='word_1_232' title='bbox 1593 3453 1816 3525; x_wconf 86' lang='lat' dir='ltr'><strong>quidem</strong></span> 
     </span>
    </p>
   </div>
   <div class='ocr_carea' id='block_1_37' title="bbox 219 3545 1814 3620">
    <p class='ocr_par' dir='ltr' id='par_1_37' title="bbox 219 3545 1814 3620">
     <span class='ocr_line' id='line_1_37' title="bbox 219 3545 1814 3620; baseline 0 -18"><span class='ocrx_word' id='word_1_233' title='bbox 219 3547 338 3618; x_wconf 90' lang='lat' dir='ltr'><strong>ipse</strong></span> <span class='ocrx_word' id='word_1_234' title='bbox 363 3546 496 3618; x_wconf 89' lang='lat' dir='ltr'><strong>agit,</strong></span> <span class='ocrx_word' id='word_1_235' title='bbox 525 3545 748 3602; x_wconf 86' lang='lat' dir='ltr'><strong>deiﬁcas</strong></span> <span class='ocrx_word' id='word_1_236' title='bbox 775 3547 1068 3603; x_wconf 88' lang='lat' dir='ltr'><strong>ostendens</strong></span> <span class='ocrx_word' id='word_1_237' title='bbox 1111 3562 1210 3619; x_wconf 90' lang='lat' dir='ltr'><strong>per</strong></span> <span class='ocrx_word' id='word_1_238' title='bbox 1253 3546 1627 3604; x_wconf 85' lang='lat' dir='ltr'><strong>sacratissima</strong></span> <span class='ocrx_word' id='word_1_239' title='bbox 1672 3562 1814 3620; x_wconf 83' lang='lat' dir='ltr'><strong>sym-</strong></span> 
     </span>
    </p>
   </div>
   <div class='ocr_carea' id='block_1_38' title="bbox 214 3638 1817 3713">
    <p class='ocr_par' dir='ltr' id='par_1_38' title="bbox 214 3638 1817 3713">
     <span class='ocr_line' id='line_1_38' title="bbox 214 3638 1817 3713; baseline 0.002 -19"><span class='ocrx_word' id='word_1_240' title='bbox 214 3639 340 3694; x_wconf 85' lang='lat' dir='ltr'><strong>bola</strong></span> <span class='ocrx_word' id='word_1_241' title='bbox 365 3679 382 3705; x_wconf 91' lang='lat'><strong>,</strong></span> <span class='ocrx_word' id='word_1_242' title='bbox 427 3648 484 3694; x_wconf 93' lang='lat' dir='ltr'><strong>et</strong></span> <span class='ocrx_word' id='word_1_243' title='bbox 511 3638 968 3710; x_wconf 89' lang='lat' dir='ltr'><strong>contemplatores</strong></span> <span class='ocrx_word' id='word_1_244' title='bbox 997 3641 1347 3698; x_wconf 87' lang='lat' dir='ltr'><strong>advenientes</strong></span> <span class='ocrx_word' id='word_1_245' title='bbox 1389 3641 1679 3713; x_wconf 86' lang='lat' dir='ltr'><strong>perﬁciens</strong></span> <span class='ocrx_word' id='word_1_246' title='bbox 1702 3681 1720 3709; x_wconf 93' lang='lat'><strong>,</strong></span> <span class='ocrx_word' id='word_1_247' title='bbox 1760 3649 1817 3698; x_wconf 89' lang='lat' dir='ltr'><strong>et</strong></span> 
     </span>
    </p>
   </div>
   <div class='ocr_carea' id='block_1_39' title="bbox 223 3728 1815 3786">
    <p class='ocr_par' dir='ltr' id='par_1_39' title="bbox 223 3728 1815 3786">
     <span class='ocr_line' id='line_1_39' title="bbox 223 3728 1815 3786; baseline 0.001 -1"><span class='ocrx_word' id='word_1_248' title='bbox 223 3738 541 3785; x_wconf 88' lang='lat' dir='ltr'><strong>sanctarum</strong></span> <span class='ocrx_word' id='word_1_249' title='bbox 575 3728 859 3784; x_wconf 86' lang='lat' dir='ltr'><strong>teletarum</strong></span> <span class='ocrx_word' id='word_1_250' title='bbox 895 3729 1386 3786; x_wconf 89' lang='lat' dir='ltr'><strong>communicatores</strong></span> <span class='ocrx_word' id='word_1_251' title='bbox 1417 3748 1430 3784; x_wconf 91' lang='lat'><strong>:</strong></span> <span class='ocrx_word' id='word_1_252' title='bbox 1457 3731 1516 3786; x_wconf 91' lang='lat' dir='ltr'><strong>in</strong></span> <span class='ocrx_word' id='word_1_253' title='bbox 1541 3745 1815 3786; x_wconf 91' lang='lat' dir='ltr'><strong>summum</strong></span> 
     </span>
    </p>
   </div>
   <div class='ocr_carea' id='block_1_40' title="bbox 221 3821 1816 3894">
    <p class='ocr_par' dir='ltr' id='par_1_40' title="bbox 221 3821 1816 3894">
     <span class='ocr_line' id='line_1_40' title="bbox 221 3821 1816 3894; baseline 0.004 -18"><span class='ocrx_word' id='word_1_254' title='bbox 221 3830 403 3877; x_wconf 81' lang='lat' dir='ltr'><strong>autem</strong></span> <span class='ocrx_word' id='word_1_255' title='bbox 450 3821 786 3878; x_wconf 90' lang='lat' dir='ltr'><strong>sacerdotem</strong></span> <span class='ocrx_word' id='word_1_256' title='bbox 838 3821 1122 3878; x_wconf 89' lang='lat' dir='ltr'><strong>remittens</strong></span> <span class='ocrx_word' id='word_1_257' title='bbox 1157 3823 1244 3878; x_wconf 91' lang='lat' dir='ltr'><strong>vel</strong></span> <span class='ocrx_word' id='word_1_258' title='bbox 1271 3823 1816 3894; x_wconf 88' lang='lat' dir='ltr'><strong>contemplativarum</strong></span> 
     </span>
    </p>
   </div>
   <div class='ocr_carea' id='block_1_41' title="bbox 212 3914 1816 3984">
    <p class='ocr_par' dir='ltr' id='par_1_41' title="bbox 212 3914 1816 3984">
     <span class='ocr_line' id='line_1_41' title="bbox 212 3914 1816 3984; baseline 0.002 -14"><span class='ocrx_word' id='word_1_259' title='bbox 212 3914 478 3970; x_wconf 83' lang='lat' dir='ltr'><strong>scientiae</strong></span> <span class='ocrx_word' id='word_1_260' title='bbox 534 3914 1020 3984; x_wconf 80' lang='lat' dir='ltr'><strong>contemplatarum</strong></span> <span class='ocrx_word' id='word_1_261' title='bbox 1098 3914 1556 3972; x_wconf 87' lang='lat' dir='ltr'><strong>sacriﬁcationum</strong></span> <span class='ocrx_word' id='word_1_262' title='bbox 1605 3917 1816 3974; x_wconf 89' lang='lat' dir='ltr'><strong>deside-</strong></span> 
     </span>
    </p>
   </div>
   <div class='ocr_carea' id='block_1_42' title="bbox 215 3987 1817 4079">
    <p class='ocr_par' dir='ltr' id='par_1_42' title="bbox 215 3987 1817 4079">
     <span class='ocr_line' id='line_1_42' title="bbox 215 3987 1817 4079; baseline 0.002 -18"><span class='ocrx_word' id='word_1_263' title='bbox 215 4014 427 4061; x_wconf 88' lang='lat' dir='ltr'><strong>rantes.</strong></span> <span class='ocrx_word' id='word_1_264' title='bbox 459 4003 884 4060; x_wconf 87' lang='lat' dir='ltr'><strong>Ministrantium</strong></span> <span class='ocrx_word' id='word_1_265' title='bbox 913 4021 1045 4063; x_wconf 92' lang='lat' dir='ltr'><strong>vero</strong></span> <span class='ocrx_word' id='word_1_266' title='bbox 1068 4008 1202 4063; x_wconf 92' lang='lat' dir='ltr'><strong>ordo</strong></span> <span class='ocrx_word' id='word_1_267' title='bbox 1238 3987 1554 4079; x_wconf 57' lang='lat' dir='ltr'><strong>purga&#39;t&#39;ivus</strong></span> <span class='ocrx_word' id='word_1_268' title='bbox 1578 4017 1632 4064; x_wconf 91' lang='lat' dir='ltr'><strong>et</strong></span> <span class='ocrx_word' id='word_1_269' title='bbox 1657 4009 1817 4064; x_wconf 89' lang='lat' dir='ltr'><strong>dissi-</strong></span> 
     </span>
    </p>
   </div>
   <div class='ocr_carea' id='block_1_43' title="bbox 213 4097 1817 4166">
    <p class='ocr_par' dir='ltr' id='par_1_43' title="bbox 213 4097 1817 4166">
     <span class='ocr_line' id='line_1_43' title="bbox 213 4097 1817 4166; baseline 0.002 -12"><span class='ocrx_word' id='word_1_270' title='bbox 213 4097 428 4154; x_wconf 88' lang='lat' dir='ltr'><strong>milium</strong></span> <span class='ocrx_word' id='word_1_271' title='bbox 455 4099 803 4166; x_wconf 89' lang='lat' dir='ltr'><strong>discretivus,</strong></span> <span class='ocrx_word' id='word_1_272' title='bbox 824 4109 952 4156; x_wconf 91' lang='lat' dir='ltr'><strong>ante</strong></span> <span class='ocrx_word' id='word_1_273' title='bbox 978 4104 1033 4155; x_wconf 89' lang='lat' dir='ltr'><strong>in</strong></span> <span class='ocrx_word' id='word_1_274' title='bbox 1057 4100 1400 4156; x_wconf 89' lang='lat' dir='ltr'><strong>sacerdotum</strong></span> <span class='ocrx_word' id='word_1_275' title='bbox 1431 4101 1817 4158; x_wconf 83' lang='lat' dir='ltr'><strong>sanctiﬁcatio—</strong></span> 
     </span>
    </p>
   </div>
   <div class='ocr_carea' id='block_1_44' title="bbox 215 4195 1816 4267">
    <p class='ocr_par' dir='ltr' id='par_1_44' title="bbox 215 4195 1816 4267">
     <span class='ocr_line' id='line_1_44' title="bbox 215 4195 1816 4267; baseline 0.002 -18"><span class='ocrx_word' id='word_1_276' title='bbox 215 4209 319 4249; x_wconf 88' lang='lat' dir='ltr'><strong>nes</strong></span> <span class='ocrx_word' id='word_1_277' title='bbox 349 4195 739 4261; x_wconf 89' lang='lat' dir='ltr'><strong>accessionem,</strong></span> <span class='ocrx_word' id='word_1_278' title='bbox 769 4204 967 4267; x_wconf 90' lang='lat' dir='ltr'><strong>purgat</strong></span> <span class='ocrx_word' id='word_1_279' title='bbox 993 4195 1370 4261; x_wconf 86' lang='lat' dir='ltr'><strong>advenientes,</strong></span> <span class='ocrx_word' id='word_1_280' title='bbox 1395 4211 1559 4266; x_wconf 92' lang='lat' dir='ltr'><strong>puros</strong></span> <span class='ocrx_word' id='word_1_281' title='bbox 1579 4211 1674 4252; x_wconf 91' lang='lat' dir='ltr'><strong>eos</strong></span> <span class='ocrx_word' id='word_1_282' title='bbox 1694 4213 1816 4267; x_wconf 86' lang='lat' dir='ltr'><strong>per-</strong></span> 
     </span>
    </p>
   </div>
   <div class='ocr_carea' id='block_1_45' title="bbox 214 4285 1817 4357">
    <p class='ocr_par' dir='ltr' id='par_1_45' title="bbox 214 4285 1817 4357">
     <span class='ocr_line' id='line_1_45' title="bbox 214 4285 1817 4357; baseline 0.001 -17"><span class='ocrx_word' id='word_1_283' title='bbox 214 4285 410 4341; x_wconf 81' lang='lat' dir='ltr'><strong>ﬁciens</strong></span> <span class='ocrx_word' id='word_1_284' title='bbox 439 4285 729 4341; x_wconf 84' lang='lat' dir='ltr'><strong>contrariis</strong></span> <span class='ocrx_word' id='word_1_285' title='bbox 750 4326 766 4352; x_wconf 90' lang='lat'><strong>,</strong></span> <span class='ocrx_word' id='word_1_286' title='bbox 807 4294 862 4341; x_wconf 89' lang='lat' dir='ltr'><strong>et</strong></span> <span class='ocrx_word' id='word_1_287' title='bbox 890 4286 958 4340; x_wconf 90' lang='lat' dir='ltr'><strong>ad</strong></span> <span class='ocrx_word' id='word_1_288' title='bbox 1001 4287 1307 4342; x_wconf 89' lang='lat' dir='ltr'><strong>sacriﬁcam</strong></span> <span class='ocrx_word' id='word_1_289' title='bbox 1337 4287 1727 4357; x_wconf 88' lang='lat' dir='ltr'><strong>inspectionem</strong></span> <span class='ocrx_word' id='word_1_290' title='bbox 1762 4296 1817 4343; x_wconf 91' lang='lat' dir='ltr'><strong>et</strong></span> 
     </span>
    </p>
   </div>
   <div class='ocr_carea' id='block_1_46' title="bbox 217 4378 1816 4450">
    <p class='ocr_par' dir='ltr' id='par_1_46' title="bbox 217 4378 1816 4450">
     <span class='ocr_line' id='line_1_46' title="bbox 217 4378 1816 4450; baseline 0.002 -15"><span class='ocrx_word' id='word_1_291' title='bbox 217 4378 767 4435; x_wconf 87' lang='lat' dir='ltr'><strong>communicationem</strong></span> <span class='ocrx_word' id='word_1_292' title='bbox 795 4379 818 4410; x_wconf 85' lang='grc'><strong><em>⁵</em></strong></span> <span class='ocrx_word' id='word_1_293' title='bbox 838 4387 1140 4450; x_wconf 88' lang='lat' dir='ltr'><strong>coaptatos.</strong></span> <span class='ocrx_word' id='word_1_294' title='bbox 1170 4380 1299 4435; x_wconf 88' lang='lat' dir='ltr'><strong>Inde</strong></span> <span class='ocrx_word' id='word_1_295' title='bbox 1318 4381 1373 4436; x_wconf 91' lang='lat' dir='ltr'><strong>in</strong></span> <span class='ocrx_word' id='word_1_296' title='bbox 1395 4391 1640 4436; x_wconf 89' lang='lat' dir='ltr'><strong>sanctam</strong></span> <span class='ocrx_word' id='word_1_297' title='bbox 1666 4383 1816 4439; x_wconf 90' lang='lat' dir='ltr'><strong>theo-</strong></span> 
     </span>
    </p>
   </div>
   <div class='ocr_carea' id='block_1_47' title="bbox 217 4471 1817 4542">
    <p class='ocr_par' dir='ltr' id='par_1_47' title="bbox 217 4471 1817 4542">
     <span class='ocr_line' id='line_1_47' title="bbox 217 4471 1817 4542; baseline 0.003 -17"><span class='ocrx_word' id='word_1_298' title='bbox 217 4471 499 4542; x_wconf 82' lang='lat' dir='ltr'><strong>geuesiam</strong></span> <span class='ocrx_word' id='word_1_299' title='bbox 552 4471 787 4526; x_wconf 88' lang='lat' dir='ltr'><strong>ministri</strong></span> <span class='ocrx_word' id='word_1_300' title='bbox 862 4473 1241 4529; x_wconf 84' lang='lat' dir='ltr'><strong>advenientem</strong></span> <span class='ocrx_word' id='word_1_301' title='bbox 1312 4473 1483 4528; x_wconf 88' lang='lat' dir='ltr'><strong>veteri</strong></span> <span class='ocrx_word' id='word_1_302' title='bbox 1543 4474 1817 4530; x_wconf 90' lang='lat' dir='ltr'><strong>denudant</strong></span> 
     </span>
    </p>
   </div>
   <div class='ocr_carea' id='block_1_48' title="bbox 215 4562 1814 4629">
    <p class='ocr_par' dir='ltr' id='par_1_48' title="bbox 215 4562 1814 4629">
     <span class='ocr_line' id='line_1_48' title="bbox 215 4562 1814 4629; baseline 0.003 -13"><span class='ocrx_word' id='word_1_303' title='bbox 215 4563 573 4623; x_wconf 81' lang='lat' dir='ltr'><strong>vestimento,</strong></span> <span class='ocrx_word' id='word_1_304' title='bbox 604 4562 782 4618; x_wconf 87' lang='lat' dir='ltr'><strong>adhuc</strong></span> <span class='ocrx_word' id='word_1_305' title='bbox 814 4571 871 4617; x_wconf 92' lang='lat' dir='ltr'><strong>et</strong></span> <span class='ocrx_word' id='word_1_306' title='bbox 900 4563 1215 4629; x_wconf 88' lang='lat' dir='ltr'><strong>absolvunt,</strong></span> <span class='ocrx_word' id='word_1_307' title='bbox 1261 4571 1316 4618; x_wconf 91' lang='lat' dir='ltr'><strong>et</strong></span> <span class='ocrx_word' id='word_1_308' title='bbox 1362 4564 1431 4619; x_wconf 88' lang='lat' dir='ltr'><strong>ad</strong></span> <span class='ocrx_word' id='word_1_309' title='bbox 1474 4580 1729 4622; x_wconf 92' lang='lat' dir='ltr'><strong>occasum</strong></span> <span class='ocrx_word' id='word_1_310' title='bbox 1761 4566 1814 4620; x_wconf 90' lang='lat' dir='ltr'><strong>in</strong></span> 
     </span>
    </p>
   </div>
   <div class='ocr_carea' id='block_1_49' title="bbox 219 4654 1814 4721">
    <p class='ocr_par' dir='ltr' id='par_1_49' title="bbox 219 4654 1814 4721">
     <span class='ocr_line' id='line_1_49' title="bbox 219 4654 1814 4721; baseline 0.001 -11"><span class='ocrx_word' id='word_1_311' title='bbox 219 4654 757 4711; x_wconf 85' lang='lat' dir='ltr'><strong>abrenunciationem</strong></span> <span class='ocrx_word' id='word_1_312' title='bbox 810 4662 1093 4721; x_wconf 87' lang='lat' dir='ltr'><strong>statuunt,</strong></span> <span class='ocrx_word' id='word_1_313' title='bbox 1155 4663 1211 4710; x_wconf 91' lang='lat' dir='ltr'><strong>et</strong></span> <span class='ocrx_word' id='word_1_314' title='bbox 1257 4655 1455 4710; x_wconf 91' lang='lat' dir='ltr'><strong>iterum</strong></span> <span class='ocrx_word' id='word_1_315' title='bbox 1511 4657 1579 4711; x_wconf 92' lang='lat' dir='ltr'><strong>ad</strong></span> <span class='ocrx_word' id='word_1_316' title='bbox 1633 4669 1814 4712; x_wconf 91' lang='lat' dir='ltr'><strong>ortum</strong></span> 
     </span>
    </p>
   </div>
   <div class='ocr_carea' id='block_1_50' title="bbox 221 4743 1816 4814">
    <p class='ocr_par' dir='ltr' id='par_1_50' title="bbox 221 4743 1816 4814">
     <span class='ocr_line' id='line_1_50' title="bbox 221 4743 1816 4814; baseline 0.001 -14"><span class='ocrx_word' id='word_1_317' title='bbox 221 4745 579 4800; x_wconf 89' lang='lat' dir='ltr'><strong>transducunt</strong></span> <span class='ocrx_word' id='word_1_318' title='bbox 599 4773 672 4784; x_wconf 89' lang='lat'><strong>—-</strong></span> <span class='ocrx_word' id='word_1_319' title='bbox 691 4743 1026 4814; x_wconf 85' lang='lat' dir='ltr'><strong>purgativae&#39;</strong></span> <span class='ocrx_word' id='word_1_320' title='bbox 1048 4745 1193 4799; x_wconf 88' lang='lat' dir='ltr'><strong>enim</strong></span> <span class='ocrx_word' id='word_1_321' title='bbox 1215 4754 1345 4800; x_wconf 93' lang='lat' dir='ltr'><strong>sunt</strong></span> <span class='ocrx_word' id='word_1_322' title='bbox 1376 4745 1734 4803; x_wconf 88' lang='lat' dir='ltr'><strong>ordinationis</strong></span> <span class='ocrx_word' id='word_1_323' title='bbox 1760 4754 1816 4802; x_wconf 91' lang='lat' dir='ltr'><strong>et</strong></span> 
     </span>
    </p>
   </div>
   <div class='ocr_carea' id='block_1_51' title="bbox 219 4834 1819 4905">
    <p class='ocr_par' dir='ltr' id='par_1_51' title="bbox 219 4834 1819 4905">
     <span class='ocr_line' id='line_1_51' title="bbox 219 4834 1819 4905; baseline 0.001 -14"><span class='ocrx_word' id='word_1_324' title='bbox 219 4834 805 4905; x_wconf 86' lang='lat' dir='ltr'><strong>virtutis—repellere</strong></span> <span class='ocrx_word' id='word_1_325' title='bbox 833 4835 1217 4892; x_wconf 90' lang='lat' dir='ltr'><strong>universaliter</strong></span> <span class='ocrx_word' id='word_1_326' title='bbox 1240 4837 1495 4905; x_wconf 88' lang='lat' dir='ltr'><strong>jubentes</strong></span> <span class='ocrx_word' id='word_1_327' title='bbox 1529 4838 1819 4894; x_wconf 89' lang='lat' dir='ltr'><strong>advenien-</strong></span> 
     </span>
    </p>
   </div>
   <div class='ocr_carea' id='block_1_52' title="bbox 221 4928 1821 4999">
    <p class='ocr_par' dir='ltr' id='par_1_52' title="bbox 221 4928 1821 4999">
     <span class='ocr_line' id='line_1_52' title="bbox 221 4928 1821 4999; baseline 0.001 -16"><span class='ocrx_word' id='word_1_328' title='bbox 221 4928 371 4985; x_wconf 88' lang='lat' dir='ltr'><strong>tibus</strong></span> <span class='ocrx_word' id='word_1_329' title='bbox 397 4928 594 4999; x_wconf 89' lang='lat' dir='ltr'><strong>prioris</strong></span> <span class='ocrx_word' id='word_1_330' title='bbox 616 4929 765 4985; x_wconf 88' lang='lat' dir='ltr'><strong>vitae</strong></span> <span class='ocrx_word' id='word_1_331' title='bbox 788 4928 1039 4995; x_wconf 90' lang='lat' dir='ltr'><strong>amictus,</strong></span> <span class='ocrx_word' id='word_1_332' title='bbox 1082 4937 1138 4983; x_wconf 91' lang='lat' dir='ltr'><strong>et</strong></span> <span class='ocrx_word' id='word_1_333' title='bbox 1161 4928 1362 4999; x_wconf 88' lang='lat' dir='ltr'><strong>prioris</strong></span> <span class='ocrx_word' id='word_1_334' title='bbox 1389 4928 1821 4985; x_wconf 86' lang='lat' dir='ltr'><strong>conversationis</strong></span> 
     </span>
    </p>
   </div>
   <div class='ocr_carea' id='block_1_53' title="bbox 225 5021 1819 5087">
    <p class='ocr_par' dir='ltr' id='par_1_53' title="bbox 225 5021 1819 5087">
     <span class='ocr_line' id='line_1_53' title="bbox 225 5021 1819 5087; baseline 0.001 -11"><span class='ocrx_word' id='word_1_335' title='bbox 225 5023 573 5077; x_wconf 85' lang='lat' dir='ltr'><strong>tenebrosum</strong></span> <span class='ocrx_word' id='word_1_336' title='bbox 596 5062 611 5087; x_wconf 92' lang='lat'><strong>,</strong></span> <span class='ocrx_word' id='word_1_337' title='bbox 664 5023 1014 5078; x_wconf 87' lang='lat' dir='ltr'><strong>ostendentes</strong></span> <span class='ocrx_word' id='word_1_338' title='bbox 1060 5029 1118 5076; x_wconf 90' lang='lat' dir='ltr'><strong>et</strong></span> <span class='ocrx_word' id='word_1_339' title='bbox 1149 5021 1441 5078; x_wconf 87' lang='lat' dir='ltr'><strong>edocentes</strong></span> <span class='ocrx_word' id='word_1_340' title='bbox 1468 5035 1565 5077; x_wconf 90' lang='lat' dir='ltr'><strong>eos</strong></span> <span class='ocrx_word' id='word_1_341' title='bbox 1606 5021 1819 5078; x_wconf 87' lang='lat' dir='ltr'><strong>reordi-</strong></span> 
     </span>
    </p>
   </div>
   <div class='ocr_carea' id='block_1_54' title="bbox 223 5112 1822 5178">
    <p class='ocr_par' dir='ltr' id='par_1_54' title="bbox 223 5112 1822 5178">
     <span class='ocr_line' id='line_1_54' title="bbox 223 5112 1822 5178; baseline 0.001 -9"><span class='ocrx_word' id='word_1_342' title='bbox 223 5113 437 5170; x_wconf 87' lang='lat' dir='ltr'><strong>nandos</strong></span> <span class='ocrx_word' id='word_1_343' title='bbox 462 5153 477 5178; x_wconf 97' lang='lat'><strong>,</strong></span> <span class='ocrx_word' id='word_1_344' title='bbox 505 5129 537 5167; x_wconf 92' lang='lat' dir='ltr'><strong>a</strong></span> <span class='ocrx_word' id='word_1_345' title='bbox 564 5127 672 5168; x_wconf 89' lang='lat' dir='ltr'><strong>non</strong></span> <span class='ocrx_word' id='word_1_346' title='bbox 694 5113 1127 5168; x_wconf 88' lang='lat' dir='ltr'><strong>illuminantibus</strong></span> <span class='ocrx_word' id='word_1_347' title='bbox 1156 5112 1212 5168; x_wconf 93' lang='lat' dir='ltr'><strong>in</strong></span> <span class='ocrx_word' id='word_1_348' title='bbox 1243 5112 1600 5169; x_wconf 88' lang='lat' dir='ltr'><strong>illuminativa</strong></span> <span class='ocrx_word' id='word_1_349' title='bbox 1642 5121 1822 5170; x_wconf 77' lang='lat' dir='ltr'><strong>trans-</strong></span> 
     </span>
    </p>
   </div>
   <div class='ocr_carea' id='block_1_55' title="bbox 191 5207 1820 5279">
    <p class='ocr_par' dir='ltr' id='par_1_55' title="bbox 191 5207 1820 5279">
     <span class='ocr_line' id='line_1_55' title="bbox 191 5207 1820 5279; baseline -0.001 -15"><span class='ocrx_word' id='word_1_350' title='bbox 191 5207 478 5264; x_wconf 59' lang='lat' dir='ltr'><strong>‘cendere.</strong></span> <span class='ocrx_word' id='word_1_351' title='bbox 510 5207 802 5274; x_wconf 79' lang='lat' dir='ltr'><strong>Purgativa</strong></span> <span class='ocrx_word' id='word_1_352' title='bbox 826 5207 992 5279; x_wconf 91' lang='lat' dir='ltr'><strong>igitur</strong></span> <span class='ocrx_word' id='word_1_353' title='bbox 1015 5216 1099 5263; x_wconf 91' lang='lat' dir='ltr'><strong>est</strong></span> <span class='ocrx_word' id='word_1_354' title='bbox 1124 5207 1486 5262; x_wconf 90' lang='lat' dir='ltr'><strong>ministrativa</strong></span> <span class='ocrx_word' id='word_1_355' title='bbox 1517 5208 1820 5279; x_wconf 89' lang='lat' dir='ltr'><strong>dispositio,</strong></span> 
     </span>
    </p>
   </div>
   <div class='ocr_carea' id='block_1_56' title="bbox 224 5298 1824 5356">
    <p class='ocr_par' dir='ltr' id='par_1_56' title="bbox 224 5298 1824 5356">
     <span class='ocr_line' id='line_1_56' title="bbox 224 5298 1824 5356; baseline 0.001 -1"><span class='ocrx_word' id='word_1_356' title='bbox 224 5300 282 5355; x_wconf 90' lang='lat' dir='ltr'><strong>in</strong></span> <span class='ocrx_word' id='word_1_357' title='bbox 311 5300 785 5356; x_wconf 82' lang='lat' dir='ltr'><strong>manifestissimas</strong></span> <span class='ocrx_word' id='word_1_358' title='bbox 811 5301 1152 5356; x_wconf 88' lang='lat' dir='ltr'><strong>sacerdotum</strong></span> <span class='ocrx_word' id='word_1_359' title='bbox 1177 5298 1639 5356; x_wconf 87' lang='lat' dir='ltr'><strong>sanctiﬁcationes</strong></span> <span class='ocrx_word' id='word_1_360' title='bbox 1668 5300 1824 5356; x_wconf 90' lang='lat' dir='ltr'><strong>redu-</strong></span> 
     </span>
    </p>
   </div>
   <div class='ocr_carea' id='block_1_57' title="bbox 226 5393 1820 5466">
    <p class='ocr_par' dir='ltr' id='par_1_57' title="bbox 226 5393 1820 5466">
     <span class='ocr_line' id='line_1_57' title="bbox 226 5393 1820 5466; baseline 0.001 -17"><span class='ocrx_word' id='word_1_361' title='bbox 226 5409 359 5450; x_wconf 87' lang='lat' dir='ltr'><strong>cens</strong></span> <span class='ocrx_word' id='word_1_362' title='bbox 385 5403 666 5466; x_wconf 89' lang='lat' dir='ltr'><strong>purgatos,</strong></span> <span class='ocrx_word' id='word_1_363' title='bbox 697 5404 751 5449; x_wconf 91' lang='lat' dir='ltr'><strong>et</strong></span> <span class='ocrx_word' id='word_1_364' title='bbox 777 5393 1126 5464; x_wconf 81' lang='lat' dir='ltr'><strong>imperfectos</strong></span> <span class='ocrx_word' id='word_1_365' title='bbox 1164 5394 1491 5465; x_wconf 83' lang='lat' dir='ltr'><strong>dijudicans,</strong></span> <span class='ocrx_word' id='word_1_366' title='bbox 1522 5403 1578 5448; x_wconf 90' lang='lat' dir='ltr'><strong>et</strong></span> <span class='ocrx_word' id='word_1_367' title='bbox 1613 5393 1820 5450; x_wconf 89' lang='lat' dir='ltr'><strong>inﬁam-</strong></span> 
     </span>
    </p>
   </div>
   <div class='ocr_carea' id='block_1_58' title="bbox 231 5486 1826 5556">
    <p class='ocr_par' dir='ltr' id='par_1_58' title="bbox 231 5486 1826 5556">
     <span class='ocr_line' id='line_1_58' title="bbox 231 5486 1826 5556; baseline 0.003 -18"><span class='ocrx_word' id='word_1_368' title='bbox 231 5502 386 5550; x_wconf 70' lang='lat' dir='ltr'><strong>mans</strong></span> <span class='ocrx_word' id='word_1_369' title='bbox 434 5487 760 5542; x_wconf 88' lang='lat' dir='ltr'><strong>mundativis</strong></span> <span class='ocrx_word' id='word_1_370' title='bbox 822 5486 1156 5556; x_wconf 88' lang='lat' dir='ltr'><strong>eloquiorum</strong></span> <span class='ocrx_word' id='word_1_371' title='bbox 1229 5486 1712 5542; x_wconf 90' lang='lat' dir='ltr'><strong>illuminationibus</strong></span> <span class='ocrx_word' id='word_1_372' title='bbox 1770 5495 1826 5542; x_wconf 91' lang='lat' dir='ltr'><strong>et</strong></span> 
     </span>
    </p>
   </div>
   <div class='ocr_carea' id='block_1_59' title="bbox 228 5579 1822 5646">
    <p class='ocr_par' dir='ltr' id='par_1_59' title="bbox 228 5579 1822 5646">
     <span class='ocr_line' id='line_1_59' title="bbox 228 5579 1822 5646; baseline 0 -13"><span class='ocrx_word' id='word_1_373' title='bbox 228 5579 496 5634; x_wconf 79' lang='lat' dir='ltr'><strong>doctrinis</strong></span> <span class='ocrx_word' id='word_1_374' title='bbox 520 5620 535 5646; x_wconf 96' lang='lat'><strong>,</strong></span> <span class='ocrx_word' id='word_1_375' title='bbox 580 5586 636 5635; x_wconf 91' lang='lat' dir='ltr'><strong>et</strong></span> <span class='ocrx_word' id='word_1_376' title='bbox 665 5580 840 5635; x_wconf 90' lang='lat' dir='ltr'><strong>adhuc</strong></span> <span class='ocrx_word' id='word_1_377' title='bbox 892 5580 1198 5635; x_wconf 89' lang='lat' dir='ltr'><strong>immundos</strong></span> <span class='ocrx_word' id='word_1_378' title='bbox 1229 5580 1601 5635; x_wconf 89' lang='lat' dir='ltr'><strong>sacerdotibus</strong></span> <span class='ocrx_word' id='word_1_379' title='bbox 1641 5579 1822 5633; x_wconf 91' lang='lat' dir='ltr'><strong>incon-</strong></span> 
     </span>
    </p>
   </div>
   <div class='ocr_carea' id='block_1_60' title="bbox 1903 577 3498 650">
    <p class='ocr_par' dir='ltr' id='par_1_60' title="bbox 1903 577 3498 650">
     <span class='ocr_line' id='line_1_60' title="bbox 1903 577 3498 650; baseline 0.001 -16"><span class='ocrx_word' id='word_1_380' title='bbox 1903 577 2078 650; x_wconf 88' lang='lat' dir='ltr'><strong>portis</strong></span> <span class='ocrx_word' id='word_1_381' title='bbox 2109 578 2407 635; x_wconf 88' lang='lat' dir='ltr'><strong>ierarchica</strong></span> <span class='ocrx_word' id='word_1_382' title='bbox 2445 577 2732 649; x_wconf 85' lang='lat' dir='ltr'><strong>lcgislatio,</strong></span> <span class='ocrx_word' id='word_1_383' title='bbox 2765 578 2833 634; x_wconf 90' lang='lat' dir='ltr'><strong>ad</strong></span> <span class='ocrx_word' id='word_1_384' title='bbox 2868 594 3024 635; x_wconf 90' lang='lat' dir='ltr'><strong>sacra</strong></span> <span class='ocrx_word' id='word_1_385' title='bbox 3061 578 3498 650; x_wconf 89' lang='lat' dir='ltr'><strong>provenientium</strong></span> 
     </span>
    </p>
   </div>
   <div class='ocr_carea' id='block_1_61' title="bbox 1906 673 3496 748">
    <p class='ocr_par' dir='ltr' id='par_1_61' title="bbox 1906 673 3496 748">
     <span class='ocr_line' id='line_1_61' title="bbox 1906 673 3496 748; baseline 0.002 -17"><span class='ocrx_word' id='word_1_386' title='bbox 1906 675 2191 731; x_wconf 90' lang='lat' dir='ltr'><strong>introitum</strong></span> <span class='ocrx_word' id='word_1_387' title='bbox 2222 675 2279 730; x_wconf 91' lang='lat' dir='ltr'><strong>in</strong></span> <span class='ocrx_word' id='word_1_388' title='bbox 2306 673 2720 748; x_wconf 82' lang='lat' dir='ltr'><strong>perfectissimis</strong></span> <span class='ocrx_word' id='word_1_389' title='bbox 2755 676 3168 748; x_wconf 79' lang='lat' dir='ltr'><strong>purgationibus</strong></span> <span class='ocrx_word' id='word_1_390' title='bbox 3189 675 3496 744; x_wconf 83' lang='lat' dir='ltr'><strong>insinuans,</strong></span> 
     </span>
    </p>
   </div>
   <div class='ocr_carea' id='block_1_62' title="bbox 1905 768 3496 842">
    <p class='ocr_par' dir='ltr' id='par_1_62' title="bbox 1905 768 3496 842">
     <span class='ocr_line' id='line_1_62' title="bbox 1905 768 3496 842; baseline -0.001 -17"><span class='ocrx_word' id='word_1_391' title='bbox 1905 778 1962 826; x_wconf 91' lang='lat' dir='ltr'><strong>et</strong></span> <span class='ocrx_word' id='word_1_392' title='bbox 1988 770 2056 825; x_wconf 88' lang='lat' dir='ltr'><strong>ad</strong></span> <span class='ocrx_word' id='word_1_393' title='bbox 2098 778 2316 824; x_wconf 89' lang='lat' dir='ltr'><strong>sanctas</strong></span> <span class='ocrx_word' id='word_1_394' title='bbox 2345 783 2531 825; x_wconf 90' lang='lat' dir='ltr'><strong>eorum</strong></span> <span class='ocrx_word' id='word_1_395' title='bbox 2563 769 2929 840; x_wconf 90' lang='lat' dir='ltr'><strong>inspectiones</strong></span> <span class='ocrx_word' id='word_1_396' title='bbox 2955 776 3012 842; x_wconf 85' lang='lat' dir='ltr'><strong>et</strong></span> <span class='ocrx_word' id='word_1_397' title='bbox 3040 768 3496 828; x_wconf 86' lang='lat' dir='ltr'><strong>communicatio-</strong></span> 
     </span>
    </p>
   </div>
   <div class='ocr_carea' id='block_1_63' title="bbox 1905 865 3500 938">
    <p class='ocr_par' dir='ltr' id='par_1_63' title="bbox 1905 865 3500 938">
     <span class='ocr_line' id='line_1_63' title="bbox 1905 865 3500 938; baseline -0.001 -16"><span class='ocrx_word' id='word_1_398' title='bbox 1905 879 2004 922; x_wconf 90' lang='lat' dir='ltr'><strong>nes</strong></span> <span class='ocrx_word' id='word_1_399' title='bbox 2030 865 2054 898; x_wconf 79' lang='grc'>⁸</span> <span class='ocrx_word' id='word_1_400' title='bbox 2077 881 2356 922; x_wconf 89' lang='lat' dir='ltr'><strong>accessum</strong></span> <span class='ocrx_word' id='word_1_401' title='bbox 2394 865 2692 938; x_wconf 89' lang='lat' dir='ltr'><strong>purgativis</strong></span> <span class='ocrx_word' id='word_1_402' title='bbox 2724 865 3014 922; x_wconf 89' lang='lat' dir='ltr'><strong>virtutibus</strong></span> <span class='ocrx_word' id='word_1_403' title='bbox 3048 865 3289 932; x_wconf 91' lang='lat' dir='ltr'><strong>tradens,</strong></span> <span class='ocrx_word' id='word_1_404' title='bbox 3318 875 3374 921; x_wconf 90' lang='lat' dir='ltr'><strong>et</strong></span> <span class='ocrx_word' id='word_1_405' title='bbox 3398 878 3500 936; x_wconf 88' lang='lat' dir='ltr'><strong>per</strong></span> 
     </span>
    </p>
   </div>
   <div class='ocr_carea' id='block_1_64' title="bbox 1907 958 3502 1030">
    <p class='ocr_par' dir='ltr' id='par_1_64' title="bbox 1907 958 3502 1030">
     <span class='ocr_line' id='line_1_64' title="bbox 1907 958 3502 1030; baseline -0.001 -14"><span class='ocrx_word' id='word_1_406' title='bbox 1907 977 2002 1017; x_wconf 87' lang='lat' dir='ltr'><strong>eas</strong></span> <span class='ocrx_word' id='word_1_407' title='bbox 2029 975 2124 1017; x_wconf 90' lang='lat' dir='ltr'><strong>eos</strong></span> <span class='ocrx_word' id='word_1_408' title='bbox 2151 959 2463 1030; x_wconf 90' lang='lat' dir='ltr'><strong>impollntos</strong></span> <span class='ocrx_word' id='word_1_409' title='bbox 2507 959 2804 1030; x_wconf 88' lang='lat' dir='ltr'><strong>accipiens.</strong></span> <span class='ocrx_word' id='word_1_410' title='bbox 2851 958 3114 1016; x_wconf 88' lang='lat' dir='ltr'><strong>Ostensus</strong></span> <span class='ocrx_word' id='word_1_411' title='bbox 3156 967 3242 1015; x_wconf 90' lang='lat' dir='ltr'><strong>est</strong></span> <span class='ocrx_word' id='word_1_412' title='bbox 3274 958 3438 1028; x_wconf 82' lang='lat' dir='ltr'><strong>igitur</strong></span> <span class='ocrx_word' id='word_1_413' title='bbox 3465 972 3502 1014; x_wconf 84' lang='lat' dir='ltr'><strong>a</strong></span> 
     </span>
    </p>
   </div>
   <div class='ocr_carea' id='block_1_65' title="bbox 1905 1049 3504 1122">
    <p class='ocr_par' dir='ltr' id='par_1_65' title="bbox 1905 1049 3504 1122">
     <span class='ocr_line' id='line_1_65' title="bbox 1905 1049 3504 1122; baseline -0.003 -15"><span class='ocrx_word' id='word_1_414' title='bbox 1905 1050 2433 1122; x_wconf 75' lang='lat' dir='ltr'><strong>nobis&#39;pontiﬁcum</strong></span> <span class='ocrx_word' id='word_1_415' title='bbox 2482 1051 2699 1120; x_wconf 87' lang='lat' dir='ltr'><strong>quidem</strong></span> <span class='ocrx_word' id='word_1_416' title='bbox 2749 1051 2884 1107; x_wconf 93' lang='lat' dir='ltr'><strong>ordo</strong></span> <span class='ocrx_word' id='word_1_417' title='bbox 2931 1049 3394 1108; x_wconf 89' lang='lat' dir='ltr'><strong>consummativus</strong></span> <span class='ocrx_word' id='word_1_418' title='bbox 3444 1055 3504 1104; x_wconf 83' lang='lat' dir='ltr'><strong>et</strong></span> 
     </span>
    </p>
   </div>
   <div class='ocr_carea' id='block_1_66' title="bbox 1905 1142 3504 1219">
    <p class='ocr_par' dir='ltr' id='par_1_66' title="bbox 1905 1142 3504 1219">
     <span class='ocr_line' id='line_1_66' title="bbox 1905 1142 3504 1219; baseline -0.004 -18"><span class='ocrx_word' id='word_1_419' title='bbox 1905 1145 2238 1219; x_wconf 85' lang='lat' dir='ltr'><strong>perfectivus</strong></span> <span class='ocrx_word' id='word_1_420' title='bbox 2288 1165 2301 1200; x_wconf 88' lang='lat'>:</span> <span class='ocrx_word' id='word_1_421' title='bbox 2348 1145 2693 1202; x_wconf 85' lang='lat' dir='ltr'><strong>sacerdomm</strong></span> <span class='ocrx_word' id='word_1_422' title='bbox 2767 1152 2949 1200; x_wconf 89' lang='lat' dir='ltr'><strong>autem</strong></span> <span class='ocrx_word' id='word_1_423' title='bbox 3007 1142 3393 1199; x_wconf 86' lang='lat' dir='ltr'><strong>illuminativus</strong></span> <span class='ocrx_word' id='word_1_424' title='bbox 3445 1147 3504 1196; x_wconf 89' lang='lat' dir='ltr'><strong>et</strong></span> 
     </span>
    </p>
   </div>
   <div class='ocr_carea' id='block_1_67' title="bbox 1906 1233 3505 1306">
    <p class='ocr_par' dir='ltr' id='par_1_67' title="bbox 1906 1233 3505 1306">
     <span class='ocr_line' id='line_1_67' title="bbox 1906 1233 3505 1306; baseline -0.003 -14"><span class='ocrx_word' id='word_1_425' title='bbox 1906 1237 2186 1292; x_wconf 88' lang='lat' dir='ltr'><strong>luciducus</strong></span> <span class='ocrx_word' id='word_1_426' title='bbox 2214 1253 2228 1290; x_wconf 88' lang='lat'><strong>:</strong></span> <span class='ocrx_word' id='word_1_427' title='bbox 2259 1236 2686 1292; x_wconf 86' lang='lat' dir='ltr'><strong>ministrantium</strong></span> <span class='ocrx_word' id='word_1_428' title='bbox 2713 1251 2845 1290; x_wconf 88' lang='lat' dir='ltr'><strong>vero</strong></span> <span class='ocrx_word' id='word_1_429' title='bbox 2870 1235 3188 1306; x_wconf 87' lang='lat' dir='ltr'><strong>purgativus</strong></span> <span class='ocrx_word' id='word_1_430' title='bbox 3219 1240 3276 1289; x_wconf 92' lang='lat' dir='ltr'><strong>et</strong></span> <span class='ocrx_word' id='word_1_431' title='bbox 3301 1233 3505 1289; x_wconf 88' lang='lat' dir='ltr'><strong>discre-</strong></span> 
     </span>
    </p>
   </div>
   <div class='ocr_carea' id='block_1_68' title="bbox 1907 1325 3506 1400">
    <p class='ocr_par' dir='ltr' id='par_1_68' title="bbox 1907 1325 3506 1400">
     <span class='ocr_line' id='line_1_68' title="bbox 1907 1325 3506 1400; baseline -0.005 -13"><span class='ocrx_word' id='word_1_432' title='bbox 1907 1331 2053 1387; x_wconf 90' lang='lat' dir='ltr'><strong>tivus</strong></span> <span class='ocrx_word' id='word_1_433' title='bbox 2080 1347 2096 1386; x_wconf 89' lang='lat'><strong>:</strong></span> <span class='ocrx_word' id='word_1_434' title='bbox 2125 1329 2335 1385; x_wconf 89' lang='lat' dir='ltr'><strong>scilicet</strong></span> <span class='ocrx_word' id='word_1_435' title='bbox 2373 1329 2677 1386; x_wconf 91' lang='lat' dir='ltr'><strong>ierarchico</strong></span> <span class='ocrx_word' id='word_1_436' title='bbox 2710 1329 2903 1385; x_wconf 91' lang='lat' dir='ltr'><strong>ordine</strong></span> <span class='ocrx_word' id='word_1_437' title='bbox 2939 1344 3048 1386; x_wconf 91' lang='lat' dir='ltr'><strong>non</strong></span> <span class='ocrx_word' id='word_1_438' title='bbox 3083 1325 3347 1400; x_wconf 89' lang='lat' dir='ltr'><strong>perﬁcere</strong></span> <span class='ocrx_word' id='word_1_439' title='bbox 3387 1334 3506 1380; x_wconf 84' lang='lat' dir='ltr'><strong>tan—</strong></span> 
     </span>
    </p>
   </div>
   <div class='ocr_carea' id='block_1_69' title="bbox 1907 1422 3502 1492">
    <p class='ocr_par' dir='ltr' id='par_1_69' title="bbox 1907 1422 3502 1492">
     <span class='ocr_line' id='line_1_69' title="bbox 1907 1422 3502 1492; baseline -0.003 -12"><span class='ocrx_word' id='word_1_440' title='bbox 1907 1433 2047 1491; x_wconf 91' lang='lat' dir='ltr'><strong>tum,</strong></span> <span class='ocrx_word' id='word_1_441' title='bbox 2065 1423 2158 1480; x_wconf 89' lang='lat' dir='ltr'><strong>sed</strong></span> <span class='ocrx_word' id='word_1_442' title='bbox 2182 1432 2237 1478; x_wconf 89' lang='lat' dir='ltr'><strong>et</strong></span> <span class='ocrx_word' id='word_1_443' title='bbox 2254 1423 2560 1478; x_wconf 87' lang='lat' dir='ltr'><strong>illuminare</strong></span> <span class='ocrx_word' id='word_1_444' title='bbox 2584 1422 2745 1478; x_wconf 88' lang='lat' dir='ltr'><strong>simul</strong></span> <span class='ocrx_word' id='word_1_445' title='bbox 2773 1432 2826 1478; x_wconf 91' lang='lat' dir='ltr'><strong>et</strong></span> <span class='ocrx_word' id='word_1_446' title='bbox 2850 1424 3116 1478; x_wconf 90' lang='lat' dir='ltr'><strong>mundare</strong></span> <span class='ocrx_word' id='word_1_447' title='bbox 3136 1422 3470 1492; x_wconf 91' lang='lat' dir='ltr'><strong>percipiente</strong></span> <span class='ocrx_word' id='word_1_448' title='bbox 3486 1460 3502 1486; x_wconf 89' lang='lat'><strong>,</strong></span> 
     </span>
    </p>
   </div>
   <div class='ocr_carea' id='block_1_70' title="bbox 1905 1514 3506 1587">
    <p class='ocr_par' dir='ltr' id='par_1_70' title="bbox 1905 1514 3506 1587">
     <span class='ocr_line' id='line_1_70' title="bbox 1905 1514 3506 1587; baseline -0.001 -11"><span class='ocrx_word' id='word_1_449' title='bbox 1905 1530 1963 1576; x_wconf 92' lang='lat' dir='ltr'><strong>et</strong></span> <span class='ocrx_word' id='word_1_450' title='bbox 1989 1518 2331 1575; x_wconf 90' lang='lat' dir='ltr'><strong>sacerdotum</strong></span> <span class='ocrx_word' id='word_1_451' title='bbox 2356 1518 2558 1572; x_wconf 89' lang='lat' dir='ltr'><strong>virtute</strong></span> <span class='ocrx_word' id='word_1_452' title='bbox 2605 1517 2842 1572; x_wconf 89' lang='lat' dir='ltr'><strong>habente</strong></span> <span class='ocrx_word' id='word_1_453' title='bbox 2867 1515 2923 1571; x_wconf 92' lang='lat' dir='ltr'><strong>in</strong></span> <span class='ocrx_word' id='word_1_454' title='bbox 2951 1517 3130 1587; x_wconf 89' lang='lat' dir='ltr'><strong>seipsa</strong></span> <span class='ocrx_word' id='word_1_455' title='bbox 3157 1530 3282 1572; x_wconf 93' lang='lat' dir='ltr'><strong>cum</strong></span> <span class='ocrx_word' id='word_1_456' title='bbox 3313 1514 3506 1574; x_wconf 85' lang='lat' dir='ltr'><strong>illumi-</strong></span> 
     </span>
    </p>
   </div>
   <div class='ocr_carea' id='block_1_71' title="bbox 1908 1604 3506 1679">
    <p class='ocr_par' dir='ltr' id='par_1_71' title="bbox 1908 1604 3506 1679">
     <span class='ocr_line' id='line_1_71' title="bbox 1908 1604 3506 1679; baseline -0.006 -13"><span class='ocrx_word' id='word_1_457' title='bbox 1908 1610 2090 1666; x_wconf 90' lang='lat' dir='ltr'><strong>nativa</strong></span> <span class='ocrx_word' id='word_1_458' title='bbox 2123 1618 2179 1664; x_wconf 93' lang='lat' dir='ltr'><strong>et</strong></span> <span class='ocrx_word' id='word_1_459' title='bbox 2210 1608 2552 1679; x_wconf 84' lang='lat' dir='ltr'><strong>purgativam</strong></span> <span class='ocrx_word' id='word_1_460' title='bbox 2581 1607 2887 1663; x_wconf 88' lang='lat' dir='ltr'><strong>scientiam.</strong></span> <span class='ocrx_word' id='word_1_461' title='bbox 2919 1606 3074 1662; x_wconf 88' lang='lat' dir='ltr'><strong>Aliae</strong></span> <span class='ocrx_word' id='word_1_462' title='bbox 3101 1607 3318 1676; x_wconf 88' lang='lat' dir='ltr'><strong>quidem</strong></span> <span class='ocrx_word' id='word_1_463' title='bbox 3360 1604 3506 1660; x_wconf 87' lang='lat' dir='ltr'><strong>enim</strong></span> 
     </span>
    </p>
   </div>
   <div class='ocr_carea' id='block_1_72' title="bbox 1908 1701 3510 1772">
    <p class='ocr_par' dir='ltr' id='par_1_72' title="bbox 1908 1701 3510 1772">
     <span class='ocr_line' id='line_1_72' title="bbox 1908 1701 3510 1772; baseline -0.005 -14"><span class='ocrx_word' id='word_1_464' title='bbox 1908 1703 2147 1759; x_wconf 88' lang='lat' dir='ltr'><strong>minores</strong></span> <span class='ocrx_word' id='word_1_465' title='bbox 2191 1702 2246 1756; x_wconf 91' lang='lat' dir='ltr'><strong>in</strong></span> <span class='ocrx_word' id='word_1_466' title='bbox 2291 1717 2395 1768; x_wconf 88' lang='lat' dir='ltr'><strong>ea,</strong></span> <span class='ocrx_word' id='word_1_467' title='bbox 2447 1716 2586 1772; x_wconf 89' lang='lat' dir='ltr'><strong>quae</strong></span> <span class='ocrx_word' id='word_1_468' title='bbox 2645 1701 2872 1756; x_wconf 91' lang='lat' dir='ltr'><strong>meliora</strong></span> <span class='ocrx_word' id='word_1_469' title='bbox 2918 1708 3084 1766; x_wconf 90' lang='lat' dir='ltr'><strong>sunt,</strong></span> <span class='ocrx_word' id='word_1_470' title='bbox 3135 1715 3241 1754; x_wconf 92' lang='lat' dir='ltr'><strong>non</strong></span> <span class='ocrx_word' id='word_1_471' title='bbox 3283 1705 3510 1769; x_wconf 85' lang='lat' dir='ltr'><strong>possunt</strong></span> 
     </span>
    </p>
   </div>
   <div class='ocr_carea' id='block_1_73' title="bbox 1909 1785 3510 1862">
    <p class='ocr_par' dir='ltr' id='par_1_73' title="bbox 1909 1785 3510 1862">
     <span class='ocr_line' id='line_1_73' title="bbox 1909 1785 3510 1862; baseline -0.004 -14"><span class='ocrx_word' id='word_1_472' title='bbox 1909 1804 2307 1858; x_wconf 90' lang='lat' dir='ltr'><strong>transmovere,</strong></span> <span class='ocrx_word' id='word_1_473' title='bbox 2332 1806 2398 1848; x_wconf 90' lang='lat' dir='ltr'><strong>eo</strong></span> <span class='ocrx_word' id='word_1_474' title='bbox 2419 1792 2562 1862; x_wconf 87' lang='lat' dir='ltr'><strong>quod</strong></span> <span class='ocrx_word' id='word_1_475' title='bbox 2593 1789 2850 1861; x_wconf 79' lang='lat' dir='ltr'><strong>iniustum</strong></span> <span class='ocrx_word' id='word_1_476' title='bbox 2885 1790 2957 1846; x_wconf 90' lang='lat' dir='ltr'><strong>sit</strong></span> <span class='ocrx_word' id='word_1_477' title='bbox 2978 1791 3079 1854; x_wconf 91' lang='lat' dir='ltr'><strong>eis,</strong></span> <span class='ocrx_word' id='word_1_478' title='bbox 3106 1790 3172 1844; x_wconf 87' lang='lat' dir='ltr'><strong>ad</strong></span> <span class='ocrx_word' id='word_1_479' title='bbox 3200 1785 3510 1858; x_wconf 81' lang='lat' dir='ltr'><strong>huiusmodi</strong></span> 
     </span>
    </p>
   </div>
   <div class='ocr_carea' id='block_1_74' title="bbox 1909 1880 3510 1956">
    <p class='ocr_par' dir='ltr' id='par_1_74' title="bbox 1909 1880 3510 1956">
     <span class='ocr_line' id='line_1_74' title="bbox 1909 1880 3510 1956; baseline -0.004 -17"><span class='ocrx_word' id='word_1_480' title='bbox 1909 1883 2097 1940; x_wconf 90' lang='lat' dir='ltr'><strong>conari</strong></span> <span class='ocrx_word' id='word_1_481' title='bbox 2126 1882 2489 1953; x_wconf 73' lang='lat' dir='ltr'><strong>maiestatem.</strong></span> <span class='ocrx_word' id='word_1_482' title='bbox 2535 1881 2689 1956; x_wconf 68' lang='lat' dir='ltr'><strong>Aliae</strong></span> <span class='ocrx_word' id='word_1_483' title='bbox 2720 1892 2904 1936; x_wconf 92' lang='lat' dir='ltr'><strong>autem</strong></span> <span class='ocrx_word' id='word_1_484' title='bbox 2949 1880 3244 1936; x_wconf 88' lang='lat' dir='ltr'><strong>diviniores</strong></span> <span class='ocrx_word' id='word_1_485' title='bbox 3279 1880 3510 1934; x_wconf 88' lang='lat' dir='ltr'><strong>virtutes</strong></span> 
     </span>
    </p>
   </div>
   <div class='ocr_carea' id='block_1_75' title="bbox 1909 1973 3509 2050">
    <p class='ocr_par' dir='ltr' id='par_1_75' title="bbox 1909 1973 3509 2050">
     <span class='ocr_line' id='line_1_75' title="bbox 1909 1973 3509 2050; baseline -0.006 -15"><span class='ocrx_word' id='word_1_486' title='bbox 1909 1994 2032 2035; x_wconf 90' lang='lat' dir='ltr'><strong>cum</strong></span> <span class='ocrx_word' id='word_1_487' title='bbox 2078 1977 2314 2050; x_wconf 89' lang='lat' dir='ltr'><strong>propriis</strong></span> <span class='ocrx_word' id='word_1_488' title='bbox 2360 1985 2417 2033; x_wconf 93' lang='lat' dir='ltr'><strong>et</strong></span> <span class='ocrx_word' id='word_1_489' title='bbox 2467 1975 2742 2047; x_wconf 88' lang='lat' dir='ltr'><strong>subjectas</strong></span> <span class='ocrx_word' id='word_1_490' title='bbox 2785 1989 2918 2032; x_wconf 91' lang='lat' dir='ltr'><strong>suae</strong></span> <span class='ocrx_word' id='word_1_491' title='bbox 2966 1973 3316 2046; x_wconf 87' lang='lat' dir='ltr'><strong>perfectionis</strong></span> <span class='ocrx_word' id='word_1_492' title='bbox 3353 1986 3509 2028; x_wconf 89' lang='lat' dir='ltr'><strong>sacra</strong></span> 
     </span>
    </p>
   </div>
   <div class='ocr_carea' id='block_1_76' title="bbox 1909 2066 3510 2142">
    <p class='ocr_par' dir='ltr' id='par_1_76' title="bbox 1909 2066 3510 2142">
     <span class='ocr_line' id='line_1_76' title="bbox 1909 2066 3510 2142; baseline -0.007 -13"><span class='ocrx_word' id='word_1_493' title='bbox 1909 2072 2139 2129; x_wconf 90' lang='lat' dir='ltr'><strong>scientia</strong></span> <span class='ocrx_word' id='word_1_494' title='bbox 2188 2079 2543 2142; x_wconf 80' lang='lat' dir='ltr'><strong>cognoscunt.</strong></span> <span class='ocrx_word' id='word_1_495' title='bbox 2592 2069 2860 2126; x_wconf 90' lang='lat' dir='ltr'><strong>Similiter</strong></span> <span class='ocrx_word' id='word_1_496' title='bbox 2902 2069 3161 2140; x_wconf 91' lang='lat' dir='ltr'><strong>quoniam</strong></span> <span class='ocrx_word' id='word_1_497' title='bbox 3205 2066 3510 2122; x_wconf 91' lang='lat' dir='ltr'><strong>divinarum</strong></span> 
     </span>
    </p>
   </div>
   <div class='ocr_carea' id='block_1_77' title="bbox 1908 2159 3509 2234">
    <p class='ocr_par' dir='ltr' id='par_1_77' title="bbox 1908 2159 3509 2234">
     <span class='ocr_line' id='line_1_77' title="bbox 1908 2159 3509 2234; baseline -0.005 -13"><span class='ocrx_word' id='word_1_498' title='bbox 1908 2172 2038 2221; x_wconf 89' lang='lat' dir='ltr'><strong>sunt</strong></span> <span class='ocrx_word' id='word_1_499' title='bbox 2067 2165 2345 2220; x_wconf 91' lang='lat' dir='ltr'><strong>actionum</strong></span> <span class='ocrx_word' id='word_1_500' title='bbox 2375 2164 2642 2234; x_wconf 82' lang='lat' dir='ltr'><strong>imagines</strong></span> <span class='ocrx_word' id='word_1_501' title='bbox 2661 2206 2674 2230; x_wconf 93' lang='lat'><strong>,</strong></span> <span class='ocrx_word' id='word_1_502' title='bbox 2709 2163 2849 2219; x_wconf 90' lang='lat' dir='ltr'><strong>aliae</strong></span> <span class='ocrx_word' id='word_1_503' title='bbox 2876 2161 3305 2220; x_wconf 76' lang='lat' dir='ltr'><strong>sanetiﬁcativae</strong></span> <span class='ocrx_word' id='word_1_504' title='bbox 3331 2159 3509 2229; x_wconf 88' lang='lat' dir='ltr'><strong>dispo-</strong></span> 
     </span>
    </p>
   </div>
   <div class='ocr_carea' id='block_1_78' title="bbox 1909 2253 3512 2324">
    <p class='ocr_par' dir='ltr' id='par_1_78' title="bbox 1909 2253 3512 2324">
     <span class='ocr_line' id='line_1_78' title="bbox 1909 2253 3512 2324; baseline -0.006 -8"><span class='ocrx_word' id='word_1_505' title='bbox 1909 2259 2134 2316; x_wconf 77' lang='lat' dir='ltr'><strong>sitiones</strong></span> <span class='ocrx_word' id='word_1_506' title='bbox 2157 2258 2295 2314; x_wconf 89' lang='lat' dir='ltr'><strong>bene</strong></span> <span class='ocrx_word' id='word_1_507' title='bbox 2321 2258 2498 2314; x_wconf 91' lang='lat' dir='ltr'><strong>ornati</strong></span> <span class='ocrx_word' id='word_1_508' title='bbox 2526 2266 2582 2313; x_wconf 91' lang='lat' dir='ltr'><strong>et</strong></span> <span class='ocrx_word' id='word_1_509' title='bbox 2608 2257 2877 2314; x_wconf 79' lang='lat' dir='ltr'><strong>inconfusi</strong></span> <span class='ocrx_word' id='word_1_510' title='bbox 2901 2257 3210 2313; x_wconf 90' lang='lat' dir='ltr'><strong>divinarum</strong></span> <span class='ocrx_word' id='word_1_511' title='bbox 3236 2253 3512 2324; x_wconf 89' lang='lat' dir='ltr'><strong>operatio-</strong></span> 
     </span>
    </p>
   </div>
   <div class='ocr_carea' id='block_1_79' title="bbox 1908 2344 3512 2420">
    <p class='ocr_par' dir='ltr' id='par_1_79' title="bbox 1908 2344 3512 2420">
     <span class='ocr_line' id='line_1_79' title="bbox 1908 2344 3512 2420; baseline -0.005 -14"><span class='ocrx_word' id='word_1_512' title='bbox 1908 2366 2041 2406; x_wconf 92' lang='lat' dir='ltr'><strong>num</strong></span> <span class='ocrx_word' id='word_1_513' title='bbox 2086 2349 2334 2416; x_wconf 90' lang='lat' dir='ltr'><strong>ordinis,</strong></span> <span class='ocrx_word' id='word_1_514' title='bbox 2380 2350 2436 2405; x_wconf 92' lang='lat' dir='ltr'><strong>in</strong></span> <span class='ocrx_word' id='word_1_515' title='bbox 2488 2349 2795 2420; x_wconf 90' lang='lat' dir='ltr'><strong>semetipsis</strong></span> <span class='ocrx_word' id='word_1_516' title='bbox 2839 2348 3190 2404; x_wconf 88' lang='lat' dir='ltr'><strong>ostendentes</strong></span> <span class='ocrx_word' id='word_1_517' title='bbox 3234 2344 3512 2404; x_wconf 84' lang='lat' dir='ltr'><strong>ordinatas</strong></span> 
     </span>
    </p>
   </div>
   <div class='ocr_carea' id='block_1_80' title="bbox 1909 2436 3514 2514">
    <p class='ocr_par' dir='ltr' id='par_1_80' title="bbox 1909 2436 3514 2514">
     <span class='ocr_line' id='line_1_80' title="bbox 1909 2436 3514 2514; baseline -0.006 -14"><span class='ocrx_word' id='word_1_518' title='bbox 1909 2443 2336 2501; x_wconf 90' lang='lat' dir='ltr'><strong>illuminationes</strong></span> <span class='ocrx_word' id='word_1_519' title='bbox 2391 2442 2444 2497; x_wconf 91' lang='lat' dir='ltr'><strong>in</strong></span> <span class='ocrx_word' id='word_1_520' title='bbox 2491 2443 2739 2514; x_wconf 90' lang='lat' dir='ltr'><strong>primas,</strong></span> <span class='ocrx_word' id='word_1_521' title='bbox 2779 2450 2836 2497; x_wconf 91' lang='lat' dir='ltr'><strong>et</strong></span> <span class='ocrx_word' id='word_1_522' title='bbox 2883 2441 3133 2503; x_wconf 90' lang='lat' dir='ltr'><strong>medias,</strong></span> <span class='ocrx_word' id='word_1_523' title='bbox 3190 2446 3246 2493; x_wconf 87' lang='lat' dir='ltr'><strong>et</strong></span> <span class='ocrx_word' id='word_1_524' title='bbox 3294 2436 3514 2492; x_wconf 89' lang='lat' dir='ltr'><strong>ultimas</strong></span> 
     </span>
    </p>
   </div>
   <div class='ocr_carea' id='block_1_81' title="bbox 1911 2529 3514 2599">
    <p class='ocr_par' dir='ltr' id='par_1_81' title="bbox 1911 2529 3514 2599">
     <span class='ocr_line' id='line_1_81' title="bbox 1911 2529 3514 2599; baseline -0.006 -7"><span class='ocrx_word' id='word_1_525' title='bbox 1911 2551 2097 2593; x_wconf 88' lang='lat' dir='ltr'><strong>sacras</strong></span> <span class='ocrx_word' id='word_1_526' title='bbox 2153 2537 2399 2591; x_wconf 91' lang='lat' dir='ltr'><strong>actiones</strong></span> <span class='ocrx_word' id='word_1_527' title='bbox 2436 2543 2491 2590; x_wconf 83' lang='lat' dir='ltr'><strong>et</strong></span> <span class='ocrx_word' id='word_1_528' title='bbox 2542 2535 2916 2589; x_wconf 88' lang='lat' dir='ltr'><strong>ordinationes</strong></span> <span class='ocrx_word' id='word_1_529' title='bbox 2942 2575 2957 2599; x_wconf 90' lang='lat'><strong>,</strong></span> <span class='ocrx_word' id='word_1_530' title='bbox 3007 2533 3064 2587; x_wconf 93' lang='lat' dir='ltr'><strong>in</strong></span> <span class='ocrx_word' id='word_1_531' title='bbox 3096 2529 3514 2587; x_wconf 89' lang='lat' dir='ltr'><strong>discretionibus</strong></span> 
     </span>
    </p>
   </div>
   <div class='ocr_carea' id='block_1_82' title="bbox 1912 2623 3512 2690">
    <p class='ocr_par' dir='ltr' id='par_1_82' title="bbox 1912 2623 3512 2690">
     <span class='ocr_line' id='line_1_82' title="bbox 1912 2623 3512 2690; baseline -0.006 -5"><span class='ocrx_word' id='word_1_532' title='bbox 1912 2629 2228 2686; x_wconf 87' lang='lat' dir='ltr'><strong>ierarchicis</strong></span> <span class='ocrx_word' id='word_1_533' title='bbox 2252 2628 2536 2684; x_wconf 86' lang='lat' dir='ltr'><strong>ordinatae</strong></span> <span class='ocrx_word' id='word_1_534' title='bbox 2559 2637 2703 2688; x_wconf 86' lang='lat' dir='ltr'><strong>sunt,</strong></span> <span class='ocrx_word' id='word_1_535' title='bbox 2724 2625 3155 2690; x_wconf 81' lang='lat' dir='ltr'><strong>manifestantes,</strong></span> <span class='ocrx_word' id='word_1_536' title='bbox 3175 2632 3235 2678; x_wconf 92' lang='lat' dir='ltr'><strong>ut</strong></span> <span class='ocrx_word' id='word_1_537' title='bbox 3253 2623 3512 2684; x_wconf 80' lang='lat' dir='ltr'><strong>diximus,</strong></span> 
     </span>
    </p>
   </div>
   <div class='ocr_carea' id='block_1_83' title="bbox 1912 2713 3516 2794">
    <p class='ocr_par' dir='ltr' id='par_1_83' title="bbox 1912 2713 3516 2794">
     <span class='ocr_line' id='line_1_83' title="bbox 1912 2713 3516 2794; baseline -0.006 -16"><span class='ocrx_word' id='word_1_538' title='bbox 1912 2723 1968 2778; x_wconf 89' lang='lat' dir='ltr'><strong>in</strong></span> <span class='ocrx_word' id='word_1_539' title='bbox 2014 2722 2208 2794; x_wconf 89' lang='lat' dir='ltr'><strong>seipsis</strong></span> <span class='ocrx_word' id='word_1_540' title='bbox 2243 2722 2552 2776; x_wconf 88' lang='lat' dir='ltr'><strong>divinarum</strong></span> <span class='ocrx_word' id='word_1_541' title='bbox 2583 2719 2965 2791; x_wconf 88' lang='lat' dir='ltr'><strong>operationum</strong></span> <span class='ocrx_word' id='word_1_542' title='bbox 3007 2716 3319 2773; x_wconf 89' lang='lat' dir='ltr'><strong>ordinatum</strong></span> <span class='ocrx_word' id='word_1_543' title='bbox 3347 2721 3402 2770; x_wconf 91' lang='lat' dir='ltr'><strong>et</strong></span> <span class='ocrx_word' id='word_1_544' title='bbox 3431 2713 3516 2769; x_wconf 79' lang='lat' dir='ltr'><strong>in-</strong></span> 
     </span>
    </p>
   </div>
   <div class='ocr_carea' id='block_1_84' title="bbox 1913 2809 3517 2882">
    <p class='ocr_par' dir='ltr' id='par_1_84' title="bbox 1913 2809 3517 2882">
     <span class='ocr_line' id='line_1_84' title="bbox 1913 2809 3517 2882; baseline -0.007 -10"><span class='ocrx_word' id='word_1_545' title='bbox 1913 2815 2222 2872; x_wconf 80' lang='lat' dir='ltr'><strong>confusum.</strong></span> <span class='ocrx_word' id='word_1_546' title='bbox 2239 2813 2504 2882; x_wconf 86' lang='lat' dir='ltr'><strong>Quoniam</strong></span> <span class='ocrx_word' id='word_1_547' title='bbox 2522 2813 2666 2867; x_wconf 89' lang='lat' dir='ltr'><strong>enim</strong></span> <span class='ocrx_word' id='word_1_548' title='bbox 2695 2811 2994 2876; x_wconf 88' lang='lat' dir='ltr'><strong>thearchia,</strong></span> <span class='ocrx_word' id='word_1_549' title='bbox 3028 2810 3079 2864; x_wconf 95' lang='lat' dir='ltr'><strong>in</strong></span> <span class='ocrx_word' id='word_1_550' title='bbox 3102 2809 3517 2880; x_wconf 89' lang='lat' dir='ltr'><strong>quibuscunque</strong></span> 
     </span>
    </p>
   </div>
   <div class='ocr_carea' id='block_1_85' title="bbox 1915 2899 3519 2982">
    <p class='ocr_par' dir='ltr' id='par_1_85' title="bbox 1915 2899 3519 2982">
     <span class='ocr_line' id='line_1_85' title="bbox 1915 2899 3519 2982; baseline -0.008 -19"><span class='ocrx_word' id='word_1_551' title='bbox 1915 2908 2078 2982; x_wconf 78' lang='lat' dir='ltr'><strong>inest,</strong></span> <span class='ocrx_word' id='word_1_552' title='bbox 2119 2907 2330 2962; x_wconf 91' lang='lat' dir='ltr'><strong>animos</strong></span> <span class='ocrx_word' id='word_1_553' title='bbox 2367 2913 2562 2977; x_wconf 86' lang='lat' dir='ltr'><strong>purgat</strong></span> <span class='ocrx_word' id='word_1_554' title='bbox 2589 2904 2824 2975; x_wconf 90' lang='lat' dir='ltr'><strong>primum</strong></span> <span class='ocrx_word' id='word_1_555' title='bbox 2845 2943 2862 2969; x_wconf 91' lang='lat'><strong>,</strong></span> <span class='ocrx_word' id='word_1_556' title='bbox 2894 2901 3088 2957; x_wconf 89' lang='lat' dir='ltr'><strong>deinde</strong></span> <span class='ocrx_word' id='word_1_557' title='bbox 3117 2899 3420 2964; x_wconf 87' lang='lat' dir='ltr'><strong>illuminat,</strong></span> <span class='ocrx_word' id='word_1_558' title='bbox 3460 2905 3519 2952; x_wconf 89' lang='lat' dir='ltr'><strong>et.</strong></span> 
     </span>
    </p>
   </div>
   <div class='ocr_carea' id='block_1_86' title="bbox 1914 2990 3512 3062">
    <p class='ocr_par' dir='ltr' id='par_1_86' title="bbox 1914 2990 3512 3062">
     <span class='ocr_line' id='line_1_86' title="bbox 1914 2990 3512 3062; baseline -0.009 -6"><span class='ocrx_word' id='word_1_559' title='bbox 1914 2999 2250 3057; x_wconf 88' lang='lat' dir='ltr'><strong>illuminatos</strong></span> <span class='ocrx_word' id='word_1_560' title='bbox 2271 3003 2614 3054; x_wconf 91' lang='lat' dir='ltr'><strong>consummat</strong></span> <span class='ocrx_word' id='word_1_561' title='bbox 2637 2995 2705 3050; x_wconf 89' lang='lat' dir='ltr'><strong>ad</strong></span> <span class='ocrx_word' id='word_1_562' title='bbox 2732 2993 3050 3050; x_wconf 83' lang='lat' dir='ltr'><strong>deiformem</strong></span> <span class='ocrx_word' id='word_1_563' title='bbox 3076 2990 3468 3062; x_wconf 78' lang='lat' dir='ltr'><strong>perfectionem</strong></span> <span class='ocrx_word' id='word_1_564' title='bbox 3497 3003 3512 3042; x_wconf 89' lang='lat'><strong>:</strong></span> 
     </span>
    </p>
   </div>
   <div class='ocr_carea' id='block_1_87' title="bbox 1913 3082 3516 3162">
    <p class='ocr_par' dir='ltr' id='par_1_87' title="bbox 1913 3082 3516 3162">
     <span class='ocr_line' id='line_1_87' title="bbox 1913 3082 3516 3162; baseline -0.006 -16"><span class='ocrx_word' id='word_1_565' title='bbox 1913 3092 2117 3148; x_wconf 89' lang='lat' dir='ltr'><strong>merito</strong></span> <span class='ocrx_word' id='word_1_566' title='bbox 2142 3089 2469 3162; x_wconf 88' lang='lat' dir='ltr'><strong>pontiﬁcalis</strong></span> <span class='ocrx_word' id='word_1_567' title='bbox 2495 3089 2800 3144; x_wconf 87' lang='lat' dir='ltr'><strong>divinarum</strong></span> <span class='ocrx_word' id='word_1_568' title='bbox 2853 3085 3151 3157; x_wconf 81' lang='lat' dir='ltr'><strong>imaginum</strong></span> <span class='ocrx_word' id='word_1_569' title='bbox 3173 3083 3228 3139; x_wconf 90' lang='lat' dir='ltr'><strong>in</strong></span> <span class='ocrx_word' id='word_1_570' title='bbox 3252 3082 3516 3138; x_wconf 88' lang='lat' dir='ltr'><strong>discretas</strong></span> 
     </span>
    </p>
   </div>
   <div class='ocr_carea' id='block_1_88' title="bbox 1843 3179 3517 3290">
    <p class='ocr_par' dir='ltr' id='par_1_88' title="bbox 1843 3179 3517 3290">
     <span class='ocr_line' id='line_1_88' title="bbox 1843 3179 3517 3290; baseline -0.007 -49"><span class='ocrx_word' id='word_1_571' title='bbox 1843 3223 1891 3290; x_wconf 77' lang='lat' dir='ltr'>C</span> <span class='ocrx_word' id='word_1_572' title='bbox 1919 3185 2156 3255; x_wconf 89' lang='lat' dir='ltr'><strong>seipsam</strong></span> <span class='ocrx_word' id='word_1_573' title='bbox 2187 3183 2422 3240; x_wconf 89' lang='lat' dir='ltr'><strong>alternat</strong></span> <span class='ocrx_word' id='word_1_574' title='bbox 2467 3182 2839 3246; x_wconf 79' lang='lat' dir='ltr'><strong>ordinationes</strong></span> <span class='ocrx_word' id='word_1_575' title='bbox 2884 3189 2940 3237; x_wconf 92' lang='lat' dir='ltr'><strong>et</strong></span> <span class='ocrx_word' id='word_1_576' title='bbox 2983 3179 3250 3244; x_wconf 89' lang='lat' dir='ltr'><strong>virtutes,</strong></span> <span class='ocrx_word' id='word_1_577' title='bbox 3285 3190 3517 3281; x_wconf 77' lang='lat' dir='ltr'><strong>operose</strong></span> 
     </span>
    </p>
   </div>
   <div class='ocr_carea' id='block_1_89' title="bbox 1918 3269 3518 3345">
    <p class='ocr_par' dir='ltr' id='par_1_89' title="bbox 1918 3269 3518 3345">
     <span class='ocr_line' id='line_1_89' title="bbox 1918 3269 3518 3345; baseline -0.007 -10"><span class='ocrx_word' id='word_1_578' title='bbox 1918 3276 2216 3335; x_wconf 89' lang='lat' dir='ltr'><strong>ostendens</strong></span> <span class='ocrx_word' id='word_1_579' title='bbox 2268 3275 2609 3331; x_wconf 89' lang='lat' dir='ltr'><strong>thearchicas</strong></span> <span class='ocrx_word' id='word_1_580' title='bbox 2655 3274 3003 3345; x_wconf 87' lang='lat' dir='ltr'><strong>operationes</strong></span> <span class='ocrx_word' id='word_1_581' title='bbox 3055 3272 3113 3328; x_wconf 90' lang='lat' dir='ltr'><strong>in</strong></span> <span class='ocrx_word' id='word_1_582' title='bbox 3155 3269 3518 3327; x_wconf 88' lang='lat' dir='ltr'><strong>sanctissimis</strong></span> 
     </span>
    </p>
   </div>
   <div class='ocr_carea' id='block_1_90' title="bbox 1918 3361 3518 3438">
    <p class='ocr_par' dir='ltr' id='par_1_90' title="bbox 1918 3361 3518 3438">
     <span class='ocr_line' id='line_1_90' title="bbox 1918 3361 3518 3438; baseline -0.007 -9"><span class='ocrx_word' id='word_1_583' title='bbox 1918 3381 1975 3430; x_wconf 88' lang='lat' dir='ltr'><strong>et</strong></span> <span class='ocrx_word' id='word_1_584' title='bbox 2025 3369 2325 3427; x_wconf 85' lang='lat' dir='ltr'><strong>inconfusis</strong></span> <span class='ocrx_word' id='word_1_585' title='bbox 2380 3368 2663 3425; x_wconf 85' lang='lat' dir='ltr'><strong>ordinibus</strong></span> <span class='ocrx_word' id='word_1_586' title='bbox 2738 3367 3036 3438; x_wconf 89' lang='lat' dir='ltr'><strong>ponderate</strong></span> <span class='ocrx_word' id='word_1_587' title='bbox 3105 3371 3162 3420; x_wconf 93' lang='lat' dir='ltr'><strong>et</strong></span> <span class='ocrx_word' id='word_1_588' title='bbox 3233 3361 3518 3418; x_wconf 80' lang='lat' dir='ltr'><strong>inconfusc</strong></span> 
     </span>
    </p>
   </div>
   <div class='ocr_carea' id='block_1_91' title="bbox 1919 3455 3519 3532">
    <p class='ocr_par' dir='ltr' id='par_1_91' title="bbox 1919 3455 3519 3532">
     <span class='ocr_line' id='line_1_91' title="bbox 1919 3455 3519 3532; baseline -0.008 -11"><span class='ocrx_word' id='word_1_589' title='bbox 1919 3472 2172 3521; x_wconf 88' lang='lat' dir='ltr'><strong>statutas.</strong></span> <span class='ocrx_word' id='word_1_590' title='bbox 2230 3463 2339 3518; x_wconf 86' lang='lat' dir='ltr'><strong>Sed</strong></span> <span class='ocrx_word' id='word_1_591' title='bbox 2387 3462 2646 3532; x_wconf 90' lang='lat' dir='ltr'><strong>quoniam</strong></span> <span class='ocrx_word' id='word_1_592' title='bbox 2695 3459 3006 3515; x_wconf 89' lang='lat' dir='ltr'><strong>sanctiﬁcas</strong></span> <span class='ocrx_word' id='word_1_593' title='bbox 3045 3455 3417 3512; x_wconf 89' lang='lat' dir='ltr'><strong>ordinationes</strong></span> <span class='ocrx_word' id='word_1_594' title='bbox 3461 3462 3519 3509; x_wconf 90' lang='lat' dir='ltr'><strong>et</strong></span> 
     </span>
    </p>
   </div>
   <div class='ocr_carea' id='block_1_92' title="bbox 1917 3547 3518 3630">
    <p class='ocr_par' dir='ltr' id='par_1_92' title="bbox 1917 3547 3518 3630">
     <span class='ocr_line' id='line_1_92' title="bbox 1917 3547 3518 3630; baseline -0.008 -17"><span class='ocrx_word' id='word_1_595' title='bbox 1917 3556 2364 3630; x_wconf 89' lang='lat' dir='ltr'><strong>participationes</strong></span> <span class='ocrx_word' id='word_1_596' title='bbox 2413 3554 2757 3622; x_wconf 87' lang='lat' dir='ltr'><strong>virtutesque</strong></span> <span class='ocrx_word' id='word_1_597' title='bbox 2823 3566 3013 3607; x_wconf 89' lang='lat' dir='ltr'><strong>earum</strong></span> <span class='ocrx_word' id='word_1_598' title='bbox 3065 3556 3122 3606; x_wconf 92' lang='lat' dir='ltr'><strong>et</strong></span> <span class='ocrx_word' id='word_1_599' title='bbox 3175 3547 3518 3619; x_wconf 88' lang='lat' dir='ltr'><strong>operationes</strong></span> 
     </span>
    </p>
   </div>
   <div class='ocr_carea' id='block_1_93' title="bbox 1918 3639 3520 3719">
    <p class='ocr_par' dir='ltr' id='par_1_93' title="bbox 1918 3639 3520 3719">
     <span class='ocr_line' id='line_1_93' title="bbox 1918 3639 3520 3719; baseline -0.007 -14"><span class='ocrx_word' id='word_1_600' title='bbox 1918 3650 2176 3715; x_wconf 84' lang='lat' dir='ltr'><strong>diximus,</strong></span> <span class='ocrx_word' id='word_1_601' title='bbox 2204 3656 2468 3719; x_wconf 86' lang='lat' dir='ltr'><strong>quantum</strong></span> <span class='ocrx_word' id='word_1_602' title='bbox 2493 3647 2650 3702; x_wconf 90' lang='lat' dir='ltr'><strong>nobis</strong></span> <span class='ocrx_word' id='word_1_603' title='bbox 2696 3643 2954 3714; x_wconf 87' lang='lat' dir='ltr'><strong>possibile</strong></span> <span class='ocrx_word' id='word_1_604' title='bbox 2990 3651 3095 3710; x_wconf 84' lang='lat' dir='ltr'><strong>est,</strong></span> <span class='ocrx_word' id='word_1_605' title='bbox 3126 3650 3181 3699; x_wconf 92' lang='lat' dir='ltr'><strong>et</strong></span> <span class='ocrx_word' id='word_1_606' title='bbox 3212 3639 3520 3697; x_wconf 88' lang='lat' dir='ltr'><strong>sacratissi-</strong></span> 
     </span>
    </p>
   </div>
   <div class='ocr_carea' id='block_1_94' title="bbox 1919 3733 3517 3811">
    <p class='ocr_par' dir='ltr' id='par_1_94' title="bbox 1919 3733 3517 3811">
     <span class='ocr_line' id='line_1_94' title="bbox 1919 3733 3517 3811; baseline -0.008 -13"><span class='ocrx_word' id='word_1_607' title='bbox 1919 3758 2038 3798; x_wconf 90' lang='lat' dir='ltr'><strong>mas</strong></span> <span class='ocrx_word' id='word_1_608' title='bbox 2062 3757 2283 3807; x_wconf 90' lang='lat' dir='ltr'><strong>earum,</strong></span> <span class='ocrx_word' id='word_1_609' title='bbox 2323 3751 2585 3811; x_wconf 90' lang='lat' dir='ltr'><strong>quantum</strong></span> <span class='ocrx_word' id='word_1_610' title='bbox 2632 3746 2881 3810; x_wconf 89' lang='lat' dir='ltr'><strong>potentes</strong></span> <span class='ocrx_word' id='word_1_611' title='bbox 2907 3750 3131 3804; x_wconf 90' lang='lat' dir='ltr'><strong>sumus,</strong></span> <span class='ocrx_word' id='word_1_612' title='bbox 3169 3733 3517 3806; x_wconf 89' lang='lat' dir='ltr'><strong>inspiciemus</strong></span> 
     </span>
    </p>
   </div>
   <div class='ocr_carea' id='block_1_95' title="bbox 1917 3832 2440 3890">
    <p class='ocr_par' dir='ltr' id='par_1_95' title="bbox 1917 3832 2440 3890">
     <span class='ocr_line' id='line_1_95' title="bbox 1917 3832 2440 3890; baseline -0.013 0"><span class='ocrx_word' id='word_1_613' title='bbox 1917 3832 2440 3890; x_wconf 89' lang='lat' dir='ltr'><strong>consummationes.</strong></span> 
     </span>
    </p>
   </div>
   <div class='ocr_carea' id='block_1_96' title="bbox 2049 3917 3391 3995">
    <p class='ocr_par' dir='ltr' id='par_1_96' title="bbox 2049 3917 3391 3995">
     <span class='ocr_line' id='line_1_96' title="bbox 2049 3917 3391 3995; baseline -0.006 -15"><span class='ocrx_word' id='word_1_614' title='bbox 2049 3923 2361 3995; x_wconf 78' lang='lat' dir='ltr'><strong>Mysterium</strong></span> <span class='ocrx_word' id='word_1_615' title='bbox 2405 3919 2816 3976; x_wconf 79' lang='lat' dir='ltr'><strong>sacerdotalium</strong></span> <span class='ocrx_word' id='word_1_616' title='bbox 2859 3917 3391 3975; x_wconf 68' lang='lat' dir='ltr'><strong>consummationum.</strong></span> 
     </span>
    </p>
   </div>
   <div class='ocr_carea' id='block_1_97' title="bbox 1990 4010 3520 4085">
    <p class='ocr_par' dir='ltr' id='par_1_97' title="bbox 1990 4010 3520 4085">
     <span class='ocr_line' id='line_1_97' title="bbox 1990 4010 3520 4085; baseline -0.008 -11"><span class='ocrx_word' id='word_1_617' title='bbox 1990 4017 2248 4074; x_wconf 90' lang='lat' dir='ltr'><strong>Summus</strong></span> <span class='ocrx_word' id='word_1_618' title='bbox 2297 4015 2515 4085; x_wconf 92' lang='lat' dir='ltr'><strong>quidem</strong></span> <span class='ocrx_word' id='word_1_619' title='bbox 2565 4013 2820 4068; x_wconf 89' lang='lat' dir='ltr'><strong>sacerdos</strong></span> <span class='ocrx_word' id='word_1_620' title='bbox 2868 4012 2937 4067; x_wconf 89' lang='lat' dir='ltr'><strong>ad</strong></span> <span class='ocrx_word' id='word_1_621' title='bbox 2986 4010 3348 4068; x_wconf 85' lang='lat' dir='ltr'><strong>ierarchicam</strong></span> <span class='ocrx_word' id='word_1_622' title='bbox 3389 4021 3520 4063; x_wconf 89' lang='lat' dir='ltr'><strong>con-</strong></span> 
     </span>
    </p>
   </div>
   <div class='ocr_carea' id='block_1_98' title="bbox 1917 4103 3517 4175">
    <p class='ocr_par' dir='ltr' id='par_1_98' title="bbox 1917 4103 3517 4175">
     <span class='ocr_line' id='line_1_98' title="bbox 1917 4103 3517 4175; baseline -0.008 -8"><span class='ocrx_word' id='word_1_623' title='bbox 1917 4109 2334 4168; x_wconf 90' lang='lat' dir='ltr'><strong>summationem</strong></span> <span class='ocrx_word' id='word_1_624' title='bbox 2363 4105 2645 4167; x_wconf 88' lang='lat' dir='ltr'><strong>accedens.</strong></span> <span class='ocrx_word' id='word_1_625' title='bbox 2672 4113 2900 4175; x_wconf 91' lang='lat' dir='ltr'><strong>utroque</strong></span> <span class='ocrx_word' id='word_1_626' title='bbox 2927 4104 3061 4174; x_wconf 90' lang='lat' dir='ltr'><strong>pede</strong></span> <span class='ocrx_word' id='word_1_627' title='bbox 3093 4103 3359 4158; x_wconf 90' lang='lat' dir='ltr'><strong>inclinans</strong></span> <span class='ocrx_word' id='word_1_628' title='bbox 3389 4109 3517 4156; x_wconf 90' lang='lat' dir='ltr'><strong>ante</strong></span> 
     </span>
    </p>
   </div>
   <div class='ocr_carea' id='block_1_99' title="bbox 1917 4191 3517 4272">
    <p class='ocr_par' dir='ltr' id='par_1_99' title="bbox 1917 4191 3517 4272">
     <span class='ocr_line' id='line_1_99' title="bbox 1917 4191 3517 4272; baseline -0.008 -14"><span class='ocrx_word' id='word_1_629' title='bbox 1917 4209 2269 4272; x_wconf 90' lang='lat' dir='ltr'><strong>conspectum</strong></span> <span class='ocrx_word' id='word_1_630' title='bbox 2307 4197 2475 4253; x_wconf 88' lang='lat' dir='ltr'><strong>divini</strong></span> <span class='ocrx_word' id='word_1_631' title='bbox 2518 4197 2746 4262; x_wconf 89' lang='lat' dir='ltr'><strong>altaris,</strong></span> <span class='ocrx_word' id='word_1_632' title='bbox 2795 4210 2960 4266; x_wconf 85' lang='lat' dir='ltr'><strong>super</strong></span> <span class='ocrx_word' id='word_1_633' title='bbox 2987 4201 3152 4264; x_wconf 89' lang='lat' dir='ltr'><strong>caput</strong></span> <span class='ocrx_word' id='word_1_634' title='bbox 3196 4193 3362 4249; x_wconf 86' lang='lat' dir='ltr'><strong>habet</strong></span> <span class='ocrx_word' id='word_1_635' title='bbox 3404 4191 3517 4246; x_wconf 90' lang='lat' dir='ltr'><strong>Deo</strong></span> 
     </span>
    </p>
   </div>
   <div class='ocr_carea' id='block_1_100' title="bbox 1918 4285 3520 4361">
    <p class='ocr_par' dir='ltr' id='par_1_100' title="bbox 1918 4285 3520 4361">
     <span class='ocr_line' id='line_1_100' title="bbox 1918 4285 3520 4361; baseline -0.004 -14"><span class='ocrx_word' id='word_1_636' title='bbox 1918 4293 2115 4348; x_wconf 89' lang='lat' dir='ltr'><strong>tradita</strong></span> <span class='ocrx_word' id='word_1_637' title='bbox 2139 4291 2376 4361; x_wconf 88' lang='lat' dir='ltr'><strong>eloquia,</strong></span> <span class='ocrx_word' id='word_1_638' title='bbox 2405 4297 2461 4345; x_wconf 90' lang='lat' dir='ltr'><strong>et</strong></span> <span class='ocrx_word' id='word_1_639' title='bbox 2490 4288 2851 4344; x_wconf 85' lang='lat' dir='ltr'><strong>ierarchicam</strong></span> <span class='ocrx_word' id='word_1_640' title='bbox 2880 4301 3124 4352; x_wconf 90' lang='lat' dir='ltr'><strong>manum,</strong></span> <span class='ocrx_word' id='word_1_641' title='bbox 3153 4293 3209 4340; x_wconf 92' lang='lat' dir='ltr'><strong>et</strong></span> <span class='ocrx_word' id='word_1_642' title='bbox 3231 4285 3333 4340; x_wconf 88' lang='lat' dir='ltr'><strong>hoc</strong></span> <span class='ocrx_word' id='word_1_643' title='bbox 3358 4285 3520 4340; x_wconf 91' lang='lat' dir='ltr'><strong>modo</strong></span> 
     </span>
    </p>
   </div>
   <div class='ocr_carea' id='block_1_101' title="bbox 1920 4377 3517 4455">
    <p class='ocr_par' dir='ltr' id='par_1_101' title="bbox 1920 4377 3517 4455">
     <span class='ocr_line' id='line_1_101' title="bbox 1920 4377 3517 4455; baseline -0.006 -16"><span class='ocrx_word' id='word_1_644' title='bbox 1920 4400 1951 4439; x_wconf 92' lang='lat' dir='ltr'><strong>a</strong></span> <span class='ocrx_word' id='word_1_645' title='bbox 1977 4382 2293 4455; x_wconf 90' lang='lat' dir='ltr'><strong>perﬁciente</strong></span> <span class='ocrx_word' id='word_1_646' title='bbox 2330 4395 2454 4436; x_wconf 90' lang='lat' dir='ltr'><strong>eum</strong></span> <span class='ocrx_word' id='word_1_647' title='bbox 2484 4396 2699 4436; x_wconf 91' lang='lat' dir='ltr'><strong>summo</strong></span> <span class='ocrx_word' id='word_1_648' title='bbox 2727 4379 3008 4435; x_wconf 87' lang='lat' dir='ltr'><strong>sacerdote</strong></span> <span class='ocrx_word' id='word_1_649' title='bbox 3048 4377 3408 4435; x_wconf 89' lang='lat' dir='ltr'><strong>sanctissimis</strong></span> <span class='ocrx_word' id='word_1_650' title='bbox 3437 4377 3517 4431; x_wconf 89' lang='lat' dir='ltr'><strong>in-</strong></span> 
     </span>
    </p>
   </div>
   <div class='ocr_carea' id='block_1_102' title="bbox 1920 4468 3521 4536">
    <p class='ocr_par' dir='ltr' id='par_1_102' title="bbox 1920 4468 3521 4536">
     <span class='ocr_line' id='line_1_102' title="bbox 1920 4468 3521 4536; baseline -0.003 -9"><span class='ocrx_word' id='word_1_651' title='bbox 1920 4473 2298 4529; x_wconf 82' lang='lat' dir='ltr'><strong>vocationibus</strong></span> <span class='ocrx_word' id='word_1_652' title='bbox 2324 4480 2751 4527; x_wconf 90' lang='lat' dir='ltr'><strong>consummatur.</strong></span> <span class='ocrx_word' id='word_1_653' title='bbox 2782 4468 3049 4524; x_wconf 87' lang='lat' dir='ltr'><strong>Sacerdos</strong></span> <span class='ocrx_word' id='word_1_654' title='bbox 3078 4477 3261 4523; x_wconf 88' lang='lat' dir='ltr'><strong>autem</strong></span> <span class='ocrx_word' id='word_1_655' title='bbox 3289 4475 3521 4536; x_wconf 87' lang='lat' dir='ltr'><strong>utroque</strong></span> 
     </span>
    </p>
   </div>
   <div class='ocr_carea' id='block_1_103' title="bbox 1921 4558 3517 4638">
    <p class='ocr_par' dir='ltr' id='par_1_103' title="bbox 1921 4558 3517 4638">
     <span class='ocr_line' id='line_1_103' title="bbox 1921 4558 3517 4638; baseline -0.006 -17"><span class='ocrx_word' id='word_1_656' title='bbox 1921 4567 2056 4638; x_wconf 84' lang='lat' dir='ltr'><strong>pede</strong></span> <span class='ocrx_word' id='word_1_657' title='bbox 2087 4565 2354 4620; x_wconf 89' lang='lat' dir='ltr'><strong>inclinans</strong></span> <span class='ocrx_word' id='word_1_658' title='bbox 2383 4563 2438 4618; x_wconf 93' lang='lat' dir='ltr'><strong>in</strong></span> <span class='ocrx_word' id='word_1_659' title='bbox 2463 4571 2754 4631; x_wconf 88' lang='lat' dir='ltr'><strong>conspectu</strong></span> <span class='ocrx_word' id='word_1_660' title='bbox 2787 4559 2954 4616; x_wconf 90' lang='lat' dir='ltr'><strong>divini</strong></span> <span class='ocrx_word' id='word_1_661' title='bbox 2992 4558 3203 4625; x_wconf 88' lang='lat' dir='ltr'><strong>altaris,</strong></span> <span class='ocrx_word' id='word_1_662' title='bbox 3236 4573 3401 4628; x_wconf 87' lang='lat' dir='ltr'><strong>super</strong></span> <span class='ocrx_word' id='word_1_663' title='bbox 3427 4573 3517 4613; x_wconf 86' lang='lat' dir='ltr'><strong>ca-</strong></span> 
     </span>
    </p>
   </div>
   <div class='ocr_carea' id='block_1_104' title="bbox 1924 4649 3522 4728">
    <p class='ocr_par' dir='ltr' id='par_1_104' title="bbox 1924 4649 3522 4728">
     <span class='ocr_line' id='line_1_104' title="bbox 1924 4649 3522 4728; baseline -0.007 -17"><span class='ocrx_word' id='word_1_664' title='bbox 1924 4666 2021 4728; x_wconf 88' lang='lat' dir='ltr'><strong>put</strong></span> <span class='ocrx_word' id='word_1_665' title='bbox 2046 4657 2210 4713; x_wconf 88' lang='lat' dir='ltr'><strong>habet</strong></span> <span class='ocrx_word' id='word_1_666' title='bbox 2236 4654 2593 4711; x_wconf 88' lang='lat' dir='ltr'><strong>ierarcbicam</strong></span> <span class='ocrx_word' id='word_1_667' title='bbox 2621 4653 2865 4707; x_wconf 79' lang='lat' dir='ltr'><strong>dextram</strong></span> <span class='ocrx_word' id='word_1_668' title='bbox 2883 4691 2899 4718; x_wconf 91' lang='lat'><strong>,</strong></span> <span class='ocrx_word' id='word_1_669' title='bbox 2930 4657 2986 4706; x_wconf 89' lang='lat' dir='ltr'><strong>et</strong></span> <span class='ocrx_word' id='word_1_670' title='bbox 3016 4650 3120 4705; x_wconf 89' lang='lat' dir='ltr'><strong>hoc</strong></span> <span class='ocrx_word' id='word_1_671' title='bbox 3148 4649 3309 4704; x_wconf 91' lang='lat' dir='ltr'><strong>modo</strong></span> <span class='ocrx_word' id='word_1_672' title='bbox 3336 4664 3367 4703; x_wconf 89' lang='lat' dir='ltr'><strong>a</strong></span> <span class='ocrx_word' id='word_1_673' title='bbox 3398 4661 3522 4719; x_wconf 83' lang='lat' dir='ltr'><strong>per-</strong></span> 
     </span>
    </p>
   </div>
   <div class='ocr_carea' id='block_1_105' title="bbox 1925 4738 3523 4805">
    <p class='ocr_par' dir='ltr' id='par_1_105' title="bbox 1925 4738 3523 4805">
     <span class='ocr_line' id='line_1_105' title="bbox 1925 4738 3523 4805; baseline -0.008 -1"><span class='ocrx_word' id='word_1_674' title='bbox 1925 4748 2142 4805; x_wconf 88' lang='lat' dir='ltr'><strong>ﬁciente</strong></span> <span class='ocrx_word' id='word_1_675' title='bbox 2176 4762 2300 4802; x_wconf 91' lang='lat' dir='ltr'><strong>eum</strong></span> <span class='ocrx_word' id='word_1_676' title='bbox 2340 4760 2552 4800; x_wconf 90' lang='lat' dir='ltr'><strong>summo</strong></span> <span class='ocrx_word' id='word_1_677' title='bbox 2591 4741 2871 4799; x_wconf 87' lang='lat' dir='ltr'><strong>sacerdote</strong></span> <span class='ocrx_word' id='word_1_678' title='bbox 2908 4739 3173 4797; x_wconf 86' lang='lat' dir='ltr'><strong>sacriﬁcis</strong></span> <span class='ocrx_word' id='word_1_679' title='bbox 3223 4738 3523 4794; x_wconf 85' lang='lat' dir='ltr'><strong>invocatio-</strong></span> 
     </span>
    </p>
   </div>
   <div class='ocr_carea' id='block_1_106' title="bbox 1926 4831 3520 4905">
    <p class='ocr_par' dir='ltr' id='par_1_106' title="bbox 1926 4831 3520 4905">
     <span class='ocr_line' id='line_1_106' title="bbox 1926 4831 3520 4905; baseline -0.009 -8"><span class='ocrx_word' id='word_1_680' title='bbox 1926 4843 2086 4898; x_wconf 91' lang='lat' dir='ltr'><strong>nibus</strong></span> <span class='ocrx_word' id='word_1_681' title='bbox 2109 4839 2499 4896; x_wconf 89' lang='lat' dir='ltr'><strong>sanctiﬁcatur.</strong></span> <span class='ocrx_word' id='word_1_682' title='bbox 2524 4836 2772 4892; x_wconf 82' lang='lat' dir='ltr'><strong>Minister</strong></span> <span class='ocrx_word' id='word_1_683' title='bbox 2796 4849 2929 4891; x_wconf 91' lang='lat' dir='ltr'><strong>vero</strong></span> <span class='ocrx_word' id='word_1_684' title='bbox 2957 4850 3066 4891; x_wconf 93' lang='lat' dir='ltr'><strong>uno</strong></span> <span class='ocrx_word' id='word_1_685' title='bbox 3093 4833 3230 4905; x_wconf 89' lang='lat' dir='ltr'><strong>pede</strong></span> <span class='ocrx_word' id='word_1_686' title='bbox 3254 4831 3520 4888; x_wconf 89' lang='lat' dir='ltr'><strong>inclinans</strong></span> 
     </span>
    </p>
   </div>
   <div class='ocr_carea' id='block_1_107' title="bbox 1930 4911 3520 5004">
    <p class='ocr_par' dir='ltr' id='par_1_107' title="bbox 1930 4911 3520 5004">
     <span class='ocr_line' id='line_1_107' title="bbox 1930 4911 3520 5004; baseline -0.009 -14"><span class='ocrx_word' id='word_1_687' title='bbox 1930 4935 1987 4990; x_wconf 89' lang='lat' dir='ltr'><strong>in</strong></span> <span class='ocrx_word' id='word_1_688' title='bbox 2013 4943 2305 5004; x_wconf 88' lang='lat' dir='ltr'><strong>conspectu</strong></span> <span class='ocrx_word' id='word_1_689' title='bbox 2337 4911 2558 4996; x_wconf 74' lang='lat' dir='ltr'><strong>altaris,</strong></span> <span class='ocrx_word' id='word_1_690' title='bbox 2599 4943 2760 5000; x_wconf 90' lang='lat' dir='ltr'><strong>super</strong></span> <span class='ocrx_word' id='word_1_691' title='bbox 2789 4936 2951 5000; x_wconf 89' lang='lat' dir='ltr'><strong>caput</strong></span> <span class='ocrx_word' id='word_1_692' title='bbox 2989 4927 3155 4982; x_wconf 83' lang='lat' dir='ltr'><strong>habet</strong></span> <span class='ocrx_word' id='word_1_693' title='bbox 3188 4921 3520 4995; x_wconf 86' lang='lat' dir='ltr'><strong>perﬁcientis</strong></span> 
     </span>
    </p>
   </div>
   <div class='ocr_carea' id='block_1_108' title="bbox 1929 5011 3520 5091">
    <p class='ocr_par' dir='ltr' id='par_1_108' title="bbox 1929 5011 3520 5091">
     <span class='ocr_line' id='line_1_108' title="bbox 1929 5011 3520 5091; baseline -0.011 -8"><span class='ocrx_word' id='word_1_694' title='bbox 1929 5041 2055 5084; x_wconf 90' lang='lat' dir='ltr'><strong>eum</strong></span> <span class='ocrx_word' id='word_1_695' title='bbox 2082 5023 2278 5081; x_wconf 89' lang='lat' dir='ltr'><strong>summi</strong></span> <span class='ocrx_word' id='word_1_696' title='bbox 2304 5019 2604 5077; x_wconf 90' lang='lat' dir='ltr'><strong>sacerdotis</strong></span> <span class='ocrx_word' id='word_1_697' title='bbox 2633 5019 2898 5086; x_wconf 82' lang='lat' dir='ltr'><strong>dextram,</strong></span> <span class='ocrx_word' id='word_1_698' title='bbox 2923 5013 3286 5091; x_wconf 89' lang='lat' dir='ltr'><strong>perﬁciendus</strong></span> <span class='ocrx_word' id='word_1_699' title='bbox 3313 5013 3382 5068; x_wconf 92' lang='lat' dir='ltr'><strong>ab</strong></span> <span class='ocrx_word' id='word_1_700' title='bbox 3401 5011 3520 5082; x_wconf 90' lang='lat' dir='ltr'><strong>ipso</strong></span> 
     </span>
    </p>
   </div>
   <div class='ocr_carea' id='block_1_109' title="bbox 1931 5100 3521 5174">
    <p class='ocr_par' dir='ltr' id='par_1_109' title="bbox 1931 5100 3521 5174">
     <span class='ocr_line' id='line_1_109' title="bbox 1931 5100 3521 5174; baseline -0.011 -1"><span class='ocrx_word' id='word_1_701' title='bbox 1931 5115 2354 5174; x_wconf 90' lang='lat' dir='ltr'><strong>ministrantium</strong></span> <span class='ocrx_word' id='word_1_702' title='bbox 2392 5111 2840 5169; x_wconf 90' lang='lat' dir='ltr'><strong>consummativis</strong></span> <span class='ocrx_word' id='word_1_703' title='bbox 2888 5104 3340 5165; x_wconf 90' lang='lat' dir='ltr'><strong>invocationibus.</strong></span> <span class='ocrx_word' id='word_1_704' title='bbox 3387 5100 3521 5158; x_wconf 86' lang='lat' dir='ltr'><strong>Uni-</strong></span> 
     </span>
    </p>
   </div>
   <div class='ocr_carea' id='block_1_110' title="bbox 1931 5194 3520 5281">
    <p class='ocr_par' dir='ltr' id='par_1_110' title="bbox 1931 5194 3520 5281">
     <span class='ocr_line' id='line_1_110' title="bbox 1931 5194 3520 5281; baseline -0.013 -12"><span class='ocrx_word' id='word_1_705' title='bbox 1931 5211 2125 5281; x_wconf 90' lang='lat' dir='ltr'><strong>cuique</strong></span> <span class='ocrx_word' id='word_1_706' title='bbox 2155 5217 2338 5264; x_wconf 90' lang='lat' dir='ltr'><strong>autem</strong></span> <span class='ocrx_word' id='word_1_707' title='bbox 2383 5222 2572 5263; x_wconf 91' lang='lat' dir='ltr'><strong>eorum</strong></span> <span class='ocrx_word' id='word_1_708' title='bbox 2621 5202 2946 5261; x_wconf 83' lang='lat' dir='ltr'><strong>cruciforme</strong></span> <span class='ocrx_word' id='word_1_709' title='bbox 2987 5201 3232 5272; x_wconf 89' lang='lat' dir='ltr'><strong>signatur</strong></span> <span class='ocrx_word' id='word_1_710' title='bbox 3276 5212 3308 5251; x_wconf 92' lang='lat' dir='ltr'><strong>a</strong></span> <span class='ocrx_word' id='word_1_711' title='bbox 3355 5194 3520 5266; x_wconf 83' lang='lat' dir='ltr'><strong>perﬁ-</strong></span> 
     </span>
    </p>
   </div>
   <div class='ocr_carea' id='block_1_111' title="bbox 1933 5291 3515 5371">
    <p class='ocr_par' dir='ltr' id='par_1_111' title="bbox 1933 5291 3515 5371">
     <span class='ocr_line' id='line_1_111' title="bbox 1933 5291 3515 5371; baseline -0.015 -11"><span class='ocrx_word' id='word_1_712' title='bbox 1933 5304 2108 5360; x_wconf 89' lang='lat' dir='ltr'><strong>ciente</strong></span> <span class='ocrx_word' id='word_1_713' title='bbox 2138 5314 2351 5357; x_wconf 91' lang='lat' dir='ltr'><strong>summo</strong></span> <span class='ocrx_word' id='word_1_714' title='bbox 2380 5297 2661 5354; x_wconf 90' lang='lat' dir='ltr'><strong>sacerdote</strong></span> <span class='ocrx_word' id='word_1_715' title='bbox 2706 5291 3071 5366; x_wconf 85' lang='lat' dir='ltr'><strong>signaculum,</strong></span> <span class='ocrx_word' id='word_1_716' title='bbox 3112 5296 3167 5344; x_wconf 90' lang='lat' dir='ltr'><strong>et</strong></span> <span class='ocrx_word' id='word_1_717' title='bbox 3193 5302 3290 5358; x_wconf 89' lang='lat' dir='ltr'><strong>per</strong></span> <span class='ocrx_word' id='word_1_718' title='bbox 3317 5299 3515 5371; x_wconf 76' lang='lat' dir='ltr'><strong>unum-</strong></span> 
     </span>
    </p>
   </div>
   <div class='ocr_carea' id='block_1_112' title="bbox 1923 5375 3514 5466">
    <p class='ocr_par' dir='ltr' id='par_1_112' title="bbox 1923 5375 3514 5466">
     <span class='ocr_line' id='line_1_112' title="bbox 1923 5375 3514 5466; baseline -0.014 -16"><span class='ocrx_word' id='word_1_719' title='bbox 1923 5392 2243 5466; x_wconf 72' lang='lat' dir='ltr'><strong>quemque&quot;</strong></span> <span class='ocrx_word' id='word_1_720' title='bbox 2274 5391 2522 5447; x_wconf 86' lang='lat' dir='ltr'><strong>recitatio</strong></span> <span class='ocrx_word' id='word_1_721' title='bbox 2601 5388 2660 5442; x_wconf 91' lang='lat' dir='ltr'><strong>ﬁt</strong></span> <span class='ocrx_word' id='word_1_722' title='bbox 2717 5400 2908 5450; x_wconf 86' lang='lat' dir='ltr'><strong>sacra,</strong></span> <span class='ocrx_word' id='word_1_723' title='bbox 2971 5392 3026 5438; x_wconf 90' lang='lat' dir='ltr'><strong>et</strong></span> <span class='ocrx_word' id='word_1_724' title='bbox 3085 5375 3514 5436; x_wconf 87' lang='lat' dir='ltr'><strong>consummativa</strong></span> 
     </span>
    </p>
   </div>
   <div class='ocr_carea' id='block_1_113' title="bbox 1925 5467 3514 5551">
    <p class='ocr_par' dir='ltr' id='par_1_113' title="bbox 1925 5467 3514 5551">
     <span class='ocr_line' id='line_1_113' title="bbox 1925 5467 3514 5551; baseline -0.015 -9"><span class='ocrx_word' id='word_1_725' title='bbox 1925 5485 2216 5551; x_wconf 88' lang='lat' dir='ltr'><strong>salutatio,</strong></span> <span class='ocrx_word' id='word_1_726' title='bbox 2265 5482 2534 5538; x_wconf 86' lang='lat' dir='ltr'><strong>salutante</strong></span> <span class='ocrx_word' id='word_1_727' title='bbox 2593 5479 2739 5536; x_wconf 88' lang='lat' dir='ltr'><strong>omni</strong></span> <span class='ocrx_word' id='word_1_728' title='bbox 2783 5476 2964 5531; x_wconf 80' lang='lat' dir='ltr'><strong>divino</strong></span> <span class='ocrx_word' id='word_1_729' title='bbox 3019 5480 3308 5544; x_wconf 88' lang='lat' dir='ltr'><strong>praesente</strong></span> <span class='ocrx_word' id='word_1_730' title='bbox 3373 5467 3514 5526; x_wconf 85' lang='lat' dir='ltr'><strong>viro,</strong></span> 
     </span>
    </p>
   </div>
   <div class='ocr_carea' id='block_1_114' title="bbox 1928 5558 3512 5641">
    <p class='ocr_par' dir='ltr' id='par_1_114' title="bbox 1928 5558 3512 5641">
     <span class='ocr_line' id='line_1_114' title="bbox 1928 5558 3512 5641; baseline -0.015 -7"><span class='ocrx_word' id='word_1_731' title='bbox 1928 5589 1984 5633; x_wconf 89' lang='lat' dir='ltr'><strong>et</strong></span> <span class='ocrx_word' id='word_1_732' title='bbox 2051 5585 2461 5634; x_wconf 86' lang='lat' dir='ltr'><strong>consummante</strong></span> <span class='ocrx_word' id='word_1_733' title='bbox 2531 5586 2741 5628; x_wconf 88' lang='lat' dir='ltr'><strong>summo</strong></span> <span class='ocrx_word' id='word_1_734' title='bbox 2820 5567 3101 5624; x_wconf 87' lang='lat' dir='ltr'><strong>sacerdote</strong></span> <span class='ocrx_word' id='word_1_735' title='bbox 3175 5563 3242 5618; x_wconf 87' lang='lat' dir='ltr'><strong>ad</strong></span> <span class='ocrx_word' id='word_1_736' title='bbox 3309 5558 3512 5641; x_wconf 70' lang='lat' dir='ltr'><strong>aliquid</strong></span> 
     </span>
    </p>
   </div>
   <div class='ocr_carea' id='block_1_115' title="bbox 1535 5692 2246 5750">
    <p class='ocr_par' dir='ltr' id='par_1_115' title="bbox 1535 5692 2246 5750">
     <span class='ocr_line' id='line_1_115' title="bbox 1535 5692 2246 5750; baseline -0.003 -2"><span class='ocrx_word' id='word_1_737' title='bbox 1535 5693 1797 5749; x_wconf 81' lang='lat' dir='ltr'><strong>VARIAE</strong></span> <span class='ocrx_word' id='word_1_738' title='bbox 1832 5692 2246 5750; x_wconf 75' lang='lat' dir='ltr'><strong>LECTIONES.</strong></span> 
     </span>
    </p>
   </div>
   <div class='ocr_carea' id='block_1_116' title="bbox 307 5806 1041 5874">
    <p class='ocr_par' dir='ltr' id='par_1_116' title="bbox 307 5806 1041 5874">
     <span class='ocr_line' id='line_1_116' title="bbox 307 5806 1041 5874; baseline 0.007 -14"><span class='ocrx_word' id='word_1_739' title='bbox 307 5807 326 5839; x_wconf 76' lang='grc'><strong>⁸</strong></span> <span class='ocrx_word' id='word_1_740' title='bbox 361 5806 452 5862; x_wconf 90' lang='lat' dir='ltr'><strong>Sic</strong></span> <span class='ocrx_word' id='word_1_741' title='bbox 475 5808 550 5874; x_wconf 90' lang='lat' dir='ltr'><strong>B;</strong></span> <span class='ocrx_word' id='word_1_742' title='bbox 577 5808 719 5863; x_wconf 84' lang='grc' dir='ltr'><strong>ΑΕΗ</strong></span> <span class='ocrx_word' id='word_1_743' title='bbox 758 5810 1041 5866; x_wconf 80' lang='lat' dir='ltr'><strong>deividum.</strong></span> 
     </span>
    </p>
   </div>
   <div class='ocr_carea' id='block_1_117' title="bbox 314 5875 1537 5939">
    <p class='ocr_par' dir='ltr' id='par_1_117' title="bbox 314 5875 1537 5939">
     <span class='ocr_line' id='line_1_117' title="bbox 314 5875 1537 5939; baseline 0.002 -5"><span class='ocrx_word' id='word_1_744' title='bbox 314 5875 405 5934; x_wconf 83' lang='lat' dir='ltr'><strong>BH</strong></span> <span class='ocrx_word' id='word_1_745' title='bbox 450 5882 886 5938; x_wconf 81' lang='lat' dir='ltr'><strong>communionem.</strong></span> <span class='ocrx_word' id='word_1_746' title='bbox 961 5883 985 5914; x_wconf 72' lang='grc' dir='ltr'>δ</span> <span class='ocrx_word' id='word_1_747' title='bbox 1010 5880 1101 5939; x_wconf 83' lang='lat' dir='ltr'><strong>Bll</strong></span> <span class='ocrx_word' id='word_1_748' title='bbox 1130 5882 1537 5938; x_wconf 51' lang='lat' dir='ltr'><strong>communionem</strong></span> 
     </span>
    </p>
   </div>
   <div class='ocr_carea' id='block_1_118' title="bbox 1141 5810 2121 5882">
    <p class='ocr_par' dir='ltr' id='par_1_118' title="bbox 1141 5810 2121 5882">
     <span class='ocr_line' id='line_1_118' title="bbox 1141 5810 2121 5882; baseline -0.002 -18"><span class='ocrx_word' id='word_1_749' title='bbox 1141 5817 1162 5847; x_wconf 75' lang='grc'><strong>⁸</strong></span> <span class='ocrx_word' id='word_1_750' title='bbox 1192 5810 1281 5864; x_wconf 83' lang='grc' dir='ltr'><strong>ΒΗ</strong></span> <span class='ocrx_word' id='word_1_751' title='bbox 1323 5811 1636 5867; x_wconf 81' lang='lat' dir='ltr'><strong>diviniorem</strong></span> <span class='ocrx_word' id='word_1_752' title='bbox 1660 5811 2121 5882; x_wconf 70' lang='lat' dir='ltr'><strong>sacriﬁcationem.</strong></span> 
     </span>
    </p>
   </div>
   <div class='ocr_carea' id='block_1_119' title="bbox 2232 5774 3508 5873">
    <p class='ocr_par' dir='ltr' id='par_1_119' title="bbox 2232 5774 3508 5873">
     <span class='ocr_line' id='line_1_119' title="bbox 2232 5774 3508 5873; baseline -0.013 -14"><span class='ocrx_word' id='word_1_753' title='bbox 2232 5810 2252 5842; x_wconf 88' lang='grc'><em>³</em></span> <span class='ocrx_word' id='word_1_754' title='bbox 2283 5803 2372 5858; x_wconf 85' lang='lat' dir='ltr'><strong>Blt</strong></span> <span class='ocrx_word' id='word_1_755' title='bbox 2425 5802 2898 5873; x_wconf 82' lang='lat' dir='ltr'><strong>manifestatorum.</strong></span> <span class='ocrx_word' id='word_1_756' title='bbox 3010 5797 3056 5870; x_wconf 41' lang='grc' dir='ltr'><strong>δι</strong></span> <span class='ocrx_word' id='word_1_757' title='bbox 3085 5795 3177 5851; x_wconf 75' lang='grc' dir='ltr'><strong>ΕΠ</strong></span> <span class='ocrx_word' id='word_1_758' title='bbox 3231 5774 3508 5848; x_wconf 62' lang='lat' dir='ltr'><strong>luciducus.</strong></span> 
     </span>
    </p>
   </div>
  </div>
