  <div class='ocr_page' id='page_1' title='image "/cluster/home/n/w/nwhite01/storage/ocr_20150623/122/hvd.32044015471659/589.png"; bbox 0 0 4008 6286; ppageno 0'>
   <div class='ocr_carea' id='block_1_1' title="bbox 554 344 698 400">
    <p class='ocr_par' dir='ltr' id='par_1_1' title="bbox 554 344 698 400">
     <span class='ocr_line' id='line_1_1' title="bbox 554 344 698 400; baseline 0 0"><span class='ocrx_word' id='word_1_1' title='bbox 554 344 698 400; x_wconf 72' lang='grc'><strong>1105</strong></span> 
     </span>
    </p>
   </div>
   <div class='ocr_carea' id='block_1_2' title="bbox 1967 349 2449 413">
    <p class='ocr_par' dir='ltr' id='par_1_2' title="bbox 1967 349 2449 413">
     <span class='ocr_line' id='line_1_2' title="bbox 1967 349 2449 413; baseline 0 -3"><span class='ocrx_word' id='word_1_2' title='bbox 1967 351 2056 410; x_wconf 84' lang='lat' dir='ltr'><strong>0A</strong></span> <span class='ocrx_word' id='word_1_3' title='bbox 2063 349 2220 410; x_wconf 83' lang='lat' dir='ltr'><strong>NNIS</strong></span> <span class='ocrx_word' id='word_1_4' title='bbox 2253 350 2449 413; x_wconf 85' lang='lat' dir='ltr'><strong>SCOTI</strong></span> 
     </span>
    </p>
   </div>
   <div class='ocr_carea' id='block_1_3' title="bbox 3689 360 3836 432">
    <p class='ocr_par' dir='ltr' id='par_1_3' title="bbox 3689 360 3836 432">
     <span class='ocr_line' id='line_1_3' title="bbox 3689 360 3836 432; baseline 0.02 -16"><span class='ocrx_word' id='word_1_5' title='bbox 3689 360 3836 432; x_wconf 67' lang='lat' dir='ltr'><strong>HM</strong></span> 
     </span>
    </p>
   </div>
   <div class='ocr_carea' id='block_1_4' title="bbox 552 463 3834 539">
    <p class='ocr_par' dir='ltr' id='par_1_4' title="bbox 552 463 3834 539">
     <span class='ocr_line' id='line_1_4' title="bbox 552 463 3834 539; baseline 0.005 -20"><span class='ocrx_word' id='word_1_6' title='bbox 552 465 608 519; x_wconf 91' lang='lat' dir='ltr'><strong>in</strong></span> <span class='ocrx_word' id='word_1_7' title='bbox 639 463 897 535; x_wconf 75' lang='lat' dir='ltr'><strong>singulari</strong></span> <span class='ocrx_word' id='word_1_8' title='bbox 919 469 975 520; x_wconf 90' lang='lat' dir='ltr'><strong>et</strong></span> <span class='ocrx_word' id='word_1_9' title='bbox 1003 477 1162 522; x_wconf 82' lang='lat' dir='ltr'><strong>sacra</strong></span> <span class='ocrx_word' id='word_1_10' title='bbox 1189 464 1448 532; x_wconf 75' lang='lat' dir='ltr'><strong>statione,</strong></span> <span class='ocrx_word' id='word_1_11' title='bbox 1496 465 1862 524; x_wconf 80' lang='lat' dir='ltr'><strong>sacerdotales</strong></span> <span class='ocrx_word' id='word_1_12' title='bbox 1898 482 2134 539; x_wconf 74' lang='lat' dir='ltr'><strong>sequen-</strong></span> <span class='ocrx_word' id='word_1_13' title='bbox 2159 469 2215 532; x_wconf 83' lang='lat' dir='ltr'><strong>A</strong></span> <span class='ocrx_word' id='word_1_14' title='bbox 2237 469 2532 528; x_wconf 88' lang='lat' dir='ltr'><strong>minativus</strong></span> <span class='ocrx_word' id='word_1_15' title='bbox 2557 489 2570 527; x_wconf 90' lang='lat'><strong>:</strong></span> <span class='ocrx_word' id='word_1_16' title='bbox 2596 472 3063 532; x_wconf 83' lang='lat' dir='ltr'><strong>consummativus</strong></span> <span class='ocrx_word' id='word_1_17' title='bbox 3085 472 3377 532; x_wconf 87' lang='lat' dir='ltr'><strong>deil&#39;ormes</strong></span> <span class='ocrx_word' id='word_1_18' title='bbox 3406 489 3611 532; x_wconf 84' lang='lat' dir='ltr'><strong>summ.</strong></span> <span class='ocrx_word' id='word_1_19' title='bbox 3637 491 3834 534; x_wconf 75' lang='lat' dir='ltr'><strong>sacer-</strong></span> 
     </span>
    </p>
   </div>
   <div class='ocr_carea' id='block_1_5' title="bbox 550 554 2128 628">
    <p class='ocr_par' dir='ltr' id='par_1_5' title="bbox 550 554 2128 628">
     <span class='ocr_line' id='line_1_5' title="bbox 550 554 2128 628; baseline 0.003 -19"><span class='ocrx_word' id='word_1_20' title='bbox 550 564 661 610; x_wconf 90' lang='lat' dir='ltr'><strong>tem</strong></span> <span class='ocrx_word' id='word_1_21' title='bbox 701 554 944 622; x_wconf 82' lang='lat' dir='ltr'><strong>ordines,</strong></span> <span class='ocrx_word' id='word_1_22' title='bbox 973 563 1030 611; x_wconf 91' lang='lat' dir='ltr'><strong>et</strong></span> <span class='ocrx_word' id='word_1_23' title='bbox 1055 571 1180 611; x_wconf 89' lang='lat' dir='ltr'><strong>cum</strong></span> <span class='ocrx_word' id='word_1_24' title='bbox 1209 556 1342 626; x_wconf 87' lang='lat' dir='ltr'><strong>ipsis</strong></span> <span class='ocrx_word' id='word_1_25' title='bbox 1367 564 1624 628; x_wconf 78' lang='lat' dir='ltr'><strong>tanquam</strong></span> <span class='ocrx_word' id='word_1_26' title='bbox 1649 568 2072 628; x_wconf 91' lang='lat' dir='ltr'><strong>consequentem</strong></span> <span class='ocrx_word' id='word_1_27' title='bbox 2110 558 2128 591; x_wconf 81' lang='grc' dir='ltr'>ι</span> 
     </span>
    </p>
   </div>
   <div class='ocr_carea' id='block_1_6' title="bbox 549 644 2128 718">
    <p class='ocr_par' dir='ltr' id='par_1_6' title="bbox 549 644 2128 718">
     <span class='ocr_line' id='line_1_6' title="bbox 549 644 2128 718; baseline 0.004 -19"><span class='ocrx_word' id='word_1_28' title='bbox 549 644 604 700; x_wconf 92' lang='lat' dir='ltr'><strong>in</strong></span> <span class='ocrx_word' id='word_1_29' title='bbox 637 646 875 702; x_wconf 85' lang='lat' dir='ltr'><strong>divinam</strong></span> <span class='ocrx_word' id='word_1_30' title='bbox 900 663 998 718; x_wconf 88' lang='lat' dir='ltr'><strong>per</strong></span> <span class='ocrx_word' id='word_1_31' title='bbox 1021 662 1082 703; x_wconf 90' lang='lat' dir='ltr'><strong>se</strong></span> <span class='ocrx_word' id='word_1_32' title='bbox 1109 661 1394 702; x_wconf 90' lang='lat' dir='ltr'><strong>sacrorum</strong></span> <span class='ocrx_word' id='word_1_33' title='bbox 1425 647 1710 703; x_wconf 88' lang='lat' dir='ltr'><strong>scientiam</strong></span> <span class='ocrx_word' id='word_1_34' title='bbox 1733 647 1872 704; x_wconf 91' lang='lat' dir='ltr'><strong>bene</strong></span> <span class='ocrx_word' id='word_1_35' title='bbox 1899 649 2128 706; x_wconf 87' lang='lat' dir='ltr'><strong>credens</strong></span> 
     </span>
    </p>
   </div>
   <div class='ocr_carea' id='block_1_7' title="bbox 546 737 2127 798">
    <p class='ocr_par' dir='ltr' id='par_1_7' title="bbox 546 737 2127 798">
     <span class='ocr_line' id='line_1_7' title="bbox 546 737 2127 798; baseline 0.005 -8"><span class='ocrx_word' id='word_1_36' title='bbox 546 737 950 794; x_wconf 81' lang='lat' dir='ltr'><strong>ascendentem.</strong></span> <span class='ocrx_word' id='word_1_37' title='bbox 989 737 1212 794; x_wconf 89' lang='lat' dir='ltr'><strong>Partitis</strong></span> <span class='ocrx_word' id='word_1_38' title='bbox 1241 747 1421 794; x_wconf 89' lang='lat' dir='ltr'><strong>autem</strong></span> <span class='ocrx_word' id='word_1_39' title='bbox 1461 753 1570 794; x_wconf 91' lang='lat' dir='ltr'><strong>non</strong></span> <span class='ocrx_word' id='word_1_40' title='bbox 1606 739 1780 795; x_wconf 92' lang='lat' dir='ltr'><strong>solum</strong></span> <span class='ocrx_word' id='word_1_41' title='bbox 1835 756 2127 798; x_wconf 89' lang='lat' dir='ltr'><strong>conversa-</strong></span> 
     </span>
    </p>
   </div>
   <div class='ocr_carea' id='block_1_8' title="bbox 547 827 2126 900">
    <p class='ocr_par' dir='ltr' id='par_1_8' title="bbox 547 827 2126 900">
     <span class='ocr_line' id='line_1_8' title="bbox 547 827 2126 900; baseline 0.006 -20"><span class='ocrx_word' id='word_1_42' title='bbox 547 827 803 894; x_wconf 89' lang='lat' dir='ltr'><strong>tionibus,</strong></span> <span class='ocrx_word' id='word_1_43' title='bbox 827 829 920 885; x_wconf 88' lang='lat' dir='ltr'><strong>sed</strong></span> <span class='ocrx_word' id='word_1_44' title='bbox 950 830 1114 886; x_wconf 88' lang='lat' dir='ltr'><strong>etiam</strong></span> <span class='ocrx_word' id='word_1_45' title='bbox 1141 837 1197 885; x_wconf 89' lang='lat' dir='ltr'><strong>et</strong></span> <span class='ocrx_word' id='word_1_46' title='bbox 1219 830 1523 900; x_wconf 89' lang='lat' dir='ltr'><strong>phantasiis</strong></span> <span class='ocrx_word' id='word_1_47' title='bbox 1549 830 1966 890; x_wconf 88' lang='lat' dir='ltr'><strong>abrenunciatio</strong></span> <span class='ocrx_word' id='word_1_48' title='bbox 1995 850 2126 890; x_wconf 88' lang='lat' dir='ltr'><strong>con-</strong></span> 
     </span>
    </p>
   </div>
   <div class='ocr_carea' id='block_1_9' title="bbox 543 920 2126 1000">
    <p class='ocr_par' dir='ltr' id='par_1_9' title="bbox 543 920 2126 1000">
     <span class='ocr_line' id='line_1_9' title="bbox 543 920 2126 1000; baseline 0.008 -27"><span class='ocrx_word' id='word_1_49' title='bbox 543 920 1020 977; x_wconf 86' lang='lat' dir='ltr'><strong>summatissimam</strong></span> <span class='ocrx_word' id='word_1_50' title='bbox 1093 921 1363 993; x_wconf 86' lang='lat' dir='ltr'><strong>signiﬁcat</strong></span> <span class='ocrx_word' id='word_1_51' title='bbox 1433 925 1821 982; x_wconf 89' lang='lat' dir='ltr'><strong>monachorum</strong></span> <span class='ocrx_word' id='word_1_52' title='bbox 1887 927 2126 1000; x_wconf 85' lang='lat' dir='ltr'><strong>philoso-</strong></span> 
     </span>
    </p>
   </div>
   <div class='ocr_carea' id='block_1_10' title="bbox 539 1010 2126 1090">
    <p class='ocr_par' dir='ltr' id='par_1_10' title="bbox 539 1010 2126 1090">
     <span class='ocr_line' id='line_1_10' title="bbox 539 1010 2126 1090; baseline 0.008 -27"><span class='ocrx_word' id='word_1_53' title='bbox 539 1010 741 1080; x_wconf 85' lang='lat' dir='ltr'><strong>phiam,</strong></span> <span class='ocrx_word' id='word_1_54' title='bbox 767 1012 822 1067; x_wconf 93' lang='lat' dir='ltr'><strong>in</strong></span> <span class='ocrx_word' id='word_1_55' title='bbox 860 1013 1088 1069; x_wconf 86' lang='lat' dir='ltr'><strong>scientia</strong></span> <span class='ocrx_word' id='word_1_56' title='bbox 1128 1014 1500 1071; x_wconf 88' lang='lat' dir='ltr'><strong>uniticantium</strong></span> <span class='ocrx_word' id='word_1_57' title='bbox 1547 1017 1855 1073; x_wconf 90' lang='lat' dir='ltr'><strong>mandatum</strong></span> <span class='ocrx_word' id='word_1_58' title='bbox 1896 1034 2126 1090; x_wconf 83' lang='lat' dir='ltr'><strong>operan-</strong></span> 
     </span>
    </p>
   </div>
   <div class='ocr_carea' id='block_1_11' title="bbox 537 1102 2123 1180">
    <p class='ocr_par' dir='ltr' id='par_1_11' title="bbox 537 1102 2123 1180">
     <span class='ocr_line' id='line_1_11' title="bbox 537 1102 2123 1180; baseline 0.008 -25"><span class='ocrx_word' id='word_1_59' title='bbox 537 1108 668 1158; x_wconf 86' lang='lat' dir='ltr'><strong>tem.</strong></span> <span class='ocrx_word' id='word_1_60' title='bbox 695 1102 790 1158; x_wconf 88' lang='lat' dir='ltr'><strong>Est</strong></span> <span class='ocrx_word' id='word_1_61' title='bbox 819 1105 984 1172; x_wconf 91' lang='lat' dir='ltr'><strong>enim,</strong></span> <span class='ocrx_word' id='word_1_62' title='bbox 1017 1106 1356 1173; x_wconf 84' lang='lat' dir='ltr'><strong>ut&#39;diximus,</strong></span> <span class='ocrx_word' id='word_1_63' title='bbox 1383 1124 1490 1164; x_wconf 93' lang='lat' dir='ltr'><strong>non</strong></span> <span class='ocrx_word' id='word_1_64' title='bbox 1515 1109 1724 1164; x_wconf 89' lang='lat' dir='ltr'><strong>mediae</strong></span> <span class='ocrx_word' id='word_1_65' title='bbox 1765 1109 2123 1180; x_wconf 80' lang='lat' dir='ltr'><strong>perﬁciendo-</strong></span> 
     </span>
    </p>
   </div>
   <div class='ocr_carea' id='block_1_12' title="bbox 537 1193 2121 1276">
    <p class='ocr_par' dir='ltr' id='par_1_12' title="bbox 537 1193 2121 1276">
     <span class='ocr_line' id='line_1_12' title="bbox 537 1193 2121 1276; baseline 0.01 -31"><span class='ocrx_word' id='word_1_66' title='bbox 537 1205 661 1247; x_wconf 87' lang='lat' dir='ltr'><strong>rum</strong></span> <span class='ocrx_word' id='word_1_67' title='bbox 702 1193 975 1263; x_wconf 87' lang='lat' dir='ltr'><strong>ordinum,</strong></span> <span class='ocrx_word' id='word_1_68' title='bbox 1024 1197 1120 1253; x_wconf 88' lang='lat' dir='ltr'><strong>sed</strong></span> <span class='ocrx_word' id='word_1_69' title='bbox 1145 1198 1386 1253; x_wconf 92' lang='lat' dir='ltr'><strong>omnium</strong></span> <span class='ocrx_word' id='word_1_70' title='bbox 1429 1199 1658 1256; x_wconf 81' lang='lat' dir='ltr'><strong>altioris.</strong></span> <span class='ocrx_word' id='word_1_71' title='bbox 1704 1201 1933 1274; x_wconf 84' lang='lat' dir='ltr'><strong>Propter</strong></span> <span class='ocrx_word' id='word_1_72' title='bbox 1977 1204 2121 1276; x_wconf 89' lang='lat' dir='ltr'><strong>quod</strong></span> 
     </span>
    </p>
   </div>
   <div class='ocr_carea' id='block_1_13' title="bbox 536 1287 2120 1371">
    <p class='ocr_par' dir='ltr' id='par_1_13' title="bbox 536 1287 2120 1371">
     <span class='ocr_line' id='line_1_13' title="bbox 536 1287 2120 1371; baseline 0.009 -31"><span class='ocrx_word' id='word_1_73' title='bbox 536 1296 592 1341; x_wconf 89' lang='lat' dir='ltr'><strong>et</strong></span> <span class='ocrx_word' id='word_1_74' title='bbox 612 1287 777 1343; x_wconf 89' lang='lat' dir='ltr'><strong>multa</strong></span> <span class='ocrx_word' id='word_1_75' title='bbox 831 1290 885 1345; x_wconf 91' lang='lat' dir='ltr'><strong>in</strong></span> <span class='ocrx_word' id='word_1_76' title='bbox 928 1291 1108 1347; x_wconf 88' lang='lat' dir='ltr'><strong>media</strong></span> <span class='ocrx_word' id='word_1_77' title='bbox 1149 1293 1490 1351; x_wconf 87' lang='lat' dir='ltr'><strong>ordinatione</strong></span> <span class='ocrx_word' id='word_1_78' title='bbox 1545 1296 1838 1353; x_wconf 86' lang='lat' dir='ltr'><strong>indiscrete</strong></span> <span class='ocrx_word' id='word_1_79' title='bbox 1889 1314 2120 1371; x_wconf 86' lang='lat' dir='ltr'><strong>energu-</strong></span> 
     </span>
    </p>
   </div>
   <div class='ocr_carea' id='block_1_14' title="bbox 533 1379 2119 1459">
    <p class='ocr_par' dir='ltr' id='par_1_14' title="bbox 533 1379 2119 1459">
     <span class='ocr_line' id='line_1_14' title="bbox 533 1379 2119 1459; baseline 0.011 -29"><span class='ocrx_word' id='word_1_80' title='bbox 533 1379 710 1434; x_wconf 88' lang='lat' dir='ltr'><strong>menis</strong></span> <span class='ocrx_word' id='word_1_81' title='bbox 769 1381 1089 1451; x_wconf 79' lang='lat' dir='ltr'><strong>ignorantur</strong></span> <span class='ocrx_word' id='word_1_82' title='bbox 1161 1384 1322 1440; x_wconf 89' lang='lat' dir='ltr'><strong>modo</strong></span> <span class='ocrx_word' id='word_1_83' title='bbox 1389 1386 1668 1455; x_wconf 74' lang='lat' dir='ltr'><strong>quodam&#39;</strong></span> <span class='ocrx_word' id='word_1_84' title='bbox 1700 1388 2119 1459; x_wconf 86' lang='lat' dir='ltr'><strong>asingularibus</strong></span> 
     </span>
    </p>
   </div>
   <div class='ocr_carea' id='block_1_15' title="bbox 535 1474 2114 1552">
    <p class='ocr_par' dir='ltr' id='par_1_15' title="bbox 535 1474 2114 1552">
     <span class='ocr_line' id='line_1_15' title="bbox 535 1474 2114 1552; baseline 0.01 -28"><span class='ocrx_word' id='word_1_85' title='bbox 535 1474 836 1537; x_wconf 85' lang='lat' dir='ltr'><strong>monachis,</strong></span> <span class='ocrx_word' id='word_1_86' title='bbox 858 1483 1113 1546; x_wconf 83' lang='lat' dir='ltr'><strong>tanquam</strong></span> <span class='ocrx_word' id='word_1_87' title='bbox 1133 1476 1201 1531; x_wconf 90' lang='lat' dir='ltr'><strong>ad</strong></span> <span class='ocrx_word' id='word_1_88' title='bbox 1218 1494 1385 1534; x_wconf 91' lang='lat' dir='ltr'><strong>unum</strong></span> <span class='ocrx_word' id='word_1_89' title='bbox 1407 1479 1486 1535; x_wconf 90' lang='lat' dir='ltr'><strong>sic</strong></span> <span class='ocrx_word' id='word_1_90' title='bbox 1507 1479 1829 1538; x_wconf 83' lang='lat' dir='ltr'><strong>debentibus</strong></span> <span class='ocrx_word' id='word_1_91' title='bbox 1847 1484 2114 1552; x_wconf 83' lang='lat' dir='ltr'><strong>uniﬁcari,</strong></span> 
     </span>
    </p>
   </div>
   <div class='ocr_carea' id='block_1_16' title="bbox 533 1565 2117 1645">
    <p class='ocr_par' dir='ltr' id='par_1_16' title="bbox 533 1565 2117 1645">
     <span class='ocr_line' id='line_1_16' title="bbox 533 1565 2117 1645; baseline 0.01 -28"><span class='ocrx_word' id='word_1_92' title='bbox 533 1573 587 1617; x_wconf 85' lang='lat' dir='ltr'><strong>et</strong></span> <span class='ocrx_word' id='word_1_93' title='bbox 615 1565 682 1619; x_wconf 90' lang='lat' dir='ltr'><strong>ad</strong></span> <span class='ocrx_word' id='word_1_94' title='bbox 713 1565 950 1622; x_wconf 85' lang='lat' dir='ltr'><strong>divinam</strong></span> <span class='ocrx_word' id='word_1_95' title='bbox 1003 1569 1270 1625; x_wconf 89' lang='lat' dir='ltr'><strong>unitatem</strong></span> <span class='ocrx_word' id='word_1_96' title='bbox 1325 1574 1670 1645; x_wconf 83' lang='lat' dir='ltr'><strong>congregari,</strong></span> <span class='ocrx_word' id='word_1_97' title='bbox 1695 1584 1750 1630; x_wconf 89' lang='lat' dir='ltr'><strong>et</strong></span> <span class='ocrx_word' id='word_1_98' title='bbox 1780 1580 1849 1630; x_wconf 91' lang='lat' dir='ltr'><strong>ad</strong></span> <span class='ocrx_word' id='word_1_99' title='bbox 1873 1577 2117 1632; x_wconf 85' lang='lat' dir='ltr'><strong>sanctiﬁ-</strong></span> 
     </span>
    </p>
   </div>
   <div class='ocr_carea' id='block_1_17' title="bbox 535 1663 2114 1742">
    <p class='ocr_par' dir='ltr' id='par_1_17' title="bbox 535 1663 2114 1742">
     <span class='ocr_line' id='line_1_17' title="bbox 535 1663 2114 1742; baseline 0.009 -30"><span class='ocrx_word' id='word_1_100' title='bbox 535 1673 676 1726; x_wconf 84' lang='lat' dir='ltr'><strong>cam,</strong></span> <span class='ocrx_word' id='word_1_101' title='bbox 716 1671 775 1715; x_wconf 97' lang='lat' dir='ltr'><strong>ut</strong></span> <span class='ocrx_word' id='word_1_102' title='bbox 791 1663 996 1732; x_wconf 90' lang='lat' dir='ltr'><strong>justum</strong></span> <span class='ocrx_word' id='word_1_103' title='bbox 1029 1673 1132 1730; x_wconf 90' lang='lat' dir='ltr'><strong>est,</strong></span> <span class='ocrx_word' id='word_1_104' title='bbox 1163 1663 1446 1720; x_wconf 80' lang='lat' dir='ltr'><strong>reformari</strong></span> <span class='ocrx_word' id='word_1_105' title='bbox 1481 1668 1670 1735; x_wconf 89' lang='lat' dir='ltr'><strong>vitam,</strong></span> <span class='ocrx_word' id='word_1_106' title='bbox 1720 1669 1885 1725; x_wconf 86' lang='lat' dir='ltr'><strong>veluti</strong></span> <span class='ocrx_word' id='word_1_107' title='bbox 1915 1686 2114 1742; x_wconf 87' lang='lat' dir='ltr'><strong>cogna-</strong></span> 
     </span>
    </p>
   </div>
   <div class='ocr_carea' id='block_1_18' title="bbox 531 1752 2112 1835">
    <p class='ocr_par' dir='ltr' id='par_1_18' title="bbox 531 1752 2112 1835">
     <span class='ocr_line' id='line_1_18' title="bbox 531 1752 2112 1835; baseline 0.011 -30"><span class='ocrx_word' id='word_1_108' title='bbox 531 1752 732 1808; x_wconf 86' lang='lat' dir='ltr'><strong>tionem</strong></span> <span class='ocrx_word' id='word_1_109' title='bbox 754 1752 869 1823; x_wconf 91' lang='lat' dir='ltr'><strong>ejus</strong></span> <span class='ocrx_word' id='word_1_110' title='bbox 910 1756 1197 1812; x_wconf 88' lang='lat' dir='ltr'><strong>habentem</strong></span> <span class='ocrx_word' id='word_1_111' title='bbox 1233 1757 1288 1812; x_wconf 90' lang='lat' dir='ltr'><strong>in</strong></span> <span class='ocrx_word' id='word_1_112' title='bbox 1317 1760 1522 1827; x_wconf 92' lang='lat' dir='ltr'><strong>multis,</strong></span> <span class='ocrx_word' id='word_1_113' title='bbox 1571 1772 1626 1816; x_wconf 90' lang='lat' dir='ltr'><strong>et</strong></span> <span class='ocrx_word' id='word_1_114' title='bbox 1679 1765 1851 1835; x_wconf 90' lang='lat' dir='ltr'><strong>magis</strong></span> <span class='ocrx_word' id='word_1_115' title='bbox 1884 1765 1936 1820; x_wconf 91' lang='lat' dir='ltr'><strong>ei</strong></span> <span class='ocrx_word' id='word_1_116' title='bbox 1968 1766 2112 1822; x_wconf 87' lang='lat' dir='ltr'><strong>ultra</strong></span> 
     </span>
    </p>
   </div>
   <div class='ocr_carea' id='block_1_19' title="bbox 2236 562 3834 638">
    <p class='ocr_par' dir='ltr' id='par_1_19' title="bbox 2236 562 3834 638">
     <span class='ocr_line' id='line_1_19' title="bbox 2236 562 3834 638; baseline 0.004 -19"><span class='ocrx_word' id='word_1_117' title='bbox 2236 563 2412 619; x_wconf 87' lang='lat' dir='ltr'><strong>dotes.</strong></span> <span class='ocrx_word' id='word_1_118' title='bbox 2456 562 2776 636; x_wconf 88' lang='lat' dir='ltr'><strong>Purgandus</strong></span> <span class='ocrx_word' id='word_1_119' title='bbox 2796 572 2820 606; x_wconf 73' lang='grc' dir='ltr'><strong><em>ι</em></strong></span> <span class='ocrx_word' id='word_1_120' title='bbox 2842 577 2972 619; x_wconf 82' lang='lat' dir='ltr'><strong>vero</strong></span> <span class='ocrx_word' id='word_1_121' title='bbox 3009 565 3144 620; x_wconf 89' lang='lat' dir='ltr'><strong>ordo</strong></span> <span class='ocrx_word' id='word_1_122' title='bbox 3165 579 3354 621; x_wconf 88' lang='lat' dir='ltr'><strong>sacrae</strong></span> <span class='ocrx_word' id='word_1_123' title='bbox 3376 565 3742 638; x_wconf 86' lang='lat' dir='ltr'><strong>inspectionis</strong></span> <span class='ocrx_word' id='word_1_124' title='bbox 3779 581 3834 626; x_wconf 90' lang='lat' dir='ltr'><strong>et</strong></span> 
     </span>
    </p>
   </div>
   <div class='ocr_carea' id='block_1_20' title="bbox 2229 655 3828 727">
    <p class='ocr_par' dir='ltr' id='par_1_20' title="bbox 2229 655 3828 727">
     <span class='ocr_line' id='line_1_20' title="bbox 2229 655 3828 727; baseline 0.001 -16"><span class='ocrx_word' id='word_1_125' title='bbox 2229 655 2628 712; x_wconf 89' lang='lat' dir='ltr'><strong>communionis</strong></span> <span class='ocrx_word' id='word_1_126' title='bbox 2647 655 2942 726; x_wconf 84' lang='lat' dir='ltr'><strong>particeps,</strong></span> <span class='ocrx_word' id='word_1_127' title='bbox 2971 665 3236 727; x_wconf 87' lang='lat' dir='ltr'><strong>quantum</strong></span> <span class='ocrx_word' id='word_1_128' title='bbox 3258 656 3436 713; x_wconf 88' lang='lat' dir='ltr'><strong>adhuc</strong></span> <span class='ocrx_word' id='word_1_129' title='bbox 3449 659 3828 727; x_wconf 74' lang='lat' dir='ltr'><strong>purgandus‘.</strong></span> 
     </span>
    </p>
   </div>
   <div class='ocr_carea' id='block_1_21' title="bbox 2225 744 3832 820">
    <p class='ocr_par' dir='ltr' id='par_1_21' title="bbox 2225 744 3832 820">
     <span class='ocr_line' id='line_1_21' title="bbox 2225 744 3832 820; baseline 0.002 -18"><span class='ocrx_word' id='word_1_130' title='bbox 2225 744 2685 820; x_wconf 88' lang='lat' dir='ltr'><strong>Contemplativus</strong></span> <span class='ocrx_word' id='word_1_131' title='bbox 2710 745 2844 802; x_wconf 90' lang='lat' dir='ltr'><strong>ordo</strong></span> <span class='ocrx_word' id='word_1_132' title='bbox 2873 761 3029 803; x_wconf 90' lang='lat' dir='ltr'><strong>sacer</strong></span> <span class='ocrx_word' id='word_1_133' title='bbox 3050 747 3298 819; x_wconf 90' lang='lat' dir='ltr'><strong>populus.</strong></span> <span class='ocrx_word' id='word_1_134' title='bbox 3346 747 3832 806; x_wconf 77' lang='lat' dir='ltr'><strong>Consummandus</strong></span> 
     </span>
    </p>
   </div>
   <div class='ocr_carea' id='block_1_22' title="bbox 2227 837 3825 896">
    <p class='ocr_par' dir='ltr' id='par_1_22' title="bbox 2227 837 3825 896">
     <span class='ocr_line' id='line_1_22' title="bbox 2227 837 3825 896; baseline 0.003 -4"><span class='ocrx_word' id='word_1_135' title='bbox 2227 847 2407 894; x_wconf 88' lang='lat' dir='ltr'><strong>autem</strong></span> <span class='ocrx_word' id='word_1_136' title='bbox 2457 837 2593 895; x_wconf 87' lang='lat' dir='ltr'><strong>ordo</strong></span> <span class='ocrx_word' id='word_1_137' title='bbox 2637 838 2998 894; x_wconf 89' lang='lat' dir='ltr'><strong>adunatorum</strong></span> <span class='ocrx_word' id='word_1_138' title='bbox 3053 839 3463 894; x_wconf 86' lang='lat' dir='ltr'><strong>monachorum.</strong></span> <span class='ocrx_word' id='word_1_139' title='bbox 3523 837 3619 896; x_wconf 89' lang='lat' dir='ltr'><strong>Sic</strong></span> <span class='ocrx_word' id='word_1_140' title='bbox 3679 841 3825 896; x_wconf 87' lang='lat' dir='ltr'><strong>enim</strong></span> 
     </span>
    </p>
   </div>
   <div class='ocr_carea' id='block_1_23' title="bbox 2222 920 3822 994">
    <p class='ocr_par' dir='ltr' id='par_1_23' title="bbox 2222 920 3822 994">
     <span class='ocr_line' id='line_1_23' title="bbox 2222 920 3822 994; baseline 0.001 -8"><span class='ocrx_word' id='word_1_141' title='bbox 2222 927 2522 986; x_wconf 86' lang='lat' dir='ltr'><strong>secundum</strong></span> <span class='ocrx_word' id='word_1_142' title='bbox 2543 943 2642 985; x_wconf 90' lang='lat' dir='ltr'><strong>nos</strong></span> <span class='ocrx_word' id='word_1_143' title='bbox 2661 928 2955 994; x_wconf 89' lang='lat' dir='ltr'><strong>lerarchia,</strong></span> <span class='ocrx_word' id='word_1_144' title='bbox 2977 920 3086 985; x_wconf 86' lang='lat' dir='ltr'><strong>Deo</strong></span> <span class='ocrx_word' id='word_1_145' title='bbox 3111 929 3325 986; x_wconf 85' lang='lat' dir='ltr'><strong>traditis</strong></span> <span class='ocrx_word' id='word_1_146' title='bbox 3345 930 3632 986; x_wconf 83' lang='lat' dir='ltr'><strong>ordinibus</strong></span> <span class='ocrx_word' id='word_1_147' title='bbox 3661 947 3822 988; x_wconf 74' lang='lat' dir='ltr'><strong>sacre</strong></span> 
     </span>
    </p>
   </div>
   <div class='ocr_carea' id='block_1_24' title="bbox 2223 1017 3827 1089">
    <p class='ocr_par' dir='ltr' id='par_1_24' title="bbox 2223 1017 3827 1089">
     <span class='ocr_line' id='line_1_24' title="bbox 2223 1017 3827 1089; baseline 0.004 -15"><span class='ocrx_word' id='word_1_148' title='bbox 2223 1017 2484 1089; x_wconf 90' lang='lat' dir='ltr'><strong>disposita</strong></span> <span class='ocrx_word' id='word_1_149' title='bbox 2519 1018 2842 1076; x_wconf 88' lang='lat' dir='ltr'><strong>caelestibus</strong></span> <span class='ocrx_word' id='word_1_150' title='bbox 2863 1019 3148 1076; x_wconf 87' lang='lat' dir='ltr'><strong>lerarchiis</strong></span> <span class='ocrx_word' id='word_1_151' title='bbox 3167 1019 3458 1078; x_wconf 81' lang='lat' dir='ltr'><strong>conformis</strong></span> <span class='ocrx_word' id='word_1_152' title='bbox 3471 1030 3582 1087; x_wconf 85' lang='lat' dir='ltr'><strong>est,</strong></span> <span class='ocrx_word' id='word_1_153' title='bbox 3605 1022 3827 1080; x_wconf 79' lang='lat' dir='ltr'><strong>divinae</strong></span> 
     </span>
    </p>
   </div>
   <div class='ocr_carea' id='block_1_25' title="bbox 2222 1094 3823 1182">
    <p class='ocr_par' dir='ltr' id='par_1_25' title="bbox 2222 1094 3823 1182">
     <span class='ocr_line' id='line_1_25' title="bbox 2222 1094 3823 1182; baseline 0.002 -16"><span class='ocrx_word' id='word_1_154' title='bbox 2222 1094 2544 1168; x_wconf 81' lang='lat' dir='ltr'><strong>imitationis</strong></span> <span class='ocrx_word' id='word_1_155' title='bbox 2597 1126 2750 1179; x_wconf 87' lang='lat' dir='ltr'><strong>suae,</strong></span> <span class='ocrx_word' id='word_1_156' title='bbox 2783 1121 3046 1182; x_wconf 89' lang='lat' dir='ltr'><strong>quantum</strong></span> <span class='ocrx_word' id='word_1_157' title='bbox 3091 1112 3150 1168; x_wconf 89' lang='lat' dir='ltr'><strong>in</strong></span> <span class='ocrx_word' id='word_1_158' title='bbox 3175 1113 3330 1180; x_wconf 78' lang='lat' dir='ltr'><strong>viris,</strong></span> <span class='ocrx_word' id='word_1_159' title='bbox 3359 1113 3589 1170; x_wconf 85' lang='lat' dir='ltr'><strong>salvans</strong></span> <span class='ocrx_word' id='word_1_160' title='bbox 3615 1113 3823 1170; x_wconf 68' lang='lat' dir='ltr'><strong>deﬂor-</strong></span> 
     </span>
    </p>
   </div>
   <div class='ocr_carea' id='block_1_26' title="bbox 2220 1202 3823 1275">
    <p class='ocr_par' dir='ltr' id='par_1_26' title="bbox 2220 1202 3823 1275">
     <span class='ocr_line' id='line_1_26' title="bbox 2220 1202 3823 1275; baseline 0.003 -18"><span class='ocrx_word' id='word_1_161' title='bbox 2220 1216 2339 1258; x_wconf 91' lang='lat' dir='ltr'><strong>mes</strong></span> <span class='ocrx_word' id='word_1_162' title='bbox 2357 1203 2722 1260; x_wconf 89' lang='lat' dir='ltr'><strong>characteres.</strong></span> <span class='ocrx_word' id='word_1_163' title='bbox 2747 1202 2856 1259; x_wconf 91' lang='lat' dir='ltr'><strong>Sed</strong></span> <span class='ocrx_word' id='word_1_164' title='bbox 2874 1204 3027 1268; x_wconf 92' lang='lat' dir='ltr'><strong>dicis,</strong></span> <span class='ocrx_word' id='word_1_165' title='bbox 3044 1204 3170 1275; x_wconf 89' lang='lat' dir='ltr'><strong>quia</strong></span> <span class='ocrx_word' id='word_1_166' title='bbox 3185 1205 3512 1262; x_wconf 87' lang='lat' dir='ltr'><strong>caelestibus</strong></span> <span class='ocrx_word' id='word_1_167' title='bbox 3534 1206 3823 1262; x_wconf 79' lang='lat' dir='ltr'><strong>Ierarchiis</strong></span> 
     </span>
    </p>
   </div>
   <div class='ocr_carea' id='block_1_27' title="bbox 2219 1292 3818 1368">
    <p class='ocr_par' dir='ltr' id='par_1_27' title="bbox 2219 1292 3818 1368">
     <span class='ocr_line' id='line_1_27' title="bbox 2219 1292 3818 1368; baseline 0.005 -20"><span class='ocrx_word' id='word_1_168' title='bbox 2219 1292 2417 1350; x_wconf 87' lang='lat' dir='ltr'><strong>desunt</strong></span> <span class='ocrx_word' id='word_1_169' title='bbox 2447 1296 2668 1352; x_wconf 88' lang='lat' dir='ltr'><strong>omnino</strong></span> <span class='ocrx_word' id='word_1_170' title='bbox 2697 1297 2961 1368; x_wconf 80' lang='lat' dir='ltr'><strong>purgandi</strong></span> <span class='ocrx_word' id='word_1_171' title='bbox 3003 1297 3222 1354; x_wconf 89' lang='lat' dir='ltr'><strong>ordines</strong></span> <span class='ocrx_word' id='word_1_172' title='bbox 3253 1315 3269 1352; x_wconf 91' lang='lat'><strong>:</strong></span> <span class='ocrx_word' id='word_1_173' title='bbox 3301 1313 3408 1354; x_wconf 91' lang='lat' dir='ltr'><strong>non</strong></span> <span class='ocrx_word' id='word_1_174' title='bbox 3435 1298 3586 1354; x_wconf 86' lang='lat' dir='ltr'><strong>enim</strong></span> <span class='ocrx_word' id='word_1_175' title='bbox 3608 1297 3818 1367; x_wconf 84' lang='lat' dir='ltr'><strong>justum</strong></span> 
     </span>
    </p>
   </div>
   <div class='ocr_carea' id='block_1_28' title="bbox 2217 1387 3814 1459">
    <p class='ocr_par' dir='ltr' id='par_1_28' title="bbox 2217 1387 3814 1459">
     <span class='ocr_line' id='line_1_28' title="bbox 2217 1387 3814 1459; baseline 0.002 -19"><span class='ocrx_word' id='word_1_176' title='bbox 2217 1399 2397 1455; x_wconf 90' lang='lat' dir='ltr'><strong>neque</strong></span> <span class='ocrx_word' id='word_1_177' title='bbox 2452 1401 2641 1442; x_wconf 86' lang='lat' dir='ltr'><strong>verum</strong></span> <span class='ocrx_word' id='word_1_178' title='bbox 2721 1387 2922 1451; x_wconf 84' lang='lat' dir='ltr'><strong>dicere,</strong></span> <span class='ocrx_word' id='word_1_179' title='bbox 2993 1395 3248 1457; x_wconf 88' lang='lat' dir='ltr'><strong>tanquam</strong></span> <span class='ocrx_word' id='word_1_180' title='bbox 3301 1389 3479 1444; x_wconf 87' lang='lat' dir='ltr'><strong>adhuc</strong></span> <span class='ocrx_word' id='word_1_181' title='bbox 3544 1391 3814 1459; x_wconf 80' lang='lat' dir='ltr'><strong>quaedam</strong></span> 
     </span>
    </p>
   </div>
   <div class='ocr_carea' id='block_1_29' title="bbox 2216 1476 3814 1551">
    <p class='ocr_par' dir='ltr' id='par_1_29' title="bbox 2216 1476 3814 1551">
     <span class='ocr_line' id='line_1_29' title="bbox 2216 1476 3814 1551; baseline 0.001 -21"><span class='ocrx_word' id='word_1_182' title='bbox 2216 1476 2468 1533; x_wconf 86' lang='lat' dir='ltr'><strong>caelestis</strong></span> <span class='ocrx_word' id='word_1_183' title='bbox 2501 1477 2783 1549; x_wconf 89' lang='lat' dir='ltr'><strong>dispositio</strong></span> <span class='ocrx_word' id='word_1_184' title='bbox 2811 1479 3157 1550; x_wconf 83' lang='lat' dir='ltr'><strong>sit&#39;.polluta.</strong></span> <span class='ocrx_word' id='word_1_185' title='bbox 3175 1479 3286 1551; x_wconf 84' lang='lat' dir='ltr'><strong>Ego</strong></span> <span class='ocrx_word' id='word_1_186' title='bbox 3311 1480 3671 1550; x_wconf 85' lang='lat' dir='ltr'><strong>autem,quia</strong></span> <span class='ocrx_word' id='word_1_187' title='bbox 3701 1480 3814 1549; x_wconf 78' lang='lat' dir='ltr'><strong>qui.</strong></span> 
     </span>
    </p>
   </div>
   <div class='ocr_carea' id='block_1_30' title="bbox 2216 1567 3814 1642">
    <p class='ocr_par' dir='ltr' id='par_1_30' title="bbox 2216 1567 3814 1642">
     <span class='ocr_line' id='line_1_30' title="bbox 2216 1567 3814 1642; baseline 0 -18"><span class='ocrx_word' id='word_1_188' title='bbox 2216 1567 2338 1624; x_wconf 90' lang='lat' dir='ltr'><strong>dem</strong></span> <span class='ocrx_word' id='word_1_189' title='bbox 2361 1569 2693 1626; x_wconf 89' lang='lat' dir='ltr'><strong>immaculati</strong></span> <span class='ocrx_word' id='word_1_190' title='bbox 2726 1569 3119 1642; x_wconf 74' lang='lat' dir='ltr'><strong>perfectissime</strong></span> <span class='ocrx_word' id='word_1_191' title='bbox 3147 1579 3305 1636; x_wconf 91' lang='lat' dir='ltr'><strong>sunt,</strong></span> <span class='ocrx_word' id='word_1_192' title='bbox 3336 1580 3392 1626; x_wconf 92' lang='lat' dir='ltr'><strong>et</strong></span> <span class='ocrx_word' id='word_1_193' title='bbox 3439 1571 3814 1626; x_wconf 78' lang='lat' dir='ltr'><strong>castissimum</strong></span> 
     </span>
    </p>
   </div>
   <div class='ocr_carea' id='block_1_31' title="bbox 2214 1662 3816 1733">
    <p class='ocr_par' dir='ltr' id='par_1_31' title="bbox 2214 1662 3816 1733">
     <span class='ocr_line' id='line_1_31' title="bbox 2214 1662 3816 1733; baseline -0.001 -15"><span class='ocrx_word' id='word_1_194' title='bbox 2214 1662 2650 1733; x_wconf 82' lang='lat' dir='ltr'><strong>supermundane</strong></span> <span class='ocrx_word' id='word_1_195' title='bbox 2665 1662 2886 1730; x_wconf 89' lang='lat' dir='ltr'><strong>habent,</strong></span> <span class='ocrx_word' id='word_1_196' title='bbox 2895 1662 3140 1719; x_wconf 84' lang='lat' dir='ltr'><strong>conﬁteri</strong></span> <span class='ocrx_word' id='word_1_197' title='bbox 3155 1679 3241 1719; x_wconf 92' lang='lat' dir='ltr'><strong>me</strong></span> <span class='ocrx_word' id='word_1_198' title='bbox 3251 1663 3500 1727; x_wconf 89' lang='lat' dir='ltr'><strong>omnino,</strong></span> <span class='ocrx_word' id='word_1_199' title='bbox 3515 1664 3563 1718; x_wconf 89' lang='lat' dir='ltr'><strong>si</strong></span> <span class='ocrx_word' id='word_1_200' title='bbox 3579 1678 3693 1717; x_wconf 87' lang='lat' dir='ltr'><strong>non</strong></span> <span class='ocrx_word' id='word_1_201' title='bbox 3707 1678 3816 1716; x_wconf 83' lang='lat' dir='ltr'><strong>om-</strong></span> 
     </span>
    </p>
   </div>
   <div class='ocr_carea' id='block_1_32' title="bbox 2215 1751 3817 1824">
    <p class='ocr_par' dir='ltr' id='par_1_32' title="bbox 2215 1751 3817 1824">
     <span class='ocr_line' id='line_1_32' title="bbox 2215 1751 3817 1824; baseline 0.001 -18"><span class='ocrx_word' id='word_1_202' title='bbox 2215 1751 2346 1807; x_wconf 92' lang='lat' dir='ltr'><strong>nino</strong></span> <span class='ocrx_word' id='word_1_203' title='bbox 2360 1753 2543 1809; x_wconf 91' lang='lat' dir='ltr'><strong>recido</strong></span> <span class='ocrx_word' id='word_1_204' title='bbox 2563 1754 2935 1810; x_wconf 79' lang='lat' dir='ltr'><strong>saeratissimo</strong></span> <span class='ocrx_word' id='word_1_205' title='bbox 2955 1753 3252 1811; x_wconf 85' lang='lat' dir='ltr'><strong>intellectu.</strong></span> <span class='ocrx_word' id='word_1_206' title='bbox 3278 1753 3336 1809; x_wconf 89' lang='lat' dir='ltr'><strong>Si</strong></span> <span class='ocrx_word' id='word_1_207' title='bbox 3348 1753 3498 1810; x_wconf 90' lang='lat' dir='ltr'><strong>enim</strong></span> <span class='ocrx_word' id='word_1_208' title='bbox 3517 1754 3722 1824; x_wconf 84' lang='lat' dir='ltr'><strong>aliquis</strong></span> <span class='ocrx_word' id='word_1_209' title='bbox 3736 1770 3817 1808; x_wconf 85' lang='lat' dir='ltr'><strong>co-</strong></span> 
     </span>
    </p>
   </div>
   <div class='ocr_carea' id='block_1_33' title="bbox 527 1838 2101 1928">
    <p class='ocr_par' dir='ltr' id='par_1_33' title="bbox 527 1846 2101 1928">
     <span class='ocr_line' id='line_1_33' title="bbox 527 1846 2101 1928; baseline 0.011 -30"><span class='ocrx_word' id='word_1_210' title='bbox 527 1846 763 1916; x_wconf 88' lang='lat' dir='ltr'><strong>reliqnas</strong></span> <span class='ocrx_word' id='word_1_211' title='bbox 791 1853 1341 1908; x_wconf 90' lang='lat' dir='ltr'><strong>consummandorum</strong></span> <span class='ocrx_word' id='word_1_212' title='bbox 1379 1855 1752 1912; x_wconf 87' lang='lat' dir='ltr'><strong>ordinationes</strong></span> <span class='ocrx_word' id='word_1_213' title='bbox 1794 1859 2101 1928; x_wconf 78' lang='lat' dir='ltr'><strong>proximan-</strong></span> 
     </span>
    </p>
   </div>
   <div class='ocr_carea' id='block_1_34' title="bbox 2206 1838 3812 1928">
    <p class='ocr_par' dir='ltr' id='par_1_34' title="bbox 2221 1845 3812 1920">
     <span class='ocr_line' id='line_1_34' title="bbox 2221 1845 3812 1920; baseline 0.002 -20"><span class='ocrx_word' id='word_1_214' title='bbox 2221 1859 2413 1911; x_wconf 85' lang='lat' dir='ltr'><strong>rum,a</strong></span> <span class='ocrx_word' id='word_1_215' title='bbox 2431 1845 2638 1902; x_wconf 90' lang='lat' dir='ltr'><strong>malitia</strong></span> <span class='ocrx_word' id='word_1_216' title='bbox 2665 1857 2935 1919; x_wconf 89' lang='lat' dir='ltr'><strong>receptus,</strong></span> <span class='ocrx_word' id='word_1_217' title='bbox 2961 1848 3182 1904; x_wconf 86' lang='lat' dir='ltr'><strong>caelesti</strong></span> <span class='ocrx_word' id='word_1_218' title='bbox 3198 1849 3418 1920; x_wconf 89' lang='lat' dir='ltr'><strong>quidem</strong></span> <span class='ocrx_word' id='word_1_219' title='bbox 3443 1858 3504 1904; x_wconf 90' lang='lat' dir='ltr'><strong>et</strong></span> <span class='ocrx_word' id='word_1_220' title='bbox 3530 1847 3812 1903; x_wconf 83' lang='lat' dir='ltr'><strong>inconfusa</strong></span> 
     </span>
    </p>
   </div>
   <div class='ocr_carea' id='block_1_35' title="bbox 523 1942 2112 2024">
    <p class='ocr_par' dir='ltr' id='par_1_35' title="bbox 523 1942 2112 2024">
     <span class='ocr_line' id='line_1_35' title="bbox 523 1942 2112 2024; baseline 0.009 -30"><span class='ocrx_word' id='word_1_221' title='bbox 523 1950 655 1995; x_wconf 90' lang='lat' dir='ltr'><strong>tem.</strong></span> <span class='ocrx_word' id='word_1_222' title='bbox 699 1942 1068 2024; x_wconf 28' lang='lat' dir='ltr'><strong>[Cruciformis</strong></span> <span class='ocrx_word' id='word_1_223' title='bbox 1109 1955 1292 2001; x_wconf 91' lang='lat' dir='ltr'><strong>autem</strong></span> <span class='ocrx_word' id='word_1_224' title='bbox 1334 1949 1704 2008; x_wconf 87' lang='lat' dir='ltr'><strong>similitudinis</strong></span> <span class='ocrx_word' id='word_1_225' title='bbox 1747 1953 2112 2024; x_wconf 80' lang='lat' dir='ltr'><strong>signaculum,</strong></span> 
     </span>
    </p>
   </div>
   <div class='ocr_carea' id='block_1_36' title="bbox 523 2015 2116 2105">
    <p class='ocr_par' dir='ltr' id='par_1_36' title="bbox 523 2015 2116 2105">
     <span class='ocr_line' id='line_1_36' title="bbox 523 2015 2116 2105; baseline 0.009 -19"><span class='ocrx_word' id='word_1_226' title='bbox 523 2031 660 2086; x_wconf 86' lang='lat' dir='ltr'><strong>sicut</strong></span> <span class='ocrx_word' id='word_1_227' title='bbox 679 2015 792 2099; x_wconf 83' lang='lat' dir='ltr'><strong>jam</strong></span> <span class='ocrx_word' id='word_1_228' title='bbox 816 2049 846 2087; x_wconf 91' lang='lat' dir='ltr'><strong>a</strong></span> <span class='ocrx_word' id='word_1_229' title='bbox 869 2035 1026 2090; x_wconf 91' lang='lat' dir='ltr'><strong>nobis</strong></span> <span class='ocrx_word' id='word_1_230' title='bbox 1050 2036 1252 2091; x_wconf 91' lang='lat' dir='ltr'><strong>dictum</strong></span> <span class='ocrx_word' id='word_1_231' title='bbox 1279 2047 1384 2105; x_wconf 89' lang='lat' dir='ltr'><strong>est,</strong></span> <span class='ocrx_word' id='word_1_232' title='bbox 1423 2039 1663 2095; x_wconf 87' lang='lat' dir='ltr'><strong>declarat</strong></span> <span class='ocrx_word' id='word_1_233' title='bbox 1685 2015 1928 2104; x_wconf 63' lang='lat' dir='ltr'><strong>omnium</strong></span> <span class='ocrx_word' id='word_1_234' title='bbox 1952 2043 2116 2101; x_wconf 90' lang='lat' dir='ltr'><strong>simul</strong></span> 
     </span>
    </p>
   </div>
   <div class='ocr_carea' id='block_1_37' title="bbox 520 2122 2112 2190">
    <p class='ocr_par' dir='ltr' id='par_1_37' title="bbox 520 2122 2112 2190">
     <span class='ocr_line' id='line_1_37' title="bbox 520 2122 2112 2190; baseline 0.009 -14"><span class='ocrx_word' id='word_1_235' title='bbox 520 2122 824 2177; x_wconf 85' lang='lat' dir='ltr'><strong>carnalium</strong></span> <span class='ocrx_word' id='word_1_236' title='bbox 891 2125 1285 2182; x_wconf 88' lang='lat' dir='ltr'><strong>desideriorum</strong></span> <span class='ocrx_word' id='word_1_237' title='bbox 1343 2127 1808 2188; x_wconf 89' lang='lat' dir='ltr'><strong>interdictionem.</strong></span> <span class='ocrx_word' id='word_1_238' title='bbox 1867 2132 2112 2190; x_wconf 87' lang='lat' dir='ltr'><strong>Crinium</strong></span> 
     </span>
    </p>
   </div>
   <div class='ocr_carea' id='block_1_38' title="bbox 522 2218 2109 2294">
    <p class='ocr_par' dir='ltr' id='par_1_38' title="bbox 522 2218 2109 2294">
     <span class='ocr_line' id='line_1_38' title="bbox 522 2218 2109 2294; baseline 0.007 -27"><span class='ocrx_word' id='word_1_239' title='bbox 522 2229 654 2269; x_wconf 90' lang='lat' dir='ltr'><strong>vero</strong></span> <span class='ocrx_word' id='word_1_240' title='bbox 678 2225 897 2271; x_wconf 88' lang='lat' dir='ltr'><strong>tonsura</strong></span> <span class='ocrx_word' id='word_1_241' title='bbox 931 2218 1203 2289; x_wconf 79' lang='lat' dir='ltr'><strong>significat</strong></span> <span class='ocrx_word' id='word_1_242' title='bbox 1232 2221 1486 2275; x_wconf 88' lang='lat' dir='ltr'><strong>mundam</strong></span> <span class='ocrx_word' id='word_1_243' title='bbox 1520 2222 1732 2277; x_wconf 91' lang='lat' dir='ltr'><strong>Domini</strong></span> <span class='ocrx_word' id='word_1_244' title='bbox 1761 2237 1870 2277; x_wconf 89' lang='lat' dir='ltr'><strong>non</strong></span> <span class='ocrx_word' id='word_1_245' title='bbox 1907 2224 2109 2294; x_wconf 84' lang='lat' dir='ltr'><strong>ﬁgura-</strong></span> 
     </span>
    </p>
   </div>
   <div class='ocr_carea' id='block_1_39' title="bbox 521 2305 2110 2380">
    <p class='ocr_par' dir='ltr' id='par_1_39' title="bbox 521 2305 2110 2380">
     <span class='ocr_line' id='line_1_39' title="bbox 521 2305 2110 2380; baseline 0.008 -23"><span class='ocrx_word' id='word_1_246' title='bbox 521 2312 636 2358; x_wconf 85' lang='lat' dir='ltr'><strong>tam</strong></span> <span class='ocrx_word' id='word_1_247' title='bbox 675 2305 870 2372; x_wconf 84' lang='lat' dir='ltr'><strong>vitam,</strong></span> <span class='ocrx_word' id='word_1_248' title='bbox 911 2323 1018 2361; x_wconf 90' lang='lat' dir='ltr'><strong>non</strong></span> <span class='ocrx_word' id='word_1_249' title='bbox 1059 2308 1111 2360; x_wconf 93' lang='lat' dir='ltr'><strong>in</strong></span> <span class='ocrx_word' id='word_1_250' title='bbox 1155 2307 1298 2364; x_wconf 83' lang='lat' dir='ltr'><strong>[ictis</strong></span> <span class='ocrx_word' id='word_1_251' title='bbox 1344 2309 1531 2380; x_wconf 88' lang='lat' dir='ltr'><strong>ﬁguris</strong></span> <span class='ocrx_word' id='word_1_252' title='bbox 1587 2310 1755 2365; x_wconf 87' lang='lat' dir='ltr'><strong>animi</strong></span> <span class='ocrx_word' id='word_1_253' title='bbox 1803 2310 2110 2370; x_wconf 88' lang='lat' dir='ltr'><strong>libertatem</strong></span> 
     </span>
    </p>
   </div>
   <div class='ocr_carea' id='block_1_40' title="bbox 521 2397 2109 2475">
    <p class='ocr_par' dir='ltr' id='par_1_40' title="bbox 521 2397 2109 2475">
     <span class='ocr_line' id='line_1_40' title="bbox 521 2397 2109 2475; baseline 0.007 -25"><span class='ocrx_word' id='word_1_254' title='bbox 521 2397 864 2467; x_wconf 85' lang='lat' dir='ltr'><strong>superposite</strong></span> <span class='ocrx_word' id='word_1_255' title='bbox 914 2397 1204 2463; x_wconf 85' lang='lat' dir='ltr'><strong>fucantem,</strong></span> <span class='ocrx_word' id='word_1_256' title='bbox 1277 2401 1370 2454; x_wconf 91' lang='lat' dir='ltr'><strong>sed</strong></span> <span class='ocrx_word' id='word_1_257' title='bbox 1433 2400 1606 2472; x_wconf 88' lang='lat' dir='ltr'><strong>ipsam</strong></span> <span class='ocrx_word' id='word_1_258' title='bbox 1660 2401 1715 2457; x_wconf 92' lang='lat' dir='ltr'><strong>in</strong></span> <span class='ocrx_word' id='word_1_259' title='bbox 1758 2403 1935 2475; x_wconf 87' lang='lat' dir='ltr'><strong>seipsa</strong></span> <span class='ocrx_word' id='word_1_260' title='bbox 2001 2420 2109 2461; x_wconf 89' lang='lat' dir='ltr'><strong>non</strong></span> 
     </span>
    </p>
   </div>
   <div class='ocr_carea' id='block_1_41' title="bbox 519 2486 2108 2558">
    <p class='ocr_par' dir='ltr' id='par_1_41' title="bbox 519 2486 2108 2558">
     <span class='ocr_line' id='line_1_41' title="bbox 519 2486 2108 2558; baseline 0.008 -18"><span class='ocrx_word' id='word_1_261' title='bbox 519 2486 776 2542; x_wconf 83' lang='lat' dir='ltr'><strong>immanis</strong></span> <span class='ocrx_word' id='word_1_262' title='bbox 832 2488 1347 2558; x_wconf 89' lang='lat' dir='ltr'><strong>pulchritudinibus,</strong></span> <span class='ocrx_word' id='word_1_263' title='bbox 1377 2492 1470 2548; x_wconf 88' lang='lat' dir='ltr'><strong>sed</strong></span> <span class='ocrx_word' id='word_1_264' title='bbox 1523 2494 1844 2551; x_wconf 90' lang='lat' dir='ltr'><strong>coadunatis</strong></span> <span class='ocrx_word' id='word_1_265' title='bbox 1889 2506 1946 2552; x_wconf 92' lang='lat' dir='ltr'><strong>et</strong></span> <span class='ocrx_word' id='word_1_266' title='bbox 1993 2512 2108 2553; x_wconf 88' lang='lat' dir='ltr'><strong>mo-</strong></span> 
     </span>
    </p>
   </div>
   <div class='ocr_carea' id='block_1_42' title="bbox 516 2578 2106 2646">
    <p class='ocr_par' dir='ltr' id='par_1_42' title="bbox 516 2578 2106 2646">
     <span class='ocr_line' id='line_1_42' title="bbox 516 2578 2106 2646; baseline 0.009 -15"><span class='ocrx_word' id='word_1_267' title='bbox 516 2578 709 2632; x_wconf 82' lang='lat' dir='ltr'><strong>nacbis</strong></span> <span class='ocrx_word' id='word_1_268' title='bbox 731 2579 782 2632; x_wconf 92' lang='lat' dir='ltr'><strong>in</strong></span> <span class='ocrx_word' id='word_1_269' title='bbox 808 2578 1348 2636; x_wconf 81' lang='lat' dir='ltr'><strong>deiformosissimum</strong></span> <span class='ocrx_word' id='word_1_270' title='bbox 1375 2584 1676 2641; x_wconf 87' lang='lat' dir='ltr'><strong>reductam.</strong></span> <span class='ocrx_word' id='word_1_271' title='bbox 1698 2586 1903 2645; x_wconf 87' lang='lat' dir='ltr'><strong>Prioris</strong></span> <span class='ocrx_word' id='word_1_272' title='bbox 1923 2599 2106 2646; x_wconf 91' lang='lat' dir='ltr'><strong>autem</strong></span> 
     </span>
    </p>
   </div>
   <div class='ocr_carea' id='block_1_43' title="bbox 514 2670 2104 2748">
    <p class='ocr_par' dir='ltr' id='par_1_43' title="bbox 514 2670 2104 2748">
     <span class='ocr_line' id='line_1_43' title="bbox 514 2670 2104 2748; baseline 0.011 -29"><span class='ocrx_word' id='word_1_273' title='bbox 514 2670 829 2724; x_wconf 79' lang='lat' dir='ltr'><strong>vestimenti</strong></span> <span class='ocrx_word' id='word_1_274' title='bbox 859 2670 1126 2741; x_wconf 82' lang='lat' dir='ltr'><strong>expulsio,</strong></span> <span class='ocrx_word' id='word_1_275' title='bbox 1152 2682 1207 2727; x_wconf 90' lang='lat' dir='ltr'><strong>et</strong></span> <span class='ocrx_word' id='word_1_276' title='bbox 1228 2673 1450 2729; x_wconf 86' lang='lat' dir='ltr'><strong>alterius</strong></span> <span class='ocrx_word' id='word_1_277' title='bbox 1497 2680 1818 2748; x_wconf 88' lang='lat' dir='ltr'><strong>assumptio,</strong></span> <span class='ocrx_word' id='word_1_278' title='bbox 1849 2694 1882 2734; x_wconf 86' lang='lat' dir='ltr'><strong>a</strong></span> <span class='ocrx_word' id='word_1_279' title='bbox 1925 2681 2104 2737; x_wconf 83' lang='lat' dir='ltr'><strong>media</strong></span> 
     </span>
    </p>
   </div>
   <div class='ocr_carea' id='block_1_44' title="bbox 513 2762 2098 2835">
    <p class='ocr_par' dir='ltr' id='par_1_44' title="bbox 513 2762 2098 2835">
     <span class='ocr_line' id='line_1_44' title="bbox 513 2762 2098 2835; baseline 0.009 -20"><span class='ocrx_word' id='word_1_280' title='bbox 513 2775 670 2815; x_wconf 86' lang='lat' dir='ltr'><strong>sacra</strong></span> <span class='ocrx_word' id='word_1_281' title='bbox 749 2762 860 2818; x_wconf 87' lang='lat' dir='ltr'><strong>vita</strong></span> <span class='ocrx_word' id='word_1_282' title='bbox 930 2763 986 2818; x_wconf 93' lang='lat' dir='ltr'><strong>in</strong></span> <span class='ocrx_word' id='word_1_283' title='bbox 1053 2765 1472 2835; x_wconf 80' lang='lat' dir='ltr'><strong>perfectiorem,</strong></span> <span class='ocrx_word' id='word_1_284' title='bbox 1542 2770 2098 2830; x_wconf 88' lang='lat' dir='ltr'><strong>transordinationem</strong></span> 
     </span>
    </p>
   </div>
   <div class='ocr_carea' id='block_1_45' title="bbox 511 2854 2101 2932">
    <p class='ocr_par' dir='ltr' id='par_1_45' title="bbox 511 2854 2101 2932">
     <span class='ocr_line' id='line_1_45' title="bbox 511 2854 2101 2932; baseline 0.011 -27"><span class='ocrx_word' id='word_1_285' title='bbox 511 2854 801 2923; x_wconf 79' lang='lat' dir='ltr'><strong>signiﬁcat,</strong></span> <span class='ocrx_word' id='word_1_286' title='bbox 873 2855 1014 2911; x_wconf 90' lang='lat' dir='ltr'><strong>sicut</strong></span> <span class='ocrx_word' id='word_1_287' title='bbox 1065 2857 1120 2912; x_wconf 90' lang='lat' dir='ltr'><strong>in</strong></span> <span class='ocrx_word' id='word_1_288' title='bbox 1177 2874 1330 2914; x_wconf 92' lang='lat' dir='ltr'><strong>sacra</strong></span> <span class='ocrx_word' id='word_1_289' title='bbox 1380 2861 1732 2932; x_wconf 90' lang='lat' dir='ltr'><strong>theogenesia</strong></span> <span class='ocrx_word' id='word_1_290' title='bbox 1785 2864 2101 2924; x_wconf 81' lang='lat' dir='ltr'><strong>vestimenti</strong></span> 
     </span>
    </p>
   </div>
   <div class='ocr_carea' id='block_1_46' title="bbox 513 2944 2100 3029">
    <p class='ocr_par' dir='ltr' id='par_1_46' title="bbox 513 2944 2100 3029">
     <span class='ocr_line' id='line_1_46' title="bbox 513 2944 2100 3029; baseline 0.01 -31"><span class='ocrx_word' id='word_1_291' title='bbox 513 2944 744 2999; x_wconf 88' lang='lat' dir='ltr'><strong>mutatio</strong></span> <span class='ocrx_word' id='word_1_292' title='bbox 773 2946 1084 3004; x_wconf 88' lang='lat' dir='ltr'><strong>declarabat</strong></span> <span class='ocrx_word' id='word_1_293' title='bbox 1115 2960 1460 3022; x_wconf 90' lang='lat' dir='ltr'><strong>repurgatam</strong></span> <span class='ocrx_word' id='word_1_294' title='bbox 1491 2953 1658 3010; x_wconf 89' lang='lat' dir='ltr'><strong>vitam</strong></span> <span class='ocrx_word' id='word_1_295' title='bbox 1687 2956 1744 3010; x_wconf 94' lang='lat' dir='ltr'><strong>in</strong></span> <span class='ocrx_word' id='word_1_296' title='bbox 1769 2959 2100 3029; x_wconf 87' lang='lat' dir='ltr'><strong>contempla-</strong></span> 
     </span>
    </p>
   </div>
   <div class='ocr_carea' id='block_1_47' title="bbox 515 3033 2098 3107">
    <p class='ocr_par' dir='ltr' id='par_1_47' title="bbox 515 3033 2098 3107">
     <span class='ocr_line' id='line_1_47' title="bbox 515 3033 2098 3107; baseline 0.013 -21"><span class='ocrx_word' id='word_1_297' title='bbox 515 3033 687 3089; x_wconf 87' lang='lat' dir='ltr'><strong>tivum</strong></span> <span class='ocrx_word' id='word_1_298' title='bbox 731 3046 788 3091; x_wconf 87' lang='lat' dir='ltr'><strong>et</strong></span> <span class='ocrx_word' id='word_1_299' title='bbox 832 3037 1253 3095; x_wconf 88' lang='lat' dir='ltr'><strong>illuminativnm</strong></span> <span class='ocrx_word' id='word_1_300' title='bbox 1314 3043 1557 3098; x_wconf 89' lang='lat' dir='ltr'><strong>habitum</strong></span> <span class='ocrx_word' id='word_1_301' title='bbox 1601 3047 2006 3106; x_wconf 88' lang='lat' dir='ltr'><strong>ascendentem.</strong></span> <span class='ocrx_word' id='word_1_302' title='bbox 2039 3050 2098 3107; x_wconf 80' lang='lat' dir='ltr'><strong>Si</strong></span> 
     </span>
    </p>
   </div>
   <div class='ocr_carea' id='block_1_48' title="bbox 511 3132 2097 3211">
    <p class='ocr_par' dir='ltr' id='par_1_48' title="bbox 511 3132 2097 3211">
     <span class='ocr_line' id='line_1_48' title="bbox 511 3132 2097 3211; baseline 0.015 -36"><span class='ocrx_word' id='word_1_303' title='bbox 511 3132 690 3178; x_wconf 87' lang='lat' dir='ltr'><strong>autem</strong></span> <span class='ocrx_word' id='word_1_304' title='bbox 754 3134 808 3181; x_wconf 88' lang='lat' dir='ltr'><strong>et</strong></span> <span class='ocrx_word' id='word_1_305' title='bbox 875 3143 1019 3184; x_wconf 90' lang='lat' dir='ltr'><strong>nunc</strong></span> <span class='ocrx_word' id='word_1_306' title='bbox 1085 3133 1362 3198; x_wconf 87' lang='lat' dir='ltr'><strong>sacerdos,</strong></span> <span class='ocrx_word' id='word_1_307' title='bbox 1413 3141 1468 3188; x_wconf 92' lang='lat' dir='ltr'><strong>et</strong></span> <span class='ocrx_word' id='word_1_308' title='bbox 1507 3149 1718 3203; x_wconf 90' lang='lat' dir='ltr'><strong>omnes,</strong></span> <span class='ocrx_word' id='word_1_309' title='bbox 1787 3140 2097 3211; x_wconf 82' lang='lat' dir='ltr'><strong>quicunque</strong></span> 
     </span>
    </p>
   </div>
   <div class='ocr_carea' id='block_1_49' title="bbox 2221 1937 3812 2008">
    <p class='ocr_par' dir='ltr' id='par_1_49' title="bbox 2221 1937 3812 2008">
     <span class='ocr_line' id='line_1_49' title="bbox 2221 1937 3812 2008; baseline 0.001 -15"><span class='ocrx_word' id='word_1_310' title='bbox 2221 1937 2419 1993; x_wconf 70' lang='lat' dir='ltr'><strong>cedidit</strong></span> <span class='ocrx_word' id='word_1_311' title='bbox 2435 1938 2745 1995; x_wconf 79' lang='lat' dir='ltr'><strong>divinorum</strong></span> <span class='ocrx_word' id='word_1_312' title='bbox 2767 1941 3074 1995; x_wconf 91' lang='lat' dir='ltr'><strong>animorum</strong></span> <span class='ocrx_word' id='word_1_313' title='bbox 3103 1941 3412 2008; x_wconf 87' lang='lat' dir='ltr'><strong>harmonia,</strong></span> <span class='ocrx_word' id='word_1_314' title='bbox 3434 1941 3493 1997; x_wconf 88' lang='lat' dir='ltr'><strong>in</strong></span> <span class='ocrx_word' id='word_1_315' title='bbox 3517 1943 3812 1998; x_wconf 86' lang='lat' dir='ltr'><strong>obscurum</strong></span> 
     </span>
    </p>
   </div>
   <div class='ocr_carea' id='block_1_50' title="bbox 2213 2027 3811 2097">
    <p class='ocr_par' dir='ltr' id='par_1_50' title="bbox 2213 2027 3811 2097">
     <span class='ocr_line' id='line_1_50' title="bbox 2213 2027 3811 2097; baseline 0.006 -17"><span class='ocrx_word' id='word_1_316' title='bbox 2213 2027 2638 2097; x_wconf 87' lang='lat' dir='ltr'><strong>apostaticarum</strong></span> <span class='ocrx_word' id='word_1_317' title='bbox 2669 2030 3075 2086; x_wconf 88' lang='lat' dir='ltr'><strong>multitudinum</strong></span> <span class='ocrx_word' id='word_1_318' title='bbox 3097 2043 3316 2088; x_wconf 87' lang='lat' dir='ltr'><strong>evectus</strong></span> <span class='ocrx_word' id='word_1_319' title='bbox 3345 2042 3433 2088; x_wconf 89' lang='lat' dir='ltr'><strong>est</strong></span> <span class='ocrx_word' id='word_1_320' title='bbox 3455 2049 3675 2088; x_wconf 85' lang='lat' dir='ltr'><strong>casum.</strong></span> <span class='ocrx_word' id='word_1_321' title='bbox 3711 2033 3811 2089; x_wconf 87' lang='lat' dir='ltr'><strong>Sed</strong></span> 
     </span>
    </p>
   </div>
   <div class='ocr_carea' id='block_1_51' title="bbox 2211 2119 3809 2194">
    <p class='ocr_par' dir='ltr' id='par_1_51' title="bbox 2211 2119 3809 2194">
     <span class='ocr_line' id='line_1_51' title="bbox 2211 2119 3809 2194; baseline 0.005 -24"><span class='ocrx_word' id='word_1_322' title='bbox 2211 2124 2297 2171; x_wconf 86' lang='lat' dir='ltr'><strong>est</strong></span> <span class='ocrx_word' id='word_1_323' title='bbox 2317 2119 2339 2151; x_wconf 83' lang='grc'><strong><em>⁸</em></strong></span> <span class='ocrx_word' id='word_1_324' title='bbox 2369 2119 2654 2175; x_wconf 90' lang='lat' dir='ltr'><strong>dicendum</strong></span> <span class='ocrx_word' id='word_1_325' title='bbox 2681 2121 3001 2178; x_wconf 90' lang='lat' dir='ltr'><strong>mirabiliter</strong></span> <span class='ocrx_word' id='word_1_326' title='bbox 3027 2123 3081 2177; x_wconf 90' lang='lat' dir='ltr'><strong>in</strong></span> <span class='ocrx_word' id='word_1_327' title='bbox 3109 2123 3330 2180; x_wconf 90' lang='lat' dir='ltr'><strong>caelesti</strong></span> <span class='ocrx_word' id='word_1_328' title='bbox 3351 2123 3662 2191; x_wconf 85' lang='lat' dir='ltr'><strong>lerarchia,</strong></span> <span class='ocrx_word' id='word_1_329' title='bbox 3689 2126 3809 2194; x_wconf 79' lang='lat' dir='ltr'><strong>quia</strong></span> 
     </span>
    </p>
   </div>
   <div class='ocr_carea' id='block_1_52' title="bbox 2211 2210 3807 2288">
    <p class='ocr_par' dir='ltr' id='par_1_52' title="bbox 2211 2210 3807 2288">
     <span class='ocr_line' id='line_1_52' title="bbox 2211 2210 3807 2288; baseline 0.006 -26"><span class='ocrx_word' id='word_1_330' title='bbox 2211 2210 2462 2282; x_wconf 88' lang='lat' dir='ltr'><strong>purgatio</strong></span> <span class='ocrx_word' id='word_1_331' title='bbox 2513 2211 2570 2266; x_wconf 90' lang='lat' dir='ltr'><strong>in</strong></span> <span class='ocrx_word' id='word_1_332' title='bbox 2623 2212 2882 2284; x_wconf 83' lang='lat' dir='ltr'><strong>subjectis</strong></span> <span class='ocrx_word' id='word_1_333' title='bbox 2949 2215 3202 2271; x_wconf 90' lang='lat' dir='ltr'><strong>essentiis</strong></span> <span class='ocrx_word' id='word_1_334' title='bbox 3252 2231 3284 2271; x_wconf 89' lang='lat' dir='ltr'><strong>a</strong></span> <span class='ocrx_word' id='word_1_335' title='bbox 3326 2216 3441 2273; x_wconf 84' lang='lat' dir='ltr'><strong>Deo</strong></span> <span class='ocrx_word' id='word_1_336' title='bbox 3489 2227 3762 2288; x_wconf 86' lang='lat' dir='ltr'><strong>quantum</strong></span> <span class='ocrx_word' id='word_1_337' title='bbox 3788 2218 3807 2249; x_wconf 74' lang='grc' dir='ltr'><strong><em>τ</em></strong></span> 
     </span>
    </p>
   </div>
   <div class='ocr_carea' id='block_1_53' title="bbox 2209 2298 3805 2376">
    <p class='ocr_par' dir='ltr' id='par_1_53' title="bbox 2209 2298 3805 2376">
     <span class='ocr_line' id='line_1_53' title="bbox 2209 2298 3805 2376; baseline 0.006 -21"><span class='ocrx_word' id='word_1_338' title='bbox 2209 2298 2517 2371; x_wconf 86' lang='lat' dir='ltr'><strong>ignotorum</strong></span> <span class='ocrx_word' id='word_1_339' title='bbox 2540 2302 2881 2372; x_wconf 88' lang='lat' dir='ltr'><strong>illuminatio,</strong></span> <span class='ocrx_word' id='word_1_340' title='bbox 2905 2306 2960 2361; x_wconf 86' lang='lat' dir='ltr'><strong>in</strong></span> <span class='ocrx_word' id='word_1_341' title='bbox 2984 2307 3366 2376; x_wconf 77' lang='lat' dir='ltr'><strong>perfectiorem</strong></span> <span class='ocrx_word' id='word_1_342' title='bbox 3391 2325 3490 2364; x_wconf 88' lang='lat' dir='ltr'><strong>eas</strong></span> <span class='ocrx_word' id='word_1_343' title='bbox 3518 2311 3805 2364; x_wconf 82' lang='lat' dir='ltr'><strong>scientiam</strong></span> 
     </span>
    </p>
   </div>
   <div class='ocr_carea' id='block_1_54' title="bbox 2209 2389 3804 2470">
    <p class='ocr_par' dir='ltr' id='par_1_54' title="bbox 2209 2389 3804 2470">
     <span class='ocr_line' id='line_1_54' title="bbox 2209 2389 3804 2470; baseline 0.004 -25"><span class='ocrx_word' id='word_1_344' title='bbox 2209 2389 2414 2448; x_wconf 91' lang='lat' dir='ltr'><strong>ducens</strong></span> <span class='ocrx_word' id='word_1_345' title='bbox 2445 2393 2878 2451; x_wconf 90' lang='lat' dir='ltr'><strong>thearchicarum</strong></span> <span class='ocrx_word' id='word_1_346' title='bbox 2917 2397 3309 2468; x_wconf 84' lang='lat' dir='ltr'><strong>cognitionum,</strong></span> <span class='ocrx_word' id='word_1_347' title='bbox 3347 2407 3402 2453; x_wconf 90' lang='lat' dir='ltr'><strong>et</strong></span> <span class='ocrx_word' id='word_1_348' title='bbox 3435 2399 3804 2470; x_wconf 79' lang='lat' dir='ltr'><strong>ignorantiam</strong></span> 
     </span>
    </p>
   </div>
   <div class='ocr_carea' id='block_1_55' title="bbox 2209 2484 3804 2560">
    <p class='ocr_par' dir='ltr' id='par_1_55' title="bbox 2209 2484 3804 2560">
     <span class='ocr_line' id='line_1_55' title="bbox 2209 2484 3804 2560; baseline 0.004 -23"><span class='ocrx_word' id='word_1_349' title='bbox 2209 2495 2420 2547; x_wconf 88' lang='lat' dir='ltr'><strong>eorum,</strong></span> <span class='ocrx_word' id='word_1_350' title='bbox 2443 2498 2673 2553; x_wconf 86' lang='lat' dir='ltr'><strong>quorum</strong></span> <span class='ocrx_word' id='word_1_351' title='bbox 2699 2484 2936 2541; x_wconf 90' lang='lat' dir='ltr'><strong>nondum</strong></span> <span class='ocrx_word' id='word_1_352' title='bbox 2965 2485 3248 2542; x_wconf 87' lang='lat' dir='ltr'><strong>scientiam</strong></span> <span class='ocrx_word' id='word_1_353' title='bbox 3283 2487 3588 2554; x_wconf 89' lang='lat' dir='ltr'><strong>habebant,</strong></span> <span class='ocrx_word' id='word_1_354' title='bbox 3624 2498 3804 2560; x_wconf 81' lang='lat' dir='ltr'><strong>utpote</strong></span> 
     </span>
    </p>
   </div>
   <div class='ocr_carea' id='block_1_56' title="bbox 2208 2577 3803 2648">
    <p class='ocr_par' dir='ltr' id='par_1_56' title="bbox 2208 2577 3803 2648">
     <span class='ocr_line' id='line_1_56' title="bbox 2208 2577 3803 2648; baseline 0.006 -20"><span class='ocrx_word' id='word_1_355' title='bbox 2208 2588 2445 2646; x_wconf 86' lang='lat' dir='ltr'><strong>purgans</strong></span> <span class='ocrx_word' id='word_1_356' title='bbox 2473 2591 2571 2647; x_wconf 89' lang='lat' dir='ltr'><strong>per</strong></span> <span class='ocrx_word' id='word_1_357' title='bbox 2595 2577 2800 2648; x_wconf 90' lang='lat' dir='ltr'><strong>primas</strong></span> <span class='ocrx_word' id='word_1_358' title='bbox 2823 2587 2880 2632; x_wconf 93' lang='lat' dir='ltr'><strong>et</strong></span> <span class='ocrx_word' id='word_1_359' title='bbox 2902 2578 3196 2635; x_wconf 86' lang='lat' dir='ltr'><strong>diviniores</strong></span> <span class='ocrx_word' id='word_1_360' title='bbox 3223 2581 3515 2646; x_wconf 87' lang='lat' dir='ltr'><strong>essentias,</strong></span> <span class='ocrx_word' id='word_1_361' title='bbox 3551 2583 3803 2637; x_wconf 81' lang='lat' dir='ltr'><strong>reductas</strong></span> 
     </span>
    </p>
   </div>
   <div class='ocr_carea' id='block_1_57' title="bbox 2205 2664 3800 2742">
    <p class='ocr_par' dir='ltr' id='par_1_57' title="bbox 2205 2664 3800 2742">
     <span class='ocr_line' id='line_1_57' title="bbox 2205 2664 3800 2742; baseline 0.004 -22"><span class='ocrx_word' id='word_1_362' title='bbox 2205 2664 2263 2720; x_wconf 90' lang='lat' dir='ltr'><strong>in</strong></span> <span class='ocrx_word' id='word_1_363' title='bbox 2294 2667 2601 2738; x_wconf 80' lang='lat' dir='ltr'><strong>superiores</strong></span> <span class='ocrx_word' id='word_1_364' title='bbox 2630 2669 2936 2724; x_wconf 89' lang='lat' dir='ltr'><strong>divinarum</strong></span> <span class='ocrx_word' id='word_1_365' title='bbox 2966 2670 3489 2742; x_wconf 88' lang='lat' dir='ltr'><strong>contemplationum</strong></span> <span class='ocrx_word' id='word_1_366' title='bbox 3525 2681 3583 2726; x_wconf 89' lang='lat' dir='ltr'><strong>et</strong></span> <span class='ocrx_word' id='word_1_367' title='bbox 3628 2674 3800 2727; x_wconf 77' lang='lat' dir='ltr'><strong>maui-</strong></span> 
     </span>
    </p>
   </div>
   <div class='ocr_carea' id='block_1_58' title="bbox 2203 2757 3802 2820">
    <p class='ocr_par' dir='ltr' id='par_1_58' title="bbox 2203 2757 3802 2820">
     <span class='ocr_line' id='line_1_58' title="bbox 2203 2757 3802 2820; baseline 0.004 -8"><span class='ocrx_word' id='word_1_368' title='bbox 2203 2757 2457 2816; x_wconf 75' lang='lat' dir='ltr'><strong>festiores</strong></span> <span class='ocrx_word' id='word_1_369' title='bbox 2484 2761 2786 2818; x_wconf 90' lang='lat' dir='ltr'><strong>claritates.</strong></span> <span class='ocrx_word' id='word_1_370' title='bbox 2827 2761 2920 2819; x_wconf 91' lang='lat' dir='ltr'><strong>Sic</strong></span> <span class='ocrx_word' id='word_1_371' title='bbox 2943 2772 3000 2818; x_wconf 90' lang='lat' dir='ltr'><strong>et</strong></span> <span class='ocrx_word' id='word_1_372' title='bbox 3027 2763 3368 2820; x_wconf 89' lang='lat' dir='ltr'><strong>illuminandi</strong></span> <span class='ocrx_word' id='word_1_373' title='bbox 3398 2764 3634 2820; x_wconf 89' lang='lat' dir='ltr'><strong>ordines</strong></span> <span class='ocrx_word' id='word_1_374' title='bbox 3681 2775 3802 2820; x_wconf 86' lang='lat' dir='ltr'><strong>sunt</strong></span> 
     </span>
    </p>
   </div>
   <div class='ocr_carea' id='block_1_59' title="bbox 2203 2853 3802 2927">
    <p class='ocr_par' dir='ltr' id='par_1_59' title="bbox 2203 2853 3802 2927">
     <span class='ocr_line' id='line_1_59' title="bbox 2203 2853 3802 2927; baseline 0.003 -21"><span class='ocrx_word' id='word_1_375' title='bbox 2203 2857 2261 2906; x_wconf 92' lang='lat' dir='ltr'><strong>et</strong></span> <span class='ocrx_word' id='word_1_376' title='bbox 2294 2853 2728 2920; x_wconf 90' lang='lat' dir='ltr'><strong>consummandi,</strong></span> <span class='ocrx_word' id='word_1_377' title='bbox 2784 2864 2840 2909; x_wconf 92' lang='lat' dir='ltr'><strong>et</strong></span> <span class='ocrx_word' id='word_1_378' title='bbox 2887 2856 3177 2927; x_wconf 86' lang='lat' dir='ltr'><strong>purgativi,</strong></span> <span class='ocrx_word' id='word_1_379' title='bbox 3227 2864 3283 2911; x_wconf 93' lang='lat' dir='ltr'><strong>et</strong></span> <span class='ocrx_word' id='word_1_380' title='bbox 3332 2855 3718 2922; x_wconf 85' lang='lat' dir='ltr'><strong>illuminativi,</strong></span> <span class='ocrx_word' id='word_1_381' title='bbox 3753 2865 3802 2910; x_wconf 88' lang='lat' dir='ltr'><strong>et</strong></span> 
     </span>
    </p>
   </div>
   <div class='ocr_carea' id='block_1_60' title="bbox 2203 2947 3798 3014">
    <p class='ocr_par' dir='ltr' id='par_1_60' title="bbox 2203 2947 3798 3014">
     <span class='ocr_line' id='line_1_60' title="bbox 2203 2947 3798 3014; baseline 0 -12"><span class='ocrx_word' id='word_1_382' title='bbox 2203 2947 2622 3004; x_wconf 85' lang='lat' dir='ltr'><strong>consummativi</strong></span> <span class='ocrx_word' id='word_1_383' title='bbox 2692 2949 2990 3003; x_wconf 88' lang='lat' dir='ltr'><strong>secundum</strong></span> <span class='ocrx_word' id='word_1_384' title='bbox 3064 2949 3351 3004; x_wconf 89' lang='lat' dir='ltr'><strong>caelestem</strong></span> <span class='ocrx_word' id='word_1_385' title='bbox 3438 2948 3798 3014; x_wconf 85' lang='lat' dir='ltr'><strong>lerarchiam,</strong></span> 
     </span>
    </p>
   </div>
   <div class='ocr_carea' id='block_1_61' title="bbox 2204 3035 3799 3106">
    <p class='ocr_par' dir='ltr' id='par_1_61' title="bbox 2204 3035 3799 3106">
     <span class='ocr_line' id='line_1_61' title="bbox 2204 3035 3799 3106; baseline 0.003 -17"><span class='ocrx_word' id='word_1_386' title='bbox 2204 3043 2460 3106; x_wconf 84' lang='lat' dir='ltr'><strong>tanquam</strong></span> <span class='ocrx_word' id='word_1_387' title='bbox 2507 3035 2982 3094; x_wconf 75' lang='lat' dir='ltr'><strong>excellentissimis</strong></span> <span class='ocrx_word' id='word_1_388' title='bbox 3021 3047 3076 3094; x_wconf 91' lang='lat' dir='ltr'><strong>et</strong></span> <span class='ocrx_word' id='word_1_389' title='bbox 3125 3038 3486 3095; x_wconf 87' lang='lat' dir='ltr'><strong>divinissimis</strong></span> <span class='ocrx_word' id='word_1_390' title='bbox 3543 3041 3799 3095; x_wconf 87' lang='lat' dir='ltr'><strong>essentiis</strong></span> 
     </span>
    </p>
   </div>
   <div class='ocr_carea' id='block_1_62' title="bbox 2199 3129 3795 3202">
    <p class='ocr_par' dir='ltr' id='par_1_62' title="bbox 2199 3129 3795 3202">
     <span class='ocr_line' id='line_1_62' title="bbox 2199 3129 3795 3202; baseline 0.003 -18"><span class='ocrx_word' id='word_1_391' title='bbox 2199 3129 2485 3186; x_wconf 80' lang='lat' dir='ltr'><strong>inferiores</strong></span> <span class='ocrx_word' id='word_1_392' title='bbox 2558 3146 2746 3188; x_wconf 85' lang='lat' dir='ltr'><strong>sacras</strong></span> <span class='ocrx_word' id='word_1_393' title='bbox 2803 3141 2859 3187; x_wconf 90' lang='lat' dir='ltr'><strong>et</strong></span> <span class='ocrx_word' id='word_1_394' title='bbox 2908 3133 3171 3188; x_wconf 85' lang='lat' dir='ltr'><strong>caelestes</strong></span> <span class='ocrx_word' id='word_1_395' title='bbox 3225 3132 3622 3202; x_wconf 89' lang='lat' dir='ltr'><strong>dispositiones</strong></span> <span class='ocrx_word' id='word_1_396' title='bbox 3678 3148 3795 3188; x_wconf 87' lang='lat' dir='ltr'><strong>cum</strong></span> 
     </span>
    </p>
   </div>
   <div class='ocr_carea' id='block_1_63' title="bbox 509 3203 2101 3296">
    <p class='ocr_par' dir='ltr' id='par_1_63' title="bbox 509 3213 2092 3296">
     <span class='ocr_line' id='line_1_63' title="bbox 509 3213 2092 3296; baseline 0.015 -30"><span class='ocrx_word' id='word_1_397' title='bbox 509 3213 725 3281; x_wconf 86' lang='lat' dir='ltr'><strong>adsunt,</strong></span> <span class='ocrx_word' id='word_1_398' title='bbox 797 3218 971 3272; x_wconf 89' lang='lat' dir='ltr'><strong>sancti</strong></span> <span class='ocrx_word' id='word_1_399' title='bbox 1022 3232 1457 3278; x_wconf 90' lang='lat' dir='ltr'><strong>consummatum</strong></span> <span class='ocrx_word' id='word_1_400' title='bbox 1517 3226 1777 3296; x_wconf 87' lang='lat' dir='ltr'><strong>salutant,</strong></span> <span class='ocrx_word' id='word_1_401' title='bbox 1849 3243 2092 3288; x_wconf 90' lang='lat' dir='ltr'><strong>sanctam</strong></span> 
     </span>
    </p>
   </div>
   <div class='ocr_carea' id='block_1_64' title="bbox 2206 3203 3794 3296">
    <p class='ocr_par' dir='ltr' id='par_1_64' title="bbox 2206 3221 3794 3294">
     <span class='ocr_line' id='line_1_64' title="bbox 2206 3221 3794 3294; baseline 0.001 -20"><span class='ocrx_word' id='word_1_402' title='bbox 2206 3221 2346 3277; x_wconf 86' lang='lat' dir='ltr'><strong>omni</strong></span> <span class='ocrx_word' id='word_1_403' title='bbox 2395 3221 2650 3278; x_wconf 87' lang='lat' dir='ltr'><strong>castitate</strong></span> <span class='ocrx_word' id='word_1_404' title='bbox 2700 3223 3055 3294; x_wconf 84' lang='lat' dir='ltr'><strong>purgantibus</strong></span> <span class='ocrx_word' id='word_1_405' title='bbox 3081 3223 3136 3278; x_wconf 91' lang='lat' dir='ltr'><strong>in</strong></span> <span class='ocrx_word' id='word_1_406' title='bbox 3165 3223 3448 3279; x_wconf 87' lang='lat' dir='ltr'><strong>ordinibus</strong></span> <span class='ocrx_word' id='word_1_407' title='bbox 3485 3233 3544 3279; x_wconf 89' lang='lat' dir='ltr'><strong>et</strong></span> <span class='ocrx_word' id='word_1_408' title='bbox 3568 3238 3794 3294; x_wconf 76' lang='lat' dir='ltr'><strong>propor-</strong></span> 
     </span>
    </p>
   </div>
   <div class='ocr_carea' id='block_1_65' title="bbox 508 3305 2089 3384">
    <p class='ocr_par' dir='ltr' id='par_1_65' title="bbox 508 3305 2089 3384">
     <span class='ocr_line' id='line_1_65' title="bbox 508 3305 2089 3384; baseline 0.014 -24"><span class='ocrx_word' id='word_1_409' title='bbox 508 3305 854 3364; x_wconf 80' lang='lat' dir='ltr'><strong>deiformium</strong></span> <span class='ocrx_word' id='word_1_410' title='bbox 885 3311 1122 3384; x_wconf 87' lang='lat' dir='ltr'><strong>intellige</strong></span> <span class='ocrx_word' id='word_1_411' title='bbox 1149 3315 1486 3381; x_wconf 84' lang='lat' dir='ltr'><strong>societatem,</strong></span> <span class='ocrx_word' id='word_1_412' title='bbox 1529 3321 1759 3378; x_wconf 85' lang='lat' dir='ltr'><strong>caritate</strong></span> <span class='ocrx_word' id='word_1_413' title='bbox 1784 3321 1838 3378; x_wconf 91' lang='lat' dir='ltr'><strong>in</strong></span> <span class='ocrx_word' id='word_1_414' title='bbox 1879 3325 2089 3382; x_wconf 85' lang='lat' dir='ltr'><strong>laetitia</strong></span> 
     </span>
    </p>
   </div>
   <div class='ocr_carea' id='block_1_66' title="bbox 507 3398 2094 3473">
    <p class='ocr_par' dir='ltr' id='par_1_66' title="bbox 507 3398 2094 3473">
     <span class='ocr_line' id='line_1_66' title="bbox 507 3398 2094 3473; baseline 0.013 -22"><span class='ocrx_word' id='word_1_415' title='bbox 507 3398 689 3455; x_wconf 88' lang='lat' dir='ltr'><strong>divina</strong></span> <span class='ocrx_word' id='word_1_416' title='bbox 743 3403 1174 3461; x_wconf 88' lang='lat' dir='ltr'><strong>condelectatam</strong></span> <span class='ocrx_word' id='word_1_417' title='bbox 1223 3408 1325 3464; x_wconf 88' lang='lat' dir='ltr'><strong>sibi</strong></span> <span class='ocrx_word' id='word_1_418' title='bbox 1385 3410 1640 3466; x_wconf 91' lang='lat' dir='ltr'><strong>invicem.</strong></span> <span class='ocrx_word' id='word_1_419' title='bbox 1700 3413 1758 3468; x_wconf 89' lang='lat' dir='ltr'><strong>In</strong></span> <span class='ocrx_word' id='word_1_420' title='bbox 1806 3415 1915 3470; x_wconf 83' lang='lat' dir='ltr'><strong>ﬁne</strong></span> <span class='ocrx_word' id='word_1_421' title='bbox 1964 3432 2094 3473; x_wconf 88' lang='lat' dir='ltr'><strong>vero</strong></span> 
     </span>
    </p>
   </div>
   <div class='ocr_carea' id='block_1_67' title="bbox 506 3491 2092 3564">
    <p class='ocr_par' dir='ltr' id='par_1_67' title="bbox 506 3491 2092 3564">
     <span class='ocr_line' id='line_1_67' title="bbox 506 3491 2092 3564; baseline 0.013 -21"><span class='ocrx_word' id='word_1_422' title='bbox 506 3491 749 3545; x_wconf 91' lang='lat' dir='ltr'><strong>omnium</strong></span> <span class='ocrx_word' id='word_1_423' title='bbox 790 3495 1050 3550; x_wconf 87' lang='lat' dir='ltr'><strong>sacerdos</strong></span> <span class='ocrx_word' id='word_1_424' title='bbox 1113 3496 1170 3551; x_wconf 91' lang='lat' dir='ltr'><strong>in</strong></span> <span class='ocrx_word' id='word_1_425' title='bbox 1223 3497 1595 3556; x_wconf 89' lang='lat' dir='ltr'><strong>thearchicam</strong></span> <span class='ocrx_word' id='word_1_426' title='bbox 1655 3507 2092 3564; x_wconf 89' lang='lat' dir='ltr'><strong>communionem</strong></span> 
     </span>
    </p>
   </div>
   <div class='ocr_carea' id='block_1_68' title="bbox 505 3587 2093 3666">
    <p class='ocr_par' dir='ltr' id='par_1_68' title="bbox 505 3587 2093 3666">
     <span class='ocr_line' id='line_1_68' title="bbox 505 3587 2093 3666; baseline 0.014 -33"><span class='ocrx_word' id='word_1_427' title='bbox 505 3588 667 3634; x_wconf 89' lang='lat' dir='ltr'><strong>vocat</strong></span> <span class='ocrx_word' id='word_1_428' title='bbox 713 3594 1172 3652; x_wconf 86' lang='lat' dir='ltr'><strong>consummatum,</strong></span> <span class='ocrx_word' id='word_1_429' title='bbox 1233 3587 1549 3660; x_wconf 87' lang='lat' dir='ltr'><strong>signiﬁcans</strong></span> <span class='ocrx_word' id='word_1_430' title='bbox 1583 3608 1758 3659; x_wconf 89' lang='lat' dir='ltr'><strong>sacre,</strong></span> <span class='ocrx_word' id='word_1_431' title='bbox 1816 3600 2093 3666; x_wconf 92' lang='lat' dir='ltr'><strong>quomodo</strong></span> 
     </span>
    </p>
   </div>
   <div class='ocr_carea' id='block_1_69' title="bbox 504 3672 2093 3747">
    <p class='ocr_par' dir='ltr' id='par_1_69' title="bbox 504 3672 2093 3747">
     <span class='ocr_line' id='line_1_69' title="bbox 504 3672 2093 3747; baseline 0.014 -22"><span class='ocrx_word' id='word_1_432' title='bbox 504 3672 797 3742; x_wconf 81' lang='lat' dir='ltr'><strong>perfectus,</strong></span> <span class='ocrx_word' id='word_1_433' title='bbox 830 3675 874 3730; x_wconf 91' lang='lat' dir='ltr'><strong>si</strong></span> <span class='ocrx_word' id='word_1_434' title='bbox 904 3692 1030 3732; x_wconf 86' lang='lat' dir='ltr'><strong>vere</strong></span> <span class='ocrx_word' id='word_1_435' title='bbox 1057 3679 1113 3734; x_wconf 88' lang='lat' dir='ltr'><strong>in</strong></span> <span class='ocrx_word' id='word_1_436' title='bbox 1145 3683 1518 3738; x_wconf 87' lang='lat' dir='ltr'><strong>monachicam</strong></span> <span class='ocrx_word' id='word_1_437' title='bbox 1543 3686 1692 3742; x_wconf 86' lang='lat' dir='ltr'><strong>venit</strong></span> <span class='ocrx_word' id='word_1_438' title='bbox 1716 3697 1771 3742; x_wconf 93' lang='lat' dir='ltr'><strong>et</strong></span> <span class='ocrx_word' id='word_1_439' title='bbox 1801 3687 1855 3744; x_wconf 93' lang='lat' dir='ltr'><strong>in</strong></span> <span class='ocrx_word' id='word_1_440' title='bbox 1889 3693 2093 3747; x_wconf 81' lang='lat' dir='ltr'><strong>coadu-</strong></span> 
     </span>
    </p>
   </div>
   <div class='ocr_carea' id='block_1_70' title="bbox 504 3775 2094 3846">
    <p class='ocr_par' dir='ltr' id='par_1_70' title="bbox 504 3775 2094 3846">
     <span class='ocr_line' id='line_1_70' title="bbox 504 3775 2094 3846; baseline 0.013 -28"><span class='ocrx_word' id='word_1_441' title='bbox 504 3775 690 3820; x_wconf 87' lang='lat' dir='ltr'><strong>natam</strong></span> <span class='ocrx_word' id='word_1_442' title='bbox 723 3782 1025 3841; x_wconf 88' lang='lat' dir='ltr'><strong>anagogen,</strong></span> <span class='ocrx_word' id='word_1_443' title='bbox 1063 3787 1170 3828; x_wconf 91' lang='lat' dir='ltr'><strong>non</strong></span> <span class='ocrx_word' id='word_1_444' title='bbox 1199 3776 1594 3846; x_wconf 88' lang='lat' dir='ltr'><strong>contemplator</strong></span> <span class='ocrx_word' id='word_1_445' title='bbox 1621 3779 1968 3838; x_wconf 90' lang='lat' dir='ltr'><strong>solummodo</strong></span> <span class='ocrx_word' id='word_1_446' title='bbox 1988 3785 2094 3840; x_wconf 90' lang='lat' dir='ltr'><strong>erit</strong></span> 
     </span>
    </p>
   </div>
   <div class='ocr_carea' id='block_1_71' title="bbox 503 3855 2093 3936">
    <p class='ocr_par' dir='ltr' id='par_1_71' title="bbox 503 3855 2093 3936">
     <span class='ocr_line' id='line_1_71' title="bbox 503 3855 2093 3936; baseline 0.013 -27"><span class='ocrx_word' id='word_1_447' title='bbox 503 3855 800 3912; x_wconf 89' lang='lat' dir='ltr'><strong>secundum</strong></span> <span class='ocrx_word' id='word_1_448' title='bbox 832 3873 891 3914; x_wconf 90' lang='lat' dir='ltr'><strong>se</strong></span> <span class='ocrx_word' id='word_1_449' title='bbox 924 3874 1226 3929; x_wconf 87' lang='lat' dir='ltr'><strong>sacrorum,</strong></span> <span class='ocrx_word' id='word_1_450' title='bbox 1269 3879 1444 3936; x_wconf 91' lang='lat' dir='ltr'><strong>neque</strong></span> <span class='ocrx_word' id='word_1_451' title='bbox 1475 3866 1632 3936; x_wconf 79' lang='lat' dir='ltr'><strong>juxta</strong></span> <span class='ocrx_word' id='word_1_452' title='bbox 1670 3871 1911 3926; x_wconf 91' lang='lat' dir='ltr'><strong>medium</strong></span> <span class='ocrx_word' id='word_1_453' title='bbox 1945 3873 2093 3929; x_wconf 88' lang='lat' dir='ltr'><strong>ordi-</strong></span> 
     </span>
    </p>
   </div>
   <div class='ocr_carea' id='block_1_72' title="bbox 501 3949 2094 4035">
    <p class='ocr_par' dir='ltr' id='par_1_72' title="bbox 501 3949 2094 4035">
     <span class='ocr_line' id='line_1_72' title="bbox 501 3949 2094 4035; baseline 0.011 -32"><span class='ocrx_word' id='word_1_454' title='bbox 501 3964 626 4004; x_wconf 89' lang='lat' dir='ltr'><strong>nem</strong></span> <span class='ocrx_word' id='word_1_455' title='bbox 656 3949 712 4004; x_wconf 88' lang='lat' dir='ltr'><strong>in</strong></span> <span class='ocrx_word' id='word_1_456' title='bbox 743 3954 1177 4011; x_wconf 89' lang='lat' dir='ltr'><strong>communionem</strong></span> <span class='ocrx_word' id='word_1_457' title='bbox 1206 3958 1387 4014; x_wconf 85' lang='lat' dir='ltr'><strong>veniet</strong></span> <span class='ocrx_word' id='word_1_458' title='bbox 1414 3961 1912 4018; x_wconf 89' lang='lat' dir='ltr'><strong>sacratissimorum</strong></span> <span class='ocrx_word' id='word_1_459' title='bbox 1947 3980 2094 4035; x_wconf 87' lang='lat' dir='ltr'><strong>sym-</strong></span> 
     </span>
    </p>
   </div>
   <div class='ocr_carea' id='block_1_73' title="bbox 502 4042 2089 4125">
    <p class='ocr_par' dir='ltr' id='par_1_73' title="bbox 502 4042 2089 4125">
     <span class='ocr_line' id='line_1_73' title="bbox 502 4042 2089 4125; baseline 0.009 -27"><span class='ocrx_word' id='word_1_460' title='bbox 502 4042 770 4111; x_wconf 91' lang='lat' dir='ltr'><strong>bolorum,</strong></span> <span class='ocrx_word' id='word_1_461' title='bbox 839 4048 934 4102; x_wconf 90' lang='lat' dir='ltr'><strong>sed</strong></span> <span class='ocrx_word' id='word_1_462' title='bbox 1003 4063 1128 4103; x_wconf 92' lang='lat' dir='ltr'><strong>cum</strong></span> <span class='ocrx_word' id='word_1_463' title='bbox 1157 4048 1339 4106; x_wconf 90' lang='lat' dir='ltr'><strong>divina</strong></span> <span class='ocrx_word' id='word_1_464' title='bbox 1408 4067 1439 4106; x_wconf 90' lang='lat' dir='ltr'><strong>a</strong></span> <span class='ocrx_word' id='word_1_465' title='bbox 1507 4068 1567 4108; x_wconf 91' lang='lat' dir='ltr'><strong>se</strong></span> <span class='ocrx_word' id='word_1_466' title='bbox 1633 4055 2089 4125; x_wconf 80' lang='lat' dir='ltr'><strong>participatorum</strong></span> 
     </span>
    </p>
   </div>
   <div class='ocr_carea' id='block_1_74' title="bbox 503 4139 2087 4218">
    <p class='ocr_par' dir='ltr' id='par_1_74' title="bbox 503 4139 2087 4218">
     <span class='ocr_line' id='line_1_74' title="bbox 503 4139 2087 4218; baseline 0.009 -27"><span class='ocrx_word' id='word_1_467' title='bbox 503 4151 785 4192; x_wconf 89' lang='lat' dir='ltr'><strong>sacrorum</strong></span> <span class='ocrx_word' id='word_1_468' title='bbox 804 4139 1034 4194; x_wconf 89' lang='lat' dir='ltr'><strong>scientia</strong></span> <span class='ocrx_word' id='word_1_469' title='bbox 1060 4140 1232 4196; x_wconf 90' lang='lat' dir='ltr'><strong>altero</strong></span> <span class='ocrx_word' id='word_1_470' title='bbox 1256 4143 1416 4198; x_wconf 92' lang='lat' dir='ltr'><strong>modo</strong></span> <span class='ocrx_word' id='word_1_471' title='bbox 1437 4160 1601 4215; x_wconf 82' lang='lat' dir='ltr'><strong>supra</strong></span> <span class='ocrx_word' id='word_1_472' title='bbox 1634 4161 1848 4202; x_wconf 88' lang='lat' dir='ltr'><strong>sacram</strong></span> <span class='ocrx_word' id='word_1_473' title='bbox 1873 4148 2087 4218; x_wconf 86' lang='lat' dir='ltr'><strong>plebem</strong></span> 
     </span>
    </p>
   </div>
   <div class='ocr_carea' id='block_1_75' title="bbox 501 4229 2089 4301">
    <p class='ocr_par' dir='ltr' id='par_1_75' title="bbox 501 4229 2089 4301">
     <span class='ocr_line' id='line_1_75' title="bbox 501 4229 2089 4301; baseline 0.009 -18"><span class='ocrx_word' id='word_1_474' title='bbox 501 4229 557 4284; x_wconf 90' lang='lat' dir='ltr'><strong>in</strong></span> <span class='ocrx_word' id='word_1_475' title='bbox 587 4231 1010 4301; x_wconf 87' lang='lat' dir='ltr'><strong>assumptionem</strong></span> <span class='ocrx_word' id='word_1_476' title='bbox 1035 4232 1214 4288; x_wconf 89' lang='lat' dir='ltr'><strong>veniet</strong></span> <span class='ocrx_word' id='word_1_477' title='bbox 1241 4235 1458 4292; x_wconf 88' lang='lat' dir='ltr'><strong>divinae</strong></span> <span class='ocrx_word' id='word_1_478' title='bbox 1489 4239 1909 4296; x_wconf 91' lang='lat' dir='ltr'><strong>communionis.</strong></span> <span class='ocrx_word' id='word_1_479' title='bbox 1956 4241 2089 4298; x_wconf 90' lang='lat' dir='ltr'><strong>Pro-</strong></span> 
     </span>
    </p>
   </div>
   <div class='ocr_carea' id='block_1_76' title="bbox 499 4319 2090 4391">
    <p class='ocr_par' dir='ltr' id='par_1_76' title="bbox 499 4319 2090 4391">
     <span class='ocr_line' id='line_1_76' title="bbox 499 4319 2090 4391; baseline 0.009 -18"><span class='ocrx_word' id='word_1_480' title='bbox 499 4327 624 4391; x_wconf 90' lang='lat' dir='ltr'><strong>pter</strong></span> <span class='ocrx_word' id='word_1_481' title='bbox 653 4319 797 4391; x_wconf 89' lang='lat' dir='ltr'><strong>quod</strong></span> <span class='ocrx_word' id='word_1_482' title='bbox 832 4330 888 4377; x_wconf 89' lang='lat' dir='ltr'><strong>et</strong></span> <span class='ocrx_word' id='word_1_483' title='bbox 919 4323 1350 4381; x_wconf 89' lang='lat' dir='ltr'><strong>sacerdotalibus</strong></span> <span class='ocrx_word' id='word_1_484' title='bbox 1368 4326 1650 4384; x_wconf 90' lang='lat' dir='ltr'><strong>ordinibus</strong></span> <span class='ocrx_word' id='word_1_485' title='bbox 1688 4328 1742 4383; x_wconf 92' lang='lat' dir='ltr'><strong>in</strong></span> <span class='ocrx_word' id='word_1_486' title='bbox 1767 4343 1921 4385; x_wconf 89' lang='lat' dir='ltr'><strong>sacre</strong></span> <span class='ocrx_word' id='word_1_487' title='bbox 1961 4346 2090 4387; x_wconf 87' lang='lat' dir='ltr'><strong>con-</strong></span> 
     </span>
    </p>
   </div>
   <div class='ocr_carea' id='block_1_77' title="bbox 499 4413 2084 4484">
    <p class='ocr_par' dir='ltr' id='par_1_77' title="bbox 499 4413 2084 4484">
     <span class='ocr_line' id='line_1_77' title="bbox 499 4413 2084 4484; baseline 0.008 -18"><span class='ocrx_word' id='word_1_488' title='bbox 499 4413 840 4470; x_wconf 84' lang='lat' dir='ltr'><strong>summativis</strong></span> <span class='ocrx_word' id='word_1_489' title='bbox 889 4415 1004 4471; x_wconf 91' lang='lat' dir='ltr'><strong>suis</strong></span> <span class='ocrx_word' id='word_1_490' title='bbox 1049 4415 1591 4484; x_wconf 83' lang='lat' dir='ltr'><strong>sanctiﬁcationibus,</strong></span> <span class='ocrx_word' id='word_1_491' title='bbox 1631 4419 1687 4474; x_wconf 93' lang='lat' dir='ltr'><strong>in</strong></span> <span class='ocrx_word' id='word_1_492' title='bbox 1717 4421 1823 4476; x_wconf 89' lang='lat' dir='ltr'><strong>ﬁne</strong></span> <span class='ocrx_word' id='word_1_493' title='bbox 1851 4424 2084 4479; x_wconf 90' lang='lat' dir='ltr'><strong>sanctis-</strong></span> 
     </span>
    </p>
   </div>
   <div class='ocr_carea' id='block_1_78' title="bbox 497 4504 2086 4577">
    <p class='ocr_par' dir='ltr' id='par_1_78' title="bbox 497 4504 2086 4577">
     <span class='ocr_line' id='line_1_78' title="bbox 497 4504 2086 4577; baseline 0.006 -17"><span class='ocrx_word' id='word_1_494' title='bbox 497 4504 764 4560; x_wconf 87' lang='lat' dir='ltr'><strong>simarum</strong></span> <span class='ocrx_word' id='word_1_495' title='bbox 803 4521 1026 4562; x_wconf 89' lang='lat' dir='ltr'><strong>suarum</strong></span> <span class='ocrx_word' id='word_1_496' title='bbox 1075 4509 1431 4577; x_wconf 91' lang='lat' dir='ltr'><strong>oblationum,</strong></span> <span class='ocrx_word' id='word_1_497' title='bbox 1457 4511 1835 4568; x_wconf 89' lang='lat' dir='ltr'><strong>sanctissimae</strong></span> <span class='ocrx_word' id='word_1_498' title='bbox 1878 4513 2086 4569; x_wconf 84' lang='lat' dir='ltr'><strong>Eucha-</strong></span> 
     </span>
    </p>
   </div>
   <div class='ocr_carea' id='block_1_79' title="bbox 2197 3313 3796 3386">
    <p class='ocr_par' dir='ltr' id='par_1_79' title="bbox 2197 3313 3796 3386">
     <span class='ocr_line' id='line_1_79' title="bbox 2197 3313 3796 3386; baseline 0.003 -19"><span class='ocrx_word' id='word_1_499' title='bbox 2197 3313 2435 3369; x_wconf 91' lang='lat' dir='ltr'><strong>tionibns</strong></span> <span class='ocrx_word' id='word_1_500' title='bbox 2487 3313 2798 3369; x_wconf 88' lang='lat' dir='ltr'><strong>caelestium</strong></span> <span class='ocrx_word' id='word_1_501' title='bbox 2851 3314 3282 3381; x_wconf 86' lang='lat' dir='ltr'><strong>lerarchiarum,</strong></span> <span class='ocrx_word' id='word_1_502' title='bbox 3337 3313 3796 3386; x_wconf 81' lang='lat' dir='ltr'><strong>implentibusque</strong></span> 
     </span>
    </p>
   </div>
   <div class='ocr_carea' id='block_1_80' title="bbox 2194 3405 3794 3473">
    <p class='ocr_par' dir='ltr' id='par_1_80' title="bbox 2194 3405 3794 3473">
     <span class='ocr_line' id='line_1_80' title="bbox 2194 3405 3794 3473; baseline 0.002 -13"><span class='ocrx_word' id='word_1_503' title='bbox 2194 3418 2292 3460; x_wconf 89' lang='lat' dir='ltr'><strong>eas</strong></span> <span class='ocrx_word' id='word_1_504' title='bbox 2319 3405 2779 3460; x_wconf 89' lang='lat' dir='ltr'><strong>divinissimarum</strong></span> <span class='ocrx_word' id='word_1_505' title='bbox 2807 3405 3222 3473; x_wconf 88' lang='lat' dir='ltr'><strong>illuminatione,</strong></span> <span class='ocrx_word' id='word_1_506' title='bbox 3271 3415 3328 3462; x_wconf 89' lang='lat' dir='ltr'><strong>et</strong></span> <span class='ocrx_word' id='word_1_507' title='bbox 3357 3409 3794 3463; x_wconf 82' lang='lat' dir='ltr'><strong>consummanti-</strong></span> 
     </span>
    </p>
   </div>
   <div class='ocr_carea' id='block_1_81' title="bbox 2197 3498 3790 3570">
    <p class='ocr_par' dir='ltr' id='par_1_81' title="bbox 2197 3498 3790 3570">
     <span class='ocr_line' id='line_1_81' title="bbox 2197 3498 3790 3570; baseline 0.001 -17"><span class='ocrx_word' id='word_1_508' title='bbox 2197 3499 2298 3553; x_wconf 91' lang='lat' dir='ltr'><strong>bus</strong></span> <span class='ocrx_word' id='word_1_509' title='bbox 2327 3500 2382 3552; x_wconf 94' lang='lat' dir='ltr'><strong>in</strong></span> <span class='ocrx_word' id='word_1_510' title='bbox 2421 3498 2765 3554; x_wconf 88' lang='lat' dir='ltr'><strong>sanctissima</strong></span> <span class='ocrx_word' id='word_1_511' title='bbox 2821 3500 3260 3555; x_wconf 82' lang='lat' dir='ltr'><strong>thearchicarum</strong></span> <span class='ocrx_word' id='word_1_512' title='bbox 3301 3498 3790 3570; x_wconf 81' lang='lat' dir='ltr'><strong>intelligentiarum</strong></span> 
     </span>
    </p>
   </div>
   <div class='ocr_carea' id='block_1_82' title="bbox 2195 3588 3794 3662">
    <p class='ocr_par' dir='ltr' id='par_1_82' title="bbox 2195 3588 3794 3662">
     <span class='ocr_line' id='line_1_82' title="bbox 2195 3588 3794 3662; baseline 0.003 -19"><span class='ocrx_word' id='word_1_513' title='bbox 2195 3588 2442 3643; x_wconf 88' lang='lat' dir='ltr'><strong>scientia.</strong></span> <span class='ocrx_word' id='word_1_514' title='bbox 2474 3588 2688 3644; x_wconf 88' lang='lat' dir='ltr'><strong>Etenim</strong></span> <span class='ocrx_word' id='word_1_515' title='bbox 2712 3589 2847 3659; x_wconf 63' lang='lat' dir='ltr'><strong>tjam</strong></span> <span class='ocrx_word' id='word_1_516' title='bbox 2875 3607 2906 3644; x_wconf 89' lang='lat' dir='ltr'><strong>a</strong></span> <span class='ocrx_word' id='word_1_517' title='bbox 2929 3591 3086 3647; x_wconf 91' lang='lat' dir='ltr'><strong>nobis</strong></span> <span class='ocrx_word' id='word_1_518' title='bbox 3107 3590 3310 3646; x_wconf 91' lang='lat' dir='ltr'><strong>dictum</strong></span> <span class='ocrx_word' id='word_1_519' title='bbox 3343 3600 3454 3656; x_wconf 86' lang='lat' dir='ltr'><strong>est,</strong></span> <span class='ocrx_word' id='word_1_520' title='bbox 3476 3601 3535 3647; x_wconf 90' lang='lat' dir='ltr'><strong>et</strong></span> <span class='ocrx_word' id='word_1_521' title='bbox 3560 3591 3794 3662; x_wconf 84' lang='lat' dir='ltr'><strong>eloquiis</strong></span> 
     </span>
    </p>
   </div>
   <div class='ocr_carea' id='block_1_83' title="bbox 2197 3679 3786 3752">
    <p class='ocr_par' dir='ltr' id='par_1_83' title="bbox 2197 3679 3786 3752">
     <span class='ocr_line' id='line_1_83' title="bbox 2197 3679 3786 3752; baseline 0.004 -18"><span class='ocrx_word' id='word_1_522' title='bbox 2197 3679 2458 3734; x_wconf 89' lang='lat' dir='ltr'><strong>divinitus</strong></span> <span class='ocrx_word' id='word_1_523' title='bbox 2485 3692 2852 3752; x_wconf 84' lang='lat' dir='ltr'><strong>comparatur,</strong></span> <span class='ocrx_word' id='word_1_524' title='bbox 2885 3697 2993 3738; x_wconf 92' lang='lat' dir='ltr'><strong>non</strong></span> <span class='ocrx_word' id='word_1_525' title='bbox 3028 3697 3124 3738; x_wconf 91' lang='lat' dir='ltr'><strong>eas</strong></span> <span class='ocrx_word' id='word_1_526' title='bbox 3144 3697 3267 3738; x_wconf 88' lang='lat' dir='ltr'><strong>esse</strong></span> <span class='ocrx_word' id='word_1_527' title='bbox 3293 3697 3491 3739; x_wconf 88' lang='lat' dir='ltr'><strong>omnes</strong></span> <span class='ocrx_word' id='word_1_528' title='bbox 3521 3683 3786 3740; x_wconf 81' lang='lat' dir='ltr'><strong>caelestes</strong></span> 
     </span>
    </p>
   </div>
   <div class='ocr_carea' id='block_1_84' title="bbox 2196 3771 3790 3840">
    <p class='ocr_par' dir='ltr' id='par_1_84' title="bbox 2196 3771 3790 3840">
     <span class='ocr_line' id='line_1_84' title="bbox 2196 3771 3790 3840; baseline 0.001 -14"><span class='ocrx_word' id='word_1_529' title='bbox 2196 3771 2578 3840; x_wconf 88' lang='lat' dir='ltr'><strong>dispositiones</strong></span> <span class='ocrx_word' id='word_1_530' title='bbox 2614 3772 2669 3827; x_wconf 93' lang='lat' dir='ltr'><strong>in</strong></span> <span class='ocrx_word' id='word_1_531' title='bbox 2698 3773 2947 3829; x_wconf 92' lang='lat' dir='ltr'><strong>omnibus</strong></span> <span class='ocrx_word' id='word_1_532' title='bbox 2970 3779 3145 3830; x_wconf 89' lang='lat' dir='ltr'><strong>sacris</strong></span> <span class='ocrx_word' id='word_1_533' title='bbox 3193 3773 3470 3830; x_wconf 86' lang='lat' dir='ltr'><strong>deividum</strong></span> <span class='ocrx_word' id='word_1_534' title='bbox 3511 3774 3790 3830; x_wconf 84' lang='lat' dir='ltr'><strong>illumina-</strong></span> 
     </span>
    </p>
   </div>
   <div class='ocr_carea' id='block_1_85' title="bbox 2195 3863 3788 3935">
    <p class='ocr_par' dir='ltr' id='par_1_85' title="bbox 2195 3863 3788 3935">
     <span class='ocr_line' id='line_1_85' title="bbox 2195 3863 3788 3935; baseline 0.003 -19"><span class='ocrx_word' id='word_1_535' title='bbox 2195 3863 2402 3918; x_wconf 88' lang='lat' dir='ltr'><strong>tionnm</strong></span> <span class='ocrx_word' id='word_1_536' title='bbox 2463 3863 2726 3928; x_wconf 89' lang='lat' dir='ltr'><strong>scientiis,</strong></span> <span class='ocrx_word' id='word_1_537' title='bbox 2765 3865 2860 3919; x_wconf 92' lang='lat' dir='ltr'><strong>sed</strong></span> <span class='ocrx_word' id='word_1_538' title='bbox 2913 3878 2982 3919; x_wconf 84' lang='lat' dir='ltr'><strong>ex</strong></span> <span class='ocrx_word' id='word_1_539' title='bbox 3034 3864 3148 3920; x_wconf 89' lang='lat' dir='ltr'><strong>Deo</strong></span> <span class='ocrx_word' id='word_1_540' title='bbox 3197 3864 3416 3935; x_wconf 88' lang='lat' dir='ltr'><strong>quidem</strong></span> <span class='ocrx_word' id='word_1_541' title='bbox 3476 3865 3788 3922; x_wconf 83' lang='lat' dir='ltr'><strong>immediate</strong></span> 
     </span>
    </p>
   </div>
   <div class='ocr_carea' id='block_1_86' title="bbox 2193 3953 3782 4030">
    <p class='ocr_par' dir='ltr' id='par_1_86' title="bbox 2193 3953 3782 4030">
     <span class='ocr_line' id='line_1_86' title="bbox 2193 3953 3782 4030; baseline 0.005 -24"><span class='ocrx_word' id='word_1_542' title='bbox 2193 3953 2415 4024; x_wconf 90' lang='lat' dir='ltr'><strong>primas,</strong></span> <span class='ocrx_word' id='word_1_543' title='bbox 2447 3969 2546 4024; x_wconf 86' lang='lat' dir='ltr'><strong>per</strong></span> <span class='ocrx_word' id='word_1_544' title='bbox 2575 3954 2695 4010; x_wconf 92' lang='lat' dir='ltr'><strong>illas</strong></span> <span class='ocrx_word' id='word_1_545' title='bbox 2721 3955 2972 4012; x_wconf 84' lang='lat' dir='ltr'><strong>similiter</strong></span> <span class='ocrx_word' id='word_1_546' title='bbox 3019 3957 3214 4013; x_wconf 90' lang='lat' dir='ltr'><strong>iterum</strong></span> <span class='ocrx_word' id='word_1_547' title='bbox 3234 3974 3302 4012; x_wconf 81' lang='lat' dir='ltr'><strong>ex</strong></span> <span class='ocrx_word' id='word_1_548' title='bbox 3330 3957 3446 4013; x_wconf 90' lang='lat' dir='ltr'><strong>Deo</strong></span> <span class='ocrx_word' id='word_1_549' title='bbox 3485 3959 3782 4030; x_wconf 86' lang='lat' dir='ltr'><strong>subjectas,</strong></span> 
     </span>
    </p>
   </div>
   <div class='ocr_carea' id='block_1_87' title="bbox 2193 4038 3776 4116">
    <p class='ocr_par' dir='ltr' id='par_1_87' title="bbox 2193 4038 3776 4116">
     <span class='ocr_line' id='line_1_87' title="bbox 2193 4038 3776 4116; baseline 0.006 -20"><span class='ocrx_word' id='word_1_550' title='bbox 2193 4045 2670 4116; x_wconf 87' lang='lat' dir='ltr'><strong>proportionaliter</strong></span> <span class='ocrx_word' id='word_1_551' title='bbox 2696 4045 2777 4102; x_wconf 89' lang='lat' dir='ltr'><strong>eis</strong></span> <span class='ocrx_word' id='word_1_552' title='bbox 2809 4038 3103 4104; x_wconf 85' lang='lat' dir='ltr'><strong>illuminari</strong></span> <span class='ocrx_word' id='word_1_553' title='bbox 3125 4047 3608 4107; x_wconf 79' lang='lat' dir='ltr'><strong>manifestissimos</strong></span> <span class='ocrx_word' id='word_1_554' title='bbox 3631 4050 3776 4106; x_wconf 77' lang='lat' dir='ltr'><strong>Divi-</strong></span> 
     </span>
    </p>
   </div>
   <div class='ocr_carea' id='block_1_88' title="bbox 2195 4137 2820 4196">
    <p class='ocr_par' dir='ltr' id='par_1_88' title="bbox 2195 4137 2820 4196">
     <span class='ocr_line' id='line_1_88' title="bbox 2195 4137 2820 4196; baseline 0.006 -4"><span class='ocrx_word' id='word_1_555' title='bbox 2195 4137 2384 4194; x_wconf 88' lang='lat' dir='ltr'><strong>nitatis</strong></span> <span class='ocrx_word' id='word_1_556' title='bbox 2411 4138 2596 4195; x_wconf 88' lang='lat' dir='ltr'><strong>radios</strong></span> <span class='ocrx_word' id='word_1_557' title='bbox 2624 4138 2820 4196; x_wconf 89' lang='lat' dir='ltr'><strong>claros.</strong></span> 
     </span>
    </p>
   </div>
   <div class='ocr_carea' id='block_1_89' title="bbox 2683 4270 3251 4332">
    <p class='ocr_par' dir='ltr' id='par_1_89' title="bbox 2683 4270 3251 4332">
     <span class='ocr_line' id='line_1_89' title="bbox 2683 4270 3251 4332; baseline 0.002 -6"><span class='ocrx_word' id='word_1_558' title='bbox 2683 4271 2690 4278; x_wconf 75' lang='grc'><em>’</em></span> <span class='ocrx_word' id='word_1_559' title='bbox 2712 4270 3111 4332; x_wconf 75' lang='lat' dir='ltr'><strong>CAPITULUM</strong></span> <span class='ocrx_word' id='word_1_560' title='bbox 3140 4273 3251 4330; x_wconf 81' lang='lat' dir='ltr'><strong>VII.</strong></span> 
     </span>
    </p>
   </div>
   <div class='ocr_carea' id='block_1_90' title="bbox 2507 4383 3454 4456">
    <p class='ocr_par' dir='ltr' id='par_1_90' title="bbox 2507 4383 3454 4456">
     <span class='ocr_line' id='line_1_90' title="bbox 2507 4383 3454 4456; baseline 0.006 -16"><span class='ocrx_word' id='word_1_561' title='bbox 2507 4383 2587 4442; x_wconf 79' lang='lat' dir='ltr'><strong>De</strong></span> <span class='ocrx_word' id='word_1_562' title='bbox 2610 4385 2940 4456; x_wconf 78' lang='lat' dir='ltr'><strong>perﬁciendis</strong></span> <span class='ocrx_word' id='word_1_563' title='bbox 2971 4389 3029 4442; x_wconf 85' lang='lat' dir='ltr'><strong>in</strong></span> <span class='ocrx_word' id='word_1_564' title='bbox 3063 4389 3454 4446; x_wconf 77' lang='lat' dir='ltr'><strong>dormientibus.</strong></span> 
     </span>
    </p>
   </div>
   <div class='ocr_carea' id='block_1_91' title="bbox 2263 4498 3773 4570">
    <p class='ocr_par' dir='ltr' id='par_1_91' title="bbox 2263 4498 3773 4570">
     <span class='ocr_line' id='line_1_91' title="bbox 2263 4498 3773 4570; baseline 0.004 -15"><span class='ocrx_word' id='word_1_565' title='bbox 2263 4498 2359 4556; x_wconf 82' lang='lat' dir='ltr'><strong>liis</strong></span> <span class='ocrx_word' id='word_1_566' title='bbox 2385 4507 2568 4555; x_wconf 86' lang='lat' dir='ltr'><strong>autem</strong></span> <span class='ocrx_word' id='word_1_567' title='bbox 2608 4499 2868 4566; x_wconf 87' lang='lat' dir='ltr'><strong>deﬁnitis,</strong></span> <span class='ocrx_word' id='word_1_568' title='bbox 2911 4502 3275 4557; x_wconf 85' lang='lat' dir='ltr'><strong>necessarium</strong></span> <span class='ocrx_word' id='word_1_569' title='bbox 3307 4503 3492 4559; x_wconf 74' lang='lat' dir='ltr'><strong>dicere</strong></span> <span class='ocrx_word' id='word_1_570' title='bbox 3527 4507 3773 4570; x_wconf 85' lang='lat' dir='ltr'><strong>aestimo,</strong></span> 
     </span>
    </p>
   </div>
   <div class='ocr_carea' id='block_1_92' title="bbox 502 4563 2101 4670">
    <p class='ocr_par' dir='ltr' id='par_1_92' title="bbox 502 4594 2087 4662">
     <span class='ocr_line' id='line_1_92' title="bbox 502 4594 2087 4662; baseline 0.009 -13"><span class='ocrx_word' id='word_1_571' title='bbox 502 4594 689 4650; x_wconf 88' lang='lat' dir='ltr'><strong>ristiae</strong></span> <span class='ocrx_word' id='word_1_572' title='bbox 749 4598 1058 4654; x_wconf 91' lang='lat' dir='ltr'><strong>communio</strong></span> <span class='ocrx_word' id='word_1_573' title='bbox 1121 4600 1357 4656; x_wconf 90' lang='lat' dir='ltr'><strong>traditur</strong></span> <span class='ocrx_word' id='word_1_574' title='bbox 1419 4617 1451 4656; x_wconf 92' lang='lat' dir='ltr'><strong>a</strong></span> <span class='ocrx_word' id='word_1_575' title='bbox 1509 4612 1923 4659; x_wconf 90' lang='lat' dir='ltr'><strong>consummante</strong></span> <span class='ocrx_word' id='word_1_576' title='bbox 1992 4621 2087 4662; x_wconf 91' lang='lat' dir='ltr'><strong>eos</strong></span> 
     </span>
    </p>
   </div>
   <div class='ocr_carea' id='block_1_93' title="bbox 2206 4563 3776 4670">
    <p class='ocr_par' dir='ltr' id='par_1_93' title="bbox 2206 4563 3776 4670">
     <span class='ocr_line' id='line_1_93' title="bbox 2206 4563 3776 4670; baseline 0.003 -19"><span class='ocrx_word' id='word_1_577' title='bbox 2206 4601 2244 4651; x_wconf 64' lang='grc' dir='ltr'><strong>δι</strong></span> <span class='ocrx_word' id='word_1_578' title='bbox 2269 4608 2410 4666; x_wconf 88' lang='lat' dir='ltr'><strong>quae</strong></span> <span class='ocrx_word' id='word_1_579' title='bbox 2443 4608 2475 4648; x_wconf 86' lang='lat' dir='ltr'><strong>a</strong></span> <span class='ocrx_word' id='word_1_580' title='bbox 2523 4592 2681 4650; x_wconf 90' lang='lat' dir='ltr'><strong>nobis</strong></span> <span class='ocrx_word' id='word_1_581' title='bbox 2729 4563 2883 4650; x_wconf 86' lang='lat' dir='ltr'><strong>sacre</strong></span> <span class='ocrx_word' id='word_1_582' title='bbox 2924 4595 2979 4649; x_wconf 92' lang='lat' dir='ltr'><strong>in</strong></span> <span class='ocrx_word' id='word_1_583' title='bbox 3011 4595 3402 4654; x_wconf 89' lang='lat' dir='ltr'><strong>dormientibus</strong></span> <span class='ocrx_word' id='word_1_584' title='bbox 3445 4563 3776 4670; x_wconf 70' lang='lat' dir='ltr'><strong>perﬁcienda</strong></span> 
     </span>
    </p>
   </div>
   <div class='ocr_carea' id='block_1_94' title="bbox 500 4688 2083 4764">
    <p class='ocr_par' dir='ltr' id='par_1_94' title="bbox 500 4688 2083 4764">
     <span class='ocr_line' id='line_1_94' title="bbox 500 4688 2083 4764; baseline 0.008 -25"><span class='ocrx_word' id='word_1_585' title='bbox 500 4699 717 4741; x_wconf 89' lang='lat' dir='ltr'><strong>summo</strong></span> <span class='ocrx_word' id='word_1_586' title='bbox 791 4688 1092 4745; x_wconf 88' lang='lat' dir='ltr'><strong>sacerdote.</strong></span> <span class='ocrx_word' id='word_1_587' title='bbox 1177 4689 1294 4746; x_wconf 82' lang='lat' dir='ltr'><strong>Non</strong></span> <span class='ocrx_word' id='word_1_588' title='bbox 1369 4691 1544 4748; x_wconf 92' lang='lat' dir='ltr'><strong>solum</strong></span> <span class='ocrx_word' id='word_1_589' title='bbox 1573 4733 1588 4759; x_wconf 97' lang='lat'><strong>,</strong></span> <span class='ocrx_word' id='word_1_590' title='bbox 1657 4694 1784 4764; x_wconf 88' lang='lat' dir='ltr'><strong>quia</strong></span> <span class='ocrx_word' id='word_1_591' title='bbox 1858 4695 2083 4752; x_wconf 85' lang='lat' dir='ltr'><strong>divino-</strong></span> 
     </span>
    </p>
   </div>
   <div class='ocr_carea' id='block_1_95' title="bbox 500 4779 2085 4857">
    <p class='ocr_par' dir='ltr' id='par_1_95' title="bbox 500 4779 2085 4857">
     <span class='ocr_line' id='line_1_95' title="bbox 500 4779 2085 4857; baseline 0.01 -28"><span class='ocrx_word' id='word_1_592' title='bbox 500 4791 622 4830; x_wconf 92' lang='lat' dir='ltr'><strong>rum</strong></span> <span class='ocrx_word' id='word_1_593' title='bbox 681 4779 1061 4849; x_wconf 83' lang='lat' dir='ltr'><strong>mysteriorum</strong></span> <span class='ocrx_word' id='word_1_594' title='bbox 1107 4785 1408 4854; x_wconf 91' lang='lat' dir='ltr'><strong>assumptio</strong></span> <span class='ocrx_word' id='word_1_595' title='bbox 1454 4783 1876 4857; x_wconf 88' lang='lat' dir='ltr'><strong>uniuscujusque</strong></span> <span class='ocrx_word' id='word_1_596' title='bbox 1917 4788 2085 4845; x_wconf 84' lang='lat' dir='ltr'><strong>ierar—</strong></span> 
     </span>
    </p>
   </div>
   <div class='ocr_carea' id='block_1_96' title="bbox 499 4865 2082 4948">
    <p class='ocr_par' dir='ltr' id='par_1_96' title="bbox 499 4865 2082 4948">
     <span class='ocr_line' id='line_1_96' title="bbox 499 4865 2082 4948; baseline 0.009 -28"><span class='ocrx_word' id='word_1_597' title='bbox 499 4865 687 4921; x_wconf 87' lang='lat' dir='ltr'><strong>chicae</strong></span> <span class='ocrx_word' id='word_1_598' title='bbox 731 4867 1163 4939; x_wconf 90' lang='lat' dir='ltr'><strong>participationis</strong></span> <span class='ocrx_word' id='word_1_599' title='bbox 1212 4881 1297 4926; x_wconf 89' lang='lat' dir='ltr'><strong>est</strong></span> <span class='ocrx_word' id='word_1_600' title='bbox 1335 4875 1751 4942; x_wconf 89' lang='lat' dir='ltr'><strong>consummatio,</strong></span> <span class='ocrx_word' id='word_1_601' title='bbox 1811 4878 1904 4932; x_wconf 88' lang='lat' dir='ltr'><strong>sed</strong></span> <span class='ocrx_word' id='word_1_602' title='bbox 1953 4879 2082 4948; x_wconf 88' lang='lat' dir='ltr'><strong>quia</strong></span> 
     </span>
    </p>
   </div>
   <div class='ocr_carea' id='block_1_97' title="bbox 503 4960 2083 5030">
    <p class='ocr_par' dir='ltr' id='par_1_97' title="bbox 503 4960 2083 5030">
     <span class='ocr_line' id='line_1_97' title="bbox 503 4960 2083 5030; baseline 0.008 -16"><span class='ocrx_word' id='word_1_603' title='bbox 503 4969 559 5015; x_wconf 92' lang='lat' dir='ltr'><strong>et</strong></span> <span class='ocrx_word' id='word_1_604' title='bbox 627 4960 742 5030; x_wconf 88' lang='lat' dir='ltr'><strong>ipsa</strong></span> <span class='ocrx_word' id='word_1_605' title='bbox 808 4962 1193 5018; x_wconf 90' lang='lat' dir='ltr'><strong>communione</strong></span> <span class='ocrx_word' id='word_1_606' title='bbox 1255 4973 1312 5019; x_wconf 89' lang='lat' dir='ltr'><strong>et</strong></span> <span class='ocrx_word' id='word_1_607' title='bbox 1376 4965 1713 5024; x_wconf 89' lang='lat' dir='ltr'><strong>divinissima</strong></span> <span class='ocrx_word' id='word_1_608' title='bbox 1792 4969 2083 5028; x_wconf 89' lang='lat' dir='ltr'><strong>donatione</strong></span> 
     </span>
    </p>
   </div>
   <div class='ocr_carea' id='block_1_98' title="bbox 497 5051 2082 5131">
    <p class='ocr_par' dir='ltr' id='par_1_98' title="bbox 497 5051 2082 5131">
     <span class='ocr_line' id='line_1_98' title="bbox 497 5051 2082 5131; baseline 0.009 -27"><span class='ocrx_word' id='word_1_609' title='bbox 497 5051 981 5124; x_wconf 89' lang='lat' dir='ltr'><strong>proportionaliter</strong></span> <span class='ocrx_word' id='word_1_610' title='bbox 1001 5053 1081 5108; x_wconf 91' lang='lat' dir='ltr'><strong>eis</strong></span> <span class='ocrx_word' id='word_1_611' title='bbox 1105 5056 1403 5110; x_wconf 88' lang='lat' dir='ltr'><strong>secundum</strong></span> <span class='ocrx_word' id='word_1_612' title='bbox 1427 5073 1831 5131; x_wconf 90' lang='lat' dir='ltr'><strong>unamquamqu</strong></span> <span class='ocrx_word' id='word_1_613' title='bbox 1858 5077 2082 5119; x_wconf 86' lang='lat' dir='ltr'><strong>esacrae</strong></span> 
     </span>
    </p>
   </div>
   <div class='ocr_carea' id='block_1_99' title="bbox 498 5145 2077 5224">
    <p class='ocr_par' dir='ltr' id='par_1_99' title="bbox 498 5145 2077 5224">
     <span class='ocr_line' id='line_1_99' title="bbox 498 5145 2077 5224; baseline 0.009 -26"><span class='ocrx_word' id='word_1_614' title='bbox 498 5159 686 5200; x_wconf 91' lang='lat' dir='ltr'><strong>omnes</strong></span> <span class='ocrx_word' id='word_1_615' title='bbox 707 5145 1078 5204; x_wconf 91' lang='lat' dir='ltr'><strong>ordinationes</strong></span> <span class='ocrx_word' id='word_1_616' title='bbox 1103 5149 1455 5220; x_wconf 89' lang='lat' dir='ltr'><strong>participant,</strong></span> <span class='ocrx_word' id='word_1_617' title='bbox 1482 5150 1550 5205; x_wconf 88' lang='lat' dir='ltr'><strong>ad</strong></span> <span class='ocrx_word' id='word_1_618' title='bbox 1582 5155 1858 5224; x_wconf 90' lang='lat' dir='ltr'><strong>propriam</strong></span> <span class='ocrx_word' id='word_1_619' title='bbox 1886 5170 2077 5213; x_wconf 89' lang='lat' dir='ltr'><strong>earum</strong></span> 
     </span>
    </p>
   </div>
   <div class='ocr_carea' id='block_1_100' title="bbox 497 5236 2082 5321">
    <p class='ocr_par' dir='ltr' id='par_1_100' title="bbox 497 5236 2082 5321">
     <span class='ocr_line' id='line_1_100' title="bbox 497 5236 2082 5321; baseline 0.009 -29"><span class='ocrx_word' id='word_1_620' title='bbox 497 5236 786 5306; x_wconf 88' lang='lat' dir='ltr'><strong>positionis</strong></span> <span class='ocrx_word' id='word_1_621' title='bbox 835 5254 1114 5312; x_wconf 84' lang='lat' dir='ltr'><strong>anagogen</strong></span> <span class='ocrx_word' id='word_1_622' title='bbox 1151 5248 1208 5296; x_wconf 92' lang='lat' dir='ltr'><strong>et</strong></span> <span class='ocrx_word' id='word_1_623' title='bbox 1235 5245 1780 5302; x_wconf 91' lang='lat' dir='ltr'><strong>consummationem.</strong></span> <span class='ocrx_word' id='word_1_624' title='bbox 1824 5247 2082 5321; x_wconf 89' lang='lat' dir='ltr'><strong>Compre-</strong></span> 
     </span>
    </p>
   </div>
   <div class='ocr_carea' id='block_1_101' title="bbox 497 5330 2080 5411">
    <p class='ocr_par' dir='ltr' id='par_1_101' title="bbox 497 5330 2080 5411">
     <span class='ocr_line' id='line_1_101' title="bbox 497 5330 2080 5411; baseline 0.009 -26"><span class='ocrx_word' id='word_1_625' title='bbox 497 5330 729 5386; x_wconf 91' lang='lat' dir='ltr'><strong>bensum</strong></span> <span class='ocrx_word' id='word_1_626' title='bbox 750 5340 831 5387; x_wconf 89' lang='lat' dir='ltr'><strong>est</strong></span> <span class='ocrx_word' id='word_1_627' title='bbox 861 5332 1026 5404; x_wconf 89' lang='lat' dir='ltr'><strong>igitur</strong></span> <span class='ocrx_word' id='word_1_628' title='bbox 1051 5350 1080 5388; x_wconf 91' lang='lat' dir='ltr'><strong>a</strong></span> <span class='ocrx_word' id='word_1_629' title='bbox 1110 5335 1286 5400; x_wconf 92' lang='lat' dir='ltr'><strong>nobis,</strong></span> <span class='ocrx_word' id='word_1_630' title='bbox 1317 5339 1590 5406; x_wconf 90' lang='lat' dir='ltr'><strong>quomodo</strong></span> <span class='ocrx_word' id='word_1_631' title='bbox 1617 5347 1840 5396; x_wconf 90' lang='lat' dir='ltr'><strong>sanctae</strong></span> <span class='ocrx_word' id='word_1_632' title='bbox 1861 5341 2080 5411; x_wconf 85' lang='lat' dir='ltr'><strong>quidem</strong></span> 
     </span>
    </p>
   </div>
   <div class='ocr_carea' id='block_1_102' title="bbox 497 5422 2080 5497">
    <p class='ocr_par' dir='ltr' id='par_1_102' title="bbox 497 5422 2080 5497">
     <span class='ocr_line' id='line_1_102' title="bbox 497 5422 2080 5497; baseline 0.009 -20"><span class='ocrx_word' id='word_1_633' title='bbox 497 5422 696 5479; x_wconf 89' lang='lat' dir='ltr'><strong>teletae</strong></span> <span class='ocrx_word' id='word_1_634' title='bbox 723 5427 970 5497; x_wconf 89' lang='lat' dir='ltr'><strong>purgatio</strong></span> <span class='ocrx_word' id='word_1_635' title='bbox 991 5436 1116 5483; x_wconf 89' lang='lat' dir='ltr'><strong>sunt</strong></span> <span class='ocrx_word' id='word_1_636' title='bbox 1137 5436 1194 5484; x_wconf 90' lang='lat' dir='ltr'><strong>et</strong></span> <span class='ocrx_word' id='word_1_637' title='bbox 1222 5428 1546 5487; x_wconf 86' lang='lat' dir='ltr'><strong>illuminatio</strong></span> <span class='ocrx_word' id='word_1_638' title='bbox 1570 5439 1628 5488; x_wconf 92' lang='lat' dir='ltr'><strong>et</strong></span> <span class='ocrx_word' id='word_1_639' title='bbox 1652 5437 2080 5492; x_wconf 89' lang='lat' dir='ltr'><strong>consummatio:</strong></span> 
     </span>
    </p>
   </div>
   <div class='ocr_carea' id='block_1_103' title="bbox 498 5513 2082 5590">
    <p class='ocr_par' dir='ltr' id='par_1_103' title="bbox 498 5513 2082 5590">
     <span class='ocr_line' id='line_1_103' title="bbox 498 5513 2082 5590; baseline 0.009 -23"><span class='ocrx_word' id='word_1_640' title='bbox 498 5513 736 5572; x_wconf 88' lang='lat' dir='ltr'><strong>ministri</strong></span> <span class='ocrx_word' id='word_1_641' title='bbox 785 5523 967 5573; x_wconf 86' lang='lat' dir='ltr'><strong>autem</strong></span> <span class='ocrx_word' id='word_1_642' title='bbox 997 5519 1313 5590; x_wconf 85' lang='lat' dir='ltr'><strong>purgativus</strong></span> <span class='ocrx_word' id='word_1_643' title='bbox 1361 5521 1499 5577; x_wconf 93' lang='lat' dir='ltr'><strong>ordo</strong></span> <span class='ocrx_word' id='word_1_644' title='bbox 1537 5535 1554 5576; x_wconf 90' lang='lat'><strong>:</strong></span> <span class='ocrx_word' id='word_1_645' title='bbox 1599 5525 1912 5582; x_wconf 88' lang='lat' dir='ltr'><strong>sacerdotes</strong></span> <span class='ocrx_word' id='word_1_646' title='bbox 1962 5526 2082 5582; x_wconf 83' lang='lat' dir='ltr'><strong>illu-</strong></span> 
     </span>
    </p>
   </div>
   <div class='ocr_carea' id='block_1_104' title="bbox 2189 4684 3777 4756">
    <p class='ocr_par' dir='ltr' id='par_1_104' title="bbox 2189 4684 3777 4756">
     <span class='ocr_line' id='line_1_104' title="bbox 2189 4684 3777 4756; baseline 0.006 -17"><span class='ocrx_word' id='word_1_647' title='bbox 2189 4693 2332 4739; x_wconf 90' lang='lat' dir='ltr'><strong>sunt.</strong></span> <span class='ocrx_word' id='word_1_648' title='bbox 2383 4684 2599 4740; x_wconf 88' lang='lat' dir='ltr'><strong>Etenim</strong></span> <span class='ocrx_word' id='word_1_649' title='bbox 2663 4699 2840 4756; x_wconf 87' lang='lat' dir='ltr'><strong>neque</strong></span> <span class='ocrx_word' id='word_1_650' title='bbox 2885 4687 2986 4740; x_wconf 89' lang='lat' dir='ltr'><strong>hoc</strong></span> <span class='ocrx_word' id='word_1_651' title='bbox 3033 4701 3321 4743; x_wconf 88' lang='lat' dir='ltr'><strong>commune</strong></span> <span class='ocrx_word' id='word_1_652' title='bbox 3351 4698 3433 4745; x_wconf 89' lang='lat' dir='ltr'><strong>est</strong></span> <span class='ocrx_word' id='word_1_653' title='bbox 3475 4694 3682 4748; x_wconf 85' lang='lat' dir='ltr'><strong>sanctis</strong></span> <span class='ocrx_word' id='word_1_654' title='bbox 3725 4704 3777 4748; x_wconf 87' lang='lat' dir='ltr'><strong>et</strong></span> 
     </span>
    </p>
   </div>
   <div class='ocr_carea' id='block_1_105' title="bbox 2188 4775 3778 4858">
    <p class='ocr_par' dir='ltr' id='par_1_105' title="bbox 2188 4775 3778 4858">
     <span class='ocr_line' id='line_1_105' title="bbox 2188 4775 3778 4858; baseline 0.009 -29"><span class='ocrx_word' id='word_1_655' title='bbox 2188 4775 2522 4832; x_wconf 89' lang='lat' dir='ltr'><strong>immundis:</strong></span> <span class='ocrx_word' id='word_1_656' title='bbox 2551 4777 2648 4834; x_wconf 83' lang='lat' dir='ltr'><strong>sed</strong></span> <span class='ocrx_word' id='word_1_657' title='bbox 2675 4777 2815 4834; x_wconf 94' lang='lat' dir='ltr'><strong>sicut</strong></span> <span class='ocrx_word' id='word_1_658' title='bbox 2841 4778 3052 4835; x_wconf 83' lang='lat' dir='ltr'><strong>diversa</strong></span> <span class='ocrx_word' id='word_1_659' title='bbox 3095 4780 3268 4836; x_wconf 80' lang='lat' dir='ltr'><strong>forma</strong></span> <span class='ocrx_word' id='word_1_660' title='bbox 3311 4792 3396 4838; x_wconf 90' lang='lat' dir='ltr'><strong>est</strong></span> <span class='ocrx_word' id='word_1_661' title='bbox 3420 4795 3778 4858; x_wconf 86' lang='lat' dir='ltr'><strong>utrorumque</strong></span> 
     </span>
    </p>
   </div>
   <div class='ocr_carea' id='block_1_106' title="bbox 2184 4869 3772 4949">
    <p class='ocr_par' dir='ltr' id='par_1_106' title="bbox 2184 4869 3772 4949">
     <span class='ocr_line' id='line_1_106' title="bbox 2184 4869 3772 4949; baseline 0.008 -26"><span class='ocrx_word' id='word_1_662' title='bbox 2184 4869 2346 4936; x_wconf 88' lang='lat' dir='ltr'><strong>vitae,</strong></span> <span class='ocrx_word' id='word_1_663' title='bbox 2381 4869 2460 4926; x_wconf 88' lang='lat' dir='ltr'><strong>sic</strong></span> <span class='ocrx_word' id='word_1_664' title='bbox 2487 4880 2541 4926; x_wconf 88' lang='lat' dir='ltr'><strong>et</strong></span> <span class='ocrx_word' id='word_1_665' title='bbox 2581 4873 2648 4926; x_wconf 91' lang='lat' dir='ltr'><strong>ad</strong></span> <span class='ocrx_word' id='word_1_666' title='bbox 2680 4881 2910 4928; x_wconf 89' lang='lat' dir='ltr'><strong>mortem</strong></span> <span class='ocrx_word' id='word_1_667' title='bbox 2933 4874 3236 4941; x_wconf 85' lang='lat' dir='ltr'><strong>venientes,</strong></span> <span class='ocrx_word' id='word_1_668' title='bbox 3278 4877 3371 4946; x_wconf 86' lang='lat' dir='ltr'><strong>qui</strong></span> <span class='ocrx_word' id='word_1_669' title='bbox 3417 4877 3640 4949; x_wconf 89' lang='lat' dir='ltr'><strong>quidem</strong></span> <span class='ocrx_word' id='word_1_670' title='bbox 3689 4895 3772 4934; x_wconf 79' lang='lat' dir='ltr'><strong>sa-</strong></span> 
     </span>
    </p>
   </div>
   <div class='ocr_carea' id='block_1_107' title="bbox 2186 4963 3774 5038">
    <p class='ocr_par' dir='ltr' id='par_1_107' title="bbox 2186 4963 3774 5038">
     <span class='ocr_line' id='line_1_107' title="bbox 2186 4963 3774 5038; baseline 0.006 -20"><span class='ocrx_word' id='word_1_671' title='bbox 2186 4977 2336 5019; x_wconf 91' lang='lat' dir='ltr'><strong>cram</strong></span> <span class='ocrx_word' id='word_1_672' title='bbox 2366 4963 2565 5020; x_wconf 87' lang='lat' dir='ltr'><strong>habent</strong></span> <span class='ocrx_word' id='word_1_673' title='bbox 2589 4964 2777 5032; x_wconf 90' lang='lat' dir='ltr'><strong>vitam,</strong></span> <span class='ocrx_word' id='word_1_674' title='bbox 2809 4965 2862 5021; x_wconf 94' lang='lat' dir='ltr'><strong>in</strong></span> <span class='ocrx_word' id='word_1_675' title='bbox 2884 4980 3042 5022; x_wconf 90' lang='lat' dir='ltr'><strong>veras</strong></span> <span class='ocrx_word' id='word_1_676' title='bbox 3063 4969 3453 5038; x_wconf 88' lang='lat' dir='ltr'><strong>promissiones</strong></span> <span class='ocrx_word' id='word_1_677' title='bbox 3473 4969 3774 5028; x_wconf 82' lang='lat' dir='ltr'><strong>divinitatis</strong></span> 
     </span>
    </p>
   </div>
   <div class='ocr_carea' id='block_1_108' title="bbox 2191 5058 3774 5136">
    <p class='ocr_par' dir='ltr' id='par_1_108' title="bbox 2191 5058 3774 5136">
     <span class='ocr_line' id='line_1_108' title="bbox 2191 5058 3774 5136; baseline 0.006 -24"><span class='ocrx_word' id='word_1_678' title='bbox 2191 5058 2561 5128; x_wconf 89' lang='lat' dir='ltr'><strong>respicientes,</strong></span> <span class='ocrx_word' id='word_1_679' title='bbox 2605 5066 2865 5128; x_wconf 88' lang='lat' dir='ltr'><strong>tanquam</strong></span> <span class='ocrx_word' id='word_1_680' title='bbox 2894 5061 3176 5117; x_wconf 85' lang='lat' dir='ltr'><strong>veritatem</strong></span> <span class='ocrx_word' id='word_1_681' title='bbox 3223 5078 3376 5118; x_wconf 87' lang='lat' dir='ltr'><strong>suam</strong></span> <span class='ocrx_word' id='word_1_682' title='bbox 3421 5063 3477 5119; x_wconf 91' lang='lat' dir='ltr'><strong>in</strong></span> <span class='ocrx_word' id='word_1_683' title='bbox 3502 5080 3588 5130; x_wconf 87' lang='lat' dir='ltr'><strong>ea,</strong></span> <span class='ocrx_word' id='word_1_684' title='bbox 3636 5081 3774 5136; x_wconf 79' lang='lat' dir='ltr'><strong>quae</strong></span> 
     </span>
    </p>
   </div>
   <div class='ocr_carea' id='block_1_109' title="bbox 2187 5151 3764 5226">
    <p class='ocr_par' dir='ltr' id='par_1_109' title="bbox 2187 5151 3764 5226">
     <span class='ocr_line' id='line_1_109' title="bbox 2187 5151 3764 5226; baseline 0.004 -21"><span class='ocrx_word' id='word_1_685' title='bbox 2187 5151 2481 5206; x_wconf 90' lang='lat' dir='ltr'><strong>secundum</strong></span> <span class='ocrx_word' id='word_1_686' title='bbox 2511 5151 2681 5221; x_wconf 90' lang='lat' dir='ltr'><strong>ipsam</strong></span> <span class='ocrx_word' id='word_1_687' title='bbox 2711 5158 2816 5219; x_wconf 90' lang='lat' dir='ltr'><strong>est,</strong></span> <span class='ocrx_word' id='word_1_688' title='bbox 2869 5153 3267 5208; x_wconf 89' lang='lat' dir='ltr'><strong>resurrectione</strong></span> <span class='ocrx_word' id='word_1_689' title='bbox 3321 5155 3764 5226; x_wconf 83' lang='lat' dir='ltr'><strong>contemplaturi,</strong></span> 
     </span>
    </p>
   </div>
   <div class='ocr_carea' id='block_1_110' title="bbox 2187 5242 3771 5315">
    <p class='ocr_par' dir='ltr' id='par_1_110' title="bbox 2187 5242 3771 5315">
     <span class='ocr_line' id='line_1_110' title="bbox 2187 5242 3771 5315; baseline 0.004 -15"><span class='ocrx_word' id='word_1_690' title='bbox 2187 5260 2312 5300; x_wconf 90' lang='lat' dir='ltr'><strong>cum</strong></span> <span class='ocrx_word' id='word_1_691' title='bbox 2361 5242 2513 5298; x_wconf 85' lang='lat' dir='ltr'><strong>ﬁrma</strong></span> <span class='ocrx_word' id='word_1_692' title='bbox 2565 5251 2620 5299; x_wconf 91' lang='lat' dir='ltr'><strong>et</strong></span> <span class='ocrx_word' id='word_1_693' title='bbox 2671 5258 2796 5300; x_wconf 89' lang='lat' dir='ltr'><strong>vera</strong></span> <span class='ocrx_word' id='word_1_694' title='bbox 2828 5257 2924 5315; x_wconf 88' lang='lat' dir='ltr'><strong>spe</strong></span> <span class='ocrx_word' id='word_1_695' title='bbox 2946 5245 2998 5298; x_wconf 93' lang='lat' dir='ltr'><strong>in</strong></span> <span class='ocrx_word' id='word_1_696' title='bbox 3029 5244 3237 5300; x_wconf 90' lang='lat' dir='ltr'><strong>laetitia</strong></span> <span class='ocrx_word' id='word_1_697' title='bbox 3273 5245 3456 5302; x_wconf 84' lang='lat' dir='ltr'><strong>divina</strong></span> <span class='ocrx_word' id='word_1_698' title='bbox 3484 5247 3553 5303; x_wconf 88' lang='lat' dir='ltr'><strong>ad</strong></span> <span class='ocrx_word' id='word_1_699' title='bbox 3584 5251 3771 5306; x_wconf 88' lang='lat' dir='ltr'><strong>mortis</strong></span> 
     </span>
    </p>
   </div>
   <div class='ocr_carea' id='block_1_111' title="bbox 2187 5333 3771 5400">
    <p class='ocr_par' dir='ltr' id='par_1_111' title="bbox 2187 5333 3771 5400">
     <span class='ocr_line' id='line_1_111' title="bbox 2187 5333 3771 5400; baseline 0.003 -9"><span class='ocrx_word' id='word_1_700' title='bbox 2187 5349 2455 5392; x_wconf 89' lang='lat' dir='ltr'><strong>summum</strong></span> <span class='ocrx_word' id='word_1_701' title='bbox 2500 5334 2742 5400; x_wconf 88' lang='lat' dir='ltr'><strong>veniunt,</strong></span> <span class='ocrx_word' id='word_1_702' title='bbox 2775 5333 2924 5390; x_wconf 85' lang='lat' dir='ltr'><strong>velut</strong></span> <span class='ocrx_word' id='word_1_703' title='bbox 2949 5335 3019 5390; x_wconf 90' lang='lat' dir='ltr'><strong>ad</strong></span> <span class='ocrx_word' id='word_1_704' title='bbox 3050 5335 3210 5394; x_wconf 83' lang='lat' dir='ltr'><strong>ﬁnem</strong></span> <span class='ocrx_word' id='word_1_705' title='bbox 3241 5337 3549 5394; x_wconf 89' lang='lat' dir='ltr'><strong>divinorum</strong></span> <span class='ocrx_word' id='word_1_706' title='bbox 3596 5351 3771 5396; x_wconf 82' lang='lat' dir='ltr'><strong>certa-</strong></span> 
     </span>
    </p>
   </div>
   <div class='ocr_carea' id='block_1_112' title="bbox 2188 5425 3770 5498">
    <p class='ocr_par' dir='ltr' id='par_1_112' title="bbox 2188 5425 3770 5498">
     <span class='ocr_line' id='line_1_112' title="bbox 2188 5425 3770 5498; baseline 0.003 -13"><span class='ocrx_word' id='word_1_707' title='bbox 2188 5430 2415 5495; x_wconf 90' lang='lat' dir='ltr'><strong>minum,</strong></span> <span class='ocrx_word' id='word_1_708' title='bbox 2458 5428 2514 5482; x_wconf 91' lang='lat' dir='ltr'><strong>in</strong></span> <span class='ocrx_word' id='word_1_709' title='bbox 2551 5425 2945 5498; x_wconf 84' lang='lat' dir='ltr'><strong>perfectissima</strong></span> <span class='ocrx_word' id='word_1_710' title='bbox 2993 5438 3050 5485; x_wconf 92' lang='lat' dir='ltr'><strong>et</strong></span> <span class='ocrx_word' id='word_1_711' title='bbox 3090 5445 3198 5486; x_wconf 92' lang='lat' dir='ltr'><strong>non</strong></span> <span class='ocrx_word' id='word_1_712' title='bbox 3249 5431 3533 5490; x_wconf 82' lang='lat' dir='ltr'><strong>deﬁciente</strong></span> <span class='ocrx_word' id='word_1_713' title='bbox 3559 5435 3671 5490; x_wconf 82' lang='lat' dir='ltr'><strong>vita</strong></span> <span class='ocrx_word' id='word_1_714' title='bbox 3715 5444 3770 5490; x_wconf 88' lang='lat' dir='ltr'><strong>et</strong></span> 
     </span>
    </p>
   </div>
   <div class='ocr_carea' id='block_1_113' title="bbox 2185 5518 3766 5598">
    <p class='ocr_par' dir='ltr' id='par_1_113' title="bbox 2185 5518 3766 5598">
     <span class='ocr_line' id='line_1_113' title="bbox 2185 5518 3766 5598; baseline 0.001 -20"><span class='ocrx_word' id='word_1_715' title='bbox 2185 5520 2380 5587; x_wconf 88' lang='lat' dir='ltr'><strong>salute,</strong></span> <span class='ocrx_word' id='word_1_716' title='bbox 2398 5534 2537 5590; x_wconf 90' lang='lat' dir='ltr'><strong>quae</strong></span> <span class='ocrx_word' id='word_1_717' title='bbox 2556 5518 2852 5576; x_wconf 88' lang='lat' dir='ltr'><strong>secundum</strong></span> <span class='ocrx_word' id='word_1_718' title='bbox 2875 5534 2971 5576; x_wconf 90' lang='lat' dir='ltr'><strong>eos</strong></span> <span class='ocrx_word' id='word_1_719' title='bbox 2997 5531 3159 5578; x_wconf 89' lang='lat' dir='ltr'><strong>erunt</strong></span> <span class='ocrx_word' id='word_1_720' title='bbox 3178 5523 3398 5581; x_wconf 88' lang='lat' dir='ltr'><strong>omnino</strong></span> <span class='ocrx_word' id='word_1_721' title='bbox 3414 5525 3646 5583; x_wconf 77' lang='lat' dir='ltr'><strong>scientes</strong></span> <span class='ocrx_word' id='word_1_722' title='bbox 3671 5540 3766 5598; x_wconf 83' lang='lat' dir='ltr'><strong>per</strong></span> 
     </span>
    </p>
   </div>
   <div class='ocr_carea' id='block_1_114' title="bbox 1803 5631 2492 5698">
    <p class='ocr_par' dir='ltr' id='par_1_114' title="bbox 1803 5631 2492 5698">
     <span class='ocr_line' id='line_1_114' title="bbox 1803 5631 2492 5698; baseline -0.006 -8"><span class='ocrx_word' id='word_1_723' title='bbox 1803 5634 2058 5697; x_wconf 80' lang='lat' dir='ltr'><strong>VARIAE</strong></span> <span class='ocrx_word' id='word_1_724' title='bbox 2092 5631 2492 5698; x_wconf 81' lang='lat' dir='ltr'><strong>LECTIONES.</strong></span> 
     </span>
    </p>
   </div>
   <div class='ocr_carea' id='block_1_115' title="bbox 617 5745 1661 5818">
    <p class='ocr_par' dir='ltr' id='par_1_115' title="bbox 617 5745 1661 5818">
     <span class='ocr_line' id='line_1_115' title="bbox 617 5745 1661 5818; baseline 0.004 -18"><span class='ocrx_word' id='word_1_725' title='bbox 617 5745 927 5818; x_wconf 61' lang='lat' dir='ltr'><strong>ordinga__—</strong></span> <span class='ocrx_word' id='word_1_726' title='bbox 955 5757 1346 5818; x_wconf 61' lang='lat' dir='ltr'><strong>consequentem</strong></span> <span class='ocrx_word' id='word_1_727' title='bbox 1385 5763 1494 5818; x_wconf 88' lang='lat' dir='ltr'><strong>om.</strong></span> <span class='ocrx_word' id='word_1_728' title='bbox 1525 5748 1567 5803; x_wconf 89' lang='grc' dir='ltr'>Β</span> <span class='ocrx_word' id='word_1_729' title='bbox 1595 5748 1661 5804; x_wconf 89' lang='lat' dir='ltr'><strong>H.</strong></span> 
     </span>
    </p>
   </div>
   <div class='ocr_carea' id='block_1_116' title="bbox 499 5814 1695 5892">
    <p class='ocr_par' dir='ltr' id='par_1_116' title="bbox 499 5814 1695 5892">
     <span class='ocr_line' id='line_1_116' title="bbox 499 5814 1695 5892; baseline 0.004 -20"><span class='ocrx_word' id='word_1_730' title='bbox 499 5814 524 5848; x_wconf 85' lang='grc'>⁸</span> <span class='ocrx_word' id='word_1_731' title='bbox 543 5815 612 5873; x_wconf 74' lang='lat' dir='ltr'><strong>sit</strong></span> <span class='ocrx_word' id='word_1_732' title='bbox 635 5830 746 5874; x_wconf 89' lang='lat' dir='ltr'><strong>om.</strong></span> <span class='ocrx_word' id='word_1_733' title='bbox 775 5814 886 5874; x_wconf 79' lang='lat' dir='ltr'><strong>BH.</strong></span> <span class='ocrx_word' id='word_1_734' title='bbox 961 5817 983 5850; x_wconf 82' lang='lat'>&#39;</span> <span class='ocrx_word' id='word_1_735' title='bbox 1009 5816 1100 5873; x_wconf 82' lang='lat' dir='ltr'><strong>BH</strong></span> <span class='ocrx_word' id='word_1_736' title='bbox 1121 5814 1190 5875; x_wconf 72' lang='lat' dir='ltr'><strong>et.</strong></span> <span class='ocrx_word' id='word_1_737' title='bbox 1267 5819 1287 5850; x_wconf 82' lang='lat'>&#39;</span> <span class='ocrx_word' id='word_1_738' title='bbox 1307 5817 1402 5876; x_wconf 84' lang='lat' dir='ltr'><strong>AE</strong></span> <span class='ocrx_word' id='word_1_739' title='bbox 1425 5829 1695 5892; x_wconf 81' lang='lat' dir='ltr'><strong>tanquam.</strong></span> 
     </span>
    </p>
   </div>
   <div class='ocr_carea' id='block_1_117' title="bbox 1770 5738 3196 5828">
    <p class='ocr_par' dir='ltr' id='par_1_117' title="bbox 1770 5738 3196 5828">
     <span class='ocr_line' id='line_1_117' title="bbox 1770 5738 3196 5828; baseline 0.001 -18"><span class='ocrx_word' id='word_1_740' title='bbox 1770 5753 1791 5786; x_wconf 84' lang='grc'>¹</span> <span class='ocrx_word' id='word_1_741' title='bbox 1815 5738 2638 5828; x_wconf 36' lang='lat' dir='ltr'><strong>Ejgnomnter.‘quodammodo.</strong></span> <span class='ocrx_word' id='word_1_742' title='bbox 2713 5747 2736 5783; x_wconf 85' lang='grc'><em>³</em></span> <span class='ocrx_word' id='word_1_743' title='bbox 2763 5748 2810 5808; x_wconf 79' lang='grc' dir='ltr'><strong>Δ</strong></span> <span class='ocrx_word' id='word_1_744' title='bbox 2834 5748 2878 5807; x_wconf 87' lang='lat' dir='ltr'><strong>E</strong></span> <span class='ocrx_word' id='word_1_745' title='bbox 2905 5746 3196 5824; x_wconf 71' lang='lat' dir='ltr'><strong>Purgatus.</strong></span> 
     </span>
    </p>
   </div>
   <div class='ocr_carea' id='block_1_118' title="bbox 3295 5753 3757 5827">
    <p class='ocr_par' dir='ltr' id='par_1_118' title="bbox 3295 5753 3757 5827">
     <span class='ocr_line' id='line_1_118' title="bbox 3295 5753 3757 5827; baseline 0.004 -17"><span class='ocrx_word' id='word_1_746' title='bbox 3295 5756 3317 5788; x_wconf 71' lang='grc'>⁸</span> <span class='ocrx_word' id='word_1_747' title='bbox 3344 5753 3437 5812; x_wconf 79' lang='grc' dir='ltr'><strong>ΑΕ</strong></span> <span class='ocrx_word' id='word_1_748' title='bbox 3487 5764 3757 5827; x_wconf 71' lang='lat' dir='ltr'><strong>purgatus.</strong></span> 
     </span>
    </p>
   </div>
  </div>
