4008 6286
251 351 394 412 1105

805 352 1055 416 VERSIO
1091 354 1380 419 OPERUM
1419 357 1478 418 S.
1520 358 1864 422 DlONYSll..
1892 387 1964 404 —-
1997 359 2536 422 ECCLESIASTICA
2568 361 2964 446 IERARCHIA.

3392 365 3533 424 1106

247 471 488 530 futuram
513 485 668 528 suam
697 472 1056 530 universalem
1082 475 1554 533 resurrectionem.
1602 476 1835 535 Sanctae
1859 482 1912 543 Α
1937 487 2119 534 autem
2146 478 2431 538 domestici
2457 483 2755 538 secundum
2783 483 3022 540 divinam
3063 483 3451 542 habitationem
3477 497 3534 546 et

245 563 389 620 enim
415 564 648 630 animae,
679 565 746 621 ad
775 581 896 622 eam
932 567 986 622 in
1017 568 1160 624 mala
1181 569 1479 625 secundum
1505 570 1646 627 lianc
1666 571 1836 628 vitam

214 644 517 725 potentem
548 655 792 712 cadendo
838 659 1251 715 conversionem
1292 675 1400 715 non
1435 660 1735 728 venientes,
1779 662 1836 718 in

242 759 306 801 ea
362 745 562 801 iterum
601 748 950 818 generatione
994 751 1048 805 in
1096 752 1510 809 conversibilem
1559 754 1836 812 habebunt

241 835 778 896 deiformosissimam
810 843 1378 902 transordinationem.
1418 845 1614 904 Munda
1650 860 1832 906 autem

239 938 546 985 sanctarum
568 932 871 990 animarum
884 934 1111 1006 coniuga
1125 945 1182 994 et
1194 939 1440 995 coeuntia
1459 955 1685 1011 corpora
1703 956 1833 998 con-

237 1024 439 1094 scripta
496 1024 516 1057 ¹
562 1033 617 1082 et
651 1027 1064 1085 commilitantia
1107 1023 1401 1087 secundum
1448 1033 1659 1090 divinas
1703 1019 1849 1092 suas

238 1116 637 1183 collocationes,
667 1118 722 1176 in
748 1119 1052 1177 animarum
1083 1123 1509 1180 incommutabili
1531 1127 1830 1185 secundum

235 1206 471 1264 divinam
517 1209 683 1266 vitam
737 1210 1090 1272 fundamento
1133 1218 1497 1288 conrecipient
1554 1221 1830 1291 propriam

233 1303 803 1360 resurrectionem.Eo
821 1307 964 1378 quod
993 1308 1139 1366 enim
1163 1311 1313 1367 unita
1343 1322 1502 1368 erant
1528 1315 1826 1370 secundum

230 1395 375 1450 hanc
406 1396 572 1452 vitam
604 1398 778 1454 sacris
806 1401 1110 1470 animabus,
1155 1405 1301 1460 velut
1335 1406 1579 1462 membra
1619 1405 1823 1464 Christi

199 1487 206 1504 ⁵
231 1486 730 1554 facta,deil‘ormem
756 1501 810 1548 et
837 1493 1323 1566 incorruptibilem,
1352 1498 1824 1572 immortalemque

227 1590 279 1636 et
302 1582 521 1639 beatam
555 1585 818 1656 recipient
851 1589 1110 1659 quietem.
1153 1591 1212 1646 In
1243 1593 1327 1648 his
1354 1609 1483 1665 ergo
1507 1605 1822 1650 sanctorum

227 1684 310 1730 est
338 1678 493 1747 quies
525 1678 579 1734 in
601 1679 806 1736 laetitia
841 1690 897 1738 et
924 1684 1248 1742 immutabili
1279 1703 1398 1758 spe,
1427 1688 1482 1742 in
1513 1689 1818 1744 divinorum

224 1768 586 1826 certaminum
651 1782 974 1843 perventura
1055 1792 1348 1834 summum.
1411 1780 1817 1837 lmmundorum

222 1872 353 1913 vero
378 1858 468 1915 alii
496 1861 716 1932 quidem
747 1864 800 1919 in
832 1880 938 1921 non
968 1867 1375 1940 subsistentiam
1423 1872 1812 1930 irrationabili-

224 1959 307 2004 ter
332 1953 622 2009 aestimant
661 1955 880 2014 redire:
915 1957 1006 2014 alii
1030 1975 1161 2016 vero
1195 1964 1535 2033 corporalem
1563 1965 1620 2020 in
1643 1967 1813 2023 semel

221 2043 497 2115 corrumpi
523 2047 864 2117 propriarum
886 2050 1193 2108 animarum
1219 2054 1675 2127 conjugationem,
1702 2057 1815 2113 vel-

219 2143 282 2189 ut
331 2135 728 2208 incompactam
773 2141 855 2198 eis
902 2145 1225 2201 cxistentem
1273 2147 1595 2205 deiformem
1645 2151 1814 2208 vitam

217 2232 274 2279 et
296 2225 506 2282 beatam
535 2231 798 2300 quietem,
834 2248 943 2290 non
973 2235 1360 2309 intelligentes,
1401 2256 1575 2312 neque
1599 2242 1730 2298 satis
1757 2243 1814 2299 in

217 2317 401 2374 divina
431 2320 658 2377 scientia
690 2324 914 2392 eruditi,
946 2325 1339 2384 inchoaverunt
1365 2330 1476 2402 jam
1513 2333 1813 2391 secundum

214 2423 315 2465 nos
342 2410 396 2464 in
431 2409 650 2469 Christo
678 2413 1216 2475 deiformosissimam
1241 2423 1432 2477 vitam.
1484 2423 1590 2479 Alii
1630 2435 1813 2482 autem

217 2516 507 2573 corporum
538 2503 769 2560 aliorum
803 2507 1137 2564 distribuunt
1162 2512 1449 2570 animabus
1480 2515 1815 2588 conjugatio-

210 2607 330 2659 nes,
372 2592 571 2663 injuste
603 2607 844 2668 agentes,
873 2595 980 2656 hoc
1007 2601 1061 2656 in
1095 2602 1248 2672 ipsis,
1280 2613 1339 2660 ut
1359 2607 1609 2674 aestimo,
1637 2610 1815 2679 suspi-

213 2693 403 2741 cantes
458 2685 656 2744 divinis
700 2690 1005 2759 animabus,
1050 2704 1105 2750 et
1153 2697 1324 2752 sacris
1365 2699 1814 2758 retributionibus

210 2792 321 2832 non
347 2785 494 2834 recte
526 2781 806 2850 privantes
849 2784 917 2838 ad
957 2783 1119 2841 ﬁnem
1159 2789 1426 2844 venientia
1454 2791 1814 2851 divinissimo—

209 2887 332 2926 rum
361 2887 639 2930 cursuum.
667 2875 772 2931 Alii
799 2886 980 2934 autem
1018 2881 1204 2937 nescio
1238 2885 1510 2952 quomodo
1544 2887 1613 2940 ad
1639 2896 1814 2944 mate-

207 2965 373 3021 rialcs
413 2967 661 3025 notiones
696 2972 934 3026 revocati
976 2972 1249 3042 dixerunt,
1283 2975 1623 3033 conformem
1653 2978 1814 3050 hujus

207 3059 356 3116 vitae
381 3061 589 3118 sanctis
617 3064 1032 3134 promissionem
1057 3069 1455 3126 sanctissimam
1481 3080 1537 3126 et
1562 3073 1813 3128 beatissi-

208 3167 357 3208 mam
387 3154 646 3225 quietem,
673 3165 731 3213 et
753 3170 908 3213 escas
933 3161 1185 3230 proprias
1214 3172 1420 3218 mutata
1443 3165 1553 3220 vita
1581 3165 1687 3232 his,
1717 3166 1810 3237 qui

216 3242 275 3298 in
296 3243 504 3316 angelis
524 3245 740 3317 injustis
766 3256 912 3315 sunt,
939 3250 1306 3322 projecerunt.
1335 3253 1442 3311 Sed
1468 3271 1577 3312 non
1607 3258 1815 3315 recidet
1838 3258 1886 3323 C

175 3353 178 3355 λ
207 3332 334 3402 quis
363 3347 396 3388 a
426 3337 817 3394 sacratissimis
841 3339 974 3396 viris
999 3341 1053 3396 in
1088 3342 1222 3400 tales
1252 3360 1489 3414 errores,
1511 3349 1608 3406 sed
1629 3349 1812 3407 confe-

205 3425 337 3478 stim
409 3438 470 3481 se
519 3437 866 3499 suscepturos
919 3448 1041 3490 esse
1090 3433 1521 3497 Cbristiformem
1547 3444 1808 3514 quietem,

205 3516 462 3585 scientes,
490 3533 614 3576 eum
637 3520 692 3576 in
717 3523 878 3579 linem
901 3529 1292 3600 venienthujus
1307 3532 1470 3600 vitae,
1496 3536 1552 3590 in
1577 3537 1597 3567 θ
1622 3536 1805 3593 incor-

207 3609 518 3678 ruptionem
573 3627 727 3668 suam
757 3616 901 3670 viam
926 3617 1091 3674 veluti
1119 3623 1558 3692 propinquiorem
1581 3627 1694 3698 jam
1733 3628 1796 3682 l‘a

207 3709 355 3757 ctam
410 3703 750 3762 manifestius
789 3707 997 3776 vident,
1039 3719 1094 3764 et
1143 3710 1462 3771 donationes
1504 3715 1806 3778 divinitatis

207 3793 451 3861 laudant,
499 3807 554 3853 et
591 3797 810 3857 divinae
857 3801 1233 3861 delectationis
1278 3807 1588 3880 implentur,
1618 3814 1685 3867 ad
1715 3829 1801 3882 ea,

205 3901 347 3957 quae
375 3900 521 3944 retro
547 3898 694 3957 sunt,
729 3895 1142 3951 conversionem
1174 3913 1280 3953 non
1311 3899 1364 3954 in
1394 3900 1574 3970 aliquo
1606 3903 1802 3959 timen-

204 3988 310 4045 tes,
353 3981 447 4036 sed
493 3981 633 4037 bene
667 3984 920 4051 scientes,
959 3988 1086 4058 quia
1123 4005 1372 4060 possessa
1401 3995 1542 4049 bona
1573 3996 1803 4052 ﬁrmiter

205 4080 263 4126 et
291 4062 948 4134 aeternaliter'habebmit
979 4092 1028 4134 α.
1055 4080 1594 4153 Coinquinationibus
1621 4098 1799 4145 autem

203 4164 351 4237 pleni
378 4175 434 4222 et
454 4167 742 4225 immundis
763 4173 1008 4238 maculis,
1035 4175 1124 4243 qui
1150 4177 1367 4246 quidem
1397 4193 1607 4236 sacram
1631 4197 1802 4252 quan-

204 4257 334 4312 dam
374 4261 652 4315 consecuti
680 4269 805 4316 sunt
861 4263 1188 4332 doctrinam,
1243 4267 1346 4338 ipsi
1395 4284 1526 4326 vero
1562 4286 1684 4327 eam
1732 4288 1800 4330 ex

201 4348 428 4421 proprio
451 4350 632 4407 animo
661 4353 871 4423 perdite
915 4354 1280 4426 projicientes,
1310 4360 1364 4415 in
1391 4372 1802 4435 corrumpentes

204 4452 400 4514 sponte
426 4459 486 4500 se
515 4445 777 4502 dederunt
817 4452 1304 4522 concupiscentiae,
1353 4471 1478 4512 cum
1518 4459 1588 4514 ad
1635 4458 1797 4517 linem

203 4537 433 4591 veniunt
474 4536 632 4609 hujus
671 4539 816 4595 vitae
845 4543 1124 4612 imparati,
1155 4553 1215 4600 ut
1244 4547 1322 4602 eis
1367 4547 1502 4606 bene
1536 4565 1796 4622 spernens

1943 569 2174 627 similem
2200 574 2694 642 conversationem,
2731 575 2928 646 ipsum,
2957 577 3050 648 qui
3078 585 3183 644 est,
3215 578 3532 636 beatiﬁcauit

1941 662 2010 716 ad
2035 661 2376 732 palmiferum
2410 673 2595 734 optate
2621 665 2928 722 venientem
2955 665 3140 733 ﬁnem,
3170 675 3227 723 et
3266 669 3530 727 victoriae

1940 755 2144 810 causali
2175 759 2558 826 gratulatorios
2604 768 2796 815 cantus
2849 759 3114 829 referunt,
3165 762 3343 818 adhuc
3369 771 3425 820 et
3469 778 3530 820 se

1940 855 2196 902 venturos
2239 848 2352 904 fore
2398 850 2465 904 ad
2515 851 2746 906 similem
2776 863 3029 924 optantes
3060 856 3342 924 quietem:
3386 857 3528 914 acci-

1939 941 2148 1011 pientes
2181 957 2312 998 vero
2337 957 2481 1010 eum,
2509 945 2574 1000 ad
2615 961 2886 1001 summum
2933 947 3270 1005 sacerdotem
3302 949 3524 1018 ducunt,

1941 1042 2197 1104 tanquam
2226 1035 2293 1091 ad
2314 1051 2638 1093 coronarum
2665 1037 2969 1096 divinarum
2996 1040 3359 1099 donationem.
3407 1043 3528 1116 Ipse

1938 1136 2119 1183 autem
2149 1137 2375 1185 cantans
2418 1131 2641 1202 suscipit
2666 1141 2721 1187 et
2764 1133 2978 1203 perﬁcit
3026 1135 3321 1190 secundum
3350 1134 3524 1210 legem

1937 1233 2149 1274 sacram
2177 1219 2232 1275 in
2262 1221 2464 1278 sanctis
2489 1222 2880 1281 dormientibus
2908 1226 3259 1296 perﬁcienda.

2218 1333 2528 1406 Mysterium
2551 1336 2608 1390 in
2632 1347 2812 1393 sancte
2835 1338 3234 1396 dormientibus.

2004 1449 2354 1522 Congregans
2377 1451 2592 1508 divinus
2616 1454 2872 1510 sacerdos
2912 1469 3132 1510 sacrum
3161 1457 3412 1526 chorum,
3456 1459 3525 1514 si-

1931 1544 2149 1615 quidem
2175 1544 2455 1602 sanctiﬁco
2485 1545 2646 1602 fuerit
2671 1547 2862 1603 ordine
2889 1549 3184 1618 dormiens,
3208 1551 3261 1606 in
3293 1567 3524 1624 conspe-

1931 1642 2022 1690 ctu
2056 1635 2224 1690 divini
2253 1636 2440 1691 altaris
2469 1637 2733 1694 inclinans
2777 1654 2923 1707 eum,
2962 1639 3210 1695 initiatur
3245 1643 3311 1696 ad
3352 1643 3523 1700 Deum

1929 1729 2175 1784 oratione
2195 1738 2250 1784 et
2278 1729 2638 1785 Eucharistia.
2684 1731 2745 1786 Si
2775 1740 2957 1787 autem
3010 1733 3216 1789 sanctis
3243 1737 3523 1792 monachis

1930 1828 2025 1873 aut
2047 1834 2204 1874 sacro
2231 1820 2427 1890 populo
2453 1821 2735 1878 ordinatus
2756 1830 2859 1889 est,
2888 1823 2956 1878 ad
2986 1825 3305 1881 honorabile
3333 1840 3517 1883 sacer-

1837 1881 1890 1942 B
1917 1912 2122 1968 dotium
2147 1881 2322 1985 ipsum
2353 1915 2575 1971 inclinat
2615 1925 2739 1972 ante
2778 1917 3168 1974 sacerdotalem
3211 1920 3512 1976 introitum.

1916 2006 2121 2063 Deinde
2162 2007 2375 2077 perﬁcit
2414 2012 2481 2064 ad
2528 2010 2695 2066 Deum
2742 2013 3182 2068 eucharistialem
3213 2015 3516 2070 orationem

1915 2115 2161 2158 summus
2190 2103 2462 2158 sacerdos.
2493 2101 2902 2175 Consequenter
2935 2105 3174 2162 ministri
3217 2107 3273 2162 in
3316 2107 3515 2164 divinis

1912 2193 2142 2266 eloquiis
2168 2195 2405 2266 prolatas
2451 2210 2558 2251 non
2605 2197 2892 2254 mendaces
2915 2199 3306 2269 promissiones
3327 2199 3394 2256 de
3425 2216 3514 2257 sa-

1915 2303 2009 2345 cra
2060 2299 2249 2344 nostra
2315 2290 2715 2346 resurrectione
2781 2289 3043 2362 legentes,
3091 2307 3249 2348 sacre
3286 2299 3516 2349 cantant

1915 2379 2236 2437 conﬁtentes
2259 2381 2438 2437 hocet
2477 2392 2724 2453 potentes
2760 2384 3141 2455 psalmicorum
3172 2385 3512 2457 eloquiorum

1915 2483 2130 2532 cantus.
2161 2475 2367 2531 Deinde
2397 2475 2821 2532 ministrantium
2852 2477 3062 2548 primus
3099 2478 3326 2535 resolvit
3362 2491 3516 2536 eate-

1915 2567 2236 2632 chumenos,
2260 2573 2316 2620 et
2335 2567 2618 2636 praedicat
2632 2566 2746 2635 jam
2765 2567 3093 2626 dormientes
3120 2580 3364 2640 sanctos,
3388 2588 3514 2629 cum

1915 2659 2111 2730 quibus
2139 2658 2390 2732 dignatur
2423 2659 2583 2715 modo
2619 2659 2933 2717 defunctum
2970 2663 3284 2720 coordinata
3317 2665 3517 2722 recita-

1919 2751 2084 2817 tione,
2136 2758 2192 2805 et
2235 2750 2485 2805 hortatur
2507 2765 2696 2807 omnes
2722 2762 2905 2822 petere
2934 2752 2991 2808 in
3035 2753 3252 2811 Christo
3297 2755 3512 2812 beatam

1916 2842 2459 2901 consummationem.
2494 2842 2700 2900 Deinde
2729 2845 2992 2902 accedens
3020 2846 3236 2904 divinus
3260 2863 3508 2906 summus

1916 2936 2192 3003 sacerdos,
2223 2936 2529 2992 orationem
2557 2938 2988 2994 sacratissimam
3027 2955 3194 3009 super
3241 2955 3308 2998 eo
3354 2941 3505 2998 facit.

1916 3028 1984 3086 Et
2033 3038 2158 3101 post
2200 3029 2505 3085 orationem
2577 3031 2693 3102 ipse
2743 3046 2987 3088 summus
3040 3035 3294 3090 sacerdos
3335 3037 3510 3093 saluta

1917 3120 2294 3184 dormientem,
2326 3129 2382 3176 et
2414 3131 2537 3192 post
2573 3137 2696 3177 eum
2742 3132 3058 3194 praesentes
3095 3140 3304 3182 omnes.
3347 3125 3506 3183 Salu-

1922 3211 2160 3266 tantibus
2206 3219 2386 3267 autem
2417 3211 2668 3268 omnibus
2711 3211 2944 3269 infundit
2987 3214 3276 3272 dormienti
3328 3217 3506 3274 oleum

1915 3317 2160 3362 summus
2186 3303 2460 3371 sacerdos,
2484 3312 2541 3360 et
2562 3320 2662 3376 pro
2688 3307 2941 3364 omnibus
2963 3309 3268 3366 orationem
3295 3326 3504 3368 sacram

1911 3401 2142 3472 faciens,
2172 3414 2439 3476 reponunt
2468 3406 2522 3462 in
2566 3407 2731 3464 domo
2773 3407 3078 3464 honorabili
3129 3423 3329 3480 corpus
3377 3425 3505 3467 cum

1912 3493 2145 3551 aliorum
2170 3497 2614 3554 coordinatorum
2639 3507 2955 3556 sanctorum
2975 3500 3314 3571 corporibus.

2581 3612 2828 3669 Theoria.

1983 3726 2088 3784 Sed
2111 3728 2246 3784 haec
2275 3731 2492 3800 quidem
2518 3732 2562 3787 si
2586 3733 2821 3788 viderint
2837 3741 2930 3787 aut
2951 3731 3223 3791 audierint
3245 3736 3486 3795 immund

1909 3819 2052 3888 apud
2087 3835 2185 3875 nos
2219 3822 2568 3892 perﬁcienda,
2609 3823 2716 3880 late
2749 3826 3021 3894 ridebunt,
3048 3836 3110 3884 ut
3137 3829 3392 3897 arbitror,
3447 3841 3505 3888 et

1909 3911 2112 3966 erroris
2142 3913 2314 3967 nostri
2351 3914 2774 3970 I'niserebuntur.
2827 3917 2945 3972 Non
2984 3929 3198 3989 Oportet
3221 3933 3401 3977 autem
3433 3925 3499 3979 ad

1908 4003 2013 4059 hoc
2043 4004 2252 4060 mirari.
2310 4003 2369 4060 Si
2415 4008 2560 4060 enim
2620 4023 2727 4063 non
2751 3990 3127 4077 'crediderint,
3180 4021 3240 4066 ut
3286 4013 3501 4085 eloquia

1909 4094 2066 4148 aiunt
2089 4105 2142 4160 ο,
2173 4111 2348 4166 neque
2381 4097 2700 4170 intelligent.
2723 4098 2834 4157 Nos
2861 4110 3040 4157 autem
3064 4104 3352 4160 invisibilia
3377 4122 3501 4177 per-

1909 4186 2266 4244 ﬁciendorum
2334 4190 2709 4261 inspicientes,
2761 4192 2891 4249 Jesu
2939 4193 3187 4253 luciduco
3230 4198 3495 4269 dicamus,

1906 4285 2174 4354 quomodo
2207 4301 2314 4341 non
2354 4286 2797 4345 irrationabiliter
2841 4307 3086 4349 summus
3133 4297 3387 4354 sacerdos
3443 4299 3500 4355 in

1908 4391 2080 4446 aeque
2111 4378 2433 4434 militantem
2462 4380 2690 4438 chorum
2719 4383 3014 4440 introducit
3037 4396 3093 4442 et
3114 4387 3343 4460 imponit
3371 4392 3496 4448 dor-

1905 4468 2187 4524 mientem.
2264 4469 2548 4542 Signiﬁcat
2599 4474 2746 4530 enim
2820 4476 3156 4542 mirabiliter,
3197 4483 3490 4538 secundum

1906 4559 2024 4618 illas
2054 4572 2213 4618 erunt
2241 4579 2431 4620 omnes
2467 4567 2521 4620 in
2567 4567 2681 4637 ipsa
2721 4567 2915 4623 iterum
2945 4572 3292 4640 generatione
3328 4590 3493 4633 voca-

203 4625 516 4683 manil'estat
561 4628 896 4700 eloquiorum
949 4634 1130 4692 divina
1173 4637 1439 4709 legislatio
1466 4641 1518 4708 ι),
1555 4645 1797 4713 perditas
1823 4629 1875 4690 Ῑ)
1903 4653 2096 4721 tiones,
2128 4671 2316 4726 puram
2333 4658 2421 4714 hic
2452 4625 2725 4729 propriam
2761 4661 2923 4716 vitam
2945 4625 3256 4733 implentes.
3292 4668 3492 4740 Ulpote

203 4720 438 4790 propriis
463 4722 805 4792 passionibus
833 4726 1139 4798 voluptates
1163 4731 1284 4786 aliis
1307 4733 1478 4790 oculis
1500 4735 1796 4807 inspicien-

207 4820 310 4878 tes,
336 4821 392 4868 et
421 4829 635 4870 sacram
660 4818 850 4884 vitam,
880 4835 986 4889 qua
1019 4821 1183 4878 stulte
1218 4838 1578 4894 recesserunt,
1624 4832 1796 4888 beati-

205 4901 454 4968 ﬁcantes,
483 4905 866 4964 miserabiliter
916 4919 970 4964 et
997 4914 1241 4971 coactive
1285 4917 1664 4976 rescinduntur
1692 4925 1795 4982 hac

201 4993 336 5058 vita,
385 4995 454 5050 ad
499 4997 702 5052 nullam
754 5013 964 5056 sacram
1009 5017 1157 5073 Spem
1210 5009 1524 5066 manuducti
1575 5023 1797 5084 propter

204 5086 500 5155 pessimam
528 5089 713 5145 vitam.
740 5091 949 5148 Talium
986 5106 1166 5152 autem
1213 5099 1359 5156 nullo
1392 5100 1576 5160 futuro
1603 5120 1794 5162 secun-

203 5178 334 5234 dum
358 5180 772 5238 dormitationes
797 5196 1107 5244 sanctorum
1137 5189 1401 5260 virorum,
1436 5193 1548 5265 ipse
1572 5197 1793 5268 quidem

203 5273 274 5330 ad
311 5273 470 5331 ﬁnem
518 5279 742 5334 veniens
786 5281 1128 5352 propriorum
1164 5288 1546 5357 certaminum,
1588 5291 1793 5349 laetitia

203 5376 394 5424 sancta
422 5369 683 5441 repletur,
717 5380 915 5428 etcum
947 5372 1303 5434 delectatione
1331 5379 1497 5436 multa
1534 5383 1601 5437 ad
1649 5383 1794 5440 viam

204 5460 453 5518 ascendit
505 5462 720 5521 divinae
769 5464 968 5522 iterum
1015 5471 1400 5538 generationis.
1465 5475 1795 5536 Dormientis

1901 4743 1944 4797 si
1963 4742 2279 4800 deiformem
2300 4748 2422 4816 quis
2448 4749 2634 4803 habuit
2661 4750 2747 4805 hic
2771 4759 2825 4805 et
2851 4754 3274 4811 sacratissimam
3300 4760 3490 4826 vitam,

1901 4841 2164 4907 quantum
2211 4839 2327 4893 viro
2368 4840 2458 4894 Dei
2498 4841 2761 4899 imitabile
2808 4844 3011 4901 licitum
3050 4858 3154 4914 est,
3198 4849 3250 4904 in
3295 4851 3487 4906 divinis

1899 4928 2004 4982 erit
2042 4942 2140 4999 per
2193 4929 2434 4988 seculum
2473 4929 2710 4987 futurum
2745 4942 2801 4989 et
2850 4935 3020 4992 beatis
3060 4939 3350 5007 quietibus.
3368 4935 3490 4996 "Alii

1901 5030 2085 5077 autem
2113 5021 2229 5092 ejus
2265 5037 2361 5092 per
2393 5035 2690 5080 extremam
2738 5025 2944 5084 lormae
2982 5027 3361 5092 demissionem
3401 5047 3494 5089 sa—

1897 5125 2045 5166 cram
2101 5124 2282 5168 tamen
2328 5113 2633 5172 conformes
2673 5126 2728 5172 et
2771 5119 2918 5189 ipsae
2974 5121 3235 5189 recalent
3269 5131 3484 5180 sanctas

1896 5203 2302 5262 retributiones.
2331 5205 2436 5261 Pro
2469 5208 2571 5263 hac
2597 5208 2776 5264 divina
2799 5210 3010 5280 justitia
3037 5227 3282 5268 summus
3304 5229 3486 5270 sacer-

1896 5297 1996 5353 dos
2023 5299 2228 5368 gratias
2262 5314 2449 5371 agens,
2479 5305 2784 5360 orationem
2810 5318 3021 5360 sacram
3052 5302 3204 5370 facit,
3227 5314 3283 5360 et
3301 5305 3496 5376 colens

1900 5390 2024 5446 dam
2054 5391 2238 5448 laudat
2271 5393 2627 5462 tbearchiam,
2654 5406 2912 5468 tanquam
2939 5397 3325 5456 destructivam
3359 5417 3492 5458 con-

1898 5491 1981 5538 tra
2008 5499 2198 5542 omnes
2227 5486 2457 5560 injustae
2476 5498 2531 5546 et
2561 5489 2876 5563 tyrannicae
2901 5491 3198 5564 potentiae,
3230 5493 3487 5552 transdu-

1517 5586 1774 5649 VARIAE
1809 5591 2214 5656 LECTIONES.

1718 5732 1972 5797 NOTAE.

279 5643 302 5679 ¹
322 5643 369 5703 Ε
389 5656 682 5720 conspecta.
758 5654 780 5686 ι
802 5649 977 5706 inom.
999 5651 1115 5709 AE.

279 5799 311 5833 ι
343 5787 487 5845 Psal.
513 5789 582 5857 γ,
607 5787 772 5856 XXV,
804 5785 1082 5851 LXXXI“.

278 5859 314 5906 δ
347 5857 460 5921 Jer.
488 5859 569 5932 V;
600 5859 731 5936 Sap.
757 5861 822 5920 V.

1968 5820 1994 5852 ο
2033 5809 2136 5870 lsa.
2170 5809 2279 5870 VII.
