  <div class='ocr_page' id='page_1' title='image "/cluster/home/n/w/nwhite01/storage/ocr_20150623/122/hvd.32044015471659/592.png"; bbox 0 0 3956 5560; ppageno 0'>
   <div class='ocr_carea' id='block_1_1' title="bbox 193 312 314 370">
    <p class='ocr_par' dir='ltr' id='par_1_1' title="bbox 193 312 314 370">
     <span class='ocr_line' id='line_1_1' title="bbox 193 312 314 370; baseline -0.025 0"><span class='ocrx_word' id='word_1_1' title='bbox 193 312 314 370; x_wconf 72' lang='grc'><strong>1109</strong></span> 
     </span>
    </p>
   </div>
   <div class='ocr_carea' id='block_1_2' title="bbox 737 276 2895 378">
    <p class='ocr_par' dir='ltr' id='par_1_2' title="bbox 737 276 2895 378">
     <span class='ocr_line' id='line_1_2' title="bbox 737 276 2895 378; baseline 0.002 -13"><span class='ocrx_word' id='word_1_2' title='bbox 737 276 989 367; x_wconf 80' lang='lat' dir='ltr'><strong>VERSIO</strong></span> <span class='ocrx_word' id='word_1_3' title='bbox 1024 307 1310 368; x_wconf 82' lang='lat' dir='ltr'><strong>OPERUM</strong></span> <span class='ocrx_word' id='word_1_4' title='bbox 1350 309 1410 369; x_wconf 89' lang='lat' dir='ltr'><strong>S.</strong></span> <span class='ocrx_word' id='word_1_5' title='bbox 1449 309 1767 369; x_wconf 83' lang='lat' dir='ltr'><strong>DIONYSII.</strong></span> <span class='ocrx_word' id='word_1_6' title='bbox 1807 339 1878 352; x_wconf 90' lang='lat'><strong>—</strong></span> <span class='ocrx_word' id='word_1_7' title='bbox 1915 309 2446 378; x_wconf 79' lang='lat' dir='ltr'><strong>ECCLESIASTICA</strong></span> <span class='ocrx_word' id='word_1_8' title='bbox 2485 305 2895 370; x_wconf 62' lang='lat' dir='ltr'><strong>IERARCHIA.</strong></span> 
     </span>
    </p>
   </div>
   <div class='ocr_carea' id='block_1_3' title="bbox 3300 319 3439 408">
    <p class='ocr_par' dir='ltr' id='par_1_3' title="bbox 3300 319 3439 408">
     <span class='ocr_line' id='line_1_3' title="bbox 3300 319 3439 408; baseline 0 -10"><span class='ocrx_word' id='word_1_9' title='bbox 3300 319 3439 408; x_wconf 65' lang='lat'><strong>1.449</strong></span> 
     </span>
    </p>
   </div>
   <div class='ocr_carea' id='block_1_4' title="bbox 185 406 3444 504">
    <p class='ocr_par' dir='ltr' id='par_1_4' title="bbox 185 406 3444 504">
     <span class='ocr_line' id='line_1_4' title="bbox 185 406 3444 504; baseline 0.002 -23"><span class='ocrx_word' id='word_1_10' title='bbox 185 406 412 482; x_wconf 82' lang='lat' dir='ltr'><strong>mentem</strong></span> <span class='ocrx_word' id='word_1_11' title='bbox 459 439 526 481; x_wconf 80' lang='lat' dir='ltr'><strong>ex</strong></span> <span class='ocrx_word' id='word_1_12' title='bbox 566 425 763 482; x_wconf 79' lang='lat' dir='ltr'><strong>divinis</strong></span> <span class='ocrx_word' id='word_1_13' title='bbox 790 424 990 504; x_wconf 87' lang='lat' dir='ltr'><strong>nostris</strong></span> <span class='ocrx_word' id='word_1_14' title='bbox 1030 424 1256 481; x_wconf 88' lang='lat' dir='ltr'><strong>ducibus</strong></span> <span class='ocrx_word' id='word_1_15' title='bbox 1300 411 1641 481; x_wconf 88' lang='lat' dir='ltr'><strong>traditionem</strong></span> <span class='ocrx_word' id='word_1_16' title='bbox 1665 425 1748 480; x_wconf 89' lang='lat' dir='ltr'><strong>di-</strong></span> <span class='ocrx_word' id='word_1_17' title='bbox 1779 431 1832 492; x_wconf 80' lang='grc' dir='ltr'>Λ</span> <span class='ocrx_word' id='word_1_18' title='bbox 1855 425 2429 484; x_wconf 80' lang='lat' dir='ltr'><strong>omnibusierarclticis</strong></span> <span class='ocrx_word' id='word_1_19' title='bbox 2444 406 3444 502; x_wconf 67' lang='lat' dir='ltr'><strong>virtutibusutcndum,quomodoeun-</strong></span> 
     </span>
    </p>
   </div>
   <div class='ocr_carea' id='block_1_5' title="bbox 181 505 1753 595">
    <p class='ocr_par' dir='ltr' id='par_1_5' title="bbox 181 505 1753 595">
     <span class='ocr_line' id='line_1_5' title="bbox 181 505 1753 595; baseline 0 -17"><span class='ocrx_word' id='word_1_20' title='bbox 181 538 302 579; x_wconf 84' lang='lat' dir='ltr'><strong>cere</strong></span> <span class='ocrx_word' id='word_1_21' title='bbox 336 507 722 578; x_wconf 73' lang='lat' dir='ltr'><strong>necessarium.</strong></span> <span class='ocrx_word' id='word_1_22' title='bbox 752 505 975 576; x_wconf 71' lang='lat' dir='ltr'><strong>Divinus</strong></span> <span class='ocrx_word' id='word_1_23' title='bbox 1004 505 1527 577; x_wconf 79' lang='lat' dir='ltr'><strong>summussacerdos</strong></span> <span class='ocrx_word' id='word_1_24' title='bbox 1569 523 1753 595; x_wconf 85' lang='lat' dir='ltr'><strong>expla-</strong></span> 
     </span>
    </p>
   </div>
   <div class='ocr_carea' id='block_1_6' title="bbox 183 613 1757 689">
    <p class='ocr_par' dir='ltr' id='par_1_6' title="bbox 183 613 1757 689">
     <span class='ocr_line' id='line_1_6' title="bbox 183 613 1757 689; baseline 0.004 -19"><span class='ocrx_word' id='word_1_25' title='bbox 183 624 332 671; x_wconf 83' lang='lat' dir='ltr'><strong>nator</strong></span> <span class='ocrx_word' id='word_1_26' title='bbox 362 626 468 680; x_wconf 81' lang='lat' dir='ltr'><strong>est,</strong></span> <span class='ocrx_word' id='word_1_27' title='bbox 495 623 556 670; x_wconf 83' lang='lat' dir='ltr'><strong>ut</strong></span> <span class='ocrx_word' id='word_1_28' title='bbox 580 613 987 685; x_wconf 83' lang='lat' dir='ltr'><strong>eloquia&#39;aiunt</strong></span> <span class='ocrx_word' id='word_1_29' title='bbox 1012 627 1063 682; x_wconf 69' lang='grc' dir='ltr'><strong>ε,</strong></span> <span class='ocrx_word' id='word_1_30' title='bbox 1093 615 1391 672; x_wconf 89' lang='lat' dir='ltr'><strong>divinarum</strong></span> <span class='ocrx_word' id='word_1_31' title='bbox 1414 617 1757 689; x_wconf 73' lang='lat' dir='ltr'><strong>iustificatio-</strong></span> 
     </span>
    </p>
   </div>
   <div class='ocr_carea' id='block_1_7' title="bbox 183 698 1756 777">
    <p class='ocr_par' dir='ltr' id='par_1_7' title="bbox 183 698 1756 777">
     <span class='ocr_line' id='line_1_7' title="bbox 183 698 1756 777; baseline 0.004 -18"><span class='ocrx_word' id='word_1_32' title='bbox 183 721 303 768; x_wconf 80' lang='lat' dir='ltr'><strong>nam</strong></span> <span class='ocrx_word' id='word_1_33' title='bbox 328 723 340 759; x_wconf 90' lang='lat'><strong>:</strong></span> <span class='ocrx_word' id='word_1_34' title='bbox 371 704 596 777; x_wconf 74' lang='lat' dir='ltr'><strong>angelus</strong></span> <span class='ocrx_word' id='word_1_35' title='bbox 619 705 764 760; x_wconf 89' lang='lat' dir='ltr'><strong>enim</strong></span> <span class='ocrx_word' id='word_1_36' title='bbox 785 703 998 760; x_wconf 79' lang='lat' dir='ltr'><strong>Domini</strong></span> <span class='ocrx_word' id='word_1_37' title='bbox 1027 707 1411 776; x_wconf 74' lang='lat' dir='ltr'><strong>omnipotentis</strong></span> <span class='ocrx_word' id='word_1_38' title='bbox 1432 698 1534 764; x_wconf 76' lang='lat' dir='ltr'><strong>est.</strong></span> <span class='ocrx_word' id='word_1_39' title='bbox 1559 709 1756 765; x_wconf 80' lang='lat' dir='ltr'><strong>Didicit</strong></span> 
     </span>
    </p>
   </div>
   <div class='ocr_carea' id='block_1_8' title="bbox 182 796 1753 868">
    <p class='ocr_par' dir='ltr' id='par_1_8' title="bbox 182 796 1753 868">
     <span class='ocr_line' id='line_1_8' title="bbox 182 796 1753 868; baseline 0.004 -18"><span class='ocrx_word' id='word_1_40' title='bbox 182 812 302 868; x_wconf 75' lang='lat' dir='ltr'><strong>ergo</strong></span> <span class='ocrx_word' id='word_1_41' title='bbox 325 811 393 851; x_wconf 76' lang='lat' dir='ltr'><strong>ex</strong></span> <span class='ocrx_word' id='word_1_42' title='bbox 431 797 541 854; x_wconf 80' lang='lat' dir='ltr'><strong>Deo</strong></span> <span class='ocrx_word' id='word_1_43' title='bbox 599 797 810 852; x_wconf 85' lang='lat' dir='ltr'><strong>traditis</strong></span> <span class='ocrx_word' id='word_1_44' title='bbox 841 796 1090 867; x_wconf 83' lang='lat' dir='ltr'><strong>eloquiis,</strong></span> <span class='ocrx_word' id='word_1_45' title='bbox 1127 798 1252 867; x_wconf 83' lang='lat' dir='ltr'><strong>quia</strong></span> <span class='ocrx_word' id='word_1_46' title='bbox 1293 808 1477 855; x_wconf 83' lang='lat' dir='ltr'><strong>sancte</strong></span> <span class='ocrx_word' id='word_1_47' title='bbox 1521 798 1753 856; x_wconf 88' lang='lat' dir='ltr'><strong>viventi-</strong></span> 
     </span>
    </p>
   </div>
   <div class='ocr_carea' id='block_1_9' title="bbox 179 887 1752 964">
    <p class='ocr_par' dir='ltr' id='par_1_9' title="bbox 179 887 1752 964">
     <span class='ocr_line' id='line_1_9' title="bbox 179 887 1752 964; baseline 0.004 -22"><span class='ocrx_word' id='word_1_48' title='bbox 179 887 275 942; x_wconf 83' lang='lat' dir='ltr'><strong>bus</strong></span> <span class='ocrx_word' id='word_1_49' title='bbox 302 888 628 943; x_wconf 73' lang='lat' dir='ltr'><strong>lucidissima</strong></span> <span class='ocrx_word' id='word_1_50' title='bbox 664 896 719 942; x_wconf 89' lang='lat' dir='ltr'><strong>et</strong></span> <span class='ocrx_word' id='word_1_51' title='bbox 755 888 1074 945; x_wconf 84' lang='lat' dir='ltr'><strong>divinavita</strong></span> <span class='ocrx_word' id='word_1_52' title='bbox 1114 891 1411 946; x_wconf 89' lang='lat' dir='ltr'><strong>secundum</strong></span> <span class='ocrx_word' id='word_1_53' title='bbox 1436 889 1752 964; x_wconf 82' lang='lat' dir='ltr'><strong>dignitatem</strong></span> 
     </span>
    </p>
   </div>
   <div class='ocr_carea' id='block_1_10' title="bbox 179 980 1753 1055">
    <p class='ocr_par' dir='ltr' id='par_1_10' title="bbox 179 980 1753 1055">
     <span class='ocr_line' id='line_1_10' title="bbox 179 980 1753 1055; baseline 0.005 -21"><span class='ocrx_word' id='word_1_54' title='bbox 179 995 207 1034; x_wconf 90' lang='lat' dir='ltr'><strong>a</strong></span> <span class='ocrx_word' id='word_1_55' title='bbox 256 980 568 1048; x_wconf 70' lang='lat' dir='ltr'><strong>iustissimis</strong></span> <span class='ocrx_word' id='word_1_56' title='bbox 618 981 762 1052; x_wconf 72' lang='lat' dir='ltr'><strong>iugis</strong></span> <span class='ocrx_word' id='word_1_57' title='bbox 815 983 1075 1048; x_wconf 79' lang='lat' dir='ltr'><strong>redditur,</strong></span> <span class='ocrx_word' id='word_1_58' title='bbox 1133 984 1462 1055; x_wconf 75' lang='lat' dir='ltr'><strong>deSpiciente</strong></span> <span class='ocrx_word' id='word_1_59' title='bbox 1513 985 1753 1042; x_wconf 86' lang='lat' dir='ltr'><strong>bonitate</strong></span> 
     </span>
    </p>
   </div>
   <div class='ocr_carea' id='block_1_11' title="bbox 177 1073 1750 1146">
    <p class='ocr_par' dir='ltr' id='par_1_11' title="bbox 177 1073 1750 1146">
     <span class='ocr_line' id='line_1_11' title="bbox 177 1073 1750 1146; baseline 0.003 -18"><span class='ocrx_word' id='word_1_60' title='bbox 177 1075 387 1129; x_wconf 80' lang='lat' dir='ltr'><strong>divinae</strong></span> <span class='ocrx_word' id='word_1_61' title='bbox 436 1074 794 1130; x_wconf 81' lang='lat' dir='ltr'><strong>humanitatis</strong></span> <span class='ocrx_word' id='word_1_62' title='bbox 822 1075 1092 1146; x_wconf 81' lang='lat' dir='ltr'><strong>ingenitas</strong></span> <span class='ocrx_word' id='word_1_63' title='bbox 1121 1077 1200 1131; x_wconf 87' lang='lat' dir='ltr'><strong>eis</strong></span> <span class='ocrx_word' id='word_1_64' title='bbox 1234 1073 1301 1132; x_wconf 81' lang='lat' dir='ltr'><strong>ex</strong></span> <span class='ocrx_word' id='word_1_65' title='bbox 1331 1078 1568 1132; x_wconf 82' lang='lat' dir='ltr'><strong>humana</strong></span> <span class='ocrx_word' id='word_1_66' title='bbox 1600 1078 1750 1133; x_wconf 76' lang='lat' dir='ltr'><strong>infir-</strong></span> 
     </span>
    </p>
   </div>
   <div class='ocr_carea' id='block_1_12' title="bbox 178 1164 1751 1238">
    <p class='ocr_par' dir='ltr' id='par_1_12' title="bbox 178 1164 1751 1238">
     <span class='ocr_line' id='line_1_12' title="bbox 178 1164 1751 1238; baseline 0.004 -19"><span class='ocrx_word' id='word_1_67' title='bbox 178 1164 358 1220; x_wconf 85' lang='lat' dir='ltr'><strong>mitate</strong></span> <span class='ocrx_word' id='word_1_68' title='bbox 387 1165 648 1231; x_wconf 81' lang='lat' dir='ltr'><strong>maculas,</strong></span> <span class='ocrx_word' id='word_1_69' title='bbox 670 1165 919 1234; x_wconf 84' lang='lat' dir='ltr'><strong>quoniam</strong></span> <span class='ocrx_word' id='word_1_70' title='bbox 945 1166 1154 1236; x_wconf 82' lang='lat' dir='ltr'><strong>quidem</strong></span> <span class='ocrx_word' id='word_1_71' title='bbox 1186 1182 1354 1234; x_wconf 83' lang='lat' dir='ltr'><strong>nemo,</strong></span> <span class='ocrx_word' id='word_1_72' title='bbox 1387 1177 1514 1222; x_wconf 87' lang='lat' dir='ltr'><strong>utet</strong></span> <span class='ocrx_word' id='word_1_73' title='bbox 1537 1168 1751 1238; x_wconf 76' lang='lat' dir='ltr'><strong>eloquia</strong></span> 
     </span>
    </p>
   </div>
   <div class='ocr_carea' id='block_1_13' title="bbox 173 1247 1751 1331">
    <p class='ocr_par' dir='ltr' id='par_1_13' title="bbox 173 1247 1751 1331">
     <span class='ocr_line' id='line_1_13' title="bbox 173 1247 1751 1331; baseline 0.004 -22"><span class='ocrx_word' id='word_1_74' title='bbox 173 1256 337 1322; x_wconf 80' lang='lat' dir='ltr'><strong>aiunt,</strong></span> <span class='ocrx_word' id='word_1_75' title='bbox 378 1247 605 1310; x_wconf 69' lang='lat' dir='ltr'><strong>uitandus</strong></span> <span class='ocrx_word' id='word_1_76' title='bbox 639 1275 670 1310; x_wconf 89' lang='lat' dir='ltr'><strong>a</strong></span> <span class='ocrx_word' id='word_1_77' title='bbox 693 1257 844 1312; x_wconf 75' lang='lat' dir='ltr'><strong>sorde</strong></span> <span class='ocrx_word' id='word_1_78' title='bbox 871 1257 920 1312; x_wconf 72' lang='grc' dir='ltr'><strong>δ.</strong></span> <span class='ocrx_word' id='word_1_79' title='bbox 949 1257 1090 1313; x_wconf 81' lang='lat' dir='ltr'><strong>Haec</strong></span> <span class='ocrx_word' id='word_1_80' title='bbox 1111 1259 1329 1329; x_wconf 84' lang='lat' dir='ltr'><strong>quidem</strong></span> <span class='ocrx_word' id='word_1_81' title='bbox 1353 1275 1482 1331; x_wconf 80' lang='lat' dir='ltr'><strong>ergo</strong></span> <span class='ocrx_word' id='word_1_82' title='bbox 1508 1269 1751 1316; x_wconf 89' lang='lat' dir='ltr'><strong>summus</strong></span> 
     </span>
    </p>
   </div>
   <div class='ocr_carea' id='block_1_14' title="bbox 173 1347 1748 1422">
    <p class='ocr_par' dir='ltr' id='par_1_14' title="bbox 173 1347 1748 1422">
     <span class='ocr_line' id='line_1_14' title="bbox 173 1347 1748 1422; baseline 0.004 -21"><span class='ocrx_word' id='word_1_83' title='bbox 173 1347 420 1401; x_wconf 79' lang='lat' dir='ltr'><strong>sacerdos</strong></span> <span class='ocrx_word' id='word_1_84' title='bbox 446 1348 545 1401; x_wconf 84' lang='lat' dir='ltr'><strong>scit</strong></span> <span class='ocrx_word' id='word_1_85' title='bbox 570 1347 832 1415; x_wconf 86' lang='lat' dir='ltr'><strong>promissa</strong></span> <span class='ocrx_word' id='word_1_86' title='bbox 856 1364 922 1403; x_wconf 82' lang='lat' dir='ltr'><strong>ex</strong></span> <span class='ocrx_word' id='word_1_87' title='bbox 957 1350 1100 1404; x_wconf 90' lang='lat' dir='ltr'><strong>veris</strong></span> <span class='ocrx_word' id='word_1_88' title='bbox 1123 1350 1352 1420; x_wconf 89' lang='lat' dir='ltr'><strong>eloquiis</strong></span> <span class='ocrx_word' id='word_1_89' title='bbox 1376 1367 1390 1405; x_wconf 93' lang='lat'><strong>:</strong></span> <span class='ocrx_word' id='word_1_90' title='bbox 1415 1353 1546 1422; x_wconf 91' lang='lat' dir='ltr'><strong>petit</strong></span> <span class='ocrx_word' id='word_1_91' title='bbox 1568 1361 1748 1408; x_wconf 87' lang='lat' dir='ltr'><strong>autem</strong></span> 
     </span>
    </p>
   </div>
   <div class='ocr_carea' id='block_1_15' title="bbox 173 1437 1749 1505">
    <p class='ocr_par' dir='ltr' id='par_1_15' title="bbox 173 1437 1749 1505">
     <span class='ocr_line' id='line_1_15' title="bbox 173 1437 1749 1505; baseline 0.004 -14"><span class='ocrx_word' id='word_1_92' title='bbox 173 1438 422 1492; x_wconf 89' lang='lat' dir='ltr'><strong>continuo</strong></span> <span class='ocrx_word' id='word_1_93' title='bbox 477 1437 619 1505; x_wconf 74' lang='lat' dir='ltr'><strong>fieri,</strong></span> <span class='ocrx_word' id='word_1_94' title='bbox 663 1447 719 1493; x_wconf 89' lang='lat' dir='ltr'><strong>et</strong></span> <span class='ocrx_word' id='word_1_95' title='bbox 768 1441 956 1494; x_wconf 88' lang='lat' dir='ltr'><strong>donari</strong></span> <span class='ocrx_word' id='word_1_96' title='bbox 1004 1450 1190 1496; x_wconf 86' lang='lat' dir='ltr'><strong>sancte</strong></span> <span class='ocrx_word' id='word_1_97' title='bbox 1234 1442 1541 1499; x_wconf 85' lang='lat' dir='ltr'><strong>viventibus</strong></span> <span class='ocrx_word' id='word_1_98' title='bbox 1565 1457 1749 1499; x_wconf 88' lang='lat' dir='ltr'><strong>sacras</strong></span> 
     </span>
    </p>
   </div>
   <div class='ocr_carea' id='block_1_16' title="bbox 173 1527 1748 1600">
    <p class='ocr_par' dir='ltr' id='par_1_16' title="bbox 173 1527 1748 1600">
     <span class='ocr_line' id='line_1_16' title="bbox 173 1527 1748 1600; baseline 0.004 -18"><span class='ocrx_word' id='word_1_99' title='bbox 173 1527 550 1584; x_wconf 81' lang='lat' dir='ltr'><strong>retributiones</strong></span> <span class='ocrx_word' id='word_1_100' title='bbox 600 1547 613 1583; x_wconf 90' lang='lat'><strong>:</strong></span> <span class='ocrx_word' id='word_1_101' title='bbox 673 1529 833 1584; x_wconf 85' lang='lat' dir='ltr'><strong>simul</strong></span> <span class='ocrx_word' id='word_1_102' title='bbox 889 1531 1104 1600; x_wconf 88' lang='lat' dir='ltr'><strong>quidem</strong></span> <span class='ocrx_word' id='word_1_103' title='bbox 1155 1532 1207 1586; x_wconf 94' lang='lat' dir='ltr'><strong>in</strong></span> <span class='ocrx_word' id='word_1_104' title='bbox 1249 1532 1344 1588; x_wconf 88' lang='lat' dir='ltr'><strong>Dei</strong></span> <span class='ocrx_word' id='word_1_105' title='bbox 1391 1533 1748 1590; x_wconf 85' lang='lat' dir='ltr'><strong>imitationem</strong></span> 
     </span>
    </p>
   </div>
   <div class='ocr_carea' id='block_1_17' title="bbox 171 1621 1749 1699">
    <p class='ocr_par' dir='ltr' id='par_1_17' title="bbox 171 1621 1749 1699">
     <span class='ocr_line' id='line_1_17' title="bbox 171 1621 1749 1699; baseline 0.005 -24"><span class='ocrx_word' id='word_1_106' title='bbox 171 1621 503 1677; x_wconf 76' lang='lat' dir='ltr'><strong>deiformiter</strong></span> <span class='ocrx_word' id='word_1_107' title='bbox 522 1621 858 1689; x_wconf 64' lang='lat' dir='ltr'><strong>edormatus,</strong></span> <span class='ocrx_word' id='word_1_108' title='bbox 887 1633 944 1680; x_wconf 89' lang='lat' dir='ltr'><strong>et</strong></span> <span class='ocrx_word' id='word_1_109' title='bbox 970 1626 1195 1680; x_wconf 86' lang='lat' dir='ltr'><strong>aliorum</strong></span> <span class='ocrx_word' id='word_1_110' title='bbox 1219 1627 1467 1693; x_wconf 90' lang='lat' dir='ltr'><strong>donatas,</strong></span> <span class='ocrx_word' id='word_1_111' title='bbox 1499 1628 1749 1699; x_wconf 86' lang='lat' dir='ltr'><strong>proprias</strong></span> 
     </span>
    </p>
   </div>
   <div class='ocr_carea' id='block_1_18' title="bbox 169 1715 1748 1784">
    <p class='ocr_par' dir='ltr' id='par_1_18' title="bbox 169 1715 1748 1784">
     <span class='ocr_line' id='line_1_18' title="bbox 169 1715 1748 1784; baseline 0.006 -16"><span class='ocrx_word' id='word_1_112' title='bbox 169 1724 421 1783; x_wconf 79' lang='lat' dir='ltr'><strong>expetens</strong></span> <span class='ocrx_word' id='word_1_113' title='bbox 457 1715 660 1784; x_wconf 78' lang='lat' dir='ltr'><strong>gratias</strong></span> <span class='ocrx_word' id='word_1_114' title='bbox 710 1734 723 1770; x_wconf 66' lang='grc' dir='ltr'><strong>ε</strong></span> <span class='ocrx_word' id='word_1_115' title='bbox 770 1717 929 1772; x_wconf 85' lang='lat' dir='ltr'><strong>simul</strong></span> <span class='ocrx_word' id='word_1_116' title='bbox 989 1727 1168 1773; x_wconf 86' lang='lat' dir='ltr'><strong>autem</strong></span> <span class='ocrx_word' id='word_1_117' title='bbox 1203 1726 1260 1774; x_wconf 88' lang='lat' dir='ltr'><strong>et</strong></span> <span class='ocrx_word' id='word_1_118' title='bbox 1312 1735 1419 1774; x_wconf 86' lang='lat' dir='ltr'><strong>non</strong></span> <span class='ocrx_word' id='word_1_119' title='bbox 1460 1721 1748 1778; x_wconf 88' lang='lat' dir='ltr'><strong>mendaces</strong></span> 
     </span>
    </p>
   </div>
   <div class='ocr_carea' id='block_1_19' title="bbox 167 1796 1748 1883">
    <p class='ocr_par' dir='ltr' id='par_1_19' title="bbox 167 1796 1748 1883">
     <span class='ocr_line' id='line_1_19' title="bbox 167 1796 1748 1883; baseline 0.006 -24"><span class='ocrx_word' id='word_1_120' title='bbox 167 1807 550 1876; x_wconf 86' lang='lat' dir='ltr'><strong>promissiones</strong></span> <span class='ocrx_word' id='word_1_121' title='bbox 587 1809 768 1864; x_wconf 91' lang='lat' dir='ltr'><strong>sciens</strong></span> <span class='ocrx_word' id='word_1_122' title='bbox 797 1809 1006 1865; x_wconf 69' lang='lat' dir='ltr'><strong>futuras</strong></span> <span class='ocrx_word' id='word_1_123' title='bbox 1029 1811 1074 1876; x_wconf 80' lang='grc'><strong>²,</strong></span> <span class='ocrx_word' id='word_1_124' title='bbox 1103 1818 1158 1864; x_wconf 81' lang='lat' dir='ltr'><strong>et</strong></span> <span class='ocrx_word' id='word_1_125' title='bbox 1204 1796 1578 1883; x_wconf 83' lang='lat' dir='ltr'><strong>praesentibus</strong></span> <span class='ocrx_word' id='word_1_126' title='bbox 1633 1829 1748 1869; x_wconf 83' lang='lat' dir='ltr'><strong>ma-</strong></span> 
     </span>
    </p>
   </div>
   <div class='ocr_carea' id='block_1_20' title="bbox 166 1889 1744 1973">
    <p class='ocr_par' dir='ltr' id='par_1_20' title="bbox 166 1889 1744 1973">
     <span class='ocr_line' id='line_1_20' title="bbox 166 1889 1744 1973; baseline 0.005 -22"><span class='ocrx_word' id='word_1_127' title='bbox 166 1898 430 1954; x_wconf 73' lang='lat' dir='ltr'><strong>nifestans</strong></span> <span class='ocrx_word' id='word_1_128' title='bbox 459 1909 664 1970; x_wconf 87' lang='lat' dir='ltr'><strong>aperte,</strong></span> <span class='ocrx_word' id='word_1_129' title='bbox 688 1901 812 1970; x_wconf 87' lang='lat' dir='ltr'><strong>quia</strong></span> <span class='ocrx_word' id='word_1_130' title='bbox 840 1901 908 1956; x_wconf 90' lang='lat' dir='ltr'><strong>ab</strong></span> <span class='ocrx_word' id='word_1_131' title='bbox 925 1917 991 1958; x_wconf 84' lang='lat' dir='ltr'><strong>eo</strong></span> <span class='ocrx_word' id='word_1_132' title='bbox 1019 1889 1314 1958; x_wconf 90' lang='lat' dir='ltr'><strong>secundum</strong></span> <span class='ocrx_word' id='word_1_133' title='bbox 1342 1902 1512 1973; x_wconf 80' lang='lat' dir='ltr'><strong>legem</strong></span> <span class='ocrx_word' id='word_1_134' title='bbox 1535 1918 1744 1959; x_wconf 87' lang='lat' dir='ltr'><strong>sacram</strong></span> 
     </span>
    </p>
   </div>
   <div class='ocr_carea' id='block_1_21' title="bbox 166 1992 1749 2065">
    <p class='ocr_par' dir='ltr' id='par_1_21' title="bbox 166 1992 1749 2065">
     <span class='ocr_line' id='line_1_21' title="bbox 166 1992 1749 2065; baseline 0.005 -19"><span class='ocrx_word' id='word_1_135' title='bbox 166 1993 496 2062; x_wconf 78' lang='lat' dir='ltr'><strong>expetendae</strong></span> <span class='ocrx_word' id='word_1_136' title='bbox 526 1992 548 2034; x_wconf 60' lang='grc' dir='ltr'>π</span> <span class='ocrx_word' id='word_1_137' title='bbox 583 1994 836 2050; x_wconf 87' lang='lat' dir='ltr'><strong>omnibus</strong></span> <span class='ocrx_word' id='word_1_138' title='bbox 888 2004 1045 2049; x_wconf 85' lang='lat' dir='ltr'><strong>erunt</strong></span> <span class='ocrx_word' id='word_1_139' title='bbox 1095 1993 1249 2065; x_wconf 80' lang='lat' dir='ltr'><strong>juxta</strong></span> <span class='ocrx_word' id='word_1_140' title='bbox 1286 1995 1522 2050; x_wconf 87' lang='lat' dir='ltr'><strong>divinam</strong></span> <span class='ocrx_word' id='word_1_141' title='bbox 1579 1997 1749 2054; x_wconf 82' lang='lat' dir='ltr'><strong>vitam</strong></span> 
     </span>
    </p>
   </div>
   <div class='ocr_carea' id='block_1_22' title="bbox 167 2084 1750 2146">
    <p class='ocr_par' dir='ltr' id='par_1_22' title="bbox 167 2084 1750 2146">
     <span class='ocr_line' id='line_1_22' title="bbox 167 2084 1750 2146; baseline 0.004 -7"><span class='ocrx_word' id='word_1_142' title='bbox 167 2085 571 2140; x_wconf 84' lang='lat' dir='ltr'><strong>consummatis.</strong></span> <span class='ocrx_word' id='word_1_143' title='bbox 623 2084 736 2141; x_wconf 86' lang='lat' dir='ltr'><strong>Non</strong></span> <span class='ocrx_word' id='word_1_144' title='bbox 777 2088 920 2141; x_wconf 80' lang='lat' dir='ltr'><strong>enim</strong></span> <span class='ocrx_word' id='word_1_145' title='bbox 970 2103 1213 2143; x_wconf 88' lang='lat' dir='ltr'><strong>summus</strong></span> <span class='ocrx_word' id='word_1_146' title='bbox 1248 2090 1502 2146; x_wconf 78' lang='lat' dir='ltr'><strong>sacerdos</strong></span> <span class='ocrx_word' id='word_1_147' title='bbox 1534 2091 1750 2146; x_wconf 84' lang='lat' dir='ltr'><strong>divinae</strong></span> 
     </span>
    </p>
   </div>
   <div class='ocr_carea' id='block_1_23' title="bbox 160 2174 1750 2250">
    <p class='ocr_par' dir='ltr' id='par_1_23' title="bbox 160 2174 1750 2250">
     <span class='ocr_line' id='line_1_23' title="bbox 160 2174 1750 2250; baseline 0.003 -19"><span class='ocrx_word' id='word_1_148' title='bbox 160 2174 401 2244; x_wconf 76' lang='lat' dir='ltr'><strong>iustitiae</strong></span> <span class='ocrx_word' id='word_1_149' title='bbox 431 2178 701 2249; x_wconf 79' lang='lat' dir='ltr'><strong>ypopheta</strong></span> <span class='ocrx_word' id='word_1_150' title='bbox 743 2187 950 2249; x_wconf 87' lang='lat' dir='ltr'><strong>peteret</strong></span> <span class='ocrx_word' id='word_1_151' title='bbox 979 2178 1272 2250; x_wconf 86' lang='lat' dir='ltr'><strong>aliquando</strong></span> <span class='ocrx_word' id='word_1_152' title='bbox 1301 2181 1401 2234; x_wconf 86' lang='lat' dir='ltr'><strong>nisi</strong></span> <span class='ocrx_word' id='word_1_153' title='bbox 1434 2180 1545 2236; x_wconf 90' lang='lat' dir='ltr'><strong>Deo</strong></span> <span class='ocrx_word' id='word_1_154' title='bbox 1598 2196 1750 2237; x_wconf 82' lang='lat' dir='ltr'><strong>ama-</strong></span> 
     </span>
    </p>
   </div>
   <div class='ocr_carea' id='block_1_24' title="bbox 164 2267 1750 2342">
    <p class='ocr_par' dir='ltr' id='par_1_24' title="bbox 164 2267 1750 2342">
     <span class='ocr_line' id='line_1_24' title="bbox 164 2267 1750 2342; baseline 0.003 -20"><span class='ocrx_word' id='word_1_155' title='bbox 164 2268 388 2332; x_wconf 88' lang='lat' dir='ltr'><strong>billima,</strong></span> <span class='ocrx_word' id='word_1_156' title='bbox 411 2277 467 2322; x_wconf 86' lang='lat' dir='ltr'><strong>et</strong></span> <span class='ocrx_word' id='word_1_157' title='bbox 495 2269 563 2322; x_wconf 86' lang='lat' dir='ltr'><strong>ab</strong></span> <span class='ocrx_word' id='word_1_158' title='bbox 589 2283 654 2323; x_wconf 89' lang='lat' dir='ltr'><strong>eo</strong></span> <span class='ocrx_word' id='word_1_159' title='bbox 696 2269 888 2324; x_wconf 85' lang='lat' dir='ltr'><strong>donari</strong></span> <span class='ocrx_word' id='word_1_160' title='bbox 914 2267 1170 2326; x_wconf 88' lang='lat' dir='ltr'><strong>divinitus</strong></span> <span class='ocrx_word' id='word_1_161' title='bbox 1192 2272 1483 2340; x_wconf 84' lang='lat' dir='ltr'><strong>promissa.</strong></span> <span class='ocrx_word' id='word_1_162' title='bbox 1520 2272 1750 2342; x_wconf 86' lang='lat' dir='ltr'><strong>Propter</strong></span> 
     </span>
    </p>
   </div>
   <div class='ocr_carea' id='block_1_25' title="bbox 164 2360 1750 2438">
    <p class='ocr_par' dir='ltr' id='par_1_25' title="bbox 164 2360 1750 2438">
     <span class='ocr_line' id='line_1_25' title="bbox 164 2360 1750 2438; baseline 0.005 -24"><span class='ocrx_word' id='word_1_163' title='bbox 164 2361 306 2429; x_wconf 85' lang='lat' dir='ltr'><strong>quod</strong></span> <span class='ocrx_word' id='word_1_164' title='bbox 363 2360 658 2417; x_wconf 84' lang='lat' dir='ltr'><strong>immundis</strong></span> <span class='ocrx_word' id='word_1_165' title='bbox 699 2377 807 2424; x_wconf 79' lang='lat' dir='ltr'><strong>non</strong></span> <span class='ocrx_word' id='word_1_166' title='bbox 836 2372 957 2418; x_wconf 88' lang='lat' dir='ltr'><strong>orat</strong></span> <span class='ocrx_word' id='word_1_167' title='bbox 991 2363 1127 2418; x_wconf 80' lang='lat' dir='ltr'><strong>haec</strong></span> <span class='ocrx_word' id='word_1_168' title='bbox 1170 2365 1581 2433; x_wconf 83' lang='lat' dir='ltr'><strong>dormientibus,</strong></span> <span class='ocrx_word' id='word_1_169' title='bbox 1615 2383 1750 2438; x_wconf 81' lang='lat' dir='ltr'><strong>quo-</strong></span> 
     </span>
    </p>
   </div>
   <div class='ocr_carea' id='block_1_26' title="bbox 163 2451 1745 2526">
    <p class='ocr_par' dir='ltr' id='par_1_26' title="bbox 163 2451 1745 2526">
     <span class='ocr_line' id='line_1_26' title="bbox 163 2451 1745 2526; baseline 0.006 -21"><span class='ocrx_word' id='word_1_170' title='bbox 163 2452 306 2506; x_wconf 83' lang='lat' dir='ltr'><strong>niam</strong></span> <span class='ocrx_word' id='word_1_171' title='bbox 334 2466 438 2506; x_wconf 91' lang='lat' dir='ltr'><strong>non</strong></span> <span class='ocrx_word' id='word_1_172' title='bbox 471 2451 644 2507; x_wconf 88' lang='lat' dir='ltr'><strong>solum</strong></span> <span class='ocrx_word' id='word_1_173' title='bbox 672 2453 998 2525; x_wconf 83' lang='lat' dir='ltr'><strong>ypophetico</strong></span> <span class='ocrx_word' id='word_1_174' title='bbox 1021 2455 1073 2509; x_wconf 91' lang='lat' dir='ltr'><strong>iu</strong></span> <span class='ocrx_word' id='word_1_175' title='bbox 1105 2456 1208 2510; x_wconf 87' lang='lat' dir='ltr'><strong>hoc</strong></span> <span class='ocrx_word' id='word_1_176' title='bbox 1237 2466 1509 2513; x_wconf 89' lang='lat' dir='ltr'><strong>avertetur</strong></span> <span class='ocrx_word' id='word_1_177' title='bbox 1533 2460 1745 2526; x_wconf 82' lang='lat' dir='ltr'><strong>ordine,</strong></span> 
     </span>
    </p>
   </div>
   <div class='ocr_carea' id='block_1_27' title="bbox 165 2543 1748 2621">
    <p class='ocr_par' dir='ltr' id='par_1_27' title="bbox 165 2543 1748 2621">
     <span class='ocr_line' id='line_1_27' title="bbox 165 2543 1748 2621; baseline 0.006 -24"><span class='ocrx_word' id='word_1_178' title='bbox 165 2553 221 2597; x_wconf 86' lang='lat' dir='ltr'><strong>et</strong></span> <span class='ocrx_word' id='word_1_179' title='bbox 261 2543 388 2612; x_wconf 89' lang='lat' dir='ltr'><strong>quid</strong></span> <span class='ocrx_word' id='word_1_180' title='bbox 421 2543 846 2606; x_wconf 85' lang='lat' dir='ltr'><strong>ierarchicorum</strong></span> <span class='ocrx_word' id='word_1_181' title='bbox 878 2547 1109 2616; x_wconf 86' lang='lat' dir='ltr'><strong>superbe</strong></span> <span class='ocrx_word' id='word_1_182' title='bbox 1135 2547 1371 2614; x_wconf 86' lang='lat' dir='ltr'><strong>audebit,</strong></span> <span class='ocrx_word' id='word_1_183' title='bbox 1403 2564 1430 2602; x_wconf 89' lang='lat' dir='ltr'><strong>a</strong></span> <span class='ocrx_word' id='word_1_184' title='bbox 1463 2549 1748 2621; x_wconf 81' lang='lat' dir='ltr'><strong>perfectio-</strong></span> 
     </span>
    </p>
   </div>
   <div class='ocr_carea' id='block_1_28' title="bbox 161 2637 1746 2708">
    <p class='ocr_par' dir='ltr' id='par_1_28' title="bbox 161 2637 1746 2708">
     <span class='ocr_line' id='line_1_28' title="bbox 161 2637 1746 2708; baseline 0.006 -19"><span class='ocrx_word' id='word_1_185' title='bbox 161 2650 290 2692; x_wconf 86' lang='lat' dir='ltr'><strong>num</strong></span> <span class='ocrx_word' id='word_1_186' title='bbox 337 2637 582 2708; x_wconf 80' lang='lat' dir='ltr'><strong>principe</strong></span> <span class='ocrx_word' id='word_1_187' title='bbox 627 2640 946 2704; x_wconf 84' lang='lat' dir='ltr'><strong>movendus,</strong></span> <span class='ocrx_word' id='word_1_188' title='bbox 977 2648 1032 2693; x_wconf 86' lang='lat' dir='ltr'><strong>et</strong></span> <span class='ocrx_word' id='word_1_189' title='bbox 1059 2640 1184 2708; x_wconf 86' lang='lat' dir='ltr'><strong>quia</strong></span> <span class='ocrx_word' id='word_1_190' title='bbox 1214 2650 1416 2696; x_wconf 85' lang='lat' dir='ltr'><strong>rectam</strong></span> <span class='ocrx_word' id='word_1_191' title='bbox 1447 2642 1746 2698; x_wconf 88' lang='lat' dir='ltr'><strong>orationem</strong></span> 
     </span>
    </p>
   </div>
   <div class='ocr_carea' id='block_1_29' title="bbox 158 2727 1760 2803">
    <p class='ocr_par' dir='ltr' id='par_1_29' title="bbox 158 2727 1760 2803">
     <span class='ocr_line' id='line_1_29' title="bbox 158 2727 1760 2803; baseline 0.009 -26"><span class='ocrx_word' id='word_1_192' title='bbox 158 2728 533 2795; x_wconf 68' lang='lat' dir='ltr'><strong>consequitur,</strong></span> <span class='ocrx_word' id='word_1_193' title='bbox 591 2728 660 2783; x_wconf 87' lang='lat' dir='ltr'><strong>ab</strong></span> <span class='ocrx_word' id='word_1_194' title='bbox 690 2727 837 2797; x_wconf 87' lang='lat' dir='ltr'><strong>justo</strong></span> <span class='ocrx_word' id='word_1_195' title='bbox 876 2729 1093 2801; x_wconf 85' lang='lat' dir='ltr'><strong>eloquio</strong></span> <span class='ocrx_word' id='word_1_196' title='bbox 1115 2741 1170 2789; x_wconf 85' lang='lat' dir='ltr'><strong>et</strong></span> <span class='ocrx_word' id='word_1_197' title='bbox 1197 2731 1310 2803; x_wconf 87' lang='lat' dir='ltr'><strong>ipse</strong></span> <span class='ocrx_word' id='word_1_198' title='bbox 1338 2747 1446 2787; x_wconf 91' lang='lat' dir='ltr'><strong>non</strong></span> <span class='ocrx_word' id='word_1_199' title='bbox 1477 2734 1760 2793; x_wconf 81' lang='lat' dir='ltr'><strong>immerito</strong></span> 
     </span>
    </p>
   </div>
   <div class='ocr_carea' id='block_1_30' title="bbox 160 2819 1744 2898">
    <p class='ocr_par' dir='ltr' id='par_1_30' title="bbox 160 2819 1744 2898">
     <span class='ocr_line' id='line_1_30' title="bbox 160 2819 1744 2898; baseline 0.006 -26"><span class='ocrx_word' id='word_1_200' title='bbox 160 2819 390 2875; x_wconf 89' lang='lat' dir='ltr'><strong>audiens</strong></span> <span class='ocrx_word' id='word_1_201' title='bbox 416 2839 428 2874; x_wconf 87' lang='lat'><strong>:</strong></span> <span class='ocrx_word' id='word_1_202' title='bbox 459 2819 662 2889; x_wconf 69' lang='lat' dir='ltr'><strong>Petitis,</strong></span> <span class='ocrx_word' id='word_1_203' title='bbox 690 2834 738 2878; x_wconf 79' lang='lat' dir='ltr'><strong>et</strong></span> <span class='ocrx_word' id='word_1_204' title='bbox 770 2840 873 2877; x_wconf 83' lang='lat' dir='ltr'><strong>non</strong></span> <span class='ocrx_word' id='word_1_205' title='bbox 901 2826 1156 2894; x_wconf 76' lang='lat' dir='ltr'><strong>accipitis,</strong></span> <span class='ocrx_word' id='word_1_206' title='bbox 1186 2828 1313 2896; x_wconf 82' lang='lat' dir='ltr'><strong>quia</strong></span> <span class='ocrx_word' id='word_1_207' title='bbox 1331 2827 1472 2882; x_wconf 74' lang='lat' dir='ltr'><strong>male</strong></span> <span class='ocrx_word' id='word_1_208' title='bbox 1499 2829 1670 2898; x_wconf 81' lang='lat' dir='ltr'><strong>petitis</strong></span> <span class='ocrx_word' id='word_1_209' title='bbox 1698 2841 1744 2882; x_wconf 78' lang='grc' dir='ltr'><strong>ο.</strong></span> 
     </span>
    </p>
   </div>
   <div class='ocr_carea' id='block_1_31' title="bbox 157 2910 1760 2987">
    <p class='ocr_par' dir='ltr' id='par_1_31' title="bbox 157 2910 1760 2987">
     <span class='ocr_line' id='line_1_31' title="bbox 157 2910 1760 2987; baseline 0.007 -23"><span class='ocrx_word' id='word_1_210' title='bbox 157 2910 278 2965; x_wconf 84' lang='lat' dir='ltr'><strong>Non</strong></span> <span class='ocrx_word' id='word_1_211' title='bbox 308 2926 438 2983; x_wconf 81' lang='lat' dir='ltr'><strong>ergo</strong></span> <span class='ocrx_word' id='word_1_212' title='bbox 475 2913 688 2969; x_wconf 90' lang='lat' dir='ltr'><strong>divinus</strong></span> <span class='ocrx_word' id='word_1_213' title='bbox 721 2930 964 2971; x_wconf 92' lang='lat' dir='ltr'><strong>summus</strong></span> <span class='ocrx_word' id='word_1_214' title='bbox 990 2917 1243 2972; x_wconf 88' lang='lat' dir='ltr'><strong>sacerdos</strong></span> <span class='ocrx_word' id='word_1_215' title='bbox 1268 2920 1760 2987; x_wconf 76' lang='lat' dir='ltr'><strong>expetitdiviuitus-</strong></span> 
     </span>
    </p>
   </div>
   <div class='ocr_carea' id='block_1_32' title="bbox 158 3004 1749 3079">
    <p class='ocr_par' dir='ltr' id='par_1_32' title="bbox 158 3004 1749 3079">
     <span class='ocr_line' id='line_1_32' title="bbox 158 3004 1749 3079; baseline 0.009 -24"><span class='ocrx_word' id='word_1_216' title='bbox 158 3004 450 3073; x_wconf 85' lang='lat' dir='ltr'><strong>promissa,</strong></span> <span class='ocrx_word' id='word_1_217' title='bbox 496 3013 551 3061; x_wconf 89' lang='lat' dir='ltr'><strong>et</strong></span> <span class='ocrx_word' id='word_1_218' title='bbox 585 3006 834 3061; x_wconf 90' lang='lat' dir='ltr'><strong>amabilia</strong></span> <span class='ocrx_word' id='word_1_219' title='bbox 885 3007 1013 3075; x_wconf 91' lang='lat' dir='ltr'><strong>Deo,</strong></span> <span class='ocrx_word' id='word_1_220' title='bbox 1052 3016 1107 3064; x_wconf 90' lang='lat' dir='ltr'><strong>et</strong></span> <span class='ocrx_word' id='word_1_221' title='bbox 1135 3011 1353 3065; x_wconf 89' lang='lat' dir='ltr'><strong>omnino</strong></span> <span class='ocrx_word' id='word_1_222' title='bbox 1381 3013 1648 3079; x_wconf 87' lang='lat' dir='ltr'><strong>donanda,</strong></span> <span class='ocrx_word' id='word_1_223' title='bbox 1695 3023 1749 3069; x_wconf 89' lang='lat' dir='ltr'><strong>ct</strong></span> 
     </span>
    </p>
   </div>
   <div class='ocr_carea' id='block_1_33' title="bbox 159 3097 1747 3181">
    <p class='ocr_par' dir='ltr' id='par_1_33' title="bbox 159 3097 1747 3181">
     <span class='ocr_line' id='line_1_33' title="bbox 159 3097 1747 3181; baseline 0.008 -32"><span class='ocrx_word' id='word_1_224' title='bbox 159 3097 266 3150; x_wconf 83' lang='lat' dir='ltr'><strong>hoc</strong></span> <span class='ocrx_word' id='word_1_225' title='bbox 309 3097 532 3167; x_wconf 84' lang='lat' dir='ltr'><strong>preprio</strong></span> <span class='ocrx_word' id='word_1_226' title='bbox 555 3097 892 3154; x_wconf 81' lang='lat' dir='ltr'><strong>deiformiter</strong></span> <span class='ocrx_word' id='word_1_227' title='bbox 940 3101 1123 3156; x_wconf 90' lang='lat' dir='ltr'><strong>habitu</strong></span> <span class='ocrx_word' id='word_1_228' title='bbox 1163 3105 1453 3181; x_wconf 77' lang='lat' dir='ltr'><strong>ostendens</strong></span> <span class='ocrx_word' id='word_1_229' title='bbox 1483 3101 1747 3163; x_wconf 79' lang='lat' dir='ltr'><strong>bonorum</strong></span> 
     </span>
    </p>
   </div>
   <div class='ocr_carea' id='block_1_34' title="bbox 1859 517 3437 608">
    <p class='ocr_par' dir='ltr' id='par_1_34' title="bbox 1859 517 3437 608">
     <span class='ocr_line' id='line_1_34' title="bbox 1859 517 3437 608; baseline 0.006 -35"><span class='ocrx_word' id='word_1_230' title='bbox 1859 527 1966 608; x_wconf 84' lang='lat' dir='ltr'><strong>que</strong></span> <span class='ocrx_word' id='word_1_231' title='bbox 1986 520 2464 576; x_wconf 88' lang='lat' dir='ltr'><strong>consummationis</strong></span> <span class='ocrx_word' id='word_1_232' title='bbox 2492 520 2742 598; x_wconf 83' lang='lat' dir='ltr'><strong>princeps</strong></span> <span class='ocrx_word' id='word_1_233' title='bbox 2787 536 2879 576; x_wconf 90' lang='lat' dir='ltr'><strong>cas</strong></span> <span class='ocrx_word' id='word_1_234' title='bbox 2903 521 3157 592; x_wconf 85' lang='lat' dir='ltr'><strong>divinitas</strong></span> <span class='ocrx_word' id='word_1_235' title='bbox 3186 517 3437 606; x_wconf 73' lang='lat' dir='ltr'><strong>moverit,</strong></span> 
     </span>
    </p>
   </div>
   <div class='ocr_carea' id='block_1_35' title="bbox 1855 613 3438 690">
    <p class='ocr_par' dir='ltr' id='par_1_35' title="bbox 1855 613 3438 690">
     <span class='ocr_line' id='line_1_35' title="bbox 1855 613 3438 690; baseline 0.003 -22"><span class='ocrx_word' id='word_1_236' title='bbox 1855 613 1992 668; x_wconf 87' lang='lat' dir='ltr'><strong>Aliis</strong></span> <span class='ocrx_word' id='word_1_237' title='bbox 2015 621 2192 678; x_wconf 90' lang='lat' dir='ltr'><strong>autem</strong></span> <span class='ocrx_word' id='word_1_238' title='bbox 2217 613 2295 670; x_wconf 89' lang='lat' dir='ltr'><strong>sic</strong></span> <span class='ocrx_word' id='word_1_239' title='bbox 2316 613 2367 667; x_wconf 93' lang='lat' dir='ltr'><strong>in</strong></span> <span class='ocrx_word' id='word_1_240' title='bbox 2399 629 2639 672; x_wconf 89' lang='lat' dir='ltr'><strong>summos</strong></span> <span class='ocrx_word' id='word_1_241' title='bbox 2666 613 2996 690; x_wconf 81' lang='lat' dir='ltr'><strong>sacerdotes,</strong></span> <span class='ocrx_word' id='word_1_242' title='bbox 3025 616 3076 690; x_wconf 85' lang='lat' dir='ltr'><strong>in</strong></span> <span class='ocrx_word' id='word_1_243' title='bbox 3108 617 3438 688; x_wconf 78' lang='lat' dir='ltr'><strong>quibuscun-</strong></span> 
     </span>
    </p>
   </div>
   <div class='ocr_carea' id='block_1_36' title="bbox 1855 695 3440 792">
    <p class='ocr_par' dir='ltr' id='par_1_36' title="bbox 1855 695 3440 792">
     <span class='ocr_line' id='line_1_36' title="bbox 1855 695 3440 792; baseline 0.004 -34"><span class='ocrx_word' id='word_1_244' title='bbox 1855 719 1962 775; x_wconf 89' lang='lat' dir='ltr'><strong>que</strong></span> <span class='ocrx_word' id='word_1_245' title='bbox 1991 711 2157 775; x_wconf 77' lang='lat' dir='ltr'><strong>agunt</strong></span> <span class='ocrx_word' id='word_1_246' title='bbox 2184 704 2504 788; x_wconf 73' lang='lat' dir='ltr'><strong>ierat-obice,</strong></span> <span class='ocrx_word' id='word_1_247' title='bbox 2534 705 2938 792; x_wconf 68' lang='lat' dir='ltr'><strong>attendendum,</strong></span> <span class='ocrx_word' id='word_1_248' title='bbox 2971 715 3228 778; x_wconf 88' lang='lat' dir='ltr'><strong>tanquam</strong></span> <span class='ocrx_word' id='word_1_249' title='bbox 3254 724 3282 762; x_wconf 91' lang='lat' dir='ltr'><strong>a</strong></span> <span class='ocrx_word' id='word_1_250' title='bbox 3309 695 3440 768; x_wconf 42' lang='lat' dir='ltr'><strong>&#39;Deo</strong></span> 
     </span>
    </p>
   </div>
   <div class='ocr_carea' id='block_1_37' title="bbox 1856 795 3440 874">
    <p class='ocr_par' dir='ltr' id='par_1_37' title="bbox 1856 795 3440 874">
     <span class='ocr_line' id='line_1_37' title="bbox 1856 795 3440 874; baseline 0.003 -22"><span class='ocrx_word' id='word_1_251' title='bbox 1856 805 2173 854; x_wconf 89' lang='lat' dir='ltr'><strong>commotos.</strong></span> <span class='ocrx_word' id='word_1_252' title='bbox 2203 795 2462 869; x_wconf 76' lang='lat' dir='ltr'><strong>Spernens</strong></span> <span class='ocrx_word' id='word_1_253' title='bbox 2486 798 2624 852; x_wconf 86' lang='lat' dir='ltr'><strong>enim</strong></span> <span class='ocrx_word' id='word_1_254' title='bbox 2667 814 2773 863; x_wconf 82' lang='lat' dir='ltr'><strong>vos,</strong></span> <span class='ocrx_word' id='word_1_255' title='bbox 2808 799 2901 874; x_wconf 80' lang='lat' dir='ltr'><strong>ait,</strong></span> <span class='ocrx_word' id='word_1_256' title='bbox 2926 798 3020 858; x_wconf 61' lang='lat' dir='ltr'><strong>me‘</strong></span> <span class='ocrx_word' id='word_1_257' title='bbox 3035 799 3229 872; x_wconf 78' lang='lat' dir='ltr'><strong>spernit</strong></span> <span class='ocrx_word' id='word_1_258' title='bbox 3259 801 3304 856; x_wconf 74' lang='grc' dir='ltr'><strong>τ.</strong></span> <span class='ocrx_word' id='word_1_259' title='bbox 3334 797 3440 872; x_wconf 80' lang='lat' dir='ltr'><strong>Sed</strong></span> 
     </span>
    </p>
   </div>
   <div class='ocr_carea' id='block_1_38' title="bbox 1849 875 3441 968">
    <p class='ocr_par' dir='ltr' id='par_1_38' title="bbox 1849 875 3441 968">
     <span class='ocr_line' id='line_1_38' title="bbox 1849 875 3441 968; baseline 0 -22"><span class='ocrx_word' id='word_1_260' title='bbox 1849 887 2140 948; x_wconf 72' lang='lat' dir='ltr'><strong>redeamus</strong></span> <span class='ocrx_word' id='word_1_261' title='bbox 2162 890 2212 945; x_wconf 90' lang='lat' dir='ltr'><strong>in</strong></span> <span class='ocrx_word' id='word_1_262' title='bbox 2235 879 2408 946; x_wconf 86' lang='lat' dir='ltr'><strong>dictae</strong></span> <span class='ocrx_word' id='word_1_263' title='bbox 2425 889 2686 950; x_wconf 81' lang='lat' dir='ltr'><strong>orationis</strong></span> <span class='ocrx_word' id='word_1_264' title='bbox 2717 893 3122 968; x_wconf 84' lang='lat' dir='ltr'><strong>consequentia.</strong></span> <span class='ocrx_word' id='word_1_265' title='bbox 3147 875 3441 968; x_wconf 69' lang='lat' dir='ltr'><strong>Pet-ﬁciens</strong></span> 
     </span>
    </p>
   </div>
   <div class='ocr_carea' id='block_1_39' title="bbox 1855 984 3441 1058">
    <p class='ocr_par' dir='ltr' id='par_1_39' title="bbox 1855 984 3441 1058">
     <span class='ocr_line' id='line_1_39' title="bbox 1855 984 3441 1058; baseline 0.001 -20"><span class='ocrx_word' id='word_1_266' title='bbox 1855 985 1999 1042; x_wconf 88' lang='lat' dir='ltr'><strong>enim</strong></span> <span class='ocrx_word' id='word_1_267' title='bbox 2025 1000 2120 1042; x_wconf 84' lang='lat' dir='ltr'><strong>eas</strong></span> <span class='ocrx_word' id='word_1_268' title='bbox 2147 999 2389 1049; x_wconf 83' lang='lat' dir='ltr'><strong>summus</strong></span> <span class='ocrx_word' id='word_1_269' title='bbox 2418 985 2692 1050; x_wconf 90' lang='lat' dir='ltr'><strong>sacerdos,</strong></span> <span class='ocrx_word' id='word_1_270' title='bbox 2717 984 2916 1058; x_wconf 63' lang='lat' dir='ltr'><strong>etipse</strong></span> <span class='ocrx_word' id='word_1_271' title='bbox 2945 984 3142 1039; x_wconf 88' lang='lat' dir='ltr'><strong>salutat</strong></span> <span class='ocrx_word' id='word_1_272' title='bbox 3167 985 3441 1046; x_wconf 85' lang='lat' dir='ltr'><strong>dormien-</strong></span> 
     </span>
    </p>
   </div>
   <div class='ocr_carea' id='block_1_40' title="bbox 1857 1073 3440 1145">
    <p class='ocr_par' dir='ltr' id='par_1_40' title="bbox 1857 1073 3440 1145">
     <span class='ocr_line' id='line_1_40' title="bbox 1857 1073 3440 1145; baseline 0 -16"><span class='ocrx_word' id='word_1_273' title='bbox 1857 1084 1986 1140; x_wconf 90' lang='lat' dir='ltr'><strong>tem,</strong></span> <span class='ocrx_word' id='word_1_274' title='bbox 2027 1083 2081 1130; x_wconf 92' lang='lat' dir='ltr'><strong>et</strong></span> <span class='ocrx_word' id='word_1_275' title='bbox 2107 1075 2299 1129; x_wconf 90' lang='lat' dir='ltr'><strong>deinde</strong></span> <span class='ocrx_word' id='word_1_276' title='bbox 2324 1082 2639 1145; x_wconf 79' lang='lat' dir='ltr'><strong>praesentes</strong></span> <span class='ocrx_word' id='word_1_277' title='bbox 2683 1081 2892 1140; x_wconf 85' lang='lat' dir='ltr'><strong>omnes.</strong></span> <span class='ocrx_word' id='word_1_278' title='bbox 2925 1073 3272 1130; x_wconf 88' lang='lat' dir='ltr'><strong>Delectabilis</strong></span> <span class='ocrx_word' id='word_1_279' title='bbox 3294 1076 3440 1129; x_wconf 89' lang='lat' dir='ltr'><strong>enim</strong></span> 
     </span>
    </p>
   </div>
   <div class='ocr_carea' id='block_1_41' title="bbox 1853 1163 3438 1228">
    <p class='ocr_par' dir='ltr' id='par_1_41' title="bbox 1853 1163 3438 1228">
     <span class='ocr_line' id='line_1_41' title="bbox 1853 1163 3438 1228; baseline -0.001 -9"><span class='ocrx_word' id='word_1_280' title='bbox 1853 1175 1937 1220; x_wconf 86' lang='lat' dir='ltr'><strong>cst</strong></span> <span class='ocrx_word' id='word_1_281' title='bbox 1964 1173 2018 1219; x_wconf 90' lang='lat' dir='ltr'><strong>et</strong></span> <span class='ocrx_word' id='word_1_282' title='bbox 2049 1163 2382 1219; x_wconf 88' lang='lat' dir='ltr'><strong>honorabilis</strong></span> <span class='ocrx_word' id='word_1_283' title='bbox 2421 1163 2671 1228; x_wconf 87' lang='lat' dir='ltr'><strong>omnibus</strong></span> <span class='ocrx_word' id='word_1_284' title='bbox 2735 1164 3087 1220; x_wconf 86' lang='lat' dir='ltr'><strong>deiformibus</strong></span> <span class='ocrx_word' id='word_1_285' title='bbox 3141 1167 3438 1220; x_wconf 87' lang='lat' dir='ltr'><strong>secundum</strong></span> 
     </span>
    </p>
   </div>
   <div class='ocr_carea' id='block_1_42' title="bbox 1854 1255 3439 1328">
    <p class='ocr_par' dir='ltr' id='par_1_42' title="bbox 1854 1255 3439 1328">
     <span class='ocr_line' id='line_1_42' title="bbox 1854 1255 3439 1328; baseline 0.001 -18"><span class='ocrx_word' id='word_1_286' title='bbox 1854 1256 2088 1328; x_wconf 82' lang='lat' dir='ltr'><strong>divinam</strong></span> <span class='ocrx_word' id='word_1_287' title='bbox 2118 1257 2282 1311; x_wconf 89' lang='lat' dir='ltr'><strong>vitam</strong></span> <span class='ocrx_word' id='word_1_288' title='bbox 2312 1266 2736 1312; x_wconf 88' lang='lat' dir='ltr'><strong>consummatus.</strong></span> <span class='ocrx_word' id='word_1_289' title='bbox 2759 1257 2887 1311; x_wconf 87' lang='lat' dir='ltr'><strong>Post</strong></span> <span class='ocrx_word' id='word_1_290' title='bbox 2909 1271 3037 1321; x_wconf 77' lang='lat' dir='ltr'><strong>vero</strong></span> <span class='ocrx_word' id='word_1_291' title='bbox 3061 1255 3439 1312; x_wconf 87' lang='lat' dir='ltr'><strong>salutationem</strong></span> 
     </span>
    </p>
   </div>
   <div class='ocr_carea' id='block_1_43' title="bbox 1813 1346 3444 1427">
    <p class='ocr_par' dir='ltr' id='par_1_43' title="bbox 1813 1346 3444 1427">
     <span class='ocr_line' id='line_1_43' title="bbox 1813 1346 3444 1427; baseline 0.001 -23"><span class='ocrx_word' id='word_1_292' title='bbox 1813 1395 1822 1404; x_wconf 93' lang='lat'><strong>.</strong></span> <span class='ocrx_word' id='word_1_293' title='bbox 1854 1346 2088 1403; x_wconf 70' lang='lat' dir='ltr'><strong>infundit</strong></span> <span class='ocrx_word' id='word_1_294' title='bbox 2114 1350 2399 1404; x_wconf 89' lang='lat' dir='ltr'><strong>dormienti</strong></span> <span class='ocrx_word' id='word_1_295' title='bbox 2435 1349 2610 1404; x_wconf 91' lang='lat' dir='ltr'><strong>oleum</strong></span> <span class='ocrx_word' id='word_1_296' title='bbox 2636 1365 2876 1405; x_wconf 88' lang='lat' dir='ltr'><strong>summus</strong></span> <span class='ocrx_word' id='word_1_297' title='bbox 2901 1352 3174 1427; x_wconf 81' lang='lat' dir='ltr'><strong>sacerdos.</strong></span> <span class='ocrx_word' id='word_1_298' title='bbox 3211 1351 3444 1415; x_wconf 69' lang='lat' dir='ltr'><strong>Memmi-</strong></span> 
     </span>
    </p>
   </div>
   <div class='ocr_carea' id='block_1_44' title="bbox 1855 1433 3442 1514">
    <p class='ocr_par' dir='ltr' id='par_1_44' title="bbox 1855 1433 3442 1514">
     <span class='ocr_line' id='line_1_44' title="bbox 1855 1433 3442 1514; baseline 0.003 -22"><span class='ocrx_word' id='word_1_299' title='bbox 1855 1443 1908 1494; x_wconf 90' lang='lat' dir='ltr'><strong>to</strong></span> <span class='ocrx_word' id='word_1_300' title='bbox 1943 1449 2144 1506; x_wconf 90' lang='lat' dir='ltr'><strong>autem,</strong></span> <span class='ocrx_word' id='word_1_301' title='bbox 2176 1441 2302 1510; x_wconf 89' lang='lat' dir='ltr'><strong>quia</strong></span> <span class='ocrx_word' id='word_1_302' title='bbox 2330 1441 2628 1506; x_wconf 88' lang='lat' dir='ltr'><strong>secundum</strong></span> <span class='ocrx_word' id='word_1_303' title='bbox 2651 1433 2866 1497; x_wconf 82' lang='lat' dir='ltr'><strong>sacram</strong></span> <span class='ocrx_word' id='word_1_304' title='bbox 2891 1443 3292 1514; x_wconf 80' lang='lat' dir='ltr'><strong>theogencsiam</strong></span> <span class='ocrx_word' id='word_1_305' title='bbox 3318 1454 3442 1510; x_wconf 84' lang='lat' dir='ltr'><strong>ante</strong></span> 
     </span>
    </p>
   </div>
   <div class='ocr_carea' id='block_1_45' title="bbox 1853 1517 3442 1606">
    <p class='ocr_par' dir='ltr' id='par_1_45' title="bbox 1853 1517 3442 1606">
     <span class='ocr_line' id='line_1_45' title="bbox 1853 1517 3442 1606; baseline 0.003 -22"><span class='ocrx_word' id='word_1_306' title='bbox 1853 1521 2250 1585; x_wconf 87' lang='lat' dir='ltr'><strong>divinissimum</strong></span> <span class='ocrx_word' id='word_1_307' title='bbox 2316 1531 2614 1602; x_wconf 86' lang='lat' dir='ltr'><strong>baptisma,</strong></span> <span class='ocrx_word' id='word_1_308' title='bbox 2669 1533 2842 1603; x_wconf 89' lang='lat' dir='ltr'><strong>prima</strong></span> <span class='ocrx_word' id='word_1_309' title='bbox 2897 1517 3244 1606; x_wconf 76' lang='lat' dir='ltr'><strong>participatio</strong></span> <span class='ocrx_word' id='word_1_310' title='bbox 3302 1535 3442 1606; x_wconf 80' lang='lat' dir='ltr'><strong>sacri</strong></span> 
     </span>
    </p>
   </div>
   <div class='ocr_carea' id='block_1_46' title="bbox 1853 1605 3440 1696">
    <p class='ocr_par' dir='ltr' id='par_1_46' title="bbox 1853 1605 3440 1696">
     <span class='ocr_line' id='line_1_46' title="bbox 1853 1605 3440 1696; baseline 0.004 -22"><span class='ocrx_word' id='word_1_311' title='bbox 1853 1617 2082 1690; x_wconf 84' lang='lat' dir='ltr'><strong>symboli</strong></span> <span class='ocrx_word' id='word_1_312' title='bbox 2112 1619 2342 1674; x_wconf 87' lang='lat' dir='ltr'><strong>donatur</strong></span> <span class='ocrx_word' id='word_1_313' title='bbox 2375 1621 2700 1692; x_wconf 82' lang='lat' dir='ltr'><strong>perﬁciendo</strong></span> <span class='ocrx_word' id='word_1_314' title='bbox 2723 1631 2847 1692; x_wconf 84' lang='lat' dir='ltr'><strong>post</strong></span> <span class='ocrx_word' id='word_1_315' title='bbox 2895 1605 3256 1689; x_wconf 85' lang='lat' dir='ltr'><strong>universalem</strong></span> <span class='ocrx_word' id='word_1_316' title='bbox 3293 1605 3440 1696; x_wconf 39' lang='lat' dir='ltr'><strong>prio;</strong></span> 
     </span>
    </p>
   </div>
   <div class='ocr_carea' id='block_1_47' title="bbox 1855 1697 3443 1784">
    <p class='ocr_par' dir='ltr' id='par_1_47' title="bbox 1855 1697 3443 1784">
     <span class='ocr_line' id='line_1_47' title="bbox 1855 1697 3443 1784; baseline 0.004 -20"><span class='ocrx_word' id='word_1_317' title='bbox 1855 1709 1934 1764; x_wconf 87' lang='lat' dir='ltr'><strong>ris</strong></span> <span class='ocrx_word' id='word_1_318' title='bbox 1959 1710 2266 1766; x_wconf 88' lang='lat' dir='ltr'><strong>vestimenti</strong></span> <span class='ocrx_word' id='word_1_319' title='bbox 2292 1711 2684 1782; x_wconf 86' lang='lat' dir='ltr'><strong>depositiouem</strong></span> <span class='ocrx_word' id='word_1_320' title='bbox 2716 1701 2983 1769; x_wconf 86' lang='lat' dir='ltr'><strong>unctionis</strong></span> <span class='ocrx_word' id='word_1_321' title='bbox 3007 1705 3204 1784; x_wconf 87' lang='lat' dir='ltr'><strong>oleum.</strong></span> <span class='ocrx_word' id='word_1_322' title='bbox 3245 1697 3308 1770; x_wconf 37' lang='lat' dir='ltr'><strong>In.</strong></span> <span class='ocrx_word' id='word_1_323' title='bbox 3337 1699 3443 1771; x_wconf 87' lang='lat' dir='ltr'><strong>iiue</strong></span> 
     </span>
    </p>
   </div>
   <div class='ocr_carea' id='block_1_48' title="bbox 1856 1797 3445 1877">
    <p class='ocr_par' dir='ltr' id='par_1_48' title="bbox 1856 1797 3445 1877">
     <span class='ocr_line' id='line_1_48' title="bbox 1856 1797 3445 1877; baseline 0.001 -19"><span class='ocrx_word' id='word_1_324' title='bbox 1856 1813 2038 1860; x_wconf 84' lang='lat' dir='ltr'><strong>autem</strong></span> <span class='ocrx_word' id='word_1_325' title='bbox 2065 1818 2210 1860; x_wconf 89' lang='lat' dir='ltr'><strong>nunc</strong></span> <span class='ocrx_word' id='word_1_326' title='bbox 2229 1805 2471 1860; x_wconf 91' lang='lat' dir='ltr'><strong>omnium</strong></span> <span class='ocrx_word' id='word_1_327' title='bbox 2498 1819 2661 1877; x_wconf 89' lang='lat' dir='ltr'><strong>super</strong></span> <span class='ocrx_word' id='word_1_328' title='bbox 2684 1805 3038 1862; x_wconf 89' lang='lat' dir='ltr'><strong>dormientem</strong></span> <span class='ocrx_word' id='word_1_329' title='bbox 3064 1807 3240 1863; x_wconf 90' lang='lat' dir='ltr'><strong>oleum</strong></span> <span class='ocrx_word' id='word_1_330' title='bbox 3267 1797 3445 1872; x_wconf 62' lang='lat' dir='ltr'><strong>infuu-J</strong></span> 
     </span>
    </p>
   </div>
   <div class='ocr_carea' id='block_1_49' title="bbox 1859 1891 3442 1970">
    <p class='ocr_par' dir='ltr' id='par_1_49' title="bbox 1859 1891 3442 1970">
     <span class='ocr_line' id='line_1_49' title="bbox 1859 1891 3442 1970; baseline 0.002 -17"><span class='ocrx_word' id='word_1_331' title='bbox 1859 1899 2024 1953; x_wconf 90' lang='lat' dir='ltr'><strong>ditur.</strong></span> <span class='ocrx_word' id='word_1_332' title='bbox 2055 1897 2122 1953; x_wconf 87' lang='lat' dir='ltr'><strong>Et</strong></span> <span class='ocrx_word' id='word_1_333' title='bbox 2150 1907 2278 1954; x_wconf 91' lang='lat' dir='ltr'><strong>tunc</strong></span> <span class='ocrx_word' id='word_1_334' title='bbox 2307 1899 2526 1970; x_wconf 89' lang='lat' dir='ltr'><strong>quidem</strong></span> <span class='ocrx_word' id='word_1_335' title='bbox 2567 1899 2671 1954; x_wconf 92' lang='lat' dir='ltr'><strong>olei</strong></span> <span class='ocrx_word' id='word_1_336' title='bbox 2699 1900 2885 1955; x_wconf 90' lang='lat' dir='ltr'><strong>unctio</strong></span> <span class='ocrx_word' id='word_1_337' title='bbox 2925 1900 2992 1954; x_wconf 88' lang='lat' dir='ltr'><strong>ad</strong></span> <span class='ocrx_word' id='word_1_338' title='bbox 3016 1891 3168 1954; x_wconf 77' lang='lat' dir='ltr'><strong>sacra</strong></span> <span class='ocrx_word' id='word_1_339' title='bbox 3191 1903 3442 1956; x_wconf 46' lang='lat' dir='ltr'><strong>cenanti-</strong></span> 
     </span>
    </p>
   </div>
   <div class='ocr_carea' id='block_1_50' title="bbox 1857 1990 3444 2062">
    <p class='ocr_par' dir='ltr' id='par_1_50' title="bbox 1857 1990 3444 2062">
     <span class='ocr_line' id='line_1_50' title="bbox 1857 1990 3444 2062; baseline 0 -17"><span class='ocrx_word' id='word_1_340' title='bbox 1857 2006 1922 2045; x_wconf 88' lang='lat' dir='ltr'><strong>na</strong></span> <span class='ocrx_word' id='word_1_341' title='bbox 1947 1999 2107 2046; x_wconf 87' lang='lat' dir='ltr'><strong>vocat</strong></span> <span class='ocrx_word' id='word_1_342' title='bbox 2131 1990 2616 2046; x_wconf 77' lang='lat' dir='ltr'><strong>consummandam</strong></span> <span class='ocrx_word' id='word_1_343' title='bbox 2645 2006 2658 2044; x_wconf 88' lang='lat'><strong>:</strong></span> <span class='ocrx_word' id='word_1_344' title='bbox 2687 2005 2828 2062; x_wconf 89' lang='lat' dir='ltr'><strong>nunc</strong></span> <span class='ocrx_word' id='word_1_345' title='bbox 2845 2006 2974 2045; x_wconf 89' lang='lat' dir='ltr'><strong>vero</strong></span> <span class='ocrx_word' id='word_1_346' title='bbox 3002 1991 3237 2046; x_wconf 77' lang='lat' dir='ltr'><strong>infusum</strong></span> <span class='ocrx_word' id='word_1_347' title='bbox 3267 1991 3444 2062; x_wconf 68' lang='lat' dir='ltr'><strong>olemii</strong></span> 
     </span>
    </p>
   </div>
   <div class='ocr_carea' id='block_1_51' title="bbox 1856 2073 3440 2155">
    <p class='ocr_par' dir='ltr' id='par_1_51' title="bbox 1856 2073 3440 2155">
     <span class='ocr_line' id='line_1_51' title="bbox 1856 2073 3440 2155; baseline -0.001 -15"><span class='ocrx_word' id='word_1_348' title='bbox 1856 2083 2184 2151; x_wconf 84' lang='lat' dir='ltr'><strong>manifestat,</strong></span> <span class='ocrx_word' id='word_1_349' title='bbox 2218 2086 2510 2140; x_wconf 89' lang='lat' dir='ltr'><strong>secundum</strong></span> <span class='ocrx_word' id='word_1_350' title='bbox 2540 2083 2655 2155; x_wconf 88' lang='lat' dir='ltr'><strong>ipsa</strong></span> <span class='ocrx_word' id='word_1_351' title='bbox 2685 2097 2842 2138; x_wconf 89' lang='lat' dir='ltr'><strong>sacra</strong></span> <span class='ocrx_word' id='word_1_352' title='bbox 2874 2079 3171 2138; x_wconf 86' lang='lat' dir='ltr'><strong>certamina</strong></span> <span class='ocrx_word' id='word_1_353' title='bbox 3198 2073 3440 2138; x_wconf 86' lang='lat' dir='ltr'><strong>militan-</strong></span> 
     </span>
    </p>
   </div>
   <div class='ocr_carea' id='block_1_52' title="bbox 1859 2161 3448 2245">
    <p class='ocr_par' dir='ltr' id='par_1_52' title="bbox 1859 2161 3448 2245">
     <span class='ocr_line' id='line_1_52' title="bbox 1859 2161 3448 2245; baseline -0.001 -14"><span class='ocrx_word' id='word_1_354' title='bbox 1859 2185 1964 2231; x_wconf 86' lang='lat' dir='ltr'><strong>tem</strong></span> <span class='ocrx_word' id='word_1_355' title='bbox 1991 2185 2047 2232; x_wconf 89' lang='lat' dir='ltr'><strong>et</strong></span> <span class='ocrx_word' id='word_1_356' title='bbox 2086 2185 2519 2232; x_wconf 91' lang='lat' dir='ltr'><strong>consummatum</strong></span> <span class='ocrx_word' id='word_1_357' title='bbox 2550 2175 2931 2231; x_wconf 87' lang='lat' dir='ltr'><strong>dormientem.</strong></span> <span class='ocrx_word' id='word_1_358' title='bbox 2986 2175 3130 2229; x_wconf 82' lang='lat' dir='ltr'><strong>Haec</strong></span> <span class='ocrx_word' id='word_1_359' title='bbox 3157 2161 3448 2245; x_wconf 25' lang='lat' dir='ltr'><strong>perticicns:</strong></span> 
     </span>
    </p>
   </div>
   <div class='ocr_carea' id='block_1_53' title="bbox 1856 2263 3442 2342">
    <p class='ocr_par' dir='ltr' id='par_1_53' title="bbox 1856 2263 3442 2342">
     <span class='ocr_line' id='line_1_53' title="bbox 1856 2263 3442 2342; baseline 0.001 -18"><span class='ocrx_word' id='word_1_360' title='bbox 1856 2285 2098 2342; x_wconf 86' lang='lat' dir='ltr'><strong>summus</strong></span> <span class='ocrx_word' id='word_1_361' title='bbox 2148 2271 2399 2326; x_wconf 88' lang='lat' dir='ltr'><strong>sacerdos</strong></span> <span class='ocrx_word' id='word_1_362' title='bbox 2431 2269 2643 2340; x_wconf 87' lang='lat' dir='ltr'><strong>reponit</strong></span> <span class='ocrx_word' id='word_1_363' title='bbox 2688 2268 2749 2323; x_wconf 86' lang='lat' dir='ltr'><strong>in</strong></span> <span class='ocrx_word' id='word_1_364' title='bbox 2769 2269 2929 2324; x_wconf 85' lang='lat' dir='ltr'><strong>demo</strong></span> <span class='ocrx_word' id='word_1_365' title='bbox 2959 2263 3198 2338; x_wconf 84' lang='lat' dir='ltr'><strong>pretiosa</strong></span> <span class='ocrx_word' id='word_1_366' title='bbox 3224 2283 3442 2339; x_wconf 71' lang='lat' dir='ltr'><strong>corpus,</strong></span> 
     </span>
    </p>
   </div>
   <div class='ocr_carea' id='block_1_54' title="bbox 1856 2345 3448 2434">
    <p class='ocr_par' dir='ltr' id='par_1_54' title="bbox 1856 2345 3448 2434">
     <span class='ocr_line' id='line_1_54' title="bbox 1856 2345 3448 2434; baseline -0.001 -16"><span class='ocrx_word' id='word_1_367' title='bbox 1856 2369 1979 2418; x_wconf 86' lang='lat' dir='ltr'><strong>cum</strong></span> <span class='ocrx_word' id='word_1_368' title='bbox 2008 2363 2235 2418; x_wconf 87' lang='lat' dir='ltr'><strong>aliorum</strong></span> <span class='ocrx_word' id='word_1_369' title='bbox 2275 2378 2457 2434; x_wconf 89' lang='lat' dir='ltr'><strong>.acquc</strong></span> <span class='ocrx_word' id='word_1_370' title='bbox 2481 2371 2760 2432; x_wconf 90' lang='lat' dir='ltr'><strong>potentum</strong></span> <span class='ocrx_word' id='word_1_371' title='bbox 2795 2345 2974 2418; x_wconf 38' lang='lat' dir='ltr'><strong>sacris.</strong></span> <span class='ocrx_word' id='word_1_372' title='bbox 3009 2362 3342 2432; x_wconf 89' lang='lat' dir='ltr'><strong>corporibus.</strong></span> <span class='ocrx_word' id='word_1_373' title='bbox 3388 2361 3448 2417; x_wconf 82' lang='lat' dir='ltr'><strong>Si</strong></span> 
     </span>
    </p>
   </div>
   <div class='ocr_carea' id='block_1_55' title="bbox 1857 2447 3446 2534">
    <p class='ocr_par' dir='ltr' id='par_1_55' title="bbox 1857 2447 3446 2534">
     <span class='ocr_line' id='line_1_55' title="bbox 1857 2447 3446 2534; baseline -0.002 -26"><span class='ocrx_word' id='word_1_374' title='bbox 1857 2447 1998 2509; x_wconf 85' lang='lat' dir='ltr'><strong>enim</strong></span> <span class='ocrx_word' id='word_1_375' title='bbox 2031 2455 2081 2508; x_wconf 90' lang='lat' dir='ltr'><strong>in</strong></span> <span class='ocrx_word' id='word_1_376' title='bbox 2114 2456 2292 2510; x_wconf 87' lang='lat' dir='ltr'><strong>anima</strong></span> <span class='ocrx_word' id='word_1_377' title='bbox 2325 2463 2380 2510; x_wconf 91' lang='lat' dir='ltr'><strong>et</strong></span> <span class='ocrx_word' id='word_1_378' title='bbox 2420 2469 2647 2525; x_wconf 88' lang='lat' dir='ltr'><strong>corpore</strong></span> <span class='ocrx_word' id='word_1_379' title='bbox 2675 2453 2789 2508; x_wconf 91' lang='lat' dir='ltr'><strong>Deo</strong></span> <span class='ocrx_word' id='word_1_380' title='bbox 2819 2454 3106 2526; x_wconf 79' lang='lat' dir='ltr'><strong>amabilem</strong></span> <span class='ocrx_word' id='word_1_381' title='bbox 3141 2455 3331 2521; x_wconf 84' lang='lat' dir='ltr'><strong>vitam,</strong></span> <span class='ocrx_word' id='word_1_382' title='bbox 3354 2453 3446 2534; x_wconf 83' lang='lat' dir='ltr'><strong>qui</strong></span> 
     </span>
    </p>
   </div>
   <div class='ocr_carea' id='block_1_56' title="bbox 1856 2533 3446 2617">
    <p class='ocr_par' dir='ltr' id='par_1_56' title="bbox 1856 2533 3446 2617">
     <span class='ocr_line' id='line_1_56' title="bbox 1856 2533 3446 2617; baseline -0.002 -17"><span class='ocrx_word' id='word_1_383' title='bbox 1856 2546 2130 2611; x_wconf 83' lang='lat' dir='ltr'><strong>dormivit,</strong></span> <span class='ocrx_word' id='word_1_384' title='bbox 2159 2546 2394 2612; x_wconf 87' lang='lat' dir='ltr'><strong>vivebat,</strong></span> <span class='ocrx_word' id='word_1_385' title='bbox 2422 2546 2718 2617; x_wconf 90' lang='lat' dir='ltr'><strong>pretiosum</strong></span> <span class='ocrx_word' id='word_1_386' title='bbox 2762 2545 2867 2601; x_wconf 87' lang='lat' dir='ltr'><strong>erit</strong></span> <span class='ocrx_word' id='word_1_387' title='bbox 2894 2533 3014 2600; x_wconf 86' lang='lat' dir='ltr'><strong>cum</strong></span> <span class='ocrx_word' id='word_1_388' title='bbox 3048 2554 3234 2610; x_wconf 80' lang='lat' dir='ltr'><strong>sancta</strong></span> <span class='ocrx_word' id='word_1_389' title='bbox 3266 2547 3446 2610; x_wconf 78' lang='lat' dir='ltr'><strong>anima</strong></span> 
     </span>
    </p>
   </div>
   <div class='ocr_carea' id='block_1_57' title="bbox 1857 2637 3447 2710">
    <p class='ocr_par' dir='ltr' id='par_1_57' title="bbox 1857 2637 3447 2710">
     <span class='ocr_line' id='line_1_57' title="bbox 1857 2637 3447 2710; baseline -0.003 -14"><span class='ocrx_word' id='word_1_390' title='bbox 1857 2639 2220 2710; x_wconf 80' lang='lat' dir='ltr'><strong>eummiiitans</strong></span> <span class='ocrx_word' id='word_1_391' title='bbox 2263 2641 2310 2695; x_wconf 90' lang='lat' dir='ltr'><strong>ei</strong></span> <span class='ocrx_word' id='word_1_392' title='bbox 2339 2655 2536 2710; x_wconf 89' lang='lat' dir='ltr'><strong>corpus</strong></span> <span class='ocrx_word' id='word_1_393' title='bbox 2565 2641 2860 2694; x_wconf 84' lang='lat' dir='ltr'><strong>secundum</strong></span> <span class='ocrx_word' id='word_1_394' title='bbox 2900 2637 3109 2704; x_wconf 84' lang='lat' dir='ltr'><strong>divinas</strong></span> <span class='ocrx_word' id='word_1_395' title='bbox 3139 2639 3447 2704; x_wconf 78' lang='lat' dir='ltr'><strong>collocatio-</strong></span> 
     </span>
    </p>
   </div>
   <div class='ocr_carea' id='block_1_58' title="bbox 1855 2717 3445 2816">
    <p class='ocr_par' dir='ltr' id='par_1_58' title="bbox 1855 2717 3445 2816">
     <span class='ocr_line' id='line_1_58' title="bbox 1855 2717 3445 2816; baseline -0.001 -30"><span class='ocrx_word' id='word_1_396' title='bbox 1855 2745 1970 2786; x_wconf 88' lang='lat' dir='ltr'><strong>nes.</strong></span> <span class='ocrx_word' id='word_1_397' title='bbox 2022 2730 2150 2786; x_wconf 80' lang='lat' dir='ltr'><strong>lnde</strong></span> <span class='ocrx_word' id='word_1_398' title='bbox 2207 2731 2385 2796; x_wconf 86' lang='lat' dir='ltr'><strong>divina</strong></span> <span class='ocrx_word' id='word_1_399' title='bbox 2417 2717 2620 2799; x_wconf 78' lang='lat' dir='ltr'><strong>iustitia</strong></span> <span class='ocrx_word' id='word_1_400' title='bbox 2652 2745 2774 2784; x_wconf 92' lang='lat' dir='ltr'><strong>cum</strong></span> <span class='ocrx_word' id='word_1_401' title='bbox 2827 2731 3044 2814; x_wconf 80' lang='lat' dir='ltr'><strong>proprio</strong></span> <span class='ocrx_word' id='word_1_402' title='bbox 3093 2731 3318 2816; x_wconf 79' lang='lat' dir='ltr'><strong>corpore</strong></span> <span class='ocrx_word' id='word_1_403' title='bbox 3346 2731 3445 2808; x_wconf 86' lang='lat' dir='ltr'><strong>ipsi</strong></span> 
     </span>
    </p>
   </div>
   <div class='ocr_carea' id='block_1_59' title="bbox 1857 2815 3435 2904">
    <p class='ocr_par' dir='ltr' id='par_1_59' title="bbox 1857 2815 3435 2904">
     <span class='ocr_line' id='line_1_59' title="bbox 1857 2815 3435 2904; baseline -0.001 -29"><span class='ocrx_word' id='word_1_404' title='bbox 1857 2815 2079 2876; x_wconf 77' lang='lat' dir='ltr'><strong>(leuabit</strong></span> <span class='ocrx_word' id='word_1_405' title='bbox 2113 2821 2403 2876; x_wconf 89' lang='lat' dir='ltr'><strong>retributas</strong></span> <span class='ocrx_word' id='word_1_406' title='bbox 2433 2821 2666 2904; x_wconf 68' lang='lat' dir='ltr'><strong>quietes,</strong></span> <span class='ocrx_word' id='word_1_407' title='bbox 2701 2827 2959 2890; x_wconf 84' lang='lat' dir='ltr'><strong>tanquam</strong></span> <span class='ocrx_word' id='word_1_408' title='bbox 2983 2815 3196 2904; x_wconf 81' lang='lat' dir='ltr'><strong>cocunti</strong></span> <span class='ocrx_word' id='word_1_409' title='bbox 3218 2829 3271 2875; x_wconf 91' lang='lat' dir='ltr'><strong>et</strong></span> <span class='ocrx_word' id='word_1_410' title='bbox 3294 2823 3435 2881; x_wconf 87' lang='lat' dir='ltr'><strong>com-</strong></span> 
     </span>
    </p>
   </div>
   <div class='ocr_carea' id='block_1_60' title="bbox 1854 2911 3446 2992">
    <p class='ocr_par' dir='ltr' id='par_1_60' title="bbox 1854 2911 3446 2992">
     <span class='ocr_line' id='line_1_60' title="bbox 1854 2911 3446 2992; baseline 0.001 -24"><span class='ocrx_word' id='word_1_411' title='bbox 1854 2911 2202 2984; x_wconf 81' lang='lat' dir='ltr'><strong>participanti</strong></span> <span class='ocrx_word' id='word_1_412' title='bbox 2250 2921 2468 2992; x_wconf 84' lang='lat' dir='ltr'><strong>sanctae</strong></span> <span class='ocrx_word' id='word_1_413' title='bbox 2521 2921 2613 2968; x_wconf 90' lang='lat' dir='ltr'><strong>aut</strong></span> <span class='ocrx_word' id='word_1_414' title='bbox 2655 2915 2964 2971; x_wconf 87' lang='lat' dir='ltr'><strong>contrariae</strong></span> <span class='ocrx_word' id='word_1_415' title='bbox 3004 2915 3166 2992; x_wconf 72' lang='lat' dir='ltr'><strong>vitae.</strong></span> <span class='ocrx_word' id='word_1_416' title='bbox 3218 2915 3446 2987; x_wconf 84' lang='lat' dir='ltr'><strong>Propter</strong></span> 
     </span>
    </p>
   </div>
   <div class='ocr_carea' id='block_1_61' title="bbox 1857 2985 3454 3076">
    <p class='ocr_par' dir='ltr' id='par_1_61' title="bbox 1857 2985 3454 3076">
     <span class='ocr_line' id='line_1_61' title="bbox 1857 2985 3454 3076; baseline 0.001 -18"><span class='ocrx_word' id='word_1_417' title='bbox 1857 3005 2001 3076; x_wconf 86' lang='lat' dir='ltr'><strong>quod</strong></span> <span class='ocrx_word' id='word_1_418' title='bbox 2021 3014 2077 3060; x_wconf 90' lang='lat' dir='ltr'><strong>et</strong></span> <span class='ocrx_word' id='word_1_419' title='bbox 2105 3019 2386 3060; x_wconf 82' lang='lat' dir='ltr'><strong>sacrorum</strong></span> <span class='ocrx_word' id='word_1_420' title='bbox 2416 2985 2596 3060; x_wconf 84' lang='lat' dir='ltr'><strong>divina</strong></span> <span class='ocrx_word' id='word_1_421' title='bbox 2613 3004 2888 3076; x_wconf 56' lang='lat' dir='ltr'><strong>‘legislati&#39;o</strong></span> <span class='ocrx_word' id='word_1_422' title='bbox 2915 2991 3122 3062; x_wconf 82' lang='lat' dir='ltr'><strong>divinas</strong></span> <span class='ocrx_word' id='word_1_423' title='bbox 3145 2985 3454 3061; x_wconf 48' lang='lat' dir='ltr'><strong>communi;</strong></span> 
     </span>
    </p>
   </div>
   <div class='ocr_carea' id='block_1_62' title="bbox 1857 3099 3445 3172">
    <p class='ocr_par' dir='ltr' id='par_1_62' title="bbox 1857 3099 3445 3172">
     <span class='ocr_line' id='line_1_62' title="bbox 1857 3099 3445 3172; baseline -0.001 -17"><span class='ocrx_word' id='word_1_424' title='bbox 1857 3100 2102 3156; x_wconf 90' lang='lat' dir='ltr'><strong>cationes</strong></span> <span class='ocrx_word' id='word_1_425' title='bbox 2153 3100 2417 3156; x_wconf 88' lang='lat' dir='ltr'><strong>ambobus</strong></span> <span class='ocrx_word' id='word_1_426' title='bbox 2448 3101 2612 3155; x_wconf 89' lang='lat' dir='ltr'><strong>donat</strong></span> <span class='ocrx_word' id='word_1_427' title='bbox 2662 3117 2677 3156; x_wconf 85' lang='lat'><strong>:</strong></span> <span class='ocrx_word' id='word_1_428' title='bbox 2713 3101 2928 3156; x_wconf 88' lang='lat' dir='ltr'><strong>animae</strong></span> <span class='ocrx_word' id='word_1_429' title='bbox 2963 3100 3181 3172; x_wconf 89' lang='lat' dir='ltr'><strong>quidem</strong></span> <span class='ocrx_word' id='word_1_430' title='bbox 3231 3099 3284 3155; x_wconf 91' lang='lat' dir='ltr'><strong>in</strong></span> <span class='ocrx_word' id='word_1_431' title='bbox 3312 3115 3445 3170; x_wconf 90' lang='lat' dir='ltr'><strong>pura</strong></span> 
     </span>
    </p>
   </div>
   <div class='ocr_carea' id='block_1_63' title="bbox 155 3187 3448 3282">
    <p class='ocr_par' dir='ltr' id='par_1_63' title="bbox 155 3187 3448 3282">
     <span class='ocr_line' id='line_1_63' title="bbox 155 3187 3448 3282; baseline 0.002 -42"><span class='ocrx_word' id='word_1_432' title='bbox 155 3187 337 3282; x_wconf 79' lang='lat' dir='ltr'><strong>amico</strong></span> <span class='ocrx_word' id='word_1_433' title='bbox 364 3187 493 3254; x_wconf 90' lang='lat' dir='ltr'><strong>Deo,</strong></span> <span class='ocrx_word' id='word_1_434' title='bbox 531 3198 586 3282; x_wconf 83' lang='lat' dir='ltr'><strong>et</strong></span> <span class='ocrx_word' id='word_1_435' title='bbox 611 3190 991 3282; x_wconf 61' lang='lat' dir='ltr'><strong>praesentibus</strong></span> <span class='ocrx_word' id='word_1_436' title='bbox 1019 3202 1203 3278; x_wconf 68' lang='lat' dir='ltr'><strong>aperte</strong></span> <span class='ocrx_word' id='word_1_437' title='bbox 1234 3195 1588 3276; x_wconf 64' lang='lat' dir='ltr'><strong>manifestaps&#39;</strong></span> <span class='ocrx_word' id='word_1_438' title='bbox 1623 3214 1749 3253; x_wconf 59' lang='lat' dir='ltr'><strong>Silii?</strong></span> <span class='ocrx_word' id='word_1_439' title='bbox 1779 3199 1823 3282; x_wconf 61' lang='grc' dir='ltr'><strong>(ξς</strong></span> <span class='ocrx_word' id='word_1_440' title='bbox 1854 3193 2311 3275; x_wconf 61' lang='grc' dir='ltr'><strong>Ωῼηιςηιριειιὶοιιε</strong></span> <span class='ocrx_word' id='word_1_441' title='bbox 2333 3201 2392 3258; x_wconf 71' lang='lat' dir='ltr'><strong>et</strong></span> <span class='ocrx_word' id='word_1_442' title='bbox 2421 3193 2648 3270; x_wconf 65' lang='lat' dir='ltr'><strong>scientia</strong></span> <span class='ocrx_word' id='word_1_443' title='bbox 2669 3191 3055 3268; x_wconf 49' lang='lat' dir='ltr'><strong>perisctorniu,</strong></span> <span class='ocrx_word' id='word_1_444' title='bbox 3083 3192 3294 3262; x_wconf 89' lang='lat' dir='ltr'><strong>corpori</strong></span> <span class='ocrx_word' id='word_1_445' title='bbox 3319 3205 3448 3246; x_wconf 87' lang='lat' dir='ltr'><strong>vero</strong></span> 
     </span>
    </p>
   </div>
   <div class='ocr_carea' id='block_1_64' title="bbox 154 3277 1755 3359">
    <p class='ocr_par' dir='ltr' id='par_1_64' title="bbox 154 3277 1755 3359">
     <span class='ocr_line' id='line_1_64' title="bbox 154 3277 1755 3359; baseline 0.006 -27"><span class='ocrx_word' id='word_1_446' title='bbox 154 3279 265 3333; x_wconf 85' lang='lat' dir='ltr'><strong>etis</strong></span> <span class='ocrx_word' id='word_1_447' title='bbox 313 3277 491 3335; x_wconf 78' lang='lat' dir='ltr'><strong>futura</strong></span> <span class='ocrx_word' id='word_1_448' title='bbox 537 3280 697 3354; x_wconf 71' lang='lat' dir='ltr'><strong>dona.</strong></span> <span class='ocrx_word' id='word_1_449' title='bbox 737 3281 828 3357; x_wconf 68' lang='lat' dir='ltr'><strong>Sic</strong></span> <span class='ocrx_word' id='word_1_450' title='bbox 857 3291 910 3355; x_wconf 57' lang='lat' dir='ltr'><strong>et</strong></span> <span class='ocrx_word' id='word_1_451' title='bbox 957 3277 1278 3358; x_wconf 38' lang='lat' dir='ltr'><strong>diggret‘ivqs</strong></span> <span class='ocrx_word' id='word_1_452' title='bbox 1321 3288 1530 3357; x_wconf 56' lang='lat' dir='ltr'><strong>habent</strong></span> <span class='ocrx_word' id='word_1_453' title='bbox 1553 3289 1755 3359; x_wconf 61' lang='lat' dir='ltr'><strong>gummi</strong></span> 
     </span>
    </p>
   </div>
   <div class='ocr_carea' id='block_1_65' title="bbox 152 3370 1757 3450">
    <p class='ocr_par' dir='ltr' id='par_1_65' title="bbox 152 3370 1757 3450">
     <span class='ocr_line' id='line_1_65' title="bbox 152 3370 1757 3450; baseline 0.007 -27"><span class='ocrx_word' id='word_1_454' title='bbox 152 3371 474 3426; x_wconf 86' lang='lat' dir='ltr'><strong>sacerdotes</strong></span> <span class='ocrx_word' id='word_1_455' title='bbox 518 3372 769 3438; x_wconf 90' lang='lat' dir='ltr'><strong>virtutes,</strong></span> <span class='ocrx_word' id='word_1_456' title='bbox 809 3370 1243 3431; x_wconf 83' lang='lat' dir='ltr'><strong>manifestatores</strong></span> <span class='ocrx_word' id='word_1_457' title='bbox 1276 3377 1578 3434; x_wconf 87' lang='lat' dir='ltr'><strong>divinarum</strong></span> <span class='ocrx_word' id='word_1_458' title='bbox 1597 3379 1757 3450; x_wconf 88' lang='lat' dir='ltr'><strong>justi-</strong></span> 
     </span>
    </p>
   </div>
   <div class='ocr_carea' id='block_1_66' title="bbox 154 3461 1754 3550">
    <p class='ocr_par' dir='ltr' id='par_1_66' title="bbox 154 3461 1754 3550">
     <span class='ocr_line' id='line_1_66' title="bbox 154 3461 1754 3550; baseline 0.008 -35"><span class='ocrx_word' id='word_1_459' title='bbox 154 3461 498 3527; x_wconf 84' lang='lat' dir='ltr'><strong>ﬁcationum,</strong></span> <span class='ocrx_word' id='word_1_460' title='bbox 533 3477 637 3518; x_wconf 91' lang='lat' dir='ltr'><strong>non</strong></span> <span class='ocrx_word' id='word_1_461' title='bbox 680 3472 741 3517; x_wconf 91' lang='lat' dir='ltr'><strong>ut</strong></span> <span class='ocrx_word' id='word_1_462' title='bbox 783 3465 1023 3533; x_wconf 89' lang='lat' dir='ltr'><strong>ipsorum</strong></span> <span class='ocrx_word' id='word_1_463' title='bbox 1064 3467 1455 3524; x_wconf 88' lang='lat' dir='ltr'><strong>irrationabilia</strong></span> <span class='ocrx_word' id='word_1_464' title='bbox 1486 3471 1754 3550; x_wconf 69' lang='lat' dir='ltr'><strong>desideria</strong></span> 
     </span>
    </p>
   </div>
   <div class='ocr_carea' id='block_1_67' title="bbox 153 3543 1756 3632">
    <p class='ocr_par' dir='ltr' id='par_1_67' title="bbox 153 3543 1756 3632">
     <span class='ocr_line' id='line_1_67' title="bbox 153 3543 1756 3632; baseline 0.007 -23"><span class='ocrx_word' id='word_1_465' title='bbox 153 3553 565 3622; x_wconf 84' lang='lat' dir='ltr'><strong>sapientissima</strong></span> <span class='ocrx_word' id='word_1_466' title='bbox 609 3555 890 3611; x_wconf 89' lang='lat' dir='ltr'><strong>divinitate</strong></span> <span class='ocrx_word' id='word_1_467' title='bbox 921 3557 1307 3615; x_wconf 79' lang='lat' dir='ltr'><strong>ministratoris</strong></span> <span class='ocrx_word' id='word_1_468' title='bbox 1353 3543 1756 3632; x_wconf 79' lang='lat' dir='ltr'><strong>sequente,-sed</strong></span> 
     </span>
    </p>
   </div>
   <div class='ocr_carea' id='block_1_68' title="bbox 154 3645 1757 3726">
    <p class='ocr_par' dir='ltr' id='par_1_68' title="bbox 154 3645 1757 3726">
     <span class='ocr_line' id='line_1_68' title="bbox 154 3645 1757 3726; baseline 0.009 -28"><span class='ocrx_word' id='word_1_469' title='bbox 154 3654 221 3698; x_wconf 90' lang='lat' dir='ltr'><strong>ut</strong></span> <span class='ocrx_word' id='word_1_470' title='bbox 253 3645 385 3714; x_wconf 90' lang='lat' dir='ltr'><strong>ipsis</strong></span> <span class='ocrx_word' id='word_1_471' title='bbox 422 3646 740 3715; x_wconf 77' lang='lat' dir='ltr'><strong>ypophetice</strong></span> <span class='ocrx_word' id='word_1_472' title='bbox 765 3648 1121 3704; x_wconf 89' lang='lat' dir='ltr'><strong>submovente</strong></span> <span class='ocrx_word' id='word_1_473' title='bbox 1141 3650 1489 3720; x_wconf 83' lang='lat' dir='ltr'><strong>perfectionis</strong></span> <span class='ocrx_word' id='word_1_474' title='bbox 1514 3655 1757 3726; x_wconf 85' lang='lat' dir='ltr'><strong>principe</strong></span> 
     </span>
    </p>
   </div>
   <div class='ocr_carea' id='block_1_69' title="bbox 152 3735 1768 3822">
    <p class='ocr_par' dir='ltr' id='par_1_69' title="bbox 152 3735 1768 3822">
     <span class='ocr_line' id='line_1_69' title="bbox 152 3735 1768 3822; baseline 0.002 -34"><span class='ocrx_word' id='word_1_475' title='bbox 152 3736 360 3804; x_wconf 87' lang='lat' dir='ltr'><strong>spiritu</strong></span> <span class='ocrx_word' id='word_1_476' title='bbox 403 3745 624 3806; x_wconf 68' lang='lat' dir='ltr'><strong>vocatus</strong></span> <span class='ocrx_word' id='word_1_477' title='bbox 649 3735 935 3816; x_wconf 63' lang='lat' dir='ltr'><strong>Dcojuitta</strong></span> <span class='ocrx_word' id='word_1_478' title='bbox 966 3737 1280 3820; x_wconf 67' lang='lat' dir='ltr'><strong>dignitatem</strong></span> <span class='ocrx_word' id='word_1_479' title='bbox 1311 3744 1768 3822; x_wconf 57' lang='lat' dir='ltr'><strong>segregantibus;</strong></span> 
     </span>
    </p>
   </div>
   <div class='ocr_carea' id='block_1_70' title="bbox 152 3813 1758 3928">
    <p class='ocr_par' dir='ltr' id='par_1_70' title="bbox 152 3813 1758 3928">
     <span class='ocr_line' id='line_1_70' title="bbox 152 3813 1758 3928; baseline 0.009 -50"><span class='ocrx_word' id='word_1_480' title='bbox 152 3826 396 3896; x_wconf 81' lang='lat' dir='ltr'><strong>Accipite</strong></span> <span class='ocrx_word' id='word_1_481' title='bbox 419 3828 575 3894; x_wconf 84' lang='lat' dir='ltr'><strong>enim,</strong></span> <span class='ocrx_word' id='word_1_482' title='bbox 607 3828 706 3896; x_wconf 69' lang='lat' dir='ltr'><strong>ait,</strong></span> <span class='ocrx_word' id='word_1_483' title='bbox 737 3813 992 3909; x_wconf 71' lang='lat' dir='ltr'><strong>Spiritum</strong></span> <span class='ocrx_word' id='word_1_484' title='bbox 1019 3813 1259 3904; x_wconf 61' lang='lat' dir='ltr'><strong>sanctum</strong></span> <span class='ocrx_word' id='word_1_485' title='bbox 1281 3850 1299 3886; x_wconf 81' lang='lat'><strong>.&#39;</strong></span> <span class='ocrx_word' id='word_1_486' title='bbox 1329 3813 1758 3928; x_wconf 49' lang='lat' dir='ltr'><strong>quoruqtcpttque</strong></span> 
     </span>
    </p>
   </div>
   <div class='ocr_carea' id='block_1_71' title="bbox 151 3913 1756 3998">
    <p class='ocr_par' dir='ltr' id='par_1_71' title="bbox 151 3913 1756 3998">
     <span class='ocr_line' id='line_1_71' title="bbox 151 3913 1756 3998; baseline 0.007 -26"><span class='ocrx_word' id='word_1_487' title='bbox 151 3920 429 3972; x_wconf 80' lang='lat' dir='ltr'><strong>dimittitis</strong></span> <span class='ocrx_word' id='word_1_488' title='bbox 478 3930 714 3988; x_wconf 76' lang='lat' dir='ltr'><strong>peccata,</strong></span> <span class='ocrx_word' id='word_1_489' title='bbox 770 3913 1630 3998; x_wconf 68' lang='lat' dir='ltr'><strong>dimittuntur;&quot;quorumcunque</strong></span> <span class='ocrx_word' id='word_1_490' title='bbox 1671 3913 1756 3984; x_wconf 62' lang='grc' dir='ltr'><strong>ἰε-</strong></span> 
     </span>
    </p>
   </div>
   <div class='ocr_carea' id='block_1_72' title="bbox 152 4010 1764 4077">
    <p class='ocr_par' dir='ltr' id='par_1_72' title="bbox 152 4010 1764 4077">
     <span class='ocr_line' id='line_1_72' title="bbox 152 4010 1764 4077; baseline 0.009 -13"><span class='ocrx_word' id='word_1_491' title='bbox 152 4011 316 4071; x_wconf 80' lang='lat' dir='ltr'><strong>netis,</strong></span> <span class='ocrx_word' id='word_1_492' title='bbox 349 4020 547 4064; x_wconf 88' lang='lat' dir='ltr'><strong>retenta</strong></span> <span class='ocrx_word' id='word_1_493' title='bbox 598 4020 720 4064; x_wconf 78' lang='lat' dir='ltr'><strong>sunt</strong></span> <span class='ocrx_word' id='word_1_494' title='bbox 762 4010 811 4065; x_wconf 71' lang='grc' dir='ltr'><strong>ἀ.</strong></span> <span class='ocrx_word' id='word_1_495' title='bbox 865 4011 934 4066; x_wconf 84' lang='grc' dir='ltr'>Ει</span> <span class='ocrx_word' id='word_1_496' title='bbox 967 4013 1177 4067; x_wconf 90' lang='lat' dir='ltr'><strong>divinas</strong></span> <span class='ocrx_word' id='word_1_497' title='bbox 1219 4015 1579 4075; x_wconf 89' lang='lat' dir='ltr'><strong>revelationes</strong></span> <span class='ocrx_word' id='word_1_498' title='bbox 1631 4036 1764 4077; x_wconf 89' lang='lat' dir='ltr'><strong>sau-</strong></span> 
     </span>
    </p>
   </div>
   <div class='ocr_carea' id='block_1_73' title="bbox 1503 4114 1774 4186">
    <p class='ocr_par' dir='ltr' id='par_1_73' title="bbox 1503 4114 1774 4186">
     <span class='ocr_line' id='line_1_73' title="bbox 1503 4114 1774 4186; baseline 0.015 -21"><span class='ocrx_word' id='word_1_499' title='bbox 1503 4129 1514 4165; x_wconf 89' lang='lat'><strong>:</strong></span> <span class='ocrx_word' id='word_1_500' title='bbox 1581 4114 1774 4186; x_wconf 73' lang='lat' dir='ltr'><strong>Quod-&#39;</strong></span> 
     </span>
    </p>
   </div>
   <div class='ocr_carea' id='block_1_74' title="bbox 153 4104 1446 4178">
    <p class='ocr_par' dir='ltr' id='par_1_74' title="bbox 153 4104 1446 4178">
     <span class='ocr_line' id='line_1_74' title="bbox 153 4104 1446 4178; baseline 0.004 -19"><span class='ocrx_word' id='word_1_501' title='bbox 153 4105 392 4162; x_wconf 85' lang='lat' dir='ltr'><strong>ctissiini</strong></span> <span class='ocrx_word' id='word_1_502' title='bbox 439 4104 614 4160; x_wconf 80' lang='lat' dir='ltr'><strong>Patris</strong></span> <span class='ocrx_word' id='word_1_503' title='bbox 653 4105 970 4161; x_wconf 80' lang='lat' dir='ltr'><strong>illuminato</strong></span> <span class='ocrx_word' id='word_1_504' title='bbox 1015 4108 1228 4178; x_wconf 88' lang='lat' dir='ltr'><strong>eloquia</strong></span> <span class='ocrx_word' id='word_1_505' title='bbox 1296 4108 1446 4178; x_wconf 83' lang='lat' dir='ltr'><strong>ajunt</strong></span> 
     </span>
    </p>
   </div>
   <div class='ocr_carea' id='block_1_75' title="bbox 152 4189 1760 4276">
    <p class='ocr_par' dir='ltr' id='par_1_75' title="bbox 152 4189 1760 4276">
     <span class='ocr_line' id='line_1_75' title="bbox 152 4189 1760 4276; baseline 0.006 -26"><span class='ocrx_word' id='word_1_506' title='bbox 152 4212 370 4268; x_wconf 81' lang='lat' dir='ltr'><strong>cunque</strong></span> <span class='ocrx_word' id='word_1_507' title='bbox 431 4195 672 4266; x_wconf 81' lang='lat' dir='ltr'><strong>ligaveris</strong></span> <span class='ocrx_word' id='word_1_508' title='bbox 732 4198 785 4250; x_wconf 85' lang='lat' dir='ltr'><strong>in</strong></span> <span class='ocrx_word' id='word_1_509' title='bbox 833 4207 996 4264; x_wconf 85' lang='lat' dir='ltr'><strong>terra,</strong></span> <span class='ocrx_word' id='word_1_510' title='bbox 1055 4201 1153 4253; x_wconf 76' lang='lat' dir='ltr'><strong>&#39;erit</strong></span> <span class='ocrx_word' id='word_1_511' title='bbox 1202 4199 1421 4272; x_wconf 78' lang='lat' dir='ltr'><strong>ligatum</strong></span> <span class='ocrx_word' id='word_1_512' title='bbox 1467 4205 1525 4264; x_wconf 80' lang='lat' dir='ltr'><strong>iu</strong></span> <span class='ocrx_word' id='word_1_513' title='bbox 1582 4189 1760 4276; x_wconf 74' lang='lat' dir='ltr'><strong>caelo,-</strong></span> 
     </span>
    </p>
   </div>
   <div class='ocr_carea' id='block_1_76' title="bbox 151 4281 1766 4378">
    <p class='ocr_par' dir='ltr' id='par_1_76' title="bbox 151 4281 1766 4378">
     <span class='ocr_line' id='line_1_76' title="bbox 151 4281 1766 4378; baseline 0.007 -38"><span class='ocrx_word' id='word_1_514' title='bbox 151 4297 203 4341; x_wconf 77' lang='grc' dir='ltr'>ει</span> <span class='ocrx_word' id='word_1_515' title='bbox 266 4288 616 4358; x_wconf 68' lang='lat' dir='ltr'><strong>quodcunque</strong></span> <span class='ocrx_word' id='word_1_516' title='bbox 664 4287 883 4343; x_wconf 76' lang='lat' dir='ltr'><strong>solveris</strong></span> <span class='ocrx_word' id='word_1_517' title='bbox 933 4291 988 4343; x_wconf 80' lang='lat' dir='ltr'><strong>in</strong></span> <span class='ocrx_word' id='word_1_518' title='bbox 1037 4300 1217 4357; x_wconf 81' lang='lat' dir='ltr'><strong>terra,</strong></span> <span class='ocrx_word' id='word_1_519' title='bbox 1270 4294 1369 4347; x_wconf 84' lang='lat' dir='ltr'><strong>erit</strong></span> <span class='ocrx_word' id='word_1_520' title='bbox 1426 4295 1655 4364; x_wconf 77' lang='lat' dir='ltr'><strong>solutum</strong></span> <span class='ocrx_word' id='word_1_521' title='bbox 1706 4281 1766 4378; x_wconf 22' lang='lat' dir='ltr'><strong>iii.</strong></span> 
     </span>
    </p>
   </div>
   <div class='ocr_carea' id='block_1_77' title="bbox 150 4379 1762 4458">
    <p class='ocr_par' dir='ltr' id='par_1_77' title="bbox 150 4379 1762 4458">
     <span class='ocr_line' id='line_1_77' title="bbox 150 4379 1762 4458; baseline 0.009 -26"><span class='ocrx_word' id='word_1_522' title='bbox 150 4379 310 4433; x_wconf 79' lang='lat' dir='ltr'><strong>caelo</strong></span> <span class='ocrx_word' id='word_1_523' title='bbox 369 4391 417 4457; x_wconf 60' lang='grc' dir='ltr'><strong>εξ,</strong></span> <span class='ocrx_word' id='word_1_524' title='bbox 477 4386 729 4452; x_wconf 86' lang='lat' dir='ltr'><strong>tanquam</strong></span> <span class='ocrx_word' id='word_1_525' title='bbox 768 4380 1106 4452; x_wconf 78' lang='lat' dir='ltr'><strong>Evangelista</strong></span> <span class='ocrx_word' id='word_1_526' title='bbox 1159 4383 1250 4440; x_wconf 86' lang='lat' dir='ltr'><strong>illo</strong></span> <span class='ocrx_word' id='word_1_527' title='bbox 1302 4393 1358 4442; x_wconf 78' lang='lat' dir='ltr'><strong>et</strong></span> <span class='ocrx_word' id='word_1_528' title='bbox 1405 4389 1558 4450; x_wconf 83' lang='lat' dir='ltr'><strong>omni</strong></span> <span class='ocrx_word' id='word_1_529' title='bbox 1607 4389 1762 4458; x_wconf 77' lang='lat' dir='ltr'><strong>juxta</strong></span> 
     </span>
    </p>
   </div>
   <div class='ocr_carea' id='block_1_78' title="bbox 149 4469 1762 4552">
    <p class='ocr_par' dir='ltr' id='par_1_78' title="bbox 149 4469 1762 4552">
     <span class='ocr_line' id='line_1_78' title="bbox 149 4469 1762 4552; baseline 0.007 -27"><span class='ocrx_word' id='word_1_530' title='bbox 149 4473 346 4542; x_wconf 89' lang='lat' dir='ltr'><strong>ipsum</strong></span> <span class='ocrx_word' id='word_1_531' title='bbox 390 4486 604 4526; x_wconf 91' lang='lat' dir='ltr'><strong>summo</strong></span> <span class='ocrx_word' id='word_1_532' title='bbox 659 4474 970 4539; x_wconf 84' lang='lat' dir='ltr'><strong>sacerdote,</strong></span> <span class='ocrx_word' id='word_1_533' title='bbox 1025 4478 1320 4531; x_wconf 86' lang='lat' dir='ltr'><strong>secundum</strong></span> <span class='ocrx_word' id='word_1_534' title='bbox 1359 4478 1412 4536; x_wconf 90' lang='lat' dir='ltr'><strong>in</strong></span> <span class='ocrx_word' id='word_1_535' title='bbox 1477 4495 1544 4535; x_wconf 91' lang='lat' dir='ltr'><strong>eo</strong></span> <span class='ocrx_word' id='word_1_536' title='bbox 1591 4469 1762 4552; x_wconf 62' lang='lat' dir='ltr'><strong>Factus</strong></span> 
     </span>
    </p>
   </div>
   <div class='ocr_carea' id='block_1_79' title="bbox 1849 3286 3442 3367">
    <p class='ocr_par' dir='ltr' id='par_1_79' title="bbox 1849 3286 3442 3367">
     <span class='ocr_line' id='line_1_79' title="bbox 1849 3286 3442 3367; baseline -0.003 -24"><span class='ocrx_word' id='word_1_537' title='bbox 1849 3289 2380 3360; x_wconf 61' lang='lat' dir='ltr'><strong>mrﬁivinissimum</strong></span> <span class='ocrx_word' id='word_1_538' title='bbox 2411 3295 2672 3358; x_wconf 70' lang='lat' dir='ltr'><strong>tanquam</strong></span> <span class='ocrx_word' id='word_1_539' title='bbox 2714 3286 2770 3351; x_wconf 76' lang='lat' dir='ltr'><strong>in</strong></span> <span class='ocrx_word' id='word_1_540' title='bbox 2792 3286 3051 3356; x_wconf 26' lang='lat' dir='ltr'><strong>eimagine</strong></span> <span class='ocrx_word' id='word_1_541' title='bbox 3088 3295 3442 3367; x_wconf 83' lang='lat' dir='ltr'><strong>unguentum,</strong></span> 
     </span>
    </p>
   </div>
   <div class='ocr_carea' id='block_1_80' title="bbox 1860 3378 3444 3450">
    <p class='ocr_par' dir='ltr' id='par_1_80' title="bbox 1860 3378 3444 3450">
     <span class='ocr_line' id='line_1_80' title="bbox 1860 3378 3444 3450; baseline -0.001 -14"><span class='ocrx_word' id='word_1_542' title='bbox 1860 3381 2078 3436; x_wconf 89' lang='lat' dir='ltr'><strong>divinae</strong></span> <span class='ocrx_word' id='word_1_543' title='bbox 2130 3379 2635 3436; x_wconf 88' lang='lat' dir='ltr'><strong>communicationis</strong></span> <span class='ocrx_word' id='word_1_544' title='bbox 2663 3379 3035 3434; x_wconf 84' lang='lat' dir='ltr'><strong>sacratissima</strong></span> <span class='ocrx_word' id='word_1_545' title='bbox 3078 3378 3322 3450; x_wconf 89' lang='lat' dir='ltr'><strong>symbola</strong></span> <span class='ocrx_word' id='word_1_546' title='bbox 3365 3388 3444 3434; x_wconf 92' lang='lat' dir='ltr'><strong>to-</strong></span> 
     </span>
    </p>
   </div>
   <div class='ocr_carea' id='block_1_81' title="bbox 1857 3468 3448 3556">
    <p class='ocr_par' dir='ltr' id='par_1_81' title="bbox 1857 3468 3448 3556">
     <span class='ocr_line' id='line_1_81' title="bbox 1857 3468 3448 3556; baseline -0.003 -28"><span class='ocrx_word' id='word_1_547' title='bbox 1857 3480 1977 3552; x_wconf 67' lang='lat' dir='ltr'><strong>tum</strong></span> <span class='ocrx_word' id='word_1_548' title='bbox 2015 3471 2291 3556; x_wconf 69' lang='lat' dir='ltr'><strong>hominem</strong></span> <span class='ocrx_word' id='word_1_549' title='bbox 2329 3470 2697 3537; x_wconf 83' lang='lat' dir='ltr'><strong>sanctiﬁcans,</strong></span> <span class='ocrx_word' id='word_1_550' title='bbox 2733 3477 2789 3525; x_wconf 88' lang='lat' dir='ltr'><strong>et</strong></span> <span class='ocrx_word' id='word_1_551' title='bbox 2825 3469 3186 3526; x_wconf 89' lang='lat' dir='ltr'><strong>universalem</strong></span> <span class='ocrx_word' id='word_1_552' title='bbox 3215 3468 3330 3539; x_wconf 85' lang='lat' dir='ltr'><strong>ejus</strong></span> <span class='ocrx_word' id='word_1_553' title='bbox 3361 3486 3448 3525; x_wconf 84' lang='lat' dir='ltr'><strong>sa-</strong></span> 
     </span>
    </p>
   </div>
   <div class='ocr_carea' id='block_1_82' title="bbox 1835 3554 3448 3634">
    <p class='ocr_par' dir='ltr' id='par_1_82' title="bbox 1835 3554 3448 3634">
     <span class='ocr_line' id='line_1_82' title="bbox 1835 3554 3448 3634; baseline -0.001 -14"><span class='ocrx_word' id='word_1_554' title='bbox 1835 3567 2026 3622; x_wconf 44' lang='lat' dir='ltr'><strong>elutem</strong></span> <span class='ocrx_word' id='word_1_555' title='bbox 2077 3554 2398 3621; x_wconf 81' lang='lat' dir='ltr'><strong>sacriﬁcans</strong></span> <span class='ocrx_word' id='word_1_556' title='bbox 2428 3605 2443 3630; x_wconf 92' lang='lat'><strong>,</strong></span> <span class='ocrx_word' id='word_1_557' title='bbox 2495 3573 2549 3618; x_wconf 88' lang='lat' dir='ltr'><strong>et</strong></span> <span class='ocrx_word' id='word_1_558' title='bbox 2624 3565 3209 3619; x_wconf 78' lang='lat' dir='ltr'><strong>consummatissimum</strong></span> <span class='ocrx_word' id='word_1_559' title='bbox 3282 3565 3448 3634; x_wconf 90' lang='lat' dir='ltr'><strong>ipsius</strong></span> 
     </span>
    </p>
   </div>
   <div class='ocr_carea' id='block_1_83' title="bbox 1861 3654 3447 3727">
    <p class='ocr_par' dir='ltr' id='par_1_83' title="bbox 1861 3654 3447 3727">
     <span class='ocr_line' id='line_1_83' title="bbox 1861 3654 3447 3727; baseline -0.004 -14"><span class='ocrx_word' id='word_1_560' title='bbox 1861 3657 2317 3715; x_wconf 86' lang='lat' dir='ltr'><strong>resurrectionem</strong></span> <span class='ocrx_word' id='word_1_561' title='bbox 2346 3655 2583 3710; x_wconf 86' lang='lat' dir='ltr'><strong>futuram</strong></span> <span class='ocrx_word' id='word_1_562' title='bbox 2615 3654 2732 3711; x_wconf 83' lang='lat' dir='ltr'><strong>fore</strong></span> <span class='ocrx_word' id='word_1_563' title='bbox 2751 3655 3074 3712; x_wconf 86' lang='lat' dir='ltr'><strong>denuntians</strong></span> <span class='ocrx_word' id='word_1_564' title='bbox 3101 3671 3198 3727; x_wconf 90' lang='lat' dir='ltr'><strong>per</strong></span> <span class='ocrx_word' id='word_1_565' title='bbox 3219 3655 3447 3710; x_wconf 89' lang='lat' dir='ltr'><strong>catholi-</strong></span> 
     </span>
    </p>
   </div>
   <div class='ocr_carea' id='block_1_84' title="bbox 1863 3749 3449 3824">
    <p class='ocr_par' dir='ltr' id='par_1_84' title="bbox 1863 3749 3449 3824">
     <span class='ocr_line' id='line_1_84' title="bbox 1863 3749 3449 3824; baseline -0.002 -15"><span class='ocrx_word' id='word_1_566' title='bbox 1863 3767 1984 3809; x_wconf 88' lang='lat' dir='ltr'><strong>cam</strong></span> <span class='ocrx_word' id='word_1_567' title='bbox 2036 3751 2544 3823; x_wconf 72' lang='lat' dir='ltr'><strong>sanetiiicationem.</strong></span> <span class='ocrx_word' id='word_1_568' title='bbox 2575 3749 3046 3824; x_wconf 64' lang='lat' dir='ltr'><strong>Consummativas</strong></span> <span class='ocrx_word' id='word_1_569' title='bbox 3073 3761 3251 3818; x_wconf 67' lang='lat' dir='ltr'><strong>autem</strong></span> <span class='ocrx_word' id='word_1_570' title='bbox 3301 3755 3449 3807; x_wconf 84' lang='lat' dir='ltr'><strong>invo-</strong></span> 
     </span>
    </p>
   </div>
   <div class='ocr_carea' id='block_1_85' title="bbox 1862 3840 3449 3922">
    <p class='ocr_par' dir='ltr' id='par_1_85' title="bbox 1862 3840 3449 3922">
     <span class='ocr_line' id='line_1_85' title="bbox 1862 3840 3449 3922; baseline -0.002 -22"><span class='ocrx_word' id='word_1_571' title='bbox 1862 3844 2106 3922; x_wconf 51' lang='lat' dir='ltr'><strong>catique;</strong></span> <span class='ocrx_word' id='word_1_572' title='bbox 2142 3855 2248 3918; x_wconf 82' lang='lat' dir='ltr'><strong>non</strong></span> <span class='ocrx_word' id='word_1_573' title='bbox 2300 3840 2628 3922; x_wconf 13' lang='lat' dir='ltr'><strong>estiustum.</strong></span> <span class='ocrx_word' id='word_1_574' title='bbox 2655 3843 2708 3912; x_wconf 72' lang='lat' dir='ltr'><strong>in</strong></span> <span class='ocrx_word' id='word_1_575' title='bbox 2740 3841 3034 3920; x_wconf 54' lang='lat' dir='ltr'><strong>ﬁeriptqrig</strong></span> <span class='ocrx_word' id='word_1_576' title='bbox 3089 3843 3449 3913; x_wconf 72' lang='lat' dir='ltr'><strong>mterpretau-</strong></span> 
     </span>
    </p>
   </div>
   <div class='ocr_carea' id='block_1_86' title="bbox 1863 3933 3449 4005">
    <p class='ocr_par' dir='ltr' id='par_1_86' title="bbox 1863 3933 3449 4005">
     <span class='ocr_line' id='line_1_86' title="bbox 1863 3933 3449 4005; baseline 0.001 -16"><span class='ocrx_word' id='word_1_577' title='bbox 1863 3936 2030 4002; x_wconf 90' lang='lat' dir='ltr'><strong>tibus,</strong></span> <span class='ocrx_word' id='word_1_578' title='bbox 2055 3949 2228 4004; x_wconf 89' lang='lat' dir='ltr'><strong>neque</strong></span> <span class='ocrx_word' id='word_1_579' title='bbox 2274 3933 2562 4004; x_wconf 86' lang='lat' dir='ltr'><strong>mysticum</strong></span> <span class='ocrx_word' id='word_1_580' title='bbox 2594 3949 2806 4002; x_wconf 89' lang='lat' dir='ltr'><strong>earum,</strong></span> <span class='ocrx_word' id='word_1_581' title='bbox 2836 3943 2928 3989; x_wconf 88' lang='lat' dir='ltr'><strong>aut</strong></span> <span class='ocrx_word' id='word_1_582' title='bbox 2958 3936 3011 3989; x_wconf 92' lang='lat' dir='ltr'><strong>in</strong></span> <span class='ocrx_word' id='word_1_583' title='bbox 3037 3935 3166 4005; x_wconf 90' lang='lat' dir='ltr'><strong>ipsis</strong></span> <span class='ocrx_word' id='word_1_584' title='bbox 3199 3944 3449 4004; x_wconf 88' lang='lat' dir='ltr'><strong>operatas</strong></span> 
     </span>
    </p>
   </div>
   <div class='ocr_carea' id='block_1_87' title="bbox 1864 4023 3444 4100">
    <p class='ocr_par' dir='ltr' id='par_1_87' title="bbox 1864 4023 3444 4100">
     <span class='ocr_line' id='line_1_87' title="bbox 1864 4023 3444 4100; baseline -0.002 -18"><span class='ocrx_word' id='word_1_585' title='bbox 1864 4041 1932 4082; x_wconf 81' lang='lat' dir='ltr'><strong>ex</strong></span> <span class='ocrx_word' id='word_1_586' title='bbox 1978 4026 2090 4082; x_wconf 89' lang='lat' dir='ltr'><strong>Deo</strong></span> <span class='ocrx_word' id='word_1_587' title='bbox 2126 4025 2354 4092; x_wconf 79' lang='lat' dir='ltr'><strong>virtutes</strong></span> <span class='ocrx_word' id='word_1_588' title='bbox 2413 4039 2478 4079; x_wconf 84' lang='lat' dir='ltr'><strong>ex</strong></span> <span class='ocrx_word' id='word_1_589' title='bbox 2503 4024 2717 4092; x_wconf 89' lang='lat' dir='ltr'><strong>occulto</strong></span> <span class='ocrx_word' id='word_1_590' title='bbox 2746 4023 2812 4078; x_wconf 91' lang='lat' dir='ltr'><strong>ad</strong></span> <span class='ocrx_word' id='word_1_591' title='bbox 2860 4039 3145 4088; x_wconf 89' lang='lat' dir='ltr'><strong>commune</strong></span> <span class='ocrx_word' id='word_1_592' title='bbox 3171 4024 3397 4100; x_wconf 87' lang='lat' dir='ltr'><strong>educere</strong></span> <span class='ocrx_word' id='word_1_593' title='bbox 3429 4042 3444 4092; x_wconf 84' lang='lat'><strong>;</strong></span> 
     </span>
    </p>
   </div>
   <div class='ocr_carea' id='block_1_88' title="bbox 1819 4116 3448 4187">
    <p class='ocr_par' dir='ltr' id='par_1_88' title="bbox 1819 4116 3448 4187">
     <span class='ocr_line' id='line_1_88' title="bbox 1819 4116 3448 4187; baseline -0.002 -13"><span class='ocrx_word' id='word_1_594' title='bbox 1819 4147 1826 4152; x_wconf 95' lang='lat'><strong>-</strong></span> <span class='ocrx_word' id='word_1_595' title='bbox 1865 4120 1958 4174; x_wconf 90' lang='lat' dir='ltr'><strong>sed</strong></span> <span class='ocrx_word' id='word_1_596' title='bbox 1981 4128 2040 4172; x_wconf 91' lang='lat' dir='ltr'><strong>ut</strong></span> <span class='ocrx_word' id='word_1_597' title='bbox 2084 4131 2239 4173; x_wconf 87' lang='lat' dir='ltr'><strong>sacra</strong></span> <span class='ocrx_word' id='word_1_598' title='bbox 2272 4127 2477 4172; x_wconf 83' lang='lat' dir='ltr'><strong>nostra</strong></span> <span class='ocrx_word' id='word_1_599' title='bbox 2505 4117 2721 4172; x_wconf 89' lang='lat' dir='ltr'><strong>traditio</strong></span> <span class='ocrx_word' id='word_1_600' title='bbox 2752 4117 2934 4181; x_wconf 87' lang='lat' dir='ltr'><strong>habet,</strong></span> <span class='ocrx_word' id='word_1_601' title='bbox 2961 4117 3016 4170; x_wconf 82' lang='lat' dir='ltr'><strong>in</strong></span> <span class='ocrx_word' id='word_1_602' title='bbox 3048 4117 3324 4187; x_wconf 79' lang='lat' dir='ltr'><strong>pomposis</strong></span> <span class='ocrx_word' id='word_1_603' title='bbox 3353 4116 3448 4170; x_wconf 80' lang='lat' dir='ltr'><strong>de-</strong></span> 
     </span>
    </p>
   </div>
   <div class='ocr_carea' id='block_1_89' title="bbox 1865 4210 3448 4278">
    <p class='ocr_par' dir='ltr' id='par_1_89' title="bbox 1865 4210 3448 4278">
     <span class='ocr_line' id='line_1_89' title="bbox 1865 4210 3448 4278; baseline -0.003 -10"><span class='ocrx_word' id='word_1_604' title='bbox 1865 4210 2054 4268; x_wconf 91' lang='lat' dir='ltr'><strong>ctrinis</strong></span> <span class='ocrx_word' id='word_1_605' title='bbox 2107 4225 2199 4266; x_wconf 90' lang='lat' dir='ltr'><strong>eas</strong></span> <span class='ocrx_word' id='word_1_606' title='bbox 2238 4210 2503 4278; x_wconf 81' lang='lat' dir='ltr'><strong>ediscens,</strong></span> <span class='ocrx_word' id='word_1_607' title='bbox 2536 4219 2590 4266; x_wconf 90' lang='lat' dir='ltr'><strong>et</strong></span> <span class='ocrx_word' id='word_1_608' title='bbox 2619 4211 2686 4265; x_wconf 89' lang='lat' dir='ltr'><strong>ad</strong></span> <span class='ocrx_word' id='word_1_609' title='bbox 2738 4210 3058 4266; x_wconf 83' lang='lat' dir='ltr'><strong>divitiiorem</strong></span> <span class='ocrx_word' id='word_1_610' title='bbox 3099 4211 3341 4266; x_wconf 85' lang='lat' dir='ltr'><strong>habitum</strong></span> <span class='ocrx_word' id='word_1_611' title='bbox 3395 4221 3448 4265; x_wconf 89' lang='lat' dir='ltr'><strong>et</strong></span> 
     </span>
    </p>
   </div>
   <div class='ocr_carea' id='block_1_90' title="bbox 1867 4293 3448 4376">
    <p class='ocr_par' dir='ltr' id='par_1_90' title="bbox 1867 4293 3448 4376">
     <span class='ocr_line' id='line_1_90' title="bbox 1867 4293 3448 4376; baseline 0.001 -19"><span class='ocrx_word' id='word_1_612' title='bbox 1867 4293 2143 4376; x_wconf 77' lang='lat' dir='ltr'><strong>anagogen</strong></span> <span class='ocrx_word' id='word_1_613' title='bbox 2187 4318 2373 4359; x_wconf 87' lang='lat' dir='ltr'><strong>amore</strong></span> <span class='ocrx_word' id='word_1_614' title='bbox 2415 4303 2597 4360; x_wconf 89' lang='lat' dir='ltr'><strong>divino</strong></span> <span class='ocrx_word' id='word_1_615' title='bbox 2627 4312 2682 4359; x_wconf 90' lang='lat' dir='ltr'><strong>et</strong></span> <span class='ocrx_word' id='word_1_616' title='bbox 2729 4303 3130 4374; x_wconf 89' lang='lat' dir='ltr'><strong>operationibus</strong></span> <span class='ocrx_word' id='word_1_617' title='bbox 3154 4302 3448 4376; x_wconf 86' lang='lat' dir='ltr'><strong>perfectus,</strong></span> 
     </span>
    </p>
   </div>
   <div class='ocr_carea' id='block_1_91' title="bbox 1865 4394 3450 4474">
    <p class='ocr_par' dir='ltr' id='par_1_91' title="bbox 1865 4394 3450 4474">
     <span class='ocr_line' id='line_1_91' title="bbox 1865 4394 3450 4474; baseline 0 -23"><span class='ocrx_word' id='word_1_618' title='bbox 1865 4409 1929 4451; x_wconf 83' lang='lat' dir='ltr'><strong>ex</strong></span> <span class='ocrx_word' id='word_1_619' title='bbox 1961 4394 2307 4450; x_wconf 87' lang='lat' dir='ltr'><strong>teletarcbica</strong></span> <span class='ocrx_word' id='word_1_620' title='bbox 2355 4395 2751 4454; x_wconf 89' lang='lat' dir='ltr'><strong>illuminatione</strong></span> <span class='ocrx_word' id='word_1_621' title='bbox 2778 4396 3034 4474; x_wconf 69' lang='lat' dir='ltr'><strong>ascendet</strong></span> <span class='ocrx_word' id='word_1_622' title='bbox 3060 4396 3127 4452; x_wconf 88' lang='lat' dir='ltr'><strong>ad</strong></span> <span class='ocrx_word' id='word_1_623' title='bbox 3147 4395 3450 4468; x_wconf 72' lang='lat' dir='ltr'><strong>excelsissi-</strong></span> 
     </span>
    </p>
   </div>
   <div class='ocr_carea' id='block_1_92' title="bbox 1865 4486 3453 4563">
    <p class='ocr_par' dir='ltr' id='par_1_92' title="bbox 1865 4486 3453 4563">
     <span class='ocr_line' id='line_1_92' title="bbox 1865 4486 3453 4563; baseline 0.001 -23"><span class='ocrx_word' id='word_1_624' title='bbox 1865 4501 2009 4540; x_wconf 91' lang='lat' dir='ltr'><strong>mam</strong></span> <span class='ocrx_word' id='word_1_625' title='bbox 2034 4500 2220 4540; x_wconf 86' lang='lat' dir='ltr'><strong>earum</strong></span> <span class='ocrx_word' id='word_1_626' title='bbox 2248 4486 2552 4542; x_wconf 86' lang='lat' dir='ltr'><strong>scientiam.</strong></span> <span class='ocrx_word' id='word_1_627' title='bbox 2578 4487 2730 4563; x_wconf 79' lang='lat' dir='ltr'><strong>Quod</strong></span> <span class='ocrx_word' id='word_1_628' title='bbox 2770 4496 2952 4547; x_wconf 82' lang='lat' dir='ltr'><strong>autem</strong></span> <span class='ocrx_word' id='word_1_629' title='bbox 2993 4494 3050 4561; x_wconf 79' lang='lat' dir='ltr'><strong>et</strong></span> <span class='ocrx_word' id='word_1_630' title='bbox 3076 4501 3273 4557; x_wconf 86' lang='lat' dir='ltr'><strong>pueros</strong></span> <span class='ocrx_word' id='word_1_631' title='bbox 3315 4503 3453 4542; x_wconf 81' lang='lat' dir='ltr'><strong>non-</strong></span> 
     </span>
    </p>
   </div>
   <div class='ocr_carea' id='block_1_93' title="bbox 147 4556 3451 4658">
    <p class='ocr_par' dir='ltr' id='par_1_93' title="bbox 147 4556 3451 4658">
     <span class='ocr_line' id='line_1_93' title="bbox 147 4556 3451 4658; baseline 0.005 -41"><span class='ocrx_word' id='word_1_632' title='bbox 147 4574 518 4637; x_wconf 78' lang='lat' dir='ltr'><strong>paternarum</strong></span> <span class='ocrx_word' id='word_1_633' title='bbox 565 4563 1014 4650; x_wconf 8' lang='lat' dir='ltr'><strong>jus‘tiiicationum</strong></span> <span class='ocrx_word' id='word_1_634' title='bbox 1085 4569 1465 4644; x_wconf 80' lang='lat' dir='ltr'><strong>revelationes,</strong></span> <span class='ocrx_word' id='word_1_635' title='bbox 1528 4556 1841 4636; x_wconf 75' lang='lat' dir='ltr'><strong>mauil‘e-D</strong></span> <span class='ocrx_word' id='word_1_636' title='bbox 1869 4580 1994 4646; x_wconf 77' lang='lat' dir='ltr'><strong>dum</strong></span> <span class='ocrx_word' id='word_1_637' title='bbox 2047 4578 2227 4640; x_wconf 87' lang='lat' dir='ltr'><strong>divina</strong></span> <span class='ocrx_word' id='word_1_638' title='bbox 2281 4578 2580 4650; x_wconf 79' lang='lat' dir='ltr'><strong>intelligere</strong></span> <span class='ocrx_word' id='word_1_639' title='bbox 2609 4556 2884 4658; x_wconf 69' lang='lat' dir='ltr'><strong>potentes,</strong></span> <span class='ocrx_word' id='word_1_640' title='bbox 2913 4556 3107 4658; x_wconf 79' lang='lat' dir='ltr'><strong>sacrae</strong></span> <span class='ocrx_word' id='word_1_641' title='bbox 3157 4579 3451 4658; x_wconf 75' lang='lat' dir='ltr'><strong>participes</strong></span> 
     </span>
    </p>
   </div>
   <div class='ocr_carea' id='block_1_94' title="bbox 145 4655 3456 4754">
    <p class='ocr_par' dir='ltr' id='par_1_94' title="bbox 145 4655 3456 4754">
     <span class='ocr_line' id='line_1_94' title="bbox 145 4655 3456 4754; baseline 0.006 -43"><span class='ocrx_word' id='word_1_642' title='bbox 145 4667 339 4711; x_wconf 73' lang='lat' dir='ltr'><strong>stator</strong></span> <span class='ocrx_word' id='word_1_643' title='bbox 380 4666 436 4713; x_wconf 89' lang='lat' dir='ltr'><strong>et</strong></span> <span class='ocrx_word' id='word_1_644' title='bbox 489 4669 892 4713; x_wconf 80' lang='lat' dir='ltr'><strong>consummatur</strong></span> <span class='ocrx_word' id='word_1_645' title='bbox 939 4660 1034 4717; x_wconf 90' lang='lat' dir='ltr'><strong>Dei</strong></span> <span class='ocrx_word' id='word_1_646' title='bbox 1079 4663 1286 4738; x_wconf 90' lang='lat' dir='ltr'><strong>amicos</strong></span> <span class='ocrx_word' id='word_1_647' title='bbox 1337 4665 1654 4752; x_wconf 76' lang='lat' dir='ltr'><strong>adducente,</strong></span> <span class='ocrx_word' id='word_1_648' title='bbox 1711 4678 1776 4754; x_wconf 27' lang='lat' dir='ltr'><strong>ct.</strong></span> <span class='ocrx_word' id='word_1_649' title='bbox 1870 4672 2228 4744; x_wconf 11' lang='lat' dir='ltr'><strong>ﬁeri‘divinae</strong></span> <span class='ocrx_word' id='word_1_650' title='bbox 2246 4655 2630 4750; x_wconf 71' lang='lat' dir='ltr'><strong>generationis,</strong></span> <span class='ocrx_word' id='word_1_651' title='bbox 2651 4659 2708 4742; x_wconf 72' lang='lat' dir='ltr'><strong>et</strong></span> <span class='ocrx_word' id='word_1_652' title='bbox 2728 4655 3456 4752; x_wconf 69' lang='lat' dir='ltr'><strong>sacratissimorumdivinae</strong></span> 
     </span>
    </p>
   </div>
   <div class='ocr_carea' id='block_1_95' title="bbox 143 4745 1761 4826">
    <p class='ocr_par' dir='ltr' id='par_1_95' title="bbox 143 4745 1761 4826">
     <span class='ocr_line' id='line_1_95' title="bbox 143 4745 1761 4826; baseline 0.004 -22"><span class='ocrx_word' id='word_1_653' title='bbox 143 4752 364 4820; x_wconf 82' lang='lat' dir='ltr'><strong>impios</strong></span> <span class='ocrx_word' id='word_1_654' title='bbox 425 4751 884 4806; x_wconf 78' lang='lat' dir='ltr'><strong>exbaercditante.</strong></span> <span class='ocrx_word' id='word_1_655' title='bbox 943 4749 1166 4808; x_wconf 87' lang='lat' dir='ltr'><strong>Sacram</strong></span> <span class='ocrx_word' id='word_1_656' title='bbox 1201 4757 1343 4808; x_wconf 88' lang='lat' dir='ltr'><strong>enim</strong></span> <span class='ocrx_word' id='word_1_657' title='bbox 1404 4747 1548 4826; x_wconf 74' lang='lat' dir='ltr'><strong>illam</strong></span> <span class='ocrx_word' id='word_1_658' title='bbox 1606 4745 1761 4825; x_wconf 61' lang='lat' dir='ltr'><strong>theo-</strong></span> 
     </span>
    </p>
   </div>
   <div class='ocr_carea' id='block_1_96' title="bbox 145 4837 1780 4924">
    <p class='ocr_par' dir='ltr' id='par_1_96' title="bbox 145 4837 1780 4924">
     <span class='ocr_line' id='line_1_96' title="bbox 145 4837 1780 4924; baseline 0.007 -30"><span class='ocrx_word' id='word_1_659' title='bbox 145 4842 391 4912; x_wconf 65' lang='lat' dir='ltr'><strong>logiam,</strong></span> <span class='ocrx_word' id='word_1_660' title='bbox 445 4850 506 4896; x_wconf 89' lang='lat' dir='ltr'><strong>ut</strong></span> <span class='ocrx_word' id='word_1_661' title='bbox 533 4841 744 4913; x_wconf 87' lang='lat' dir='ltr'><strong>eloquia</strong></span> <span class='ocrx_word' id='word_1_662' title='bbox 788 4843 959 4908; x_wconf 82' lang='lat' dir='ltr'><strong>aiunt,</strong></span> <span class='ocrx_word' id='word_1_663' title='bbox 993 4862 1098 4900; x_wconf 88' lang='lat' dir='ltr'><strong>non</strong></span> <span class='ocrx_word' id='word_1_664' title='bbox 1133 4847 1247 4916; x_wconf 74' lang='lat' dir='ltr'><strong>&#39;per</strong></span> <span class='ocrx_word' id='word_1_665' title='bbox 1278 4845 1513 4916; x_wconf 85' lang='lat' dir='ltr'><strong>seipsum</strong></span> <span class='ocrx_word' id='word_1_666' title='bbox 1562 4837 1780 4924; x_wconf 36' lang='lat' dir='ltr'><strong>motus,</strong></span> 
     </span>
    </p>
   </div>
   <div class='ocr_carea' id='block_1_97' title="bbox 144 4927 1757 5007">
    <p class='ocr_par' dir='ltr' id='par_1_97' title="bbox 144 4927 1757 5007">
     <span class='ocr_line' id='line_1_97' title="bbox 144 4927 1757 5007; baseline 0.002 -17"><span class='ocrx_word' id='word_1_667' title='bbox 144 4951 349 5005; x_wconf 78' lang='lat' dir='ltr'><strong>neque</strong></span> <span class='ocrx_word' id='word_1_668' title='bbox 395 4951 559 4991; x_wconf 90' lang='lat' dir='ltr'><strong>carne</strong></span> <span class='ocrx_word' id='word_1_669' title='bbox 608 4945 661 4991; x_wconf 91' lang='lat' dir='ltr'><strong>et</strong></span> <span class='ocrx_word' id='word_1_670' title='bbox 712 4927 1414 5005; x_wconf 12' lang='lat' dir='ltr'><strong>sanguine.revolantibus,</strong></span> <span class='ocrx_word' id='word_1_671' title='bbox 1445 4939 1537 4994; x_wconf 85' lang='lat' dir='ltr'><strong>sed</strong></span> <span class='ocrx_word' id='word_1_672' title='bbox 1569 4957 1596 5006; x_wconf 83' lang='lat' dir='ltr'><strong>a</strong></span> <span class='ocrx_word' id='word_1_673' title='bbox 1648 4943 1757 5007; x_wconf 75' lang='lat' dir='ltr'><strong>Deo</strong></span> 
     </span>
    </p>
   </div>
   <div class='ocr_carea' id='block_1_98' title="bbox 144 5027 1758 5103">
    <p class='ocr_par' dir='ltr' id='par_1_98' title="bbox 144 5027 1758 5103">
     <span class='ocr_line' id='line_1_98' title="bbox 144 5027 1758 5103; baseline 0.006 -20"><span class='ocrx_word' id='word_1_674' title='bbox 144 5029 520 5084; x_wconf 71' lang='lat' dir='ltr'><strong>invisibiliter</strong></span> <span class='ocrx_word' id='word_1_675' title='bbox 559 5045 680 5084; x_wconf 89' lang='lat' dir='ltr'><strong>eum</strong></span> <span class='ocrx_word' id='word_1_676' title='bbox 712 5027 925 5099; x_wconf 69' lang='lat' dir='ltr'><strong>propria</strong></span> <span class='ocrx_word' id='word_1_677' title='bbox 945 5033 1184 5092; x_wconf 65' lang='lat' dir='ltr'><strong>docente</strong></span> <span class='ocrx_word' id='word_1_678' title='bbox 1230 5033 1524 5103; x_wconf 79' lang='lat' dir='ltr'><strong>reapondit.</strong></span> <span class='ocrx_word' id='word_1_679' title='bbox 1553 5035 1758 5100; x_wconf 78' lang='lat' dir='ltr'><strong>Divinis</strong></span> 
     </span>
    </p>
   </div>
   <div class='ocr_carea' id='block_1_99' title="bbox 141 5116 1760 5198">
    <p class='ocr_par' dir='ltr' id='par_1_99' title="bbox 141 5116 1760 5198">
     <span class='ocr_line' id='line_1_99' title="bbox 141 5116 1760 5198; baseline 0.001 -25"><span class='ocrx_word' id='word_1_680' title='bbox 141 5119 342 5190; x_wconf 79' lang='lat' dir='ltr'><strong>igitur</strong></span> <span class='ocrx_word' id='word_1_681' title='bbox 372 5121 597 5174; x_wconf 89' lang='lat' dir='ltr'><strong>summis</strong></span> <span class='ocrx_word' id='word_1_682' title='bbox 625 5116 1020 5192; x_wconf 79' lang='lat' dir='ltr'><strong>sacerdotibus,</strong></span> <span class='ocrx_word' id='word_1_683' title='bbox 1054 5123 1140 5194; x_wconf 26' lang='lat' dir='ltr'><strong>sic.</strong></span> <span class='ocrx_word' id='word_1_684' title='bbox 1164 5131 1218 5198; x_wconf 73' lang='lat' dir='ltr'><strong>et</strong></span> <span class='ocrx_word' id='word_1_685' title='bbox 1257 5124 1672 5196; x_wconf 66' lang='lat' dir='ltr'><strong>disci-etipnibps</strong></span> <span class='ocrx_word' id='word_1_686' title='bbox 1701 5136 1760 5192; x_wconf 70' lang='grc' dir='ltr'><strong>βι</strong></span> 
     </span>
    </p>
   </div>
   <div class='ocr_carea' id='block_1_100' title="bbox 231 5333 1525 5422">
    <p class='ocr_par' dir='ltr' id='par_1_100' title="bbox 231 5333 1525 5422">
     <span class='ocr_line' id='line_1_100' title="bbox 231 5333 1525 5422; baseline 0.003 -28"><span class='ocrx_word' id='word_1_687' title='bbox 231 5347 253 5377; x_wconf 78' lang='grc' dir='ltr'><strong>ι</strong></span> <span class='ocrx_word' id='word_1_688' title='bbox 288 5340 380 5397; x_wconf 83' lang='grc' dir='ltr'><strong>ΒΗ</strong></span> <span class='ocrx_word' id='word_1_689' title='bbox 445 5341 658 5414; x_wconf 74' lang='lat' dir='ltr'><strong>futuris.</strong></span> <span class='ocrx_word' id='word_1_690' title='bbox 749 5333 870 5389; x_wconf 77' lang='grc' dir='ltr'><strong>ἈΕ</strong></span> <span class='ocrx_word' id='word_1_691' title='bbox 897 5346 1208 5422; x_wconf 68' lang='lat' dir='ltr'><strong>expetenda</strong></span> <span class='ocrx_word' id='word_1_692' title='bbox 1237 5376 1306 5386; x_wconf 94' lang='lat'>—</span> <span class='ocrx_word' id='word_1_693' title='bbox 1340 5346 1458 5399; x_wconf 85' lang='lat' dir='ltr'><strong>erit.</strong></span> <span class='ocrx_word' id='word_1_694' title='bbox 1515 5363 1525 5370; x_wconf 93' lang='grc'><strong>·</strong></span> 
     </span>
    </p>
   </div>
   <div class='ocr_carea' id='block_1_101' title="bbox 1867 4751 3457 4836">
    <p class='ocr_par' dir='ltr' id='par_1_101' title="bbox 1867 4751 3457 4836">
     <span class='ocr_line' id='line_1_101' title="bbox 1867 4751 3457 4836; baseline -0.001 -16"><span class='ocrx_word' id='word_1_695' title='bbox 1867 4751 2374 4820; x_wconf 74' lang='lat' dir='ltr'><strong>communicationis</strong></span> <span class='ocrx_word' id='word_1_696' title='bbox 2420 4755 2813 4836; x_wconf 72' lang='lat' dir='ltr'><strong>symbolarum,</strong></span> <span class='ocrx_word' id='word_1_697' title='bbox 2855 4751 3068 4824; x_wconf 83' lang='lat' dir='ltr'><strong>videtur</strong></span> <span class='ocrx_word' id='word_1_698' title='bbox 3112 4759 3362 4836; x_wconf 86' lang='lat' dir='ltr'><strong>quidem,</strong></span> <span class='ocrx_word' id='word_1_699' title='bbox 3397 4775 3457 4820; x_wconf 92' lang='lat' dir='ltr'><strong>ut</strong></span> 
     </span>
    </p>
   </div>
   <div class='ocr_carea' id='block_1_102' title="bbox 1869 4853 3462 4933">
    <p class='ocr_par' dir='ltr' id='par_1_102' title="bbox 1869 4853 3462 4933">
     <span class='ocr_line' id='line_1_102' title="bbox 1869 4853 3462 4933; baseline -0.001 -21"><span class='ocrx_word' id='word_1_700' title='bbox 1869 4858 1970 4924; x_wconf 87' lang='lat' dir='ltr'><strong>ais,</strong></span> <span class='ocrx_word' id='word_1_701' title='bbox 2016 4856 2311 4913; x_wconf 87' lang='lat' dir='ltr'><strong>immundis</strong></span> <span class='ocrx_word' id='word_1_702' title='bbox 2343 4853 2662 4928; x_wconf 86' lang='lat' dir='ltr'><strong>blaspheme</strong></span> <span class='ocrx_word' id='word_1_703' title='bbox 2724 4859 2838 4916; x_wconf 89' lang='lat' dir='ltr'><strong>risu</strong></span> <span class='ocrx_word' id='word_1_704' title='bbox 2879 4859 3118 4933; x_wconf 79' lang='lat' dir='ltr'><strong>dignum,</strong></span> <span class='ocrx_word' id='word_1_705' title='bbox 3178 4858 3226 4932; x_wconf 79' lang='lat' dir='ltr'><strong>si</strong></span> <span class='ocrx_word' id='word_1_706' title='bbox 3273 4858 3462 4924; x_wconf 83' lang='lat' dir='ltr'><strong>audire</strong></span> 
     </span>
    </p>
   </div>
   <div class='ocr_carea' id='block_1_103' title="bbox 1867 4948 3465 5016">
    <p class='ocr_par' dir='ltr' id='par_1_103' title="bbox 1867 4948 3465 5016">
     <span class='ocr_line' id='line_1_103' title="bbox 1867 4948 3465 5016; baseline -0.001 -12"><span class='ocrx_word' id='word_1_707' title='bbox 1867 4965 1974 5009; x_wconf 82' lang='lat' dir='ltr'><strong>non</strong></span> <span class='ocrx_word' id='word_1_708' title='bbox 2013 4951 2257 5009; x_wconf 77' lang='lat' dir='ltr'><strong>valentes</strong></span> <span class='ocrx_word' id='word_1_709' title='bbox 2297 4949 2538 5016; x_wconf 68' lang='lat' dir='ltr'><strong>edocent</strong></span> <span class='ocrx_word' id='word_1_710' title='bbox 2565 4950 2770 5014; x_wconf 83' lang='lat' dir='ltr'><strong>summi</strong></span> <span class='ocrx_word' id='word_1_711' title='bbox 2825 4952 3135 5008; x_wconf 77' lang='lat' dir='ltr'><strong>saecrdbtes</strong></span> <span class='ocrx_word' id='word_1_712' title='bbox 3172 4948 3372 5009; x_wconf 83' lang='lat' dir='ltr'><strong>divina,</strong></span> <span class='ocrx_word' id='word_1_713' title='bbox 3407 4956 3465 5002; x_wconf 89' lang='lat' dir='ltr'><strong>et</strong></span> 
     </span>
    </p>
   </div>
   <div class='ocr_carea' id='block_1_104' title="bbox 1868 5031 3459 5124">
    <p class='ocr_par' dir='ltr' id='par_1_104' title="bbox 1868 5031 3459 5124">
     <span class='ocr_line' id='line_1_104' title="bbox 1868 5031 3459 5124; baseline -0.003 -28"><span class='ocrx_word' id='word_1_714' title='bbox 1868 5057 1976 5117; x_wconf 83' lang='lat' dir='ltr'><strong>non</strong></span> <span class='ocrx_word' id='word_1_715' title='bbox 2005 5041 2428 5124; x_wconf 81' lang='lat' dir='ltr'><strong>intelligentibus</strong></span> <span class='ocrx_word' id='word_1_716' title='bbox 2451 5040 2712 5114; x_wconf 82' lang='lat' dir='ltr'><strong>imagines</strong></span> <span class='ocrx_word' id='word_1_717' title='bbox 2763 5040 3088 5122; x_wconf 65' lang='lat' dir='ltr'><strong>tradiderint</strong></span> <span class='ocrx_word' id='word_1_718' title='bbox 3121 5031 3312 5119; x_wconf 57' lang='lat' dir='ltr'><strong>saeviis</strong></span> <span class='ocrx_word' id='word_1_719' title='bbox 3341 5045 3459 5111; x_wconf 72' lang='lat' dir='ltr'><strong>tra~</strong></span> 
     </span>
    </p>
   </div>
   <div class='ocr_carea' id='block_1_105' title="bbox 1868 5123 3468 5203">
    <p class='ocr_par' dir='ltr' id='par_1_105' title="bbox 1868 5123 3468 5203">
     <span class='ocr_line' id='line_1_105' title="bbox 1868 5123 3468 5203; baseline 0.001 -19"><span class='ocrx_word' id='word_1_720' title='bbox 1868 5131 2124 5191; x_wconf 88' lang='lat' dir='ltr'><strong>ditiones.</strong></span> <span class='ocrx_word' id='word_1_721' title='bbox 2158 5135 2222 5190; x_wconf 84' lang='lat' dir='ltr'><strong>Et</strong></span> <span class='ocrx_word' id='word_1_722' title='bbox 2269 5133 2410 5203; x_wconf 89' lang='lat' dir='ltr'><strong>quod</strong></span> <span class='ocrx_word' id='word_1_723' title='bbox 2441 5131 2616 5198; x_wconf 78' lang='lat' dir='ltr'><strong>adhuc</strong></span> <span class='ocrx_word' id='word_1_724' title='bbox 2640 5123 2928 5202; x_wconf 79' lang='lat' dir='ltr'><strong>risibitius,</strong></span> <span class='ocrx_word' id='word_1_725' title='bbox 2953 5129 3224 5203; x_wconf 78' lang='lat' dir='ltr'><strong>quomodo</strong></span> <span class='ocrx_word' id='word_1_726' title='bbox 3251 5146 3348 5200; x_wconf 88' lang='lat' dir='ltr'><strong>pro</strong></span> <span class='ocrx_word' id='word_1_727' title='bbox 3385 5130 3468 5186; x_wconf 88' lang='lat' dir='ltr'><strong>cis</strong></span> 
     </span>
    </p>
   </div>
   <div class='ocr_carea' id='block_1_106' title="bbox 1471 5233 2172 5326">
    <p class='ocr_par' dir='ltr' id='par_1_106' title="bbox 1471 5233 2172 5326">
     <span class='ocr_line' id='line_1_106' title="bbox 1471 5233 2172 5326; baseline 0.024 -38"><span class='ocrx_word' id='word_1_728' title='bbox 1471 5233 1722 5293; x_wconf 76' lang='lat' dir='ltr'><strong>VARIAE</strong></span> <span class='ocrx_word' id='word_1_729' title='bbox 1759 5236 2172 5326; x_wconf 46' lang='lat' dir='ltr'><strong>LECTIONES.</strong></span> 
     </span>
    </p>
   </div>
   <div class='ocr_carea' id='block_1_107' title="bbox 1703 5441 2040 5507">
    <p class='ocr_par' dir='ltr' id='par_1_107' title="bbox 1703 5441 2040 5507">
     <span class='ocr_line' id='line_1_107' title="bbox 1703 5441 2040 5507; baseline 0.021 -7"><span class='ocrx_word' id='word_1_730' title='bbox 1703 5441 1890 5506; x_wconf 74' lang='lat' dir='ltr'><strong>NOTA</strong></span> <span class='ocrx_word' id='word_1_731' title='bbox 1901 5447 1961 5502; x_wconf 82' lang='grc' dir='ltr'><strong>Β.</strong></span> <span class='ocrx_word' id='word_1_732' title='bbox 2029 5497 2040 5507; x_wconf 62' lang='grc' dir='ltr'><strong>ρ</strong></span> 
     </span>
    </p>
   </div>
  </div>
