4008 6286
612 308 754 398 ιιιι

2005 336 2285 397 JOANNIS
2321 337 2519 398 SCOTI
3654 364 3742 422 illi

618 455 713 514 alii
740 452 1270 512 abrenuntiationem
1297 452 1571 549 dicuntet
1596 466 1784 549 sacras
1791 449 2197 549 confessiones.
2230 458 2283 520 Α
2309 458 2678 516 nuntiationes
2711 467 2808 517 aut
2834 472 3022 519 sacras
3046 462 3393 526 confessiones
3416 466 3553 540 facio,
3576 477 3647 532 sed
3663 483 3741 549 quia

615 548 844 620 Oportet
874 556 1055 603 autem
1085 557 1233 603 tuam
1268 544 1635 601 ierarchicam
1657 544 2069 616 intelligentiam
2095 559 2205 600 non

617 643 893 716 angustari
920 643 976 698 in
997 642 1329 707 errantibus,
1349 640 1445 696 sed
1462 648 1519 696 et
1541 640 1735 696 timens
1759 638 1918 697 simul
1942 647 1997 694 et
2014 653 2204 695 eorum

617 734 956 791 lnciducatus
1009 735 1186 806 gratia
1218 734 1450 807 diligens
1499 732 1791 789 defendere
1818 733 2081 789 adversus
2107 748 2206 803 pro

616 829 696 883 eis
723 827 964 897 prolatas
1007 828 1254 895 insidias,
1281 837 1671 898 proponentem
1719 834 1775 882 et
1804 826 1907 882 hoc
1929 824 2084 894 juxta
2129 825 2207 882 le-

616 936 735 991 gem
766 920 1025 986 divinam,
1054 930 1319 991 quantum
1346 933 1453 975 non
1477 919 1532 975 in
1554 927 1742 975 nostra
1768 918 1998 975 scientia
2023 917 2206 974 omnia

616 1013 802 1069 divina
822 1013 1368 1080 circumscribuntur,
1408 1011 1577 1068 multa
1600 1020 1780 1067 autem
1808 1026 1840 1066 a
1863 1010 2022 1067 nobis
2049 1010 2204 1082 igno-

619 1117 797 1163 torum
820 1123 1016 1164 causas
1059 1106 1263 1163 habent
1286 1107 1524 1175 divinas,
1550 1107 1707 1163 nobis
1723 1106 1939 1177 quidem
1972 1108 2203 1178 ignotas,

614 1208 775 1255 notas
802 1214 933 1255 vero
960 1208 1203 1255 nostrum
1233 1198 1549 1255 melioribus
1579 1199 1883 1256 ordinibus.
1909 1198 2080 1254 Multa
2109 1214 2208 1255 au-

618 1302 730 1348 tem
781 1301 839 1348 et
886 1292 1284 1348 excelsissimas
1339 1292 1605 1349 essentias
1661 1291 1888 1359 latuere,
1921 1300 1978 1348 et
2025 1307 2059 1348 a
2091 1292 2208 1349 sola

615 1383 904 1455 diligenter
932 1384 1148 1453 cognita
1180 1393 1307 1440 sunt
1353 1383 1757 1454 sapientissima
1783 1392 1839 1439 et
1864 1367 2204 1455 sapienlifica

616 1479 917 1534 thearchia.
965 1477 1333 1534 Veruntamen
1375 1478 1502 1548 quia
1533 1486 1588 1532 et
1624 1477 1691 1533 de
1719 1477 1821 1534 hoe
1861 1492 1924 1532 ea
1953 1477 2204 1545 dicimus,

613 1585 754 1640 quae
773 1568 990 1640 quidem
1022 1569 1316 1626 deiformes
1341 1569 1513 1626 nostri
1551 1570 1727 1626 sancti
1755 1569 2112 1640 perfectores,
2138 1572 2206 1627 ab

611 1664 836 1733 antiqua
864 1663 1063 1719 eruditi
1096 1654 1419 1729 traditione,
1448 1663 1503 1718 in
1524 1679 1623 1719 nos
1651 1662 2014 1719 adducebant.
2040 1663 2208 1719 Aiunt

610 1757 778 1823 enim,
802 1757 945 1828 quod
965 1758 1181 1829 quidem
1210 1767 1296 1814 est
1319 1773 1531 1823 verum,
1555 1758 1682 1829 quia
1709 1760 2004 1815 secundum
2032 1758 2206 1831 legem

2306 564 2443 623 puer
2456 549 2835 608 abrenuntiat:
2868 554 2970 611 hoc
2992 564 3094 622 est,
3124 558 3372 616 confiteor
3393 576 3581 633 puerum
3595 574 3743 632 credere

2305 644 2363 700 in
2413 658 2629 700 sacrum
2693 661 2913 703 sensum
2967 649 3265 707 venientem
3307 655 3486 711 nostris
3521 664 3740 735 anagogis:

2307 738 2818 796 abrenuntiaturum
2867 740 3085 811 quidem
3134 744 3482 805 universaliter
3517 758 3740 825 contrariis,

2307 829 2554 886 confiteri
2574 838 2758 888 autem
2776 839 2833 888 et
2855 834 3073 904 operari
3094 834 3297 892 divinas
3319 837 3639 900 confessiones.
3655 846 3743 905 Nili

2304 935 2457 993 ergo,
2472 932 2533 979 ut
2557 925 2805 991 aestimo,
2828 924 3239 998 inconsequens,
3255 933 3300 986 si
3321 911 3573 989 secundum
3589 936 3743 995 divinam

2304 1029 2442 1087 puer
2482 1030 2764 1087 anagogen
2810 1017 3093 1085 educatur,
3121 1017 3309 1075 ducem
3340 1028 3392 1077 et
3412 1025 3744 1084 auadochamss.

2305 1124 2461 1166 crum
2504 1109 2731 1176 habens,
2761 1107 3008 1165 habitum
3036 1109 3140 1166 sibi
3168 1110 3449 1168 divinorum
3472 1113 3742 1186 insinuantes),

2305 1207 2365 1255 et
2409 1199 2687 1255 custodem
2728 1215 2760 1255 a
2805 1200 3096 1256 contrariis
3137 1202 3382 1273 peritum.
3434 1203 3588 1260 Tradit
3632 1217 3745 1265 sum

2307 1309 2478 1367 puero
2523 1293 2696 1349 sacris
2729 1293 2992 1366 symbolis
3036 1310 3273 1351 summus
3308 1296 3551 1363 sacerdos,
3580 1306 3622 1352 ut
3645 1299 3745 1355 ineis

2307 1395 2687 1453 conversetur,
2701 1394 2757 1441 et
2771 1401 2947 1457 neque
2968 1385 3228 1442 formetur
3240 1386 3305 1441 ad
3317 1387 3468 1441 vitam
3485 1387 3672 1454 alteram,
3685 1390 3743 1443 nisi

2308 1480 2489 1538 divina
2511 1478 2968 1549 contemplantem
2991 1478 3013 1511 ⁸
3028 1494 3258 1551 semper,
3276 1486 3329 1534 et
3344 1479 3685 1537 communionem
3697 1496 3745 1536 en

2307 1590 2430 1632 rum
2445 1575 2500 1630 in
2513 1573 2845 1645 profectibus
2861 1573 3063 1630 sanctis
3077 1572 3297 1641 factam,
3309 1574 3744 1646 babitumquesacnun

2308 1670 2363 1726 in
2399 1669 2479 1725 eis
2519 1669 2740 1736 fortem,
2765 1669 3163 1740 educatumque
3187 1666 3400 1739 pulchre
3417 1665 3439 1699 ⁸
3467 1682 3495 1722 a
3516 1668 3650 1723 divino
3668 1683 3744 1722 uu-

2308 1761 2504 1817 docho.
2530 1760 2724 1825 Tanta,
2756 1775 2790 1815 o
2809 1774 2967 1831 puer,
2989 1767 3047 1815 et
3076 1759 3159 1815 sic
3182 1759 3320 1815 bona
3338 1766 3529 1813 nostrae
3547 1756 3747 1812 lerarchiae

610 1847 851 1903 divinam
911 1848 1122 1905 reducti
1162 1849 1399 1906 infantes
1453 1850 1523 1904 ad
1562 1850 1808 1906 habitum
1856 1865 2070 1906 sacmm
2106 1866 2203 1906 ve-
2231 1831 2280 1891 Β
2304 1857 2559 1911 videntur
2603 1852 2738 1908 mihi
2762 1849 3056 1907 uniformia
3083 1850 3384 1923 spectacula
3410 1850 3447 1903 '.
3492 1848 3666 1904 Abaliis
3692 1863 3746 1901 ιι-

610 1940 765 1995 nient
818 1941 967 1996 omni
1018 1940 1337 2011 perﬁciendi
1386 1956 1573 1997 errore
1617 1950 1673 1996 et
1741 1941 2017 1997 immunda
2065 1942 2199 1999 vita.

609 2030 945 2103 Multumque
996 2034 1099 2089 hoc
1142 2032 1342 2089 divinis
1369 2033 1575 2089 nostris
1618 2032 1844 2089 ducibus
1870 2033 1925 2088 in
1958 2032 2201 2089 animum

609 2127 855 2194 veniens,
880 2127 1251 2196 probaverunt
1269 2124 1436 2196 recipi
1469 2124 1704 2191 infantes
1731 2123 2027 2181 secundum
2053 2124 2203 2180 hunc

609 2234 823 2274 sacrum
867 2219 1106 2274 modum.
1137 2219 1324 2289 Itaque
1358 2217 1637 2273 naturales
1694 2216 1997 2272 adducendi
2044 2217 2203 2286 pueri

609 2318 865 2379 parentes
921 2309 1137 2364 tradere
1167 2323 1392 2377 puerum
1435 2308 1651 2363 cuidam
1674 2308 2010 2364 eruditorum
2030 2307 2200 2363 bono-

612 2418 735 2457 rum
766 2402 946 2457 divina
968 2401 1297 2472 paedagogo,
1312 2408 1368 2455 et
1387 2401 1454 2455 de
1475 2410 1661 2457 cetero
1682 2417 1711 2454 a
1731 2415 1789 2456 se
1805 2410 2060 2470 Ipuerum
2078 2415 2203 2470 per-

609 2491 743 2557 ﬁcit,
776 2499 1031 2561 tanquam
1063 2505 1094 2546 a
1117 2491 1139 2522 ²
1164 2490 1344 2547 divino
1368 2490 1531 2547 Patre
1559 2500 1614 2546 et
1637 2490 1827 2548 salutis
1854 2506 2043 2547 sacrae
2074 2507 2209 2548 ana-

609 2580 807 2636 docho.
872 2581 1025 2636 Hunc
1067 2596 1197 2652 ergo
1248 2596 1493 2638 summus
1544 2582 1799 2638 sacerdos
1856 2583 2204 2637 confitentem

603 2668 760 2741 juxta
811 2671 1051 2728 divinam
1082 2672 1319 2729 educare
1342 2686 1569 2743 puerum
1591 2668 1793 2741 vitam,
1816 2673 2014 2744 repetit
2041 2673 2205 2730 abre-

608 2761 985 2819 nuntiationes
1008 2763 1259 2820 confiteri
1281 2774 1334 2820 et
1354 2779 1540 2821 sacras
1565 2764 1955 2831 confessiones,
1980 2780 2113 2831 non,
2145 2771 2206 2820 ut

582 2877 590 2886 ·
609 2857 685 2912 illi
711 2856 892 2915 forsan
908 2859 1147 2916 ridentes
1169 2860 1443 2927 dixerunt,
1467 2859 1629 2915 alium
1652 2874 1754 2931 pro
1778 2859 1886 2915 alio
1901 2858 2083 2914 divina
2106 2857 2205 2913 do-

608 2962 759 3006 cens.
787 2948 976 3024 Neque
1010 2953 1158 3012 enim
1189 2952 1296 3010 hoc
1319 2952 1399 3009 ait
1419 2952 1502 3011 sic
1531 2968 1547 3008 :
1578 2951 1686 3010 Pro
1710 2966 1880 3025 puero
1905 2965 2004 3024 ego
2034 2950 2197 3007 abre-

2304 1959 2412 2006 tem
2456 1948 2707 2006 similiter
2744 1946 3007 2002 intentius
3042 1944 3064 1977 ⁸
3106 1946 3287 2000 animo
3325 1958 3425 2000 non
3471 1943 3580 1998 haec
3619 1950 3746 1994 tantum

2301 2044 2420 2100 visa
2450 2050 2594 2109 sunt,
2628 2039 2890 2095 lucidiora
2917 2047 3098 2093 autem
3133 2035 3301 2093 multa
3337 2044 3389 2091 et
3418 2030 3694 2090 deiformiora.
3708 2029 3747 2085 Et

2303 2137 2427 2204 tibi,
2452 2144 2511 2192 ut
2536 2134 2793 2197 arbitror,
2820 2132 3042 2189 omnino
3088 2130 3341 2187 lucebunt
3359 2122 3745 2199 splendidioresfon

2303 2248 2445 2297 mae,
2499 2238 2555 2287 et
2604 2227 2961 2285 divinissimis
3007 2226 3171 2282 dictis
3199 2225 3256 2280 in
3284 2220 3628 2280 ascensionibus
3643 2214 3745 2272 ulenti

2307 2327 2376 2381 ad
2432 2323 2784 2381 excelsiorem
2833 2319 3066 2376 radium.
3123 2316 3298 2373 Trade
3322 2315 3488 2387 igitur,
3515 2327 3543 2367 ο
3568 2311 3747 2372 antice,et

2306 2418 2421 2489 ipse
2465 2415 2598 2471 mihi
2648 2411 3033 2484 perfectiorem
3080 2405 3521 2470 illuminationem,
3541 2410 3583 2457 et
3608 2398 3747 2455 ostende

2305 2510 2444 2565 meis
2491 2505 2664 2562 oculis
2689 2517 3042 2575 quascunque
3089 2501 3274 2563 videre
3315 2496 3496 2570 poteris
3523 2490 3747 2565 pulchriores

2306 2601 2509 2658 formas
2537 2607 2594 2655 et
2614 2596 3012 2655 uniformiores.
3044 2592 3274 2649 Conﬁdo
3304 2589 3438 2647 enim
3459 2601 3561 2658 ego,
3577 2583 3667 2655 quia
3685 2580 3745 2641 his,

2303 2709 2444 2766 quae
2472 2693 2617 2748 dicta
2654 2680 2802 2757 Sunt,
2845 2688 3118 2760 repositos
3150 2688 3204 2742 in
3244 2695 3295 2742 te
3320 2682 3472 2739 divini
3505 2678 3611 2752 ignis
3630 2689 3748 2766 ascen-

2305 2764 2439 2841 dens
2473 2796 2648 2854 usque
2693 2795 2945 2854 vapores.
2984 2778 3221 2851 Explicit
3268 2775 3390 2833 liber
3430 2772 3485 2829 de
3507 2764 3744 2827 causam

2303 2879 2593 2937 Ierarchia.

1077 3214 1603 3336 SANCTI
1686 3213 2346 3337 DIONYSII
2426 3207 3406 3331 AREOPAGITAE

1836 3496 2143 3579 LIBER
2196 3496 2677 3578 TERTIUS.

870 3738 1150 3902 DE
1221 3745 2164 3913 -:DIVINIS
2296 3740 3560 3908 NOMINIBUS.

608 4058 1016 4140 Epigramma
1062 4060 1130 4122 επ
1164 4059 1405 4142 ῡςςιιυηι
1433 4062 1807 4142 Dionysium
1851 4059 1924 4123 de
1955 4060 2191 4122 divinis
2221 4066 2267 4131 C
2296 4061 2485 4142 “:29
2510 4047 3751 4142 enimJ9mng_.b°3'92_3"!2'°:‘°§33";:‘22.“:

1195 4139 1591 4203 Nominibus.

603 4280 621 4291 ν
649 4278 685 4317 n
706 4267 938 4334 animum
963 4262 1208 4333 splendor
1229 4263 1282 4319 in
1304 4263 1508 4319 divinas
1530 4254 1831 4334 Scripturas
1853 4262 2201 4334 milletingens

687 4333 887 4403 formas
930 4335 1265 4406 varietatibus
1302 4351 1455 4390 sacra
1485 4333 1719 4406 nomina,
1754 4344 1943 4406 etpost
1984 4333 2201 4406 stultam

684 4414 904 4476 mortem
968 4405 1214 4476 vitalibus
1282 4407 1568 4476 sapientiae
1618 4403 1838 4476 eloquiis
1895 4404 2201 4460 sonantibus

681 4474 885 4528 divinos
917 4474 1301 4545 manifestarius
1335 4474 1552 4547 hymnos

695 4587 1125 4661 Compresbytero
1152 4592 1438 4648 Tino-rqu
1467 4591 1751 4649 DIONYSIUS
1780 4590 2065 4663 presbyter.
2091 4593 2110 4623 ⁷

676 4700 998 4756 lNClPlUNT
1021 4703 1333 4757 CAPITULA
1358 4704 1440 4756 DE
1455 4705 1695 4757 DIVINIS
1718 4702 2069 4757 NOMINIBUS
2086 4704 2131 4755 ⁸.

609 4807 652 4859 Ι.
673 4812 815 4886 Quae
834 4811 1137 4886 sithi-stionis
1159 4812 1516 4876 interpretatio,
1553 4817 1607 4863 et
1626 4823 1754 4873 quae
1780 4809 1955 4861 divinis
1977 4810 2190 4863 nomini-

616 4874 1011 5007 ιδ’ἷὶ
1030 4935 1244 4987 discreta
1268 4936 1533 5000 theologia,
1551 4944 1601 4987 et
1618 4949 1745 4998 quae
1764 4939 1830 4987 sit
1850 4936 2014 4987 divina
2032 4936 2192 4985 unitas

614 5004 727 5108 ιιίῗι
742 4999 1233 5118 ὃῗξὲθέἕῖὀηιὶοηίς
1254 5063 1426 5123 virtus,
1454 5062 1589 5112 etde
1611 5061 1759 5113 beato
1778 5059 2032 5121 lerotheo,
2055 5063 2109 5110 et
2129 5057 2195 5109 de

672 5124 927 5176 revereuti
952 5132 1004 5175 et
1023 5127 1296 5188 conscripta
1318 5123 1581 5186 theologia.

2294 4805 2381 4858 XI.
2403 4808 2479 4858 De
2505 4805 2643 4873 pace,
2670 4811 2721 4859 et
2740 4809 2857 4872 quid
2878 4807 2982 4859 vult
3004 4809 3099 4860 sibi
3121 4809 3217 4873 hoc
3240 4820 3301 4869 pe

2312 4170 2318 4185 ,
2365 4126 2477 4187 quia
2510 4118 2892 4190 rnatum'ueque
2935 4118 3032 4190 est,
3059 4118 3227 4189 natiue
3250 4138 3314 4175 ex
3349 4118 3407 4174 eo
3434 4119 3542 4183 quod
3564 4118 3748 4173 est.an

2370 4191 2418 4238 in
2439 4190 2785 4238 existentibus.

2302 4247 2741 4360 xtlﬁevxuiztente
2765 4250 2815 4300 in
2837 4262 2954 4313 quo,
2980 4256 3034 4301 et
3069 4249 3133 4301 de
3154 4245 3549 4313 paradigmatibus.

2378 4348 2390 4361 .
2408 4317 2481 4360 De
2506 4317 2615 4362 vita.

2303 4372 2507 4439 El!._D_e
2531 4372 3092 4439 sapientia,_intellectu_,
3117 4373 3326 4439 ratione,
3347 4371 3547 4439 veritate,

2302 4419 2344 4486 ν
2351 4419 2556 4500 ἰιίῗὺἐ
2566 4419 3213 4500 vingit}:'jusiiu'a','salute‘,
3223 4419 3546 4495 'reu'empuoné
3555 4460 3568 4486 ,
3588 4426 3626 4473 lu
3641 4429 3705 4482 (ιυο
3718 4419 3749 4500 ε]

2366 4497 2433 4561 de
2454 4491 2824 4561 inaequalitate.
2978 4491 2991 4500 ’
3016 4560 3025 4561 ί
3190 4491 3209 4561 ί
3382 4491 3416 4561 ,⁷
3548 4540 3691 4561 ..ηενειι
3709 4491 3743 4561 ιδ

2298 4538 2909 4623 ιΧΪ”ι)’ἕῖἧΞ¹ξῖιόξ’ῥῖἑνρ.
2936 4560 3132 4621 eodem,
3160 4557 3332 4621 altero,
3353 4553 3500 4615 simili,
3533 4540 3692 4599 dissimili
3709 4538 3749 4595 ιο,

2361 4628 2508 4695 statu,
2532 4621 2685 4695 motu,
2702 4621 3027 4695 aequalitate.

2297 4668 3039 4749 x.‘n‘éxninibaiau'n;;andss
3060 4682 3279 4745 dierum,
3303 4682 3349 4731 in
3371 4689 3458 4741 quo
3477 4679 3523 4726 et
3538 4669 3591 4719 de
3616 4668 3750 4715 κιαω

2358 4753 2721 4862 ξιιξὲῗερὲξῗὶι
2740 4809 2857 4862 quid
2878 4807 2982 4859 vult
3004 4809 3099 4860 sibi
3121 4809 3217 4859 hoc
3240 4817 3329 4862 per
3343 4815 3395 4853 88
3416 4792 3751 4862 timum“???

2360 4853 2992 4944 ﬁgiv'éll’gsdl'Vlaldll‘é
3005 4853 3103 4934 B6}
3121 4853 3185 4922 £6
3196 4853 3348 4934 iprsam
3370 4853 3521 4921 vir'tus,
3542 4864 3586 4908 et
3607 4861 3696 4915 qm
3708 4853 3750 4893 διε

2356 4934 2501 4983 dicta.
2832 4934 2839 4936 ⁷
2886 4934 2889 4935 ⁷
3409 4984 3415 4991 ,
3528 4984 3537 4993 ,
3684 4973 3692 4982 .

2301 4991 2411 5044 Xll.
2438 4994 2702 5061 De_sancto
2724 5000 3021 5060 sanctorum,
3058 5006 3187 5061 rege
3211 5004 3397 5057 regum,
3418 4977 3750 5040 Dantth

2367 5070 2491 5114 rum,
2516 5057 2624 5107 Deo
2655 5059 2880 5109 deorum.

2305 5114 2435 5172 Xlll.
2461 5119 2540 5171 De
2564 5121 2787 5184 perfecto
2806 5128 2858 5173 et
2879 5132 2993 5171 uno.

1883 5291 2576 5365 VARIAELECTIONES.
2644 5358 2648 5365 ί

679 5424 698 5459 ¹
719 5443 753 5481 a
782 5442 838 5483 se
866 5441 974 5481 om.
996 5426 1105 5482 AE.
1181 5426 1204 5457 ’
1228 5425 1317 5481 AE
1349 5424 1466 5480 sub.

1567 5424 1654 5480 'E
1701 5425 2070 5497 speculantem.
2154 5428 2177 5459 ⁸
2203 5426 2616 5497 Bbabitumque
2662 5441 2877 5482 sacrum
2898 5428 2953 5482 in
2982 5427 3285 5498 deiformem
3320 5424 3540 5498 ducatum

602 5492 744 5570 [ΒΗ
789 5482 1072 5570 speculata.
1103 5568 1110 5570 Α
1153 5497 1174 5528 ⁸
1202 5496 1291 5551 BH
1303 5567 1313 5570 Α
1353 5498 1600 5570 intentus.
1675 5497 1695 5529 ⁷
1726 5482 1772 5553 Ε
1808 5482 2418 5570 DionysiiAreopagitac
2443 5482 2667 5569 epibcopi
2716 5498 3037 5570 Athenarum
3069 5482 3154 5552 'ad
3200 5494 3505 5570 Timotheum

607 5566 825 5640 Ephesi
847 5569 911 5623 de
952 5568 1157 5640 divinis
1175 5567 1486 5640 nominibus.
1514 5566 1967 5640 Conipresbytero
1974 5578 2079 5625 cet.

607 5638 839 5710 capitula
873 5654 995 5697 xm.
1069 5638 1092 5670 ’
1128 5638 1325 5707 Codd.,
1353 5639 1643 5703 ἐκστασσως

2154 5571 2177 5603 ⁸
2213 5552 2257 5623 l3
2281 5552 2442 5625 "Haec
2471 5552 2656 5624 'autein
2680 5570 2736 5626 in
2764 5569 2859 5624 hoc
2882 5569 3059 5624 insunt
3089 5570 3153 5624 de
3170 5567 3353 5623 divinis
3377 5557 3622 5617 nominibus
3638 5552 3744 5599 tota!

1716 5640 1759 5672 ¹⁰
1796 5639 1962 5697 Codd.
2020 5641 2085 5696 de
2130 5640 2309 5696 simili.
2682 5664 2689 5669 τ
