4008 6286
202 498 344 558 1115

842 481 1093 544 VERSIO
1131 477 1416 541 OPERUM
1456 475 1514 535 S.
1556 470 1879 534 DIONYSII.
1915 499 1988 513 —
2024 469 2114 527 DE
2150 464 2400 526 DlVlNlS
2433 464 2826 525 NOMINIBUS.

3331 462 3473 520 HM

567 701 1014 862 INCIPIT
1116 651 1459 855 LIBER
1561 693 1710 846 DE
1817 685 2272 846 IIIIINIs
2383 676 3053 839 NoIIIIIInIs.

755 966 1156 1029 CAPITULUM
1191 967 1232 1023 Ι.

205 1115 356 1183 Quae
382 1113 451 1170 sit
485 1109 704 1166 rationis
742 1106 1209 1183 interpretatio_,_et
1237 1118 1373 1176 quae
1399 1100 1588 1158 divinis
1617 1098 1788 1155 uomi-

779 1179 931 1233 uibus
973 1177 1211 1232 traditio.

279 1318 430 1377 Nune
452 1326 654 1384 autem,
669 1330 704 1372 ο
723 1317 904 1382 beate,
924 1323 1050 1386 post
1067 1311 1399 1384 theologicos
1443 1311 1789 1366 characteres

205 1415 259 1470 in
292 1412 598 1467 divinorum
627 1409 906 1465 nominum
938 1405 1383 1476 replicationem,
1430 1413 1694 1475 quantum
1724 1401 1790 1456 li-

203 1515 313 1573 cet,
339 1514 696 1561 transeamus.
725 1500 810 1556 Sit
831 1509 1012 1555 autem
1033 1510 1246 1554 etnune
1272 1497 1428 1552 nobis
1453 1497 1788 1566 eloquiorum

204 1599 292 1656 lex
319 1594 695 1669 praedeﬁnita,
718 1591 1004 1648 veritatem
1020 1606 1120 1646 nos
1147 1590 1392 1646 invenire
1413 1604 1622 1654 eorum,
1651 1601 1791 1658 quae

205 1690 272 1746 de
290 1689 402 1745 Deo
423 1688 566 1743 dicta
581 1693 728 1751 sunt,
745 1700 851 1740 non
866 1685 920 1740 in
937 1683 1286 1740 credibilibus
1306 1682 1532 1754 sophiae
1544 1680 1726 1736 verbis
1740 1692 1791 1748 α,

206 1781 300 1839 sed
344 1781 402 1835 in
453 1778 841 1850 approbatione
877 1777 1072 1848 spiritu
1134 1784 1385 1832 movente
1418 1776 1793 1844 theologorum

204 1871 448 1938 virtutis,
474 1885 573 1941 per
599 1885 761 1940 quam
808 1866 1170 1925 inell'abilibus
1218 1877 1274 1923 et
1320 1867 1516 1938 ignotis
1552 1865 1796 1920 inellabi-

206 1966 332 2021 liter
385 1972 441 2020 et
475 1964 658 2034 ignote
715 1962 1113 2034 conjungimur,
1170 1960 1467 2016 secundum
1515 1959 1794 2014 meliorem

211 2065 438 2113 nostrae
459 2053 743 2110 rationalis
771 2063 824 2109 et
853 2050 1235 2108 intellectualis
1271 2049 1492 2104 virtutis
1519 2057 1574 2103 et
1605 2050 1796 2118 opera-

206 2150 374 2208 tionis
404 2149 686 2204 unitatem.
712 2146 1104 2203 Universaliter
1136 2145 1317 2214 itaque
1351 2157 1460 2197 non
1489 2141 1796 2196 audendum

209 2242 393 2299 dicere
413 2280 428 2307 ,
456 2254 634 2311 neque
668 2235 968 2308 intelligere
997 2236 1127 2307 quid
1159 2237 1224 2291 de
1268 2234 1712 2304 superessentiali
1739 2241 1796 2287 et

207 2333 422 2390 occulta
452 2332 752 2396 divinitate,
796 2339 1013 2402 praeter
1041 2327 1300 2383 divinitus
1349 2326 1507 2382 nobis
1535 2311 1601 2381 ex
1623 2327 1795 2382 sacris

208 2425 440 2496 eloquiis
481 2437 759 2495 expressa.
811 2421 982 2492 Ipsius
1029 2421 1174 2475 enim
1217 2434 1381 2490 super
1425 2419 1691 2474 rationem
1743 2427 1800 2472 et

209 2516 542 2574 intellectum
588 2523 642 2571 et
692 2514 986 2569 essentiam
1055 2511 1631 2582 superessentialitatis
1681 2511 1798 2580 ipsa

211 2608 690 2680 superessentialis
755 2607 981 2662 scientia
1041 2605 1349 2674 reponenda
1382 2612 1421 2667 ι,
1484 2604 1538 2658 in
1588 2611 1796 2657 tantum

209 2717 431 2759 sursum
478 2699 833 2770 respicientes
856 2737 871 2765 ,
902 2706 1164 2768 quantum
1193 2710 1253 2751 se
1296 2695 1460 2750 infert
1491 2694 1796 2750 divinorum

211 2796 554 2868 eloquiorum
612 2792 797 2849 radius
846 2794 913 2847 ad
962 2791 1271 2861 superiores
1321 2789 1598 2845 elaritates
1651 2803 1798 2844 circa

214 2893 418 2960 divina,
445 2890 801 2962 temperantia
829 2897 884 2944 et
902 2887 1192 2942 sanctitate
1210 2895 1231 2926 ι
1266 2891 1561 2942 coartatas.
1585 2881 1798 2937 Etenim

211 2987 263 3044 si
291 2987 422 3058 quid
447 2993 663 3056 oportet
687 2982 1086 3055 sapientissima
1117 2989 1174 3036 et
1212 2978 1491 3034 verissima
1532 2975 1801 3047 theologia

214 3079 468 3145 suaderi,
503 3079 660 3147 juxta
709 3075 1012 3145 analogiam
1041 3073 1468 3143 uniuscujusque
1497 3084 1800 3124 animorum

214 3169 584 3241 respiciuntur
611 3168 812 3232 divina,
847 3175 904 3222 et
945 3165 1310 3234 inspiciuntur
1338 3162 1684 3218 thearchicae
1708 3162 1803 3216 bo-

216 3261 408 3318 nitatis
444 3263 501 3317 in
527 3260 751 3317 salutari
771 3258 983 3329 justitia
1017 3257 1087 3313 ab
1117 3258 1204 3313 his
1228 3297 1244 3323 ,
1279 3271 1418 3326 quae
1464 3257 1516 3310 in
1549 3269 1802 3310 mensura

220 3363 384 3420 sunt,
436 3350 1039 3409 immensurabilitatem
1087 3349 1346 3404 divinitus
1385 3356 1641 3417 tanquam
1687 3345 1806 3400 illo-

219 3447 394 3504 calem
417 3445 781 3516 distinguente
806 3443 850 3497 ³.
869 3442 1025 3498 Sicut
1055 3441 1199 3496 enim
1240 3437 1806 3510 incomprehensibilia

219 3547 280 3595 et
300 3533 796 3605 incontemplabilia
818 3543 944 3589 sunt
962 3530 1346 3588 ‘sensibilibus
1373 3531 1395 3562 ⁸
1415 3529 1728 3594 invisibilia,
1756 3535 1812 3584 et

221 3630 330 3693 bis,
362 3641 502 3698 quae
529 3635 658 3682 sunt
686 3625 742 3679 in
769 3624 1026 3695 ﬁgmento
1054 3633 1110 3676 et
1137 3619 1514 3683 similitudine,
1541 3619 1734 3689 simpla
1757 3627 1812 3673 et

1814 964 1870 1026 Α
1895 963 2044 1024 sunt,
2079 963 2337 1026 tanquam
2362 951 2612 1009 omnibus
2638 943 3165 1022 superessentialiter
3205 951 3478 1016 separata.

1889 1061 1958 1118 Et
1985 1059 2187 1117 multos
2214 1055 2591 1128 theologorum
2617 1051 2887 1116 invenies,
2915 1065 3024 1105 non
3054 1047 3229 1105 solum
3261 1055 3322 1102 ut
3345 1045 3482 1102 invi-

1890 1159 2100 1216 sibilem
2127 1172 2248 1214 eam
2289 1164 2347 1211 et
2381 1150 2982 1224 incomprehensibilem
3034 1148 3349 1211 laudantes,
3389 1145 3484 1200 sed

1890 1269 1947 1316 et
1981 1257 2387 1316 inscrutabilem
2433 1254 2594 1313 simul
2624 1262 2679 1310 et
2706 1249 3137 1323 investigabilem
3159 1289 3175 1316 ,
3225 1256 3484 1316 tanquam

1890 1382 1998 1422 non
2031 1374 2154 1421 ente
2197 1363 2239 1394 ¹¹
2283 1360 2509 1432 vestigio
2534 1359 2642 1414 ullo
2664 1357 2718 1413 in
2740 1355 3006 1412 occultam
3043 1353 3160 1424 ejus
3180 1349 3486 1406 multitudi-

1893 1462 2498 1538 nennpervenientium.
2541 1458 2658 1515 Non
2700 1466 2880 1512 tamen
2919 1449 3367 1510 communicabile
3405 1455 3489 1504 est

1890 1566 2269 1627 universaliter
2306 1565 2511 1620 bonum
2546 1561 2641 1616 ulli
2683 1574 2872 1616 eorum
2920 1571 3060 1628 quae
3094 1563 3253 1621 sunt,
3307 1551 3400 1607 sed
3433 1550 3484 1604 in

1892 1673 2072 1744 seipse
2096 1683 2323 1725 manens
2361 1662 2877 1738 superessentialem
2898 1659 3222 1716 collocatum
3276 1652 3486 1708 radium

1893 1773 2319 1844 uniuscujusque
2363 1785 2554 1826 eorum
2592 1779 2734 1839 quae
2795 1772 2956 1827 sunt,
3005 1756 3488 1832 proportionaliter

1895 1874 2381 1934 illuminationibus
2401 1872 2603 1944 optime
2626 1863 3124 1940 supermanil’estat,
3146 1869 3202 1918 et
3226 1861 3290 1916 ad
3313 1857 3484 1930 possi-

1895 1978 2059 2035 bilem
2091 1976 2173 2032 sui
2218 1971 2730 2042 contemplationem
2763 1975 2817 2022 et
2849 1964 3164 2020 societatem
3188 1969 3246 2014 et
3293 1956 3488 2012 simili-

1896 2071 2139 2128 tudinem
2188 2067 2431 2124 extendit
2459 2078 2646 2120 sacros
2686 2062 2917 2122 animos,
2967 2063 3230 2127 quantum
3277 2051 3358 2105 fas
3385 2057 3486 2113 est,

1897 2163 1977 2219 sic
2028 2161 2289 2218 divinitus
2337 2159 2750 2222 desiderantes,
2804 2161 2862 2208 et
2900 2163 3076 2220 neque
3125 2146 3194 2200 ad
3242 2142 3490 2214 superius

1897 2257 2177 2312 moderate
2252 2253 2424 2308 indita
2487 2249 2669 2307 divina
2737 2242 3177 2302 manifestatione
3239 2233 3488 2306 impossi-

1825 2344 2082 2406 Bbiliter
2149 2346 2526 2419 gloriﬁcatos,
2576 2355 2753 2412 neque
2828 2339 2897 2393 ad
2959 2334 3313 2390 inferiusfex
3384 2343 3487 2393 ea,

1899 2458 2039 2516 quae
2092 2442 2146 2496 in
2197 2439 2398 2494 malum
2447 2444 2565 2501 est,
2629 2433 2991 2489 minoratione
3042 2426 3342 2491 resolutos,
3397 2420 3491 2478 sed

1898 2513 2038 2594 bene
2083 2535 2378 2605 ponderate
2435 2538 2491 2585 et
2547 2535 2695 2583 recte
2746 2525 2800 2580 in
2845 2523 3057 2577 radium
3109 2520 3191 2575 eis
3241 2513 3489 2586 superlu-

1899 2638 2112 2686 centeni
2165 2632 2456 2690 extentos,
2508 2629 2562 2676 et
2609 2611 3082 2675 eommensurabili
3131 2613 3402 2683 justarnm
3452 2607 3493 2638 ¹⁸

1899 2719 2353 2778 illuminationum
2403 2728 2618 2780 amore,
2665 2727 2789 2768 cum
2832 2707 3136 2765 reverentia
3186 2719 3376 2770 saera,
3437 2708 3495 2757 et

1903 2817 2201 2879 temperate
2267 2815 2324 2860 et
2389 2812 2576 2858 sancte
2629 2801 2954 2864 revelantes,
3008 2797 3128 2867 ipsa
3193 2799 3492 2864 sequentes

1904 2901 2212 2959 thearchica
2240 2897 2369 2969 juga
2396 2938 2410 2964 ,
2459 2910 2598 2966 quae
2620 2895 2782 2951 etiam
2808 2901 2950 2948 totas
2977 2891 3282 2960 gubernant
3308 2899 3497 2956 super-

1902 2993 2216 3052 caelestium
2267 2987 2626 3045 esseIItiarum
2668 2992 2884 3042 sanctas
2927 2979 3330 3051 dispositiones.
3380 2974 3494 3029 Hoc

1904 3086 2122 3155 quidem
2153 3095 2316 3153 super
2346 3077 2678 3134 intellectum
2731 3083 2788 3131 et
2835 3071 3128 3130 essentiam
3176 3065 3496 3124 thearchiae

1906 3176 2177 3234 occultum
2237 3170 2592 3227 inscrutabile
2666 3177 2752 3222 est
2799 3167 2966 3221 etiam
3039 3157 3497 3218 intellectualibus

1904 3268 2106 3324 mentis
2141 3263 2480 3320 reverentiis.
2533 3260 2681 3316 Haec
2706 3273 2904 3316 arcana
2935 3253 3259 3325 temperanti
3283 3250 3496 3307 silentio

1909 3361 2257 3421 honorantes,
2282 3355 2348 3409 ad
2372 3353 2614 3410 lucentes
2634 3351 2790 3406 nobis
2812 3350 2864 3404 in
2881 3347 3052 3404 sacris
3070 3343 3299 3414 eloquiis
3321 3341 3499 3412 splen-

1914 3453 2074 3507 dores
2118 3448 2482 3509 intendamus,
2511 3453 2568 3501 et
2603 3444 2672 3498 ab
2700 3443 2833 3513 ipsis
2874 3441 2928 3496 in
2953 3440 3130 3494 lucem
3163 3438 3426 3492 ducamur
3453 3433 3499 3464 ¹³

1913 3543 1981 3598 ad
2009 3543 2355 3598 thearchicos
2384 3541 2638 3610 hymnos,
2686 3536 2754 3590 ab
2806 3533 2891 3588 his
2918 3529 3354 3603 supermundane
3379 3526 3502 3582 illu-

1913 3634 2126 3697 minati,
2157 3643 2211 3686 et
2231 3631 2300 3685 ad
2330 3643 2518 3684 sacras
2544 3623 2920 3699 hymnologias
2946 3619 3188 3685 formati,
3222 3619 3291 3674 ad
3317 3617 3502 3672 viden-

221 3735 334 3776 non
369 3717 645 3782 simulata,
704 3724 761 3772 et
793 3715 1089 3770 secundum
1139 3726 1431 3782 corporum
1470 3710 1672 3782 ﬁguras
1702 3711 1808 3765 lor-

1921 3728 2049 3782 dum
2073 3724 2238 3778 etiam
2260 3727 2699 3777 commensurate
2721 3717 2877 3771 nobis
2901 3730 2998 3784 per
3019 3727 3114 3768 eas
3143 3713 3338 3766 donata
3362 3708 3502 3763 divi-

223 3811 388 3869 matis
443 3808 866 3879 incorporalium
907 3806 1112 3861 intacta
1140 3814 1196 3858 et
1241 3817 1347 3857 non
1391 3802 1620 3872 ﬁgurata
1652 3801 1820 3856 infor-

225 3905 430 3962 mitas:
468 3903 621 3975 juxta
669 3900 916 3957 eamdem
943 3897 1189 3954 veritatis
1222 3895 1245 3928 ⁸
1277 3896 1544 3950 rationem
1600 3901 1822 3964 superat

225 3997 498 4054 essentias
525 3992 992 4067 superessentialis
1005 3989 1337 4062 magnitudo,
1358 3989 1634 4044 etanimos
1657 4003 1822 4058 super

229 4092 470 4148 animum
497 4091 518 4122 "
550 4089 752 4154 unitas,
787 4095 843 4141 et
890 4086 1143 4141 omnibus
1169 4084 1460 4139 virtutibus
1489 4081 1823 4153 impossibile

232 4192 319 4240 est
338 4181 478 4253 quod
503 4196 667 4252 super
693 4193 910 4235 sensum
952 4184 1037 4232 est
1060 4189 1428 4245 arcanumque
1449 4174 1647 4230 rationi
1675 4173 1824 4228 omni

230 4289 397 4346 super
420 4271 681 4327 rationale
698 4273 921 4335 bonum,
945 4268 1126 4322 unitas
1149 4268 1346 4322 unitica
1375 4267 1552 4322 omnis
1577 4267 1822 4331 unitatis,

235 4375 295 4422 et
327 4360 796 4434 superessentialis
821 4359 1080 4424 essentia,
1104 4367 1158 4414 et
1186 4357 1492 4414 intellectus
1519 4357 1826 4421 invisibilis,

233 4464 291 4513 et
331 4456 558 4511 verbum
608 4467 906 4518 arcanum,
962 4449 1442 4516 irrationabilitas,
1485 4456 1542 4504 et
1586 4448 1828 4503 invisibi-

235 4549 382 4615 litas,
409 4557 464 4602 et
505 4544 970 4601 innominabilitas
1018 4545 1322 4600 secundum
1361 4540 1571 4596 nullum
1608 4555 1823 4603 eorum,

236 4657 379 4714 quae
405 4650 551 4706 sunt,
575 4653 694 4705 ens,
726 4647 780 4694 et
804 4637 1024 4694 causale
1050 4638 1266 4708 quidem
1293 4637 1508 4692 esscndi
1532 4634 1782 4691 omnibus
1814 4647 1829 4686 :

237 4743 416 4814 ipsum
439 4751 621 4797 autem
651 4755 755 4794 non
778 4737 830 4794 ὂν
848 4779 864 4804 ,
891 4748 950 4793 ut
975 4738 1155 4793 omnis
1194 4737 1463 4792 essentiae
1486 4734 1770 4789 summitas
1788 4733 1827 4795 ⁸,

239 4842 301 4890 et
325 4843 619 4901 utcumque
649 4832 765 4900 ipsa
795 4829 861 4884 de
897 4828 1074 4898 seipsa
1103 4827 1322 4897 proprie
1359 4834 1416 4879 et
1442 4824 1681 4880 scienter
1709 4838 1830 4878 ma-

242 4923 487 4981 nifestat.
514 4923 589 4979 De
610 4924 714 4978 hac
744 4921 924 4993 igitur,
948 4928 1007 4974 ut
1035 4919 1236 4975 dictum
1264 4925 1368 4983 est,
1391 4915 1833 4986 superessentiali

243 5023 303 5072 et
339 5015 550 5071 occulta
595 5013 877 5069 divinitate
919 5027 1026 5067 non
1055 5009 1361 5065 audendum
1411 5009 1613 5075 dicere,
1657 5020 1836 5077 neque

1919 3834 1990 3873 na
2023 3815 2334 3876 luminaria,
2377 3821 2434 3866 et
2477 3811 2684 3880 largum
2714 3807 3039 3878 principium
3064 3803 3242 3859 omnis
3293 3801 3504 3856 divinae

1922 3905 2276 3978 apparitionis
2332 3893 2550 3957 luminis
2601 3899 2964 3963 laudandum,
3021 3895 3160 3950 sicut
3210 3893 3388 3962 ipsum
3441 3890 3507 3946 de

1923 4002 2100 4072 seipse
2147 4001 2200 4055 in
2253 3997 2422 4054 sacris
2471 3995 2700 4065 eloquiis
2733 3991 2953 4046 tradidit
2984 4007 2997 4042 :
3025 3998 3083 4043 ut
3110 3987 3236 4070 quia
3263 3983 3507 4042 omnium

1925 4106 2010 4151 est
2057 4108 2244 4156 causa,
2299 4100 2354 4146 et
2382 4088 2731 4160 principium,
2771 4094 2826 4138 et
2877 4066 3135 4146 essentia,
3191 4090 3248 4136 et
3295 4080 3425 4143 vita,
3455 4087 3511 4134 et

1928 4185 2146 4256 quidem
2193 4180 2560 4238 recedentium
2607 4177 2675 4231 ab
2701 4191 2768 4231 eo
2812 4183 2868 4231 et
2916 4173 3190 4230 revocatio
3228 4177 3284 4228 et
3330 4183 3515 4225 resur-

1927 4278 2118 4342 rectio,
2161 4276 2227 4330 ad
2257 4287 2387 4328 vero
2426 4269 2807 4327 deiformitatis
2836 4262 3244 4335 lncorruptibile
3270 4259 3510 4331 perdito-

1928 4387 2050 4425 rum
2097 4366 2371 4422 revocatio
2400 4373 2456 4418 et
2492 4360 2831 4424 reformatio,
2864 4359 3126 4430 juxtaque
3161 4354 3511 4424 agitationem

1931 4461 2266 4518 immundam
2294 4456 2577 4512 mobilium
2622 4451 2904 4510 collocatio
2933 4449 3134 4512 divina,
3171 4455 3227 4502 et
3255 4445 3514 4501 stantium

1929 4552 2228 4616 munimen,
2286 4556 2340 4603 et
2368 4547 2435 4601 ad
2479 4547 2652 4616 ipsum
2689 4544 3036 4598 reduetorum
3071 4535 3376 4594 restitutiva
3403 4549 3518 4588 ma-

1931 4644 2212 4708 nuductio,
2242 4649 2297 4696 et
2326 4639 2755 4694 illuminatorum
2787 4632 3130 4697 illuminatio,
3163 4639 3218 4686 et
3250 4626 3511 4700 perfecto-

1934 4754 2054 4793 rum
2083 4735 2346 4807 perfectio
2368 4731 2701 4802 principalis,
2731 4738 2787 4784 et
2827 4728 3134 4783 divinorum
3164 4722 3439 4786 divinitas,
3465 4729 3520 4776 et

1935 4828 2260 4898 simplicium
2287 4823 2624 4894 simplicitas,
2658 4830 2714 4876 et
2735 4821 3009 4875 unitornm
3039 4816 3244 4881 unitas,
3271 4809 3518 4883 principii

1936 4920 2114 4976 omnis
2143 4915 2668 4992 superessentialiter
2695 4910 3157 4985 superprincipale
3176 4904 3516 4978 principium,

1940 5022 1998 5068 et
2015 5010 2236 5075 occulti,
2261 5007 2555 5064 secundum
2575 5005 2719 5076 quod
2739 5004 2995 5075 ujustum
3015 5009 3118 5064 est,
3138 4997 3340 5068 optima
3358 4993 3523 5050 tradi-

247 5106 548 5179 intelligere
575 5105 702 5176 quid
722 5145 736 5172 ν
766 5113 982 5174 Praelef
1015 5101 1274 5158 ἀίνίηίιυε
1311 5101 1468 5156 ηοδίε
1515 5116 1586 5156 ex
1612 5100 1634 5131 ⁹
1661 5100 1834 5156 sacris
1860 5093 1914 5153 D
1939 5106 2033 5170 tio,
2049 5113 2105 5159 et
2127 5100 2442 5171 simpliciter
2464 5094 3085 5163 dicendum,viventium
3110 5090 3242 5154 vita,
3257 5096 3312 5144 et
3335 5099 3524 5142 eorum

247 5205 481 5274 eloquiis
519 5217 797 5274 expressa.
833 5199 1045 5255 Etenim
1087 5198 1168 5254 sic
1198 5197 1314 5268 ipsa
1353 5197 1420 5252 de
1467 5197 1755 5267 semetipsa
1783 5195 1836 5250 in

249 5298 481 5369 eloquiis
505 5298 710 5369 optime
731 5296 775 5327 ¹⁰
807 5293 1029 5350 tradidit
1055 5311 1068 5347 :
1106 5293 1224 5364 ejus
1267 5292 1506 5362 quidem,
1531 5290 1709 5362 qualis
1737 5296 1840 5354 est,

1943 5213 2084 5270 quae
2112 5203 2236 5252 sunt
2265 5193 2522 5258 essentia,
2547 5192 2723 5248 omnis
2761 5191 2903 5244 vitae
2931 5196 2988 5242 et
3027 5182 3299 5240 essentiae
3325 5176 3527 5250 princi-

1945 5291 2095 5362 pium
2123 5296 2180 5343 et
2199 5301 2386 5350 causa,
2412 5300 2510 5354 per
2538 5299 2710 5348 suam,
2741 5289 2802 5337 ut
2828 5281 2940 5337 sint
2959 5291 3100 5350 quae
3119 5282 3267 5341 sunt,
3292 5271 3524 5330 activam

250 5388 481 5447 scientia
519 5397 578 5446 et
613 5385 1001 5457 contemplatio
1066 5385 1319 5442 omnibus
1359 5383 1508 5439 invia
1555 5391 1672 5448 est,
1705 5395 1877 5452 qttae_
1947 5390 2003 5437 et
2032 5379 2396 5436 continentem
2427 5375 2726 5434 bonitatem

1608 5491 1864 5551 VARIAE
1893 5489 2296 5549 LECTIONES.

331 5617 546 5675 'AEr

259 5687 287 5724 ³
319 5689 385 5745 Δ*
417 5687 673 5746 sensibus.

642 5616 893 5673 nendum.

765 5687 787 5720 ⁸
818 5689 886 5741 Α¹¹
925 5687 1146 5741 virtutis.

991 5617 1013 5648 ¹
1051 5613 1118 5670 Α*
1147 5619 1290 5668 certa
1326 5609 1655 5665 moderantia
1683 5609 1860 5663 divina
1886 5609 1955 5663 ad
1983 5608 2308 5664 sanctitates.

1243 5683 1263 5710 ’
1302 5683 1367 5736 A‘
1409 5697 1553 5735 voces
1581 5696 1738 5748 super
1775 5681 2000 5734 animos.

3110 5597 3134 5630 ⁸
3169 5603 3291 5653 sunt
3315 5609 3425 5652 om.
3467 5589 3528 5646 E.

2429 5604 2451 5636 ⁸
2477 5602 2570 5658 ΑΕ
2594 5601 3012 5672 distinguentem.
3110 5601 3134 5630 ⁵
3169 5603 3291 5653 sunt
3315 5609 3425 5652 om.
3468 5601 3528 5646 IS.

2432 5715 2445 5722 -
2541 5675 2566 5709 ο
2600 5673 2666 5722 Α*
2695 5672 2772 5722 in.
2869 5671 2913 5703 ⁸⁸
2948 5671 3014 5722 A‘
3052 5670 3279 5722 nronrie.
3365 5666 3409 5700 “
3444 5662 3534 5722 ΒΙΙ

2100 5681 2124 5713 ⁸
2160 5680 2227 5750 Α,
2252 5678 2446 5732 unitas.
2541 5675 2566 5709 ⁸
2600 5673 2666 5728 Α*
2695 5670 2772 5727 in.
2869 5671 2913 5703 “
2948 5671 3014 5726 A‘
3051 5670 3279 5742 proprie.

249 5761 516 5842 imperite.
538 5782 559 5822 ο
591 5760 635 5791 ¹¹
670 5759 738 5816 A‘
758 5759 1049 5830 justorum.
1127 5755 1173 5788 ⁸³
1197 5754 1244 5811 Α
1273 5754 1553 5808 ducantur-
1631 5749 1676 5783 “
1703 5749 1842 5820 quod
1892 5766 2001 5806 om.
2052 5750 2116 5806 E.

1754 5865 2006 5924 NOTAE.

339 5959 370 5994 ι
406 5949 428 6007 l
461 5948 568 6008 Cor
599 5948 663 6016 ll,
701 5947 754 6004 ιι.
