4008 6286
135 239 269 298 “Si

769 226 1018 288 vensno
1054 204 1339 289 opaaun
1377 223 1436 282 s.
1475 219 1794 282 mouvsn.
1829 245 1902 263 -
1935 216 2024 276 ns
2057 212 2312 281 DlVlNlS
2343 211 2736 274 NOMINIBUS.

3259 211 3396 268 “22

131 355 293 414 modo
317 350 580 421 theologia
600 348 861 419 quaedam
885 347 1100 417 quidem
1127 345 1320 400 unitim
1349 344 1530 410 tradit,
1555 357 1720 413 quae-
1745 346 1794 407 Α
1821 338 2061 394 omnium
2100 338 2283 394 omnia
2323 337 2558 404 lumina,
2603 346 2660 392 et
2701 350 2863 392 unam
2901 337 3200 411 claritatem
3229 337 3398 395 indis-

133 450 258 506 dam
284 459 413 500 vero
440 444 692 498 discrete.
729 441 794 494 Et
825 455 995 509 neque
1029 438 1176 492 unita
1215 452 1469 506 separare
1505 434 1709 504 justum

133 549 239 605 est,
271 552 443 606 neque
491 535 722 588 discreta
772 533 1122 594 confundere,
1152 529 1246 586 sed
1277 537 1566 600 sequentes
1592 543 1710 584 eam

126 629 285 700 juxta
310 627 564 679 virtutem
582 623 632 676 in
648 623 858 676 divinos
879 621 1195 691 splendores
1217 611 1501 691 respicere,
1519 627 1573 674 et
1588 619 1712 673 inde

133 719 346 775 divinas
375 714 843 770 manifestationes
871 713 1222 782 accipientes,
1255 712 1396 767 sicut
1423 711 1710 781 quamdam

132 810 378 883 regulam
426 808 877 864 formosissimum
916 807 1180 870 veritatis,
1215 805 1287 860 ibi
1319 805 1489 876 posita
1534 814 1714 860 custoo

132 900 257 956 dire
286 899 337 954 in
367 898 676 967 semetipsis
727 912 831 951 non
881 895 1258 965 nniltiplicata,
1305 905 1360 950 et
1403 911 1509 950 non
1540 895 1713 949 mino-

131 997 282 1052 rata,
307 997 365 1045 et
390 987 828 1044 inconversibitia
859 986 1195 1052 festinemus,
1238 987 1291 1040 in
1329 987 1570 1041 custodia
1602 987 1714 1042 elo-

131 1081 386 1152 quiorum
432 1079 709 1145 custoditi,
747 1090 801 1135 et
849 1080 918 1132 ab
963 1079 1092 1148 ipsis
1143 1079 1196 1143 in
1241 1080 1608 1135 custodientes
1648 1095 1714 1135 ea

132 1169 548 1227 custodiendum
584 1177 852 1240 potentes.
888 1167 1045 1224 Unita
1078 1168 1292 1238 quidem
1331 1171 1496 1224 totius
1521 1171 1715 1225 divini-

132 1261 266 1317 tatis
315 1269 461 1326 sunt,
502 1270 562 1318 ut
583 1261 638 1316 in
671 1259 985 1332 theologicis
1014 1261 1416 1317 characteribus
1445 1279 1540 1332 per
1560 1262 1713 1334 plura

131 1367 210 1409 ex
259 1351 488 1422 eloquiis
535 1351 892 1414 ostendimus,
939 1350 1326 1420 superbonum,
1367 1337 1711 1422 superdeum,

130 1442 611 1514 superessentiale,
639 1442 1011 1511 supervivens,
1040 1443 1437 1512 supersapiens,
1469 1452 1524 1499 et
1549 1458 1716 1513 quae-

131 1547 369 1602 cumque
407 1531 861 1602 supereminentis
903 1541 1029 1588 sunt
1073 1533 1378 1596 ablationis,
1423 1549 1545 1588 cum
1590 1532 1714 1602 qui-

131 1627 243 1683 bus
267 1635 322 1682 et
347 1625 584 1681 causalia
607 1627 810 1691 omnia,
839 1626 1128 1695 optimum,
1163 1625 1386 1690 bonum,
1410 1623 1485 1691 ὅν,
1524 1625 1714 1680 viven-

1816 440 2021 487 cretam
2050 429 2400 493 relucentem,
2441 439 2498 484 et
2528 445 2635 483 non
2664 431 2827 484 etiam
2850 429 3003 500 quis,
3037 437 3095 483 ut
3133 430 3395 498 arbitror,

1815 520 2012 592 poterit
2054 518 2283 589 alicujus
2331 519 2593 589 lampadis
2634 519 2812 575 lumen
2843 521 2911 574 ab
2937 521 3056 576 aliis
3100 536 3165 575 ex
3212 523 3396 577 omnia

1813 610 2017 666 lumina
2047 613 2344 667 continenti
2401 611 2526 669 aére
2557 613 2900 679 discernere,
2946 621 3000 669 et
3045 614 3228 670 videre
3273 613 3394 671 sine

1815 700 1985 756 altera
2013 710 2166 772 parte
2203 700 2429 756 alteram
2455 712 2687 771 partem,
2725 703 2849 757 totis
2875 703 2928 757 in
2965 703 3091 758 totis
3117 703 3396 760 inconfuse

1815 793 2253 862 contemperatis.
2286 791 2390 846 Sed
2429 792 2474 846 si
2524 793 2686 848 etiam
2737 808 2897 860 unam
2929 795 3049 864 quis
3089 795 3396 851 ardentium

1814 883 2135 938 subduxerit
2162 883 2321 938 domo
2344 883 2388 950 ⁸,
2429 885 2592 940 coibit
2612 897 2667 940 et
2691 887 2966 956 proprium
2997 895 3167 942 totum
3189 889 3392 954 lumen,

1815 974 2021 1029 nullum
2083 975 2340 1044 quiddam
2389 975 2618 1031 aliorum
2669 976 2931 1032 luminum
2999 979 3054 1032 in
3106 980 3397 1050 semetipsa

1816 1069 2199 1140 complectens,
2245 1077 2336 1124 aut
2382 1071 2579 1126 suimet
2641 1070 2828 1125 alteris
2879 1071 3208 1142 relinquens.
3269 1073 3400 1128 Erat
3447 1088 3480 1148 δ

1815 1159 1957 1214 enim
1987 1175 2204 1223 earnm,
2247 1161 2388 1230 quod
2415 1162 2634 1231 quidem
2662 1162 2794 1227 dixi,
2837 1163 3077 1217 omnium
3106 1165 3173 1218 ad
3218 1165 3398 1219 omnia
3451 1156 3468 1231 ἲ

1815 1248 2211 1319 perfectissima
2250 1250 2470 1315 unitas,
2523 1251 2872 1306 incommixta
2902 1252 3302 1319 universaliter,
3345 1265 3404 1309 et

1815 1341 1960 1396 nulla
2008 1350 2160 1412 parte
2204 1340 2466 1396 confusa:
2495 1352 2550 1396 et
2579 1344 2732 1408 haec,
2768 1344 3035 1398 existente
3069 1344 3124 1397 in
3173 1360 3402 1414 corpore

1816 1435 1976 1500 aére,
2019 1443 2075 1487 et
2121 1448 2189 1488 ex
2238 1432 2506 1488 materiali
2559 1435 2682 1506 igne
2711 1437 2979 1506 pendente
3027 1435 3246 1490 lumine.
3298 1436 3400 1492 Ubi

1817 1540 1948 1582 vero
1983 1527 2490 1594 superessentialem
2527 1529 2793 1584 unitatem
2825 1528 3241 1600 supercollocari
3268 1530 3402 1586 dici-

1817 1632 1956 1684 mus,
2009 1633 2114 1673 non
2143 1618 2196 1672 in
2223 1619 2596 1690 corporalibus
2637 1629 2841 1675 tantum
2872 1621 3190 1686 unitatibus,
3223 1622 3318 1678 sed
3347 1632 3405 1679 et

129 1718 272 1773 tium
297 1731 507 1788 parens,
535 1716 770 1786 sapiens,
799 1724 854 1770 et
873 1729 1244 1786 quaecumque
1269 1731 1333 1770 ex
1356 1715 1576 1784 optimis
1602 1715 1716 1770 suis
1745 1716 1791 1776 B
1818 1709 1924 1774 his,
1952 1725 2094 1779 quae
2119 1720 2244 1764 sunt
2271 1711 2324 1765 in
2348 1711 2632 1767 animabus
2658 1712 2811 1783 ipsis,
2841 1722 2896 1768 et
2921 1713 2976 1769 in
3022 1715 3152 1786 ipsis
3198 1715 3406 1784 intelle-

131 1808 512 1864 donationibus
540 1808 556 1837 ¹
607 1806 848 1862 omnium
897 1805 1161 1860 bonorum
1192 1821 1354 1862 causa
1399 1806 1716 1862 denomina.

131 1907 246 1956 tur.
298 1897 540 1954 Discreta
566 1907 746 1952 autem
785 1897 963 1952 Patris
1001 1899 1457 1968 supercsseutiale
1493 1915 1714 1968 nomen,

133 1996 194 2045 et
244 2004 352 2054 res,
397 1997 453 2042 et
497 1987 618 2043 Filii
649 1997 704 2042 et
751 1985 988 2058 Spiritus
1034 1989 1179 2046 nulla
1208 1990 1262 2044 in
1292 1990 1378 2046 bis
1404 1990 1714 2061 reciproca-

134 2081 306 2147 tione,
331 2089 427 2136 aut
465 2081 686 2136 omnin
715 2081 1101 2137 communitate
1137 2082 1442 2138 introducta
1491 2082 1590 2140 Est
1616 2099 1715 2139 au-

133 2179 246 2226 tem
280 2171 474 2226 iterum
497 2170 671 2226 abhis
691 2171 985 2226 discretum
1009 2171 1121 2242 ipsa
1144 2173 1437 2228 secundum
1465 2189 1564 2230 nos
1598 2173 1718 2231 lesu

132 2260 534 2333 perfectissima
576 2270 631 2317 et
673 2262 1022 2318 immutabilis
1060 2264 1432 2331 subsistentia,
1471 2275 1525 2321 et
1552 2281 1720 2337 quae-

131 2367 370 2422 cumque
413 2351 710 2407 secundum
751 2352 923 2421 ipsam
963 2363 1094 2408 sunt
1137 2353 1489 2410 humanitatis
1537 2370 1720 2412 essen-

135 2443 290 2498 tialia
342 2442 616 2514 mysteria.
665 2441 1117 2513 Oportetautem,
1149 2453 1211 2500 ut
1245 2447 1500 2512 arbitror,
1548 2448 1720 2519 magis

134 2535 464 2606 recipientes
487 2550 586 2590 nos
603 2523 1058 2606 perfectissimum
1080 2537 1296 2592 divinae
1333 2548 1388 2593 et
1420 2539 1643 2596 unitatis
1666 2549 1722 2594 et

133 2627 484 2684 discretionis
511 2621 782 2699 exponere
811 2629 1051 2694 modum,
1085 2637 1376 2699 utcumque
1407 2631 1560 2686 nobis
1583 2629 1722 2687 bene

133 2721 482 2792 conspiciens
506 2722 686 2776 omnis
709 2719 948 2791 ingenita
968 2728 1053 2776 est
1081 2721 1242 2787 ratio,
1267 2721 1478 2776 varium
1500 2722 1720 2792 quidem

132 2824 301 2871 omne
327 2821 382 2868 et
417 2829 522 2870 non
559 2812 905 2869 manifestum
933 2813 1244 2886 relinquens
1267 2855 1282 2882 ,
1313 2817 1452 2872 bene
1489 2816 1722 2874 discrete

135 2921 271 2964 vero
291 2914 344 2962 et
371 2905 656 2962 manifeste
670 2915 726 2962 et
746 2905 884 2962 bene
908 2908 1154 2963 ordinate
1181 2909 1398 2980 propria
1425 2910 1724 2966 secundum

135 3001 398 3056 virtutem
440 3000 811 3057 considerans.
863 2998 1070 3056 Vocant
1113 3003 1281 3067 enim,
1332 3004 1475 3073 quod
1505 3005 1721 3074 quidem

131 3102 202 3150 et
239 3093 293 3148 in
339 3092 462 3148 aliis
496 3092 765 3158 dixeram,
796 3101 1016 3149 nostrae
1053 3093 1384 3165 theologicae
1415 3097 1724 3152 traditionis
1749 3076 1796 3139 ο

133 3185 288 3244 sacri
336 3185 588 3241 doctores
632 3186 872 3241 unitales
900 3185 1116 3255 quidem
1146 3186 1356 3242 divinas
1407 3204 1728 3259 superarca-

135 3289 253 3333 nae
275 3285 328 3330 et
353 3275 823 3346 superincognitae
857 3276 1080 3330 unitatis
1119 3277 1358 3332 occultas
1385 3288 1439 3332 et
1461 3279 1728 3334 inremea-

132 3367 282 3426 biles
323 3366 873 3438 super-collocationes
893 3406 906 3430 ,
952 3366 1307 3422 discretiones
1339 3383 1468 3423 vero
1497 3369 1728 3438 optimas

135 3459 446 3515 divinitatis
505 3468 561 3514 et
620 3457 1033 3528 processiones,
1097 3467 1153 3512 et
1241 3459 1727 3517 manifestationes.

134 3551 217 3609 Et
257 3551 406 3606 aiunt
454 3537 862 3618 sacra‘eloquia
901 3558 1230 3620 sequentes,
1283 3561 1339 3604 et
1393 3551 1568 3606 dictae
1614 3553 1734 3607 uni-

138 3641 282 3702 tatis
342 3641 558 3712 propria
604 3657 618 3694 :
669 3649 724 3696 et
756 3640 976 3704 iterum,
1022 3639 1370 3696 discretionis
1411 3657 1532 3698 esse
1572 3658 1736 3713 quas-

139 3734 278 3789 dam
331 3731 596 3801 speciales
650 3739 707 3787 et
759 3730 995 3786 unitates
1046 3739 1102 3784 et
1153 3730 1548 3799 discretiones,
1609 3742 1665 3788 et
1712 3735 1733 3766 '

140 3829 208 3882 in
281 3825 486 3879 unitate
534 3823 718 3878 divina
781 3822 900 3878 sine
969 3825 1538 3894 superessentialitate.
1603 3826 1741 3882 Uni-

142 3927 272 3972 tum
322 3915 537 3985 quidem
590 3923 674 3969 est
717 3915 811 3969 uni
860 3913 1145 3986 principali
1197 3915 1452 3971 Trinitati
1497 3927 1554 3972 et
1590 3934 1740 3975 com-

144 4021 322 4065 mune
406 4005 875 4076 superessentialis
955 4005 1304 4063 subsistentia
1330 4046 1348 4074 ,
1444 4011 1740 4080 superdeus

144 4101 331 4155 deitas
403 4097 737 4167 superbonus
819 4097 1036 4152 bonitas
1103 4097 1383 4164 omnium,
1458 4101 1742 4158 summitas

146 4193 530 4251 summitatum
556 4189 798 4245 omnium
849 4190 895 4256 ³,
925 4192 1089 4246 totius
1116 4192 1465 4262 proprietatis
1491 4193 1742 4249 immuta-

144 4287 364 4350 bilitas,
392 4299 556 4354 super
583 4282 945 4354 principatum
975 4283 1479 4352 unitas,ineii'abile,
1498 4286 1745 4343 multivo-

146 4393 308 4440 cum,
341 4375 664 4446 ignorantia,
695 4389 855 4430 omne
883 4375 1170 4440 invisibile,
1217 4378 1462 4433 omnium
1501 4380 1699 4449 positio
1723 4422 1739 4447 ,

146 4469 402 4526 omnium
459 4466 691 4532 ablatio,
736 4481 900 4537 super
943 4481 1157 4523 omnem
1208 4479 1264 4525 et
1312 4471 1635 4540 positionem
1689 4483 1746 4529 et

149 4561 486 4618 ablationem
517 4558 659 4613 inter
688 4572 749 4613 se
777 4558 1008 4613 invicem
1033 4600 1047 4623 ,
1092 4559 1138 4615 si
1163 4560 1241 4616 sic
1269 4570 1482 4632 oportet
1530 4563 1710 4619 dicere
1728 4603 1744 4630 ,

148 4649 546 4726 principalium
605 4649 1033 4706 substantiarnm
1079 4652 1288 4708 mansio
1340 4663 1398 4709 et
1440 4655 1745 4722 collocatio,

155 4748 544 4808 universaliter
560 4748 893 4817 superuaita,
917 4756 972 4801 et
992 4747 1136 4801 nulla
1161 4757 1312 4818 parte
1339 4749 1579 4813 confusa,
1609 4752 1752 4806 sicut

152 4842 374 4900 lumina
419 4840 748 4910 lampadum,
787 4849 846 4894 ut
883 4839 1228 4894 sensibilibus
1271 4848 1326 4894 et
1367 4841 1600 4910 propriis
1627 4851 1751 4897 utar

157 4935 454 5007 exemplis,
480 4935 606 4990 dum
633 4943 760 4990 sunt
787 4935 839 4988 in
870 4933 1028 4989 domo
1060 4949 1186 4999 una,
1218 4943 1273 4988 et
1315 4943 1424 4989 tota
1453 4937 1506 4989 in
1529 4951 1586 4991 se
1618 4936 1760 4992 invi-

160 5045 291 5085 cem
322 5026 446 5081 totis
478 5032 622 5088 sunt,
653 5033 707 5079 et
749 5025 1060 5093 diligentem
1092 5039 1122 5078 a
1169 5039 1228 5079 se
1275 5025 1502 5082 invicem
1542 5028 1760 5099 proprie

161 5119 514 5175 substantem
545 5115 747 5170 habent
783 5113 1186 5178 discretionem,
1227 5115 1374 5169 unita
1410 5117 1756 5184 discretione,

161 5219 232 5266 et
260 5210 468 5263 unitate
489 5208 744 5264 discreta.
777 5207 986 5263 Etenim
1021 5205 1265 5262 videmus
1291 5208 1347 5262 in
1385 5209 1544 5264 domo
1572 5211 1756 5267 multis

163 5301 346 5358 unitis
400 5301 736 5371 lampadibus
778 5301 844 5355 ad
893 5315 1058 5355 unum
1107 5299 1320 5358 aliquod
1372 5301 1554 5358 lumen
1608 5306 1759 5360 unita

1820 1805 2017 1872 ctibus,
2044 1820 2184 1875 quae
2214 1805 2414 1862 habent
2442 1806 2838 1862 incommixtim
2877 1815 2933 1862 et
2968 1808 3405 1876 snpermundane

1818 1913 1917 1968 per
1961 1905 2073 1952 tota
2122 1895 2406 1952 deiformia
2451 1909 2505 1953 et
2530 1898 2950 1969 supercaelestia
2995 1899 3197 1954 lumina
3248 1899 3404 1970 juxta

1818 1989 2289 2060 participationem
2314 1989 2789 2046 corrationabilem
2816 1991 3263 2062 participantibus
3289 2008 3406 2047 om-

1821 2083 1982 2138 nibus
2009 2095 2386 2154 superremota
2419 2084 2652 2140 unitate.
2703 2085 2799 2140 Est
2850 2094 3032 2140 autem
3057 2094 3112 2140 ct
3151 2086 3407 2142 discretio

1821 2176 1877 2232 in
1905 2176 2446 2246 supercssentialibus
2478 2177 2790 2250 theologiis,
2832 2193 2939 2233 non
2973 2194 3133 2248 quam
3159 2180 3407 2236 dicebam

1821 2268 2187 2333 solummodo,
2241 2269 2368 2339 quia
2405 2278 2461 2324 et
2518 2271 2658 2324 hanc
2704 2271 2969 2326 unitatem
3018 2271 3407 2327 incommixtim

1821 2363 2073 2428 collocat,
2101 2373 2156 2416 et
2182 2362 2462 2419 iuconfuse
2493 2377 2848 2434 unaquaeque
2873 2363 3250 2434 principalium
3278 2365 3409 2418 sub-

1821 2456 2186 2509 stantiarnm:
2229 2455 2324 2510 sed
2372 2455 2497 2525 quia
2524 2464 2578 2510 et
2617 2469 2756 2525 quae
2787 2463 2914 2510 sunt
2940 2455 3412 2524 superessentialis

1825 2548 2163 2619 theogoniae,
2197 2564 2300 2602 non
2331 2549 2742 2617 reciprocantur
2779 2549 2846 2602 ad
2873 2563 2932 2602 se
2963 2548 3218 2604 invicem.
3253 2547 3413 2603 Solus

1822 2651 2002 2697 autem
2042 2639 2160 2696 fons
2186 2641 2654 2709 superessentialis
2682 2640 2903 2696 deitatis
2925 2639 3116 2706 Pater,
3150 2641 3276 2695 dum
3304 2656 3410 2696 non

1822 2731 1894 2787 sit
1941 2731 2108 2785 Filius
2151 2740 2321 2799 pater,
2354 2745 2530 2800 neque
2571 2729 2736 2784 Pater
2782 2729 2940 2794 tilius,
2987 2730 3415 2786 custodientihus

1822 2825 2042 2894 propria
2068 2823 2313 2878 laudibus
2341 2833 2490 2878 recte
2512 2823 2800 2894 unicuique
2829 2823 3134 2879 divinarum
3161 2823 3415 2880 substan-

1824 2916 2039 2971 tiarum.
2067 2915 2212 2970 llaec
2235 2915 2451 2986 quidem
2480 2916 2774 2970 secundum
2799 2913 3125 2970 ineffabilem
3151 2915 3414 2970 unitatem

1825 3017 1880 3064 et
1895 3009 2301 3064 subsistentiam
2325 3009 2504 3062 unitas
2519 3017 2575 3063 et
2596 3007 2872 3063 discretio.
2898 3007 2956 3062 Si
2971 3017 3217 3062 autemet
3231 3008 3415 3064 divina

1827 3101 2086 3156 discretio
2124 3110 2209 3154 est
2249 3101 2452 3170 Optima
2491 3100 2766 3171 processio
2809 3099 3035 3154 unitatis
3065 3099 3278 3155 divinae
3328 3114 3419 3155 su-

1828 3193 2079 3264 perunite
2125 3193 2474 3260 semetipsam
2524 3190 2768 3244 bonitate
2833 3199 2888 3245 et
2953 3188 3315 3260 pluriﬁcantis
3363 3200 3421 3245 et

1830 3281 2262 3351 multiplicanlis,
2312 3281 2498 3335 unitae
2549 3280 2770 3350 quidem
2813 3289 2940 3335 sunt
2987 3282 3282 3336 secundum
3335 3281 3420 3336 di-

1829 3374 2012 3428 vinam
2076 3372 2460 3428 discretionem
2517 3370 2990 3426 immensurabiles
3053 3371 3371 3426 traditiones
3402 3411 3418 3436 ,

1831 3463 2254 3522 essentialitates
2317 3461 2506 3518 vitales
2533 3502 2548 3528 ,
2611 3460 3143 3532 sapientiiicationes,
3178 3461 3424 3530 aliaeque

1835 3554 2176 3618 donationes,
2207 3553 2449 3608 omnium
2477 3566 2675 3607 causae
2697 3551 2975 3615 bonitatis,
3010 3548 3161 3618 juxta
3193 3566 3329 3620 quas
3355 3565 3422 3605 ex

1835 3645 2134 3715 participiis
2185 3653 2241 3698 et
2276 3643 2725 3713 particip‘antibus
2780 3643 3070 3698 laudantur
3122 3641 3424 3712 impartici-

1837 3748 1963 3809 pate
2037 3737 2375 3808 participata.
2450 3735 2519 3789 Et
2585 3735 2688 3789 hoc
2745 3735 2911 3790 etiam
2986 3749 3315 3799 commune,
3369 3742 3426 3789 et

1839 3831 2084 3894 unitum,
2134 3836 2190 3882 et
2238 3842 2402 3882 unum
2456 3837 2540 3880 est
2586 3826 2685 3880 toti
2740 3825 2970 3891 deitati,
2999 3839 3215 3880 omnem
3249 3825 3422 3894 ipsam

1840 3930 2010 3979 totam
2038 3920 2106 3976 ab
2136 3933 2462 3994 unoquoque
2495 3917 2936 3988 participantium
2983 3918 3330 3987 participari,
3369 3927 3428 3973 et

1841 4032 1873 4072 a
1909 4013 2057 4071 nullo
2083 4014 2278 4069 iterum
2304 4011 2448 4066 nulla
2473 4020 2628 4082 parte
2657 4029 2670 4064 :
2697 4011 2837 4066 sicut
2863 4018 2980 4065 rota
3023 4011 3077 4065 in
3119 4010 3299 4068 medio
3321 4010 3428 4066 cir-

1840 4109 1949 4166 culi
2003 4109 2070 4163 ab
2134 4106 2384 4162 omnibus
2440 4105 2495 4162 in
2545 4104 2750 4161 circulo
2803 4104 3200 4174 circumpositis
3263 4105 3429 4161 rectis

1844 4202 2044 4268 lineis,
2075 4208 2132 4256 et
2177 4202 2319 4256 sicut
2365 4199 2519 4272 signo
2549 4197 2832 4255 eilurmata
2883 4197 3052 4253 multa
3097 4197 3427 4268 participant

1842 4293 2160 4366 principalis
2185 4291 2418 4364 exempli
2451 4292 2626 4363 signo,
2650 4298 2707 4346 et
2734 4290 2788 4345 in
2818 4301 3142 4360 unoquoque
3177 4287 3430 4344 eﬂ‘orma—

1847 4398 2024 4462 torum
2051 4395 2163 4442 toto
2188 4395 2247 4441 et
2271 4387 2461 4440 eodem
2483 4383 2770 4447 existente,
2793 4389 2849 4435 et
2875 4382 2930 4435 in
2960 4379 3107 4435 nullo
3133 4382 3428 4436 secundum

1852 4477 2053 4537 nullam
2081 4485 2311 4548 partem.
2362 4474 2756 4544 Superponitur
2785 4480 2964 4526 autem
2992 4470 3155 4525 etiam
3186 4471 3272 4527 his
3301 4487 3432 4527 cau-

1856 4571 2153 4629 salissimae
2172 4567 2386 4624 deitatis
2409 4565 2851 4635 imparticipatio,
2866 4578 2972 4634 quo
2991 4579 3165 4633 neque
3191 4573 3432 4622 attactus

1856 4664 1974 4735 ejus
2003 4663 2102 4728 sit,
2150 4675 2325 4730 neque
2353 4660 2458 4712 alia
2487 4657 2751 4728 quaedam
2783 4657 2850 4710 ad
2876 4657 3252 4726 participantia
3279 4673 3432 4712 com-

1859 4756 2029 4810 mixta
2071 4752 2320 4808 societas.
2372 4749 2441 4804 Et
2487 4747 2705 4818 quidem
2753 4747 2952 4802 dixerit
2989 4748 3140 4817 quis,
3197 4763 3303 4802 non
3353 4755 3441 4803 est

1861 4848 2074 4918 signum
2104 4844 2156 4898 iu
2189 4843 2317 4897 totis
2358 4838 2655 4895 eﬂ‘ormatis
2693 4847 2863 4893 totum
2917 4849 2969 4894 et
3015 4839 3210 4910 ipsum.
3239 4839 3318 4894 Ac
3344 4854 3442 4906 per

1860 4939 1962 4994 hoc
1993 4952 2098 4991 non
2125 4936 2335 5006 signum
2364 4947 2526 4986 causa
2556 4949 2570 4985 :
2602 4946 2815 4986 omnem
2845 4931 2990 4986 enim
3035 4931 3266 5001 seipsam
3309 4930 3396 4984 illa
3421 4970 3436 4995 ,

1860 5029 2167 5089 eteadem,
2215 5033 2271 5079 et
2309 5023 2600 5092 unicuique
2647 5021 2852 5078 indit'.
2903 5023 3021 5091 Ipsa
3059 5037 3274 5090 quoque
3316 5035 3411 5090 par

1861 5118 2196 5189 ticipantium
2227 5114 2526 5170 diil'ereutia
2555 5115 2932 5169 dissimilitudo
2956 5113 3083 5168 facit
3107 5113 3439 5177 decolorata,

1864 5225 1992 5275 uno,
2016 5216 2070 5263 et
2119 5216 2263 5271 toto,
2297 5213 2348 5261 et
2398 5205 2587 5260 eodem
2637 5203 2922 5274 principali
2964 5204 3228 5273 exemplo.
3267 5202 3354 5267 Ut,
3397 5204 3443 5257 si

1867 5300 2081 5369 quidem
2111 5297 2288 5352 mollia
2311 5308 2365 5352 et
2388 5296 2720 5363 formabilia,
2752 5296 3032 5351 autetiam
3059 5296 3219 5365 plana
3242 5304 3295 5351 et
3315 5311 3442 5351 con-

1485 5453 1744 5511 VARIAE
1779 5454 2180 5512 LECTIONES.

259 5592 277 5624 ¹
306 5592 349 5646 Α
379 5591 889 5647 denominationibus
913 5608 931 5656 ;
961 5591 1003 5646 Β
1027 5591 1493 5649 dominationibus.

169 5665 368 5720 domu.
445 5663 467 5695 ⁸
505 5662 549 5717 ll
587 5663 797 5717 indidit.

493 5771 498 5776 ‘
590 5754 860 5815 Ριτιιοι..
917 5751 1176 5816 CXXII.

1571 5595 1594 5626 '
1625 5592 1713 5648 AB
1739 5603 1817 5648 ut.

1919 5593 1942 5628 ⁸
1979 5591 2271 5650 Summitas
2311 5590 2671 5647 summitatum
2716 5603 2950 5644 omnium
2995 5603 3104 5645 om.
3137 5587 3248 5644 BH.
3347 5589 3369 5620 ⁸
3402 5587 3446 5646 Ε

2975 5752 3053 5812 36
