4008 6286
1904 214 2022 231 .~.,

581 309 721 369 H25

1905 290 2186 349 IMNMS
2224 283 2419 344 SGOTI

3721 275 3862 332 Im

580 424 808 496 ﬁgurata
859 420 900 486 ¹,
950 426 1005 474 et
1053 427 1230 487 neque
1281 420 1471 470 contra
1525 408 1832 480 exempla‘ta
1879 417 1934 462 et
1986 407 2118 460 dura
2147 444 2161 468 ,
2194 415 2242 473 ιτ
2268 398 2632 461 invisibiliter,
2659 394 2844 450 divino
2889 392 3173 465 principali
3209 393 3405 463 spiritu
3437 404 3611 460 super
3639 404 3864 444 omnem

580 529 756 587 neque
776 510 964 568 diﬂ‘usa
988 519 1042 565 et
1060 506 1353 571 instabilis,
1371 520 1560 576 puram
1583 504 1858 559 habebunt
1881 508 1937 555 et
1957 499 2160 553 claram

579 617 639 667 et
661 611 1077 674 consequentem
1101 599 1351 655 formam.
1379 596 1438 652 Si
1459 609 1588 650 vero
1613 595 1750 664 quid
1766 591 1942 646 dictae
1963 603 2154 658 oppor-

581 697 828 756 tunitatis
856 692 1139 756 defecerit,
1168 691 1273 744 hoc
1311 703 1475 742 causa
1507 685 1614 741 erit
1658 678 2164 752 imparticipationis

580 795 637 848 et
685 785 1056 850 obscuritatis,
1105 791 1161 838 et
1212 781 1439 837 aliorum
1491 786 1866 848 quaecumque
1913 771 2164 839 inoppor-

580 882 800 940 tunitati
867 874 1298 950 participationis
1355 870 1510 928 ﬁunt.
1575 864 1912 921 Discernitur
1983 868 2166 914 autem

581 975 721 1032 bene
751 976 946 1029 decora
979 970 1032 1024 in
1059 982 1158 1023 nos
1197 965 1377 1020 divina
1407 960 1720 1032 operatione
1744 954 2039 1010 secundum
2066 965 2165 1006 nos

581 1082 653 1124 ex
681 1065 836 1120 nobis
872 1059 1255 1116 universaliter
1302 1063 1357 1110 et
1398 1065 1524 1108 vere
1552 1045 1973 1106 substantiﬁcari
2004 1058 2166 1114 supc-

583 1155 903 1214 ressentiale
933 1153 1193 1216 Verbum,
1223 1158 1278 1204 et
1323 1146 1533 1218 operari
1567 1152 1622 1198 et
1650 1141 1782 1213 pati,
1814 1151 2168 1209 quaecunque

583 1243 993 1304 humanationis
1023 1239 1178 1309 ejus,
1216 1238 1397 1294 divina
1432 1234 1644 1289 actione
1680 1240 1807 1286 sunt
1849 1231 2081 1283 discreta
2115 1236 2170 1281 et

585 1350 797 1394 summe
841 1333 1102 1388 miranda.
1145 1329 1238 1384 His
1262 1328 1407 1384 enim
1449 1325 1609 1380 Pater
1633 1333 1686 1378 et
1715 1321 1950 1393 Spiritus
1976 1334 2168 1374 secun-

584 1429 714 1484 dum
755 1425 890 1482 nihil
919 1422 1321 1482 communicare
1363 1417 1550 1485 verbo,
1583 1416 1690 1472 nisi
1721 1416 1792 1470 ibi
1823 1414 1944 1485 quis
1973 1413 2169 1468 dixerit

585 1518 882 1576 secundum
908 1515 1170 1585 optimam
1199 1522 1254 1568 et
1293 1513 1585 1568 humanam
1620 1508 1973 1572 voluntatem,
2003 1516 2058 1560 et
2086 1519 2170 1560 se-

585 1611 819 1668 cundum
845 1622 1060 1664 omnem
1071 1604 1562 1676 supereminentem
1583 1609 1637 1656 et
1659 1614 1914 1655 arcanam
1931 1598 2172 1653 divinam

585 1701 977 1772 operationem,
1013 1698 1072 1751 in
1124 1699 1146 1729 ³
1185 1709 1292 1766 qua
1325 1701 1579 1764 operatus
1607 1700 1691 1746 est
1731 1689 2024 1746 secundum
2071 1702 2170 1742 nos

2265 493 2596 548 intellectum
2643 487 3054 542 immaterialem
3103 496 3159 540 et
3210 485 3614 540 deiﬁcatiouem
3668 497 3861 553 super-

2265 583 2570 645 collocato,
2626 589 2681 632 et
2731 577 2890 632 Patre
2939 586 2996 630 et
3037 576 3172 631 Filio
3216 577 3362 631 omni
3419 575 3769 644 patemitate
3815 585 3867 629 et

2265 675 2526 730 ﬁliolitate
2541 671 2721 725 divina
2737 668 3201 738 supereminenter
3214 667 3484 720 exaltatis.
3501 664 3701 735 Neque
3723 666 3868 719 enim

2266 778 2351 821 est
2388 766 2614 834 diligens
2646 760 2945 816 similitudo
2975 759 3271 813 causativis
3297 768 3352 812 et
3380 757 3728 818 causalibus,
3778 756 3868 810 sed

2265 855 2470 911 habent
2513 854 2726 924 quidem
2765 851 3042 906 causativa
3085 849 3382 903 causalium
3436 856 3698 916 receptas
3739 847 3869 901 ina—

2268 948 2442 1019 gines;
2469 961 2530 1000 ea
2554 959 2683 1000 vero
2707 943 2947 999 causalia
2972 942 3264 996 causativis
3299 949 3662 995 removentur
3694 947 3754 992 et
3785 952 3869 991 aa-

2268 1042 2700 1114 percollocantur
2715 1039 2871 1108 juxta
2893 1039 3096 1108 proprii
3121 1037 3367 1107 principii
3394 1037 3694 1092 rationem.
3726 1034 3794 1088 Et
3819 1043 3871 1085 It

2270 1132 2564 1188 secundum
2614 1145 2712 1184 nos
2757 1139 2880 1183 utar
2919 1127 3204 1196 exemplis,
3239 1127 3470 1181 deliciae
3516 1136 3580 1180 et
3614 1125 3871 1178 tristitiae

2272 1227 2523 1282 dicuntur
2547 1222 2826 1279 effectivae
2854 1221 3159 1276 delectandi
3185 1231 3240 1273 et
3263 1219 3642 1274 contristandi
3674 1234 3689 1270 :
3731 1218 3870 1286 ipsae
3889 1207 3925 1279 ξ

2270 1331 2402 1372 vero
2439 1330 2614 1385 neque
2655 1313 2994 1369 delectantur
3019 1351 3034 1377 ,
3096 1324 3272 1381 neque
3318 1312 3737 1366 contristantur
3761 1348 3776 1371 ,
3823 1316 3872 1360 et

2273 1408 2416 1479 ignis
2444 1407 2650 1464 calidus
2674 1415 2729 1459 et
2760 1405 2960 1459 ardens
2989 1417 3095 1457 non
3134 1401 3337 1457 dicitur
3381 1402 3468 1454 uri
3492 1410 3557 1454 et
3606 1398 3868 1453 caleﬁeri.

2274 1500 2343 1554 Et
2374 1500 2556 1554 vivere
2601 1497 2648 1552 si
2688 1495 2812 1567 quis
2838 1495 2984 1549 dicat
3012 1507 3113 1563 per
3155 1507 3214 1549 se
3250 1493 3422 1562 ipsam
3451 1492 3651 1554 vitam,
3681 1496 3740 1544 et
3765 1489 3870 1541 illu-

2275 1591 2473 1646 minari
2503 1603 2600 1660 per
2634 1601 2693 1642 se
2731 1588 2907 1658 ipsum
2942 1585 3120 1640 lumen
3139 1625 3154 1651 ,
3183 1599 3291 1639 non
3329 1593 3481 1638 recte
3507 1583 3650 1636 dicit
3681 1589 3871 1636 secus-

2277 1687 2402 1740 dum
2427 1693 2674 1739 nostram
2704 1675 2994 1744 rationem,
3024 1679 3128 1734 nisi
3170 1677 3258 1732 ubi
3283 1677 3440 1748 juxta
3471 1674 3718 1729 alterum
3751 1675 3871 1727 haec

586 1764 766 1846 factus
811 1764 1270 1843 incommutabilis
1324 1783 1500 1847 Deus,
1548 1790 1603 1835 et
1786 1779 2041 1835 Verbum.
2081 1767 2404 1832 Sichicit
2461 1774 2678 1829 modum
2706 1811 2720 1837 ,
2773 1772 2900 1840 quia
2954 1769 3167 1824 abunde
3215 1777 3270 1822 et
3320 1764 3708 1822 essentiaiiter
3756 1772 3870 1816 ante

587 1895 646 1938 et
678 1899 776 1938 nos
815 1882 996 1936 divina
1043 1889 1099 1934 et
1144 1877 1443 1946 intelligere
1489 1876 1728 1942 ratione,
1769 1883 1824 1928 et
1869 1874 2180 1928 discernere

589 1975 910 2032 festinemus
950 1973 992 2040 ³,
1049 1971 1319 2042 quomodo
1366 1985 1430 2025 ea
1492 1969 1672 2024 divina
1723 1976 1779 2021 et
1823 1967 2082 2021 uniuntur
2125 1973 2184 2019 et'

599 2073 1000 2128 discernuntur.
1059 2066 1166 2122 Sed
1216 2067 1405 2120 harum
1445 2064 1662 2134 quidem
1701 2070 1758 2118 et
1801 2060 2070 2115 unitatem
2125 2066 2184 2112 et‘

600 2165 986 2222 discretionum
1017 2174 1368 2230 quascunque
1411 2158 1462 2210 in
1503 2155 1731 2227 eloquiis
1757 2154 1970 2208 divinas
1992 2165 2182 2207 causas

592 2255 926 2318 invenimus,
953 2253 1006 2306 in
1037 2250 1358 2322 tlieologicis
1385 2247 1824 2311 characterihus,
1859 2245 2076 2315 propria
2117 2244 2186 2298 de

591 2359 920 2416 unoquoque
950 2343 1332 2413 percipientes,
1355 2347 1614 2408 (plantam
1639 2337 1912 2408 possibile,
1937 2335 2184 2404 exposui-

592 2450 716 2490 mus
746 2453 762 2487 :
791 2449 856 2488 ea
897 2431 1117 2501 quidem
1161 2430 1462 2500 relegentes
1503 2443 1632 2483 vera
1681 2427 1892 2480 ratione
1932 2435 1986 2479 et
2027 2424 2189 2493 repli—

593 2530 810 2583 cantes,
844 2529 901 2575 et
927 2533 1143 2575 sacrum
1187 2527 1244 2573 et
1274 2517 1571 2572 revelatum
1624 2515 1952 2570 intellectum
1981 2515 2032 2567 in
2067 2529 2184 2569 ma-

593 2613 790 2670 nifesta
821 2611 1158 2681 eloquiorum
1183 2609 1488 2678 spectacula
1517 2608 1848 2662 adducentes
1878 2625 1891 2660 :
1949 2605 2034 2659 liis
2058 2620 2187 2659 vero

599 2711 661 2758 ut
681 2705 736 2785 ’,⁵
783 2687 1026 2773 mysticis
1074 2706 1128 2753 et
1191 2699 1483 2753 secumlum
1556 2698 1792 2751 divinam
1841 2695 2186 2749 traditionem

594 2809 758 2866 super
812 2791 1224 2848 intellectualem
1283 2791 1654 2864 operationem
1718 2789 1937 2843 rctrusi.
1993 2787 2187 2842 Omnia

594 2888 740 2944 enim
768 2885 976 2948 divina,
1021 2893 1077 2937 et
1120 2896 1476 2952 quaecunque
1523 2881 1678 2935 nobis
1729 2879 2184 2943 manifestantur,

592 2977 894 3049 participiis
943 2975 1074 3031 solis
1121 2983 1549 3043 cognoscuntur.
1602 2972 1747 3026 Haec
1783 2980 1962 3025 autem
2001 2970 2186 3040 qualia

595 3069 816 3140 quando
873 3078 1000 3124 sunt
1057 3067 1355 3122 secundum
1408 3066 1682 3136 preprium
1736 3065 2059 3135 principium
2130 3073 2186 3118 et

2271 1867 2464 1922 insunt
2507 1865 2642 1919 haec
2672 1863 3076 1917 causativorum
3127 1859 3458 1915 causalibus.
3506 1857 3626 1913 Sed
3680 1865 3740 1911 et
3781 1857 3868 1910 bet

2272 1957 2440 2011 totius
2487 1953 2790 2023 tlieologiae
2864 1951 3366 2006 manifestissimum
3418 1949 3736 2003 secundum
3785 1959 3872 2000 nos

2271 2048 2396 2104 Jesu
2420 2047 2596 2101 divina
2629 2044 2886 2100 formatio
2908 2052 2964 2098 et
2991 2056 3190 2097 arcana
3239 2050 3323 2095 est
3362 2040 3570 2094 rationi
3611 2039 3793 2100 omni,
3820 2043 3868 2091 et

2273 2138 2545 2207 incognita
2580 2134 2888 2189 intellectui
2925 2132 3110 2195 omni,
3135 2141 3192 2185 et
3221 2130 3320 2200 ipsi
3360 2129 3680 2198 praestanti
3714 2130 3872 2181 bono-

2274 2229 2720 2286 rahilissimorum
2753 2223 3086 2295 angelorum.
3127 2221 3196 2276 Et
3235 2220 3455 2290 quidem
3484 2219 3734 2274 viriliter
3751 2233 3866 2273 curn

2274 2323 2768 2379 substantiticatum
2797 2317 2984 2381 fuisse,
3017 2315 3244 2384 mystice
3268 2313 3629 2384 accepimus:
3668 2313 3870 2382 ignora-

2274 2431 2400 2473 mus
2443 2428 2574 2469 vero
2599 2453 2614 2480 ,
2669 2409 2938 2482 quomodo
2995 2421 3066 2462 er
3110 2405 3468 2476 virginalibus
3517 2404 3868 2473 sanguinibns

2274 2507 2448 2563 altera
2477 2505 2616 2559 ultra
2642 2509 2893 2558 naturam
2926 2499 3043 2570 lege
3066 2499 3338 2552 formatus
3359 2506 3441 2550 est
3463 2537 3478 2559 ,
3515 2503 3572 2551 et
3602 2494 3872 2564 quomoda

2275 2600 2438 2655 siccis
2491 2596 2751 2667 pedibus,
2803 2592 3142 2663 corporalem
3193 2590 3390 2644 molem
3440 2588 3781 2643 habentibus
3824 2595 3870 2639 el

2276 2691 2538 2747 materiae
2588 2689 2908 2759 gravi-tatem
2936 2725 2950 2750 ,
2992 2682 3462 2755 supcrambularit
3511 2681 3797 2735 humidam
3822 2686 3869 2733 εί

2276 2785 2584 2842 instabilem
2616 2783 2908 2838 essentiam
2939 2795 2982 2845 ·,
3025 2787 3104 2834 θιι
3129 2777 3256 2840 alia,
3287 2787 3658 2846 quaecunque
3691 2787 3872 2842 snper-

2276 2875 2542 2931 naturalis
2563 2882 2694 2928 sunt
2714 2871 2842 2927 Jesu
2869 2869 3254 2942 physiologiam
3278 2865 3424 2921 Haec
3450 2873 3643 2920 autem
3671 2879 3703 2917 α
3730 2864 3872 2918 nobis

2276 2968 2331 3022 in
2365 2966 2486 3022 aliis
2511 2963 2838 3020 sufﬁcienter
2863 2963 3008 3017 dicta
3052 2968 3212 3023 sunt,
3245 2966 3302 3012 et
3329 2958 3578 3028 glorioso
3621 2957 3766 3010 duce
3793 2969 3872 3009 se-

2278 3056 2516 3110 cundum
2531 3054 2831 3122 theologica
2865 3066 2963 3107 sua
2992 3051 3556 3106 oliseuraeommeata
3590 3046 3874 3099 laudantur

594 3161 1003 3217 fundamentum
1027 3198 1044 3223 ,
1099 3173 1262 3228 super
1309 3156 1639 3211 intellectum
1674 3165 1835 3216 sunt,
1877 3164 1932 3208 et
1962 3169 2178 3208 onmem
2209 3143 2254 3204 C
2287 3150 2440 3204 valde
2455 3143 3127 3218 supernaturaliter..Quae
3153 3143 3372 3213 quidem
3397 3141 3492 3196 ille
3509 3143 3632 3196 sive
3662 3157 3695 3194 a
3718 3143 3878 3195 sacris

595 3251 890 3308 essentiam
913 3258 969 3305 et
995 3249 1314 3305 scientiam:
1340 3257 1400 3302 ut
1421 3246 1873 3317 superesseutiale
1884 3245 2180 3312 occultum,

597 3341 768 3396 Deum
788 3381 804 3405 ,
858 3349 954 3395 aut
989 3341 1196 3405 vitam,
1223 3349 1316 3393 aut
1352 3339 1642 3394 essentiam
1669 3379 1684 3402 ,
1715 3348 1810 3392 aut
1841 3338 2057 3403 lumen,
2091 3347 2186 3392 aut

600 3431 867 3486 rationem
915 3431 1230 3495 nominare,
1263 3431 1479 3500 quidem
1514 3430 1646 3484 nihil
1674 3430 1903 3484 alterum
1933 3431 2183 3501 intelligi-

601 3537 744 3585 mus,
765 3535 928 3590 quam
951 3521 1004 3574 in
1029 3535 1128 3575 nos
1147 3535 1216 3576 ex
1235 3521 1354 3589 ipso
1374 3521 1663 3590 productas
1689 3522 1916 3575 virtutes
1938 3521 2182 3586 deificas,

600 3621 695 3667 aut
712 3611 1138 3679 substantificas,
1162 3621 1262 3668 aut
1278 3614 1421 3666 vitae
1446 3613 1752 3683 genitrices,
1775 3623 1866 3666 aut
1889 3614 2186 3684 sapientiae

600 3702 939 3758 donatrices:
960 3702 1134 3773 ipsum
1152 3719 1276 3758 vero
1295 3701 1448 3770 juxta
1472 3705 1714 3757 omnium
1738 3703 2185 3759 intellectualium

599 3792 976 3862 operationum
1019 3808 1116 3862 per
1151 3791 1390 3847 fructum
1435 3793 1826 3858 desideramus,
1861 3793 2062 3847 nullam
2110 3794 2188 3847 vi-

598 3882 788 3938 dentes
833 3884 1272 3949 deilicatiouem,
1320 3895 1416 3938 aut
1461 3886 1663 3950 vitam,
1717 3894 1810 3938 aut
1852 3887 2186 3952 essentiam,

600 3988 738 4043 quae
790 3972 1077 4044 diligenter
1123 3974 1318 4030 similis
1369 3983 1454 4029 est
1478 3975 1719 4029 omnium
1772 3977 2188 4046 remolaejuxta

601 4082 817 4123 omnem
839 4067 1348 4135 supereininentiam
1360 4081 1573 4122 causae.
1598 4067 1796 4122 lter-um
1818 4069 1946 4138 quia
1974 4069 2190 4136 quidem

602 4165 688 4220 est
737 4154 958 4212 fontalis
1011 4156 1190 4212 deitas
1229 4155 1408 4220 Pater,
1449 4155 1619 4210 Filius
1650 4165 1832 4212 autem
1860 4166 1918 4211 et
1957 4158 2193 4228 Spiritus

602 4246 700 4301 Dei
729 4247 1006 4319 genitricis
1033 4248 1273 4314 deitatis,
1303 4249 1350 4303 si
1375 4249 1453 4304 sic
1473 4256 1688 4318 oportet
1728 4248 1936 4314 dicere,
1965 4247 2190 4305 frutices

605 4341 716 4396 Deo
748 4341 1064 4412 germinati,
1115 4349 1170 4398 et
1217 4340 1377 4396 veluti
1430 4340 1590 4397 ﬂores
1628 4351 1686 4396 et
1713 4344 2190 4412 superessentialia

605 4427 832 4496 lumina,
859 4445 923 4485 ex
949 4431 1282 4486 mirabilibus
1306 4432 1533 4500 eloquiis
1563 4433 1897 4502 accepimus:
1921 4436 2189 4504 quomodo

2289 3241 2557 3310 theologis
2604 3241 2853 3308 accepit,
2887 3237 3006 3292 sive
3038 3251 3106 3290 ex
3137 3233 3490 3303 disciplinam
3539 3232 3880 3302 eloquio"!

2287 3335 2596 3388 inventione
2642 3330 3058 3396 consideravit,
3110 3341 3178 3383 ex
3225 3325 3400 3381 milia:
3445 3327 3600 3381 circa
3648 3327 3784 3379 haec
3829 3331 3886 3378 ei

2287 3424 2674 3482 exercitatione
2697 3431 2754 3478 et
2777 3421 3002 3491 peritia,
3035 3420 3152 3475 sive
3195 3417 3362 3472 etiam
3395 3431 3468 3473 es
3493 3417 3741 3486 quadam
3770 3429 3882 3470 eru-

2286 3515 2433 3571 ditus
2473 3515 2544 3568 sit
2573 3511 2842 3566 diviniore
2871 3508 3251 3579 inapiratione,
3439 3505 3624 3560 solum
3649 3507 3878 3568 (ἥκοιεν

2287 3606 2381 3660 sed
2403 3613 2457 3659 et
2476 3602 2701 3658 aﬂectus
2723 3602 2924 3666 divina,
2947 3608 3002 3655 et
3026 3614 3100 3654 ex
3118 3599 3232 3668 ipsa
3253 3597 3326 3651 ad.
3342 3586 3484 3652 haec
3508 3595 3884 3660 coaﬂ’eeliule,

2289 3699 2332 3752 si
2379 3697 2456 3751 sic
2484 3703 2702 3765 oportet
2725 3694 2926 3758 (licere,
2955 3690 3022 3745 ad
3055 3689 3402 3746 iudooibilem
3429 3701 3638 3744 eorum
3669 3697 3730 3745 et
3755 3701 3883 3758 mys-

2291 3790 2451 3842 ticam
2501 3787 2775 3857 perfectus
2802 3784 3071 3838 unitatem
3110 3790 3172 3836 et;-
3209 3780 3396 3835 lldeni.
3421 3779 3492 3834 Et
3523 3789 3592 3834 ut
3638 3780 3811 3834 multa
3837 3787 3888 3833 es

2288 3881 2446 3949 beata
2511 3877 2822 3948 spectacula
2873 3874 3108 3946 potentis
3172 3871 3312 3926 illius
3381 3870 3790 3941 intelligentiae
3835 3871 3882 3923 in

2290 3968 2531 4028 minimis
2557 3971 2816 4025 addamus
2841 4011 2852 4031 ,
2899 3969 3036 4021 haec
3061 3967 3127 4021 de
3157 3963 3292 4020 Iesu
3326 3964 3416 4019 ait
3446 3965 3504 4018 in
3547 3965 3800 4020 collectis
3823 3964 3886 4018 ab

2291 4077 2356 4117 eo
2385 4059 2698 4130 tlieolugieis
2713 4057 2976 4113 obscuris
2998 4055 3340 4111 commentis.

2400 4195 2732 4250 Sanctissimi
2757 4193 2982 4248 lerat/lci
3010 4209 3073 4246 ex
3104 4191 3405 4261 theologicis
3447 4194 3784 4248 commenda.

2363 4327 2613 4381 Omuiuin
2635 4343 2795 4379 causa
2826 4334 2873 4378 el
2903 4323 3146 4393 repleliva
3173 4321 3304 4376 Jcsn
3333 4323 3530 4385 deitas,
3556 4335 3744 4389 partes
3779 4323 3879 4376 tili-

2293 4419 2482 4474 versati
2505 4434 2762 4471 consonus
2809 4418 3040 4479 saluans,
3065 4425 3108 4467 et
3139 4430 3301 4483 neque
3322 4429 3474 4480 pars,
3508 4430 3684 4482 neque
3730 4423 3880 4466 tota

606 4529 786 4578 autem
827 4522 960 4576 haec
1005 4531 1162 4587 sunt,
1209 4537 1384 4592 neque
1413 4499 1624 4585 dicere,
1671 4499 1845 4594 neque
1889 4499 2181 4596 intelligere

2295 4523 2393 4577 εει,
2425 4521 2471 4565 ει
2506 4520 2669 4563 totum
2702 4519 2748 4562 cl
2770 4525 2914 4578 pars,
2947 4519 3001 4560 ut
3033 4523 3186 4560 omne
3210 4517 3259 4560 ει
3290 4516 3496 4574 partem
3535 4518 3585 4559 σε
3647 4517 3810 4560 ΙοΙΙΒ
3833 4521 3880 4556 Il

606 4609 861 4679 possibile
909 4617 1011 4665 est.
1046 4609 1152 4666 Sed
1183 4627 1352 4681 usque
1381 4612 1448 4666 ad
1489 4612 1592 4668 hoc
1627 4614 1802 4668 omnis
1843 4623 2062 4668 nostrae
2109 4617 2190 4670 iu-

608 4699 926 4756 tellectualis
956 4701 1182 4756 actionis
1216 4702 1410 4767 virtus,
1440 4703 1563 4772 quia
1593 4705 1767 4758 omnis
1796 4705 1973 4759 divina
2001 4718 2184 4774 pater-

609 4791 752 4846 nitas
807 4799 864 4846 et
915 4789 1150 4846 filiolitas
1201 4807 1268 4847 ex
1311 4794 1551 4848 omnium
1604 4802 1813 4849 remota
1864 4797 2186 4864 paternitate

609 4881 894 4953 principali
941 4889 997 4936 et
1051 4880 1312 4936 filiolitate
1365 4883 1648 4953 principali
1697 4883 1718 4913 ⁵
1767 4883 1964 4939 donata
2014 4894 2097 4939 est
2137 4895 2198 4942 et

612 4975 768 5029 nobis
796 4983 849 5029 et
877 4971 1363 5043 supercaelestibus
1387 4974 1695 5041 virtutibus,
1726 4989 1792 5030 ex
1821 4990 1923 5043 qua
1949 4984 2004 5029 et
2038 4975 2112 5028 dii
2139 4985 2196 5030 et

613 5067 836 5121 deorum
859 5074 1040 5135 patres
1061 5063 1353 5120 deiformes
1384 5066 1537 5130 fiunt,
1553 5073 1608 5120 et
1635 5065 1980 5120 nominantur
2003 5067 2190 5131 animi,

614 5159 962 5230 spiritualiter
1007 5157 1217 5214 scilicet
1261 5156 1353 5212 tali
1408 5157 1734 5227 paternitate
1783 5166 1838 5211 et
1872 5156 2132 5210 filiolitalc
2172 5155 2192 5187 ⁸

615 5252 849 5320 perfecta
873 5289 888 5316 ,
930 5252 1033 5306 hoc
1060 5260 1181 5317 est,
1232 5247 1665 5318 incorporaliter,
1712 5247 2148 5302 immaterialiter
2172 5285 2187 5312 ,

2297 4606 2568 4674 semetipsa
2615 4602 2930 4665 comnbiens,
2980 4610 3029 4654 et
3062 4600 3478 4667 supereminens,
3510 4609 3557 4651 et
3612 4599 3876 4653 melius.

2299 4695 2538 4765 Perfecta
2563 4693 2782 4763 quidem.
2801 4703 2874 4746 est
2899 4693 2954 4744 in
2976 4690 3314 4760 imperfectis,
3337 4699 3392 4741 ut
3414 4690 3675 4757 perfectio
3699 4690 3874 4758 prisci

2293 4786 2462 4856 palis:
2505 4783 2806 4853 imperfecta
2848 4799 2966 4837 vero
3011 4783 3068 4835 in
3107 4780 3372 4851 perfectis,
3403 4791 3670 4850 tanquam
3712 4796 3878 4849 supcr-

2292 4878 2522 4948 ρει-[θεία
2546 4886 2593 4928 et
2615 4875 2970 4945 unleperl‘ecm
2991 4888 3009 4924 :
3043 4874 3215 4942 forma
3247 4873 3612 4942 formiﬁcuna,
3643 4876 3697 4927 in
3725 4877 3878 4942 infor-

2293 4970 2484 5033 mibus,
2517 4977 2767 5038 umquam
2806 4966 2978 5035 forma
3007 4965 3346 5036 principalis:
3382 4965 3636 5032 informis
3680 4967 3734 5019 in
3764 4967 3876 5032 ipsis

2292 5060 2498 5130 formis,
2523 5069 2770 5127 (unquam
2791 5055 3130 5134 superformis
3160 5055 3384 5108 essentia
3411 5055 3576 5107 (otius
3610 5056 3876 5114 exuuiae,

2292 5149 2734 5204 incontaminatas
2791 5146 3216 5215 aspergi-edient,
3269 5154 3316 5198 et
3349 5145 3876 5212 superemutieliter,

2295 5243 2436 5296 omni
2460 5242 2683 5295 essentia
2711 5251 2936 5304 remota,
2977 5249 3088 5292 tota
3111 5238 3371 5309 principia
3395 5248 3456 5292 α-
3474 5239 3692 5293 οτάέηα
3728 5239 3876 5291 desii-

1897 5339 2154 5415 VARIAE
2190 5354 2590 5415 LECTIONES.

691 5459 707 5489 ί
733 5456 778 5511 Η
798 5456 1192 5525 conﬁgurativa.
1271 5456 1290 5485 '
1323 5456 1378 5509 in
1403 5469 1510 5510 om.
1537 5452 1644 5506 ΑΕ.
1725 5453 1744 5484 ³
1767 5452 1856 5506 ΑΕ
1887 5453 2217 5522 festinamus.

618 5530 763 5583 litate
786 5542 892 5582 om.
929 5525 1035 5579 ΕΗ.

2281 5457 2317 5514 ,⁸
2340 5450 2430 5503 AE
2461 5458 2528 5503 et.
2604 5447 2625 5478 ⁸
2646 5461 2691 5500 et
2723 5445 2978 5517 ﬁliolitali
3003 5444 3280 5518 principali
3311 5461 3417 5501 om.
3452 5444 3567 5501 EH.
3647 5443 3850 5514 'etﬁlie

2126 5609 2370 5696 NOTAE.

694 5726 718 5755 ι
758 5711 944 5768 Matth.
973 5707 1084 5766 XIV
1113 5725 1127 5776 ;
1161 5707 1325 5764 Marc.
1371 5707 1466 5772 Vl;
1497 5704 1647 5761 Joan.
1687 5701 1767 5758 Vl.
