4008 6286
124 301 259 370 1125

753 306 1004 367 VERSIO
1041 307 1326 366 OPERUM
1369 306 1428 362 s.
1471 282 1787 360 nomn.
1835 333 1905 343 .-
1940 278 2027 356 oi:
2067 301 2315 357 DIVINIS
2354 302 2748 359 NOMINIBUS.

3233 272 3370 357 me

118 409 269 490 nans,
299 434 346 480 et
387 413 526 478 omni
569 411 824 494 principio
851 435 896 478 et
939 406 1118 478 ordini
1139 413 1571 494 super-collocata.
1623 403 1686 473 Et
1718 423 1765 482 Α
1795 412 1992 471 mullus
2021 418 2073 470 in
2104 415 2303 482 divina,
2335 417 2510 473 lumen
2540 417 2746 484 mundi,
2771 421 2901 474 haec
2933 420 3007 472 ait
3036 417 3290 472 divinitus
3319 420 3369 474 iu

115 535 356 573 mensura
392 526 467 571 est
507 533 685 569 eorum
712 534 844 590 quae
876 505 1010 580 sunt,
1042 528 1085 568 et
1119 505 1431 573 seculorum,
1463 526 1508 565 et
1535 530 1688 581 super

114 599 374 674 secutum,
417 606 462 661 et
511 607 632 660 ante
700 597 920 661 secula:
961 606 1112 676 plena
1183 606 1234 659 in
1298 604 1681 673 indigentibus,

111 697 419 768 superplena
465 695 516 749 in
567 695 1013 764 plenitudinibus,
1075 712 1306 758 arcana,
1360 691 1642 761 ineﬂabilis
1672 732 1686 756 ,

112 780 269 854 super
295 773 549 850 animum,
594 802 749 855 super
773 787 950 849 vitam,
979 803 1134 856 super
1156 786 1430 838 essentiam
1460 800 1476 837 :
1508 801 1687 852 supcr-

113 873 428 929 naturaliter
472 863 624 930 haliet
645 876 1043 946 supernaturale
1076 880 1113 941 ',
1146 875 1687 946 superessentiuliter’

109 955 558 1037 superessentiale.
637 967 786 1021 Unde
845 970 1089 1038 quoniam
1158 968 1360 1038 quidem
1421 978 1466 1020 et
1529 983 1688 1037 usque

109 1057 353 1112 naturam
382 1074 475 1127 pro
512 1061 688 1110 amore
714 1057 982 1112 hominum
1010 1059 1030 1090 ³
1076 1061 1241 1123 venit,
1276 1069 1321 1111 et
1361 1061 1476 1112 vere
1515 1075 1687 1112 essen-

108 1145 187 1203 tia
247 1157 348 1212 est,
408 1152 456 1202 et
521 1149 596 1202 vir
652 1151 936 1218 superdeus
991 1161 1196 1203 creatus
1271 1160 1362 1202 est.

108 1239 282 1296 autem
314 1240 412 1295 sint
443 1239 586 1294 nobis
615 1258 770 1312 super
793 1243 1024 1294 animum
1049 1253 1096 1294 et
1116 1243 1366 1294 rationem
1391 1239 1681 1293 laudanda.

109 1327 202 1391 Et,
236 1329 278 1381 si
309 1329 359 1381 in
391 1325 472 1380 his
497 1327 644 1381 habet
681 1330 1079 1397 supernaturale
1104 1339 1150 1382 et
1180 1331 1606 1394 superessentiale
1628 1329 1684 1394 δ,

106 1437 214 1473 non
241 1415 402 1474 solum
434 1421 545 1490 ipsa
573 1421 966 1475 innnul'abiliter
988 1423 1133 1476 nobis
1165 1434 1210 1476 et
1237 1425 1505 1492 inconfuse
1548 1422 1687 1476 coni-

107 1512 426 1578 niuuicavit,
501 1512 634 1566 nihil
723 1532 965 1583 perpessa
1042 1517 1093 1568 in
1155 1515 1683 1584 superplenitudinem

106 1621 257 1657 suam
285 1604 346 1657 ab
379 1595 638 1674 ineffabili
670 1605 899 1658 ueritate
928 1619 945 1657 :
970 1606 1060 1658 sed
1089 1603 1211 1676 quia
1244 1617 1288 1659 et
1319 1607 1414 1659 hoc
1453 1608 1685 1661 omnium
1721 1601 1725 1606 ’

108 1710 356 1747 novorum
415 1696 699 1748 niaximum
752 1699 940 1749 novum
968 1738 981 1761 ,
1035 1699 1085 1750 in
1127 1697 1454 1751 naturalibus
1495 1697 1686 1752 nostris

1447 1135 1686 1218 Propitia
1721 1141 1723 1144 ⁴

1791 511 1962 563 sacris
2015 505 2127 563 suis
2172 510 2379 564 literis:
2414 509 2555 564 Nam
2583 514 2675 564 etsi
2714 523 2832 565 sunt
2868 513 2957 582 qui
2993 500 3238 565 dicuntur
3270 500 3365 577 dii,

1789 599 1894 651 sive
1930 599 1983 652 in
2014 599 2178 664 caelo,
2212 601 2316 652 sire
2367 616 2422 652 tn
2467 611 2626 664 terra,
2654 601 2907 670 siquidem
2954 595 3073 655 sunt
3115 603 3187 655 dii
3220 603 3372 656 multi

1789 699 1840 743 et
1877 690 2075 744 domini
2106 685 2274 753 multi,
2316 690 2406 743 sed
2443 691 2587 744 nobis
2618 709 2748 745 unus
2790 692 2927 746 Deus
2967 691 3147 757 Pater,
3176 712 3239 748 ea?
3262 713 3364 764 quo

1791 781 2048 845 omnia,et
2067 799 2156 835 nos
2175 776 2225 833 iii
2243 783 2351 851 ipso
2367 783 2472 847 ";et
2500 801 2630 837 unus
2648 777 2903 838 Dominus
2927 785 3080 840 Jesus
3105 785 3367 855 Christus,

1788 868 1880 943 per
1906 891 2056 942 quem
2088 877 2283 938 omnia,
2335 884 2382 927 et
2416 892 2506 928 nos
2539 893 2630 943 per
2664 878 2830 945 ipsum
2865 889 2911 930 η.
2946 861 3155 931 Etenim
3191 880 3242 932 itt
3285 880 3367 933 di-
3443 864 3462 871 ι

1788 963 1930 1019 vinis
1958 967 2188 1019 unitates
2218 967 2603 1019 discretionum
2637 976 2984 1035 potentantur
3012 978 3065 1022 et
3097 964 3370 1038 antepriu-

1789 1057 2055 1126 cipantur,
2085 1068 2137 1111 et
2162 1059 2508 1113 nihilominus
2538 1071 2658 1113 sunt
2691 1063 2840 1114 unita
2873 1061 3034 1114 etiam
3071 1071 3189 1131 post
3212 1059 3372 1118 unius

1789 1147 2184 1203 ir’remeabilem
2236 1159 2287 1204 et
2336 1151 2650 1204 clementem
2699 1153 3096 1207 discretionem.
3140 1153 3248 1208 llas
3278 1171 3374 1208 nos

1789 1238 1962 1291 socias
1993 1246 2046 1293 et
2085 1240 2266 1293 unitas
2311 1241 2475 1294 totius
2513 1240 2726 1294 deitatis
2772 1242 3146 1307 discretiones,
3207 1243 3255 1297 id
3290 1253 3373 1298 est

1789 1330 2013 1384 decoras
2068 1333 2440 1400 processioues
2471 1375 2484 1396 ,
2543 1350 2607 1387 ex
2658 1333 3125 1389 manifestmuilms
3175 1331 3267 1390 eas
3317 1336 3370 1390 in

1789 1415 2015 1490 eloquiis
2042 1423 2238 1479 divinis
2275 1421 2580 1480 nominibus
2608 1425 2830 1481 laudare
2856 1470 2867 1490 ,
2903 1415 3194 1483 secundum
3228 1427 3371 1500 quod

1787 1507 2042 1584 possibile
2069 1525 2173 1581 est,
2206 1499 2566 1592 tentabimus:
2599 1517 2719 1582 hoc,
2749 1527 2806 1571 ut
2833 1518 3034 1572 dictqu
3081 1529 3184 1585 est,
3213 1499 3371 1592 prae-

1789 1605 2021 1675 cognito,
2056 1606 2268 1662 omnem
2299 1607 2595 1664 beneficam
2642 1610 2877 1665 divinam
2923 1612 3366 1681 nominationem,

1790 1697 1842 1752 in
1871 1705 2187 1768 quacunque
2212 1693 2428 1770 ponitur
2475 1701 2777 1756 divinarum
2809 1703 3231 1758 substantiarum
3252 1745 3264 1767 ,
3317 1705 3369 1758 in

105 1786 522 1852 supernaturalis
563 1798 692 1849 erat,
728 1788 779 1840 in
808 1789 886 1841 his
926 1805 1058 1859 quae
1081 1788 1237 1857 juxta
1281 1791 1556 1843 essentiam
1595 1807 1680 1844 su-
1718 1813 1760 1872 Β
1791 1799 1899 1845 tota
1949 1807 2065 1846 eam
2101 1794 2336 1864 recipere
2366 1795 2543 1848 divina
2589 1796 2941 1850 universitate
2973 1796 3334 1852 mobset'vate.

105 1876 485 1945 peressentialis
527 1877 568 1944 ⁸,
602 1877 775 1931 omnia
817 1881 994 1933 nostra
1051 1897 1115 1933 ex
1166 1881 1312 1935 nobis
1353 1892 1561 1952 prapter
1591 1899 1682 1936 nos

107 1960 502 2038 superhabebat.

186 2059 289 2115 [loc
321 2061 536 2132 quidem
568 2061 915 2116 sumcientcr.
951 2061 1004 2115 [ri
1036 2072 1216 2117 autem
1245 2063 1470 2118 rationis
1497 2056 1685 2132 specu-

107 2151 362 2228 lationem
409 2147 818 2222 perveniamus,
855 2155 1159 2208 conmumia
1203 2164 1257 2209 et
1287 2157 1433 2209 unita
1481 2156 1683 2210 disere-

106 2233 269 2322 tiOnis
286 2243 494 2298 divinae
517 2246 750 2302 nomina.
773 2245 1064 2299 secundum
1082 2247 1223 2317 quod
1242 2248 1395 2301 nobis
1412 2247 1684 2317 possibile,

105 2329 448 2406 replicantes.
479 2325 624 2391 Είύι
655 2347 839 2406 aperte
867 2337 931 2390 de
962 2338 1211 2391 omnibus
1241 2337 1494 2406 deinceps
1526 2353 1686 2408 prae-

106 2415 444 2489 dcliniamus,
464 2414 844 2482 discretiOnem
870 2427 1102 2482 divinam
1131 2429 1377 2493 dicimus,
1404 2439 1461 2482 ut
1488 2429 1687 2483 dictum

109 2524 215 2592 est,
244 2513 495 2586 pulchras
524 2517 820 2573 divinitatis
854 2519 1248 2590 processiones.
1290 2519 1506 2573 Douans
1540 2520 1684 2572 enim

105 2610 357 2664 omnibus
388 2625 525 2678 quae
555 2619 700 2684 sunt,
737 2623 787 2664 et
817 2609 1212 2680 superfumlens
1241 2612 1480 2669 omnium
1515 2612 1686 2665 bono-

106 2716 229 2755 rum
258 2685 716 2773 particip'atioues,
760 2703 908 2756 unite
937 2702 1153 2772 quidem
1192 2702 1535 2766 discernitur,
1574 2701 1692 2771 plu-

107 2781 352 2848 rillcatur
387 2783 516 2850 vero
563 2795 932 2863 Singu‘lariter,
974 2806 1025 2851 et
1072 2797 1465 2867 multiplicatur
1490 2814 1557 2852 ex
1584 2813 1689 2851 uno

106 2885 540 2942 irremeabiliter.
597 2885 661 2944 Ut
716 2896 838 2958 puta
893 2885 1146 2959 quoniam
1205 2890 1270 2944 ὢν
1323 2899 1406 2942 cst
1435 2888 1574 2943 Deus
1604 2889 1708 2943 su-"

106 2977 594 3048 pe’ressentialite'r,
647 2963 809 3033 donat
853 2979 1032 3046 autem
1073 2996 1194 3038 esse
1228 2982 1309 3034 his
1348 2995 1488 3050 quae
1543 2987 1706 3040 sunt,

107 3075 169 3121 et
193 3065 403 3122 adducit
429 3078 568 3123 totas
599 3071 882 3131 essentias,
921 3070 1267 3138 multiplicari
1298 3070 1496 3124 dicitur
1525 3067 1698 3123 unum‘

2314 1927 2712 1985 CAPITULUM
2752 1931 2838 1985 Ill.

1793 2040 1940 2103 Quae
1968 2040 1990 2070 ⁸
2025 2025 2275 2095 orationis
2308 2043 2498 2107 virtus,
2540 2051 2589 2096 et
2633 2044 2698 2097 de
2739 2044 2886 2098 beato
2928 2045 3188 2111 lerat/reo,
3239 2059 3284 2101 et
3311 2049 3375 2102 de

2099 2115 2346 2166 reverenti
2373 2125 2420 2166 et
2460 2117 2754 2184 conscripta
2788 2116 3070 2186 theologia.

1861 2239 1926 2294 Et
1954 2241 2208 2312 primam,
2234 2243 2276 2296 si
2306 2243 2538 2310 videtur,
2569 2244 3033 2314 perfectissimam,
3064 2258 3114 2304 ct
3137 2251 3376 2305 omnium
3403 2241 3406 2244 ’

1791 2327 1884 2386 Dei
1918 2333 2324 2402 processionmu
2365 2333 2870 2401 manifestam-iam,
2905 2339 3164 2408 optimam
3198 2343 3374 2395 nomi-

1791 2413 2065 2478 nationem
2096 2426 2536 2493 pronunciemus,
2570 2429 2896 2498 optimarum
2939 2432 3293 2500 principalem
3324 2445 3378 2488 et

1792 2513 2210 2584 superoptimam
2242 2518 2554 2572 invocantes
2597 2519 2723 2572 Trin
2754 2529 2942 2583 talem,
2990 2523 3376 2578 declarativam

1793 2607 2030 2660 omnium
2079 2609 2159 2660 sui
2217 2607 2542 2676 optimarum
2604 2611 3088 2678 providentiarum.
3155 2607 3381 2683 Oportet

1793 2697 1935 2750 enim
1969 2711 2067 2750 nos
2097 2695 2435 2751 orationiths
2472 2699 2702 2766 primum
2737 2700 2788 2752 in
2837 2717 2980 2765 eam,
3011 2713 3067 2756 ut
3112 2704 3376 2758 bonorum

1793 2777 2132 2857 principium,
2168 2789 2370 2853 reduci,
2395 2799 2447 2843 et
2467 2791 2634 2860 magis
2651 2792 2697 2844 ei
2727 2794 3181 2860 approximaulcs,
3209 2796 3258 2848 in
3277 2798 3378 2850 hoc

1795 2879 1972 2934 doceri
2001 2878 2204 2947 optima
2230 2880 2367 2933 dona
2401 2881 2543 2935 circa
2570 2899 2686 2935 eam
2712 2882 2991 2936 collocata.
3027 2883 3237 2938 Etenim
3267 2887 3378 2954 ipsa

1795 2972 2010 3041 quidem
2043 2973 2294 3026 omnibus
2324 2975 2494 3040 adest,
2544 2991 2646 3027 non
2680 2973 2859 3026 omnia
2887 2991 3014 3028 vero
3063 2975 3109 3029 ei
3162 2985 3379 3030 adsunt.

1797 3059 1948 3117 Tunc
1971 3072 2171 3127 autem,
2191 3079 2311 3116 eum
2340 3079 2457 3117 eam
2488 3063 2800 3118 invocamus
2822 3067 3140 3119 castissimis
3163 3067 3380 3136 quidem

106 3157 168 3214 ὃν
219 3157 341 3212 illud
390 3177 456 3213 ex
506 3153 562 3213 se
625 3160 946 3214 adductione
988 3161 1276 3214 multorum
1340 3160 1688 3214 existentium
1716 3158 1762 3220 C
1794 3156 2154 3220 orationibus,
2182 3156 2424 3209 revoluto
2447 3172 2659 3224 quoque
2701 3158 2900 3219 animo,
2930 3167 2983 3210 et
3029 3158 3093 3212 ad
3141 3159 3379 3216 divinam

106 3250 326 3320 quidem
373 3251 438 3304 ab
480 3260 635 3317 oute,
669 3251 801 3306 nihil
852 3253 1031 3307 minus
1076 3253 1165 3308 illo
1195 3263 1249 3307 et
1293 3270 1398 3307 uno
1429 3255 1480 3306 in
1511 3253 1712 3307 multi-'

105 3341 418 3414 plicatiouc,
448 3345 502 3396 et
532 3346 767 3398 adunato
802 3343 957 3415 juxta
990 3345 1388 3416 proccssionem
1410 3387 1424 3411 ,
1456 3357 1508 3401 et
1537 3347 1693 3417 pleno
1731 3379 1736 3424 ς.

108 3435 171 3489 in
222 3435 544 3490 discrelioue
569 3477 583 3501 ,
623 3438 873 3492 onmibus
908 3425 1172 3505 essendo,
1226 3454 1365 3509 quae
1414 3448 1536 3493 sunt
1561 3480 1574 3504 ,
1604 3454 1694 3492 su-
1733 3429 1738 3474 ἶ

106 3525 573 3600 pcresscntialiter
631 3540 938 3595 remotum,
1013 3540 1065 3584 et
1140 3529 1390 3585 clementi
1461 3539 1692 3583 telorum

106 3621 474 3690 processione,
502 3630 556 3674 et
580 3637 680 3674 non
714 3622 980 3673 minorata
1011 3619 1221 3675 fusione
1254 3621 1692 3675 indiminutarum

108 3714 197 3784 sui
238 3715 600 3768 traditionum.
651 3711 756 3766 Sed
789 3723 842 3766 et
873 3729 1038 3767 unum
1085 3713 1171 3778 ὢν,
1215 3722 1268 3766 et
1295 3713 1440 3766 omni
1475 3712 1612 3780 parti
1642 3721 1696 3765 et

104 3805 231 3868 toti,
269 3818 321 3857 et
351 3807 438 3857 uni
472 3815 524 3858 et
555 3803 902 3868 multitudini,
932 3802 998 3856 ab
1027 3818 1132 3856 uno
1159 3803 1394 3866 tradens,
1427 3819 1589 3856 unum
1613 3812 1697 3856 est

107 3897 303 3950 eodem
335 3895 491 3949 modo
529 3893 1086 3964 superessentialiter,
1118 3908 1288 3964 neque
1317 3909 1442 3964 pars
1470 3891 1522 3948 ὃν
1557 3892 1692 3947 mul-

111 3988 393 4048 titudinis,
441 4002 614 4056 neque
650 4002 713 4041 ex
769 3977 1012 4057 partibus
1054 3977 1262 4049 totum,
1302 3994 1355 4038 et
1398 3985 1476 4039 sic
1523 3999 1696 4053 neque

112 4094 281 4131 unum
320 4087 420 4142 est,
448 4092 622 4145 neque
650 4094 811 4130 unum
856 4077 1035 4131 habet.
1068 4075 1248 4146 Longe
1280 4076 1422 4130 enim
1455 4075 1474 4105 °
1503 4075 1587 4129 his
1617 4085 1697 4128 est

107 4184 278 4240 super
305 4186 493 4234 unum,
527 4171 593 4223 ab
641 4171 722 4224 his
758 4186 893 4240 quae
938 4180 1060 4224 sunt
1103 4187 1297 4235 unum,
1330 4181 1383 4224 et
1413 4171 1696 4224 multitudo

104 4264 464 4331 imparlibile,
499 4265 618 4317 sine
661 4263 993 4332 plenitudine
1031 4263 1506 4332 supcrplenitudo,
1536 4279 1697 4318 onme

105 4372 280 4408 unum
329 4364 383 4408 et
434 4353 826 4408 multitudinem
887 4357 1158 4408 adducens
1207 4364 1256 4408 et
1311 4355 1595 4424 perlicicns
1644 4364 1697 4408 et

105 4455 422 4500 conltueus.
473 4445 668 4499 lterum
703 4462 766 4499 ex
809 4462 864 4499 se
894 4446 1230 4500 deilicatione
1261 4447 1554 4500 secundum
1589 4445 1695 4498 vir-

1796 3239 2057 3300 u‘nitatem
2106 3247 2527 3315 Opporluttilalc,
2565 3255 2690 3301 tunc
2739 3257 2791 3302 et
2847 3263 2943 3302 nos
2988 3249 3032 3303 ei
3094 3250 3370 3306 adsumus.

1793 3337 1910 3408 Ipsa
1941 3339 2082 3391 enim
2114 3354 2285 3407 nequc
2319 3338 2370 3391 in
2401 3338 2516 3392 loco
2548 3347 2649 3400 cst,
2683 3348 2813 3393 utet
2844 3356 2871 3393 a
2900 3341 3156 3409 quodam,
3187 3350 3279 3394 aut
3314 3358 3377 3396 ex

1796 3431 1913 3484 aliis
1944 3431 1995 3482 in
2025 3428 2126 3483 alia
2159 3431 2533 3494 transcendat;
2563 3430 2656 3483 sed
2686 3439 2736 3483 et
2766 3429 2829 3483 in
2853 3433 3102 3485 omnibus
3146 3433 3387 3488 existen-

1798 3521 1937 3573 tibus
1989 3536 2106 3574 eam
2157 3533 2295 3582 esse,
2342 3521 2520 3574 dicere
2569 3520 2911 3589 relinquitur,
2954 3539 3114 3594 super
3164 3525 3382 3590 omnia,

1797 3621 1851 3666 et
1889 3615 2127 3666 omnium
2169 3603 2624 3680 compreltcusiva.
2656 3613 3032 3688 multitudinis.
3079 3617 3184 3672 Nos
3222 3620 3384 3689 igitur

1798 3705 1941 3773 ipsos
1982 3705 2318 3758 orationibus
2349 3707 2688 3761 extendimus
2737 3709 2786 3762 itt
2829 3709 3132 3764 divinorum
3164 3721 3215 3764 et
3246 3714 3392 3786 oplij

1799 3809 2009 3846 morum
2078 3794 2347 3847 radiorum
2407 3797 2757 3850 excelsiorem
2819 3808 3164 3867 respectum;
3217 3791 3396 3856 veluti"

1800 3883 1950 3937 multi
1996 3883 2212 3938 luminis
2281 3885 2638 3955 splendorem,
2679 3904 2742 3942 ex
2798 3890 3012 3943 caelesti
3075 3873 3394 3948 summitate

1800 3993 2138 4047 suspensum,
2169 3978 2220 4031 in
2255 3995 2335 4040 ea,
2372 3981 2509 4047 qt‘tae
2545 3981 2629 4033 hic
2679 3987 2826 4044 sunt,
2868 3981 3299 4050 pervenientem,
3330 3975 3391 4039 et:

1800 4086 2012 4139 semper
2033 4070 2150 4139 ejus
2181 4072 2230 4123 itt
2261 4081 2607 4140 conspectum
2643 4071 2888 4125 manibus
2920 4072 3192 4126 altributis
3223 4089 3385 4144 agen-

1802 4177 1902 4229 tes,
1943 4165 2159 4218 trahere
2215 4181 2328 4218 eam
2376 4165 2590 4234 quidem
2642 4173 2911 4233 putamus,
2950 4166 3173 4219 veritate
3205 4177 3382 4222 autent

1801 4243 1905 4312 non
1949 4256 2261 4309 deducimus
2297 4255 2460 4319 illam,
2506 4265 2558 4308 et
2589 4272 2800 4309 sursum
2847 4266 2900 4310 et
2947 4255 3194 4310 deorsum
3228 4273 3382 4326 prac-

1801 4357 2030 4410 sentctn,
2070 4345 2160 4400 sed
2196 4363 2291 4400 nos
2330 4347 2427 4416 ipsi
2463 4347 2763 4400 reducimur
2791 4347 2855 4399 ad
2879 4346 3202 4401 excelsiores
3253 4348 3384 4401 luci-

1799 4439 2138 4491 dissimorum
2185 4437 2454 4490 radiorum
2492 4437 2783 4489 claritates.
2814 4435 2917 4487 Aut
2950 4436 3089 4488 Vt'lltl
3118 4437 3166 4488 in
3201 4436 3382 4490 navim

108 4547 290 4592 tutent
359 4537 746 4608 uniusrprisquc
808 4533 1055 4590 deil‘ormi
1124 4539 1346 4590 deorum
1403 4537 1694 4590 nmltorum
1729 4510 1772 4566 ί)
1803 4533 2169 4594 ascendentes,
2204 4541 2254 4582 et
2294 4530 2614 4598 recipientes
2657 4546 2722 4583 ex
2753 4528 2980 4596 quadam
3012 4539 3162 4597 petra
3195 4538 3385 4582 exten-

105 4628 383 4681 factorum
433 4627 645 4681 videtur
688 4628 904 4697 quidem
932 4642 1051 4682 esse
1083 4637 1135 4680 et
1179 4626 1378 4680 dicitur
1418 4627 1575 4680 unius
1605 4626 1696 4680 Dei

105 4720 372 4795 discretio
398 4727 451 4773 et
476 4719 848 4788 multiplicatio
874 4738 886 4771 :
919 4729 1002 4774 est
1033 4735 1156 4772 vero
1186 4717 1316 4772 nihil
1349 4718 1524 4772 minus
1555 4719 1699 4786 prin-

107 4811 309 4878 cipalis
337 4810 495 4873 Deus,
529 4821 582 4864 et
618 4813 946 4880 superdeus,
981 4811 1505 4879 superessentialiler
1537 4826 1696 4875 unus,

107 4900 262 4956 Deus
301 4900 662 4968 impartibilis,
701 4900 1114 4970 impartihililnts
1142 4901 1343 4960 unitos,
1375 4899 1696 4967 sibimetipsi

109 5003 166 5048 et
197 4993 386 5046 multis
418 4993 820 5056 inconuuixtus,
862 5002 915 5044 et
938 5008 1040 5045 non
1073 4991 1474 5058 multiplicatus.
1508 4991 1569 5042 lit
1597 4991 1697 5045 hoc

105 5085 602 5156 supet'mtturaliter
673 5085 974 5150 intelligens
1043 5083 1343 5137 communis
1406 5093 1590 5135 noster
1649 5089 1702 5136 et

109 5179 370 5253 magistri
423 5180 476 5233 iu
525 5179 760 5232 divinam
808 5176 1253 5231 illummationem
1299 5176 1696 5235 manuduetor,

1803 4640 1890 4678 sos
1922 4623 2094 4688 funes,
2139 4632 2192 4676 et
2218 4623 2362 4674 \‘clul
2391 4621 2543 4674 nobis
2574 4620 2623 4684 in
2663 4618 3023 4687 reccplioncm
3055 4620 3228 4684 datos,
3276 4634 3380 4674 non

1805 4717 1868 4767 ad
1900 4731 1996 4767 nos
2041 4723 2269 4782 petram,
2309 4714 2400 4765 sed
2441 4695 2798 4777 nosmetipsos
2827 4710 3054 4762 veritate
3103 4717 3156 4761 ct
3204 4711 3384 4764 navim

1805 4809 1869 4859 ad
1903 4817 2106 4875 petram
2138 4805 2473 4856 adducimus.
2515 4800 2736 4854 Sicutel
2777 4800 2876 4854 hoc
2922 4801 2972 4853 in
3025 4802 3380 4868 contrarium,

1808 4898 1850 4951 si
1877 4895 2158 4965 quisjuxta
2189 4894 2418 4946 validam
2449 4901 2655 4962 petram
2681 4902 2828 4945 stans
2851 4892 2901 4944 in
2928 4909 2959 4945 ι]
2982 4893 3047 4945 svi
3071 4892 3380 4961 repellatur,

1803 5001 1921 5059 aget
1950 4987 2160 5058 quidem
2186 4985 2318 5038 nihil
2341 4987 2389 5037 in
2415 4986 2642 5037 stantem
2663 4991 2714 5035 et
2737 4983 3122 5037 immutabilem
3150 4991 3380 5052 petram,

1801 5098 1859 5135 se
1884 5098 2006 5134 vero
2030 5081 2199 5148 ipsum
2225 5080 2288 5130 ab
2313 5078 2396 5130 illa
2423 5077 2744 5147 segregatim,
2763 5084 2814 5129 ct
2840 5086 3040 5145 quanto
3070 5075 3238 5143 magis
3265 5089 3384 5127 eam

1803 5172 2078 5242 repulerit,
2111 5181 2257 5223 tato
2295 5169 2464 5237 magis
2506 5171 2571 5220 ab
2609 5183 2669 5221 ea
2708 5178 3024 5221 revertetur.
3059 5163 3288 5219 Proinde
3333 5173 3388 5218 ct

1391 5285 1643 5341 VARIAE
1683 5283 2079 5340 LEC'l‘iONISS.

193 5413 208 5442 ¹
247 5411 340 5466 AE
364 5420 410 5464 et
439 5405 878 5478 supernaturalc;
921 5403 1318 5478 supernaturale
1345 5421 1453 5478 om.
1492 5403 1602 5456 BH.

105 5481 517 5567 peressentiale
542 5479 669 5532 .Iesu
699 5478 1043 5567 deitas,_pon.

109 5551 290 5612 index
321 5551 678 5621 capitulorum
705 5564 838 5618 quae
864 5551 950 5602 sit.

1679 5405 1699 5434 ¹
1740 5402 1780 5456 Β
1812 5396 2301 5470 supernaturaliter.

1145 5476 1165 5508 ⁵
1199 5477 1472 5530 essentiam
1500 5490 1653 5543 super
1675 5488 1784 5529 om.
1817 5471 1921 5525 BH.

2381 5395 2400 5424 ³
2435 5395 2518 5447 AE
2557 5410 2652 5462 pro
2686 5393 3030 5446 humanitate.
3080 5392 3129 5462 ᾖ
3167 5388 3254 5442 Bll
3280 5405 3385 5462 su-

2014 5470 2034 5500 ⁶
2070 5468 2158 5521 ΑΕ
2187 5477 2381 5520 autent;
2459 5468 2476 5497 ⁷
2517 5460 2605 5518 ΛΕ
2635 5465 2684 5516 in
2714 5466 2902 5532 ipsum.
3014 5462 3036 5494 ⁸
3073 5460 3163 5516 Sic
3191 5461 3344 5515 codd.
3366 5499 3382 5527 ,

1625 5621 1871 5689 NOTAE.

197 5750 222 5780 ει
267 5735 284 5795 1
319 5733 446 5789 Cor.
475 5731 606 5794 VIII,
638 5734 688 5783 ες.
