4008 6286
1618 219 1664 254 Γο-
1699 231 1712 238 "

597 283 740 344 H27

1940 297 2222 355 JOANNlS
2259 297 2453 356 SCOTI

3735 295 3872 354 “28

595 415 725 464 ante
765 421 924 464 omne
949 415 1001 465 et
1030 409 1205 482 magis
1233 424 1298 466 ex
1331 411 1628 481 theologica
1659 413 1908 470 oratione
1937 412 2177 469 inchoari
2207 416 2255 477 A
2283 422 2558 485 potentem
2602 410 2898 468 bonitatem
2941 407 3154 464 divmae
3187 406 3872 464 infirmitatis—omnium

593 507 830 568 oportet,
857 514 962 554 non
988 508 1048 555 ut
1076 501 1353 557 trahentes
1387 503 1585 571 ubique
1613 513 1952 574 praesentem
1973 513 2029 560 et
2048 521 2177 562 nus-

593 603 756 659 quam
783 588 1056 656 virtutem,
1087 592 1181 646 sed
1227 599 1289 646 ut
1325 591 1521 647 divinis
1551 593 1827 648 memoriis
1862 601 1917 648 et
1955 593 2175 650 invoca-

592 679 831 736 tionibus
873 681 1234 751 nosmetipsos
1282 681 1622 754 injungentes
1669 684 1720 740 ei
1767 693 1824 740 et
1855 686 2174 743 adunantes.

592 770 662 826 Et
698 771 800 826 boc
843 779 1024 827 autem
1069 787 1242 842 aeque
1286 773 1597 830 defensione
1628 775 1873 846 dignum,
1911 793 2037 844 quia
2065 777 2178 850 glo-

529 925 532 932 l
593 862 743 918 rioso
769 862 906 918 duce
935 871 1124 917 nostro
1159 862 1405 918 lerotheo
1429 864 1727 934 theologica
1763 865 2175 936 diligentissima

524 983 530 992 ι
590 953 855 1008 elementa
879 952 1334 1008 excellentissime
1359 963 1747 1024 congregante,
1779 971 1877 1010 nos
1917 965 2173 1027 tanquam

590 1060 701 1100 non
730 1043 1120 1100 sufﬁcientibus
1147 1044 1274 1108 illis,
1301 1043 1543 1114 aliasque
1568 1055 1624 1100 et
1650 1057 1991 1116 praesentem
2017 1050 2170 1104 theo-

589 1133 788 1205 lOgiam
827 1134 1266 1204 conscripsimus.
1301 1133 1512 1189 Etenim
1560 1135 1604 1191 si
1642 1137 1859 1207 quidem
1889 1137 1980 1194 ille
2023 1140 2177 1196 dein-

589 1241 719 1296 ceps
775 1226 999 1282 actitare
1050 1240 1236 1280 omnes
1289 1225 1615 1294 theologicas
1659 1229 1900 1285 actiones
1953 1231 2175 1301 dignum

590 1315 852 1380 duxisset,
882 1324 936 1370 et
961 1315 1178 1384 partitis
1234 1313 1525 1370 ambitibus
1570 1319 1959 1387 pertransisset
2012 1321 2175 1376 totius

590 1408 896 1479 tbeologiae
930 1407 1244 1479 capitulum,
1289 1424 1396 1464 non
1447 1407 1702 1466 fortassis
1741 1427 1839 1466 nos
1875 1412 1930 1466 in
1968 1421 2173 1468 tantam

589 1509 688 1554 aut
713 1499 997 1564 insaniam,
1051 1507 1143 1554 aut
1191 1499 1476 1555 stultitiam
1500 1507 1517 1535 ι
1557 1501 1885 1568 veniremus,
1919 1513 2174 1574 tanquam

587 1588 957 1662 perspicacius
1013 1587 1104 1643 illo
1137 1595 1193 1642 et
1246 1587 1480 1644 divinius
1527 1590 1843 1646 arbitrando
1890 1591 2175 1662 theologiis

587 1679 792 1737 addere
819 1677 1218 1736 delectabiliora
1237 1719 1251 1744 ,
1283 1678 1420 1736 haec
1448 1679 1715 1751 superfluo
1742 1681 2003 1749 dicentes,
2033 1697 2096 1738 ac
2127 1684 2174 1738 si

587 1769 1030 1842 parvipendendo
1081 1769 1278 1834 adhuc,
1321 1777 1377 1825 et
1418 1769 1669 1840 injuriam
1720 1771 1987 1838 faciendo,
2017 1783 2073 1828 et
2120 1774 2174 1828 in

587 1862 912 1932 magistrum
938 1869 993 1916 et
1021 1861 1257 1916 amicum
1297 1861 1637 1927 existentem,
1670 1871 1724 1918 et
1754 1879 1852 1919 nos
1878 1875 1998 1934 post
2038 1864 2178 1920 Pau-

588 1951 704 2006 lum
734 1951 975 2006 divinum
1022 1950 1075 2004 in
1126 1949 1268 2005 illius
1319 1951 1550 2022 eloquiis
1584 1951 1826 2018 formati,
1856 1953 2178 2024 gloriosissi-

589 2057 738 2096 mam
798 2041 915 2111 ejus
966 2049 1022 2096 et
1075 2041 1583 2112 contemplationem
1631 2053 1688 2099 et
1745 2044 2178 2115 explanationem

589 2133 996 2204 nobismetipsis
1044 2133 1430 2205 subripientes.
1472 2132 1578 2190 Sed
1629 2137 1883 2206 quoniam
1930 2140 2178 2205 veritate,

588 2238 734 2293 quae
756 2223 934 2278 divina
981 2231 1127 2288 sunt,
1165 2223 1399 2292 pretiose
1435 2224 1782 2282 introducens
1826 2227 1938 2293 ille,
1968 2231 2183 2300 conspi-

589 2327 726 2366 cuas
763 2312 919 2367 nobis
967 2312 1308 2368 definitiones
1346 2315 1618 2384 exposuit,
1659 2324 1714 2372 et
1756 2316 1809 2370 in
1857 2332 1964 2372 uno
2013 2319 2181 2373 multa

589 2403 859 2464 ambiens,
905 2411 1065 2473 prout
1106 2402 1360 2473 possibile
1409 2404 1588 2469 nobis,
1636 2412 1690 2460 et
1738 2405 1845 2471 bis,
1875 2407 2184 2478 quicunque

589 2502 721 2549 sunt
750 2494 1044 2548 secundum
1067 2509 1166 2550 nos
1189 2494 1452 2564 magistri,
1481 2511 1650 2566 nuper
1677 2486 2039 2566 perfectarum
2065 2499 2183 2552 ani-

593 2600 808 2640 marum
829 2583 1026 2652 jubens
1057 2586 1290 2654 aperire,
1312 2594 1369 2640 et
1397 2585 1707 2642 discernere
1734 2588 1887 2642 nobis
1906 2603 2184 2643 commen-

595 2676 822 2732 surabili
899 2691 1150 2733 sermone
1213 2677 1535 2748 conspicuos
1610 2686 1662 2732 et
1723 2686 1970 2748 potentes
2028 2679 2186 2733 intel-

592 2753 1017 2826 lectualissimae
1057 2770 1160 2825 viri
1204 2769 1346 2826 illius
1379 2771 1591 2826 virtutis
1629 2771 1903 2825 ambitus:
1933 2778 1988 2826 et
2027 2786 2188 2840 saepe

593 2879 699 2918 nos
726 2872 780 2918 et
807 2871 862 2917 tu
894 2863 1007 2932 ipse
1037 2862 1089 2916 in
1119 2862 1222 2918 hoc
1247 2861 1566 2917 exhortatus
1595 2877 1675 2927 es,
1698 2855 1753 2918 et
1776 2861 2186 2929 librumipsum,

597 2963 660 3008 ut
686 2953 1143 3025 superexaltatum
1182 2953 1459 3009 remisisti.
1508 2951 1800 3023 Propterea
1841 2961 1896 3007 et
1939 2967 2037 3007 nos
2063 2967 2187 3007 eum

599 3049 839 3119 quidem,
886 3053 946 3101 ut
990 3045 1352 3116 perfectorum
1397 3055 1451 3102 et
1493 3043 1890 3101 ltonorabilium
1933 3060 2188 3100 sensuum

2280 503 2658 560 dominabatur
2690 508 2813 573 post
2861 500 3154 571 theologos,
3187 507 3244 553 ut
3293 497 3600 569 cognoscis,
3635 497 3871 551 aliorum

2278 603 2590 650 sanctorum
2636 592 2918 648 doctorum
2963 598 3111 645 totus
3154 605 3222 645 ex
3265 589 3502 659 populis,
3558 597 3719 643 totus
3761 589 3872 642 exi-

2280 695 2430 742 stens
2451 685 2764 754 semetipso,
2787 691 2843 738 et
2859 683 2926 737 ad
2940 681 3261 737 laudandum
3289 681 3607 736 societatem
3629 678 3871 748 patiens,

2277 783 2334 830 et
2383 775 2451 829 ab
2501 773 2773 838 omnibus,
2798 771 2993 841 quibus
3044 769 3257 824 auditus
3300 776 3412 831 est,
3463 777 3524 822 et
3587 768 3777 831 visus,
3820 777 3874 821 et

2277 865 2528 937 cognitus
2552 875 2654 930 est,
2683 874 2737 919 et
2773 880 2876 918 non
2919 862 3168 933 cognitus
3213 869 3318 925 est,
3366 858 3479 915 Deo
3515 859 3873 928 acceptabilis

2277 970 2398 1012 esse
2427 964 2480 1010 et
2509 955 2721 1010 divinus
2763 952 3013 1007 laudator
3053 951 3342 1021 judicatus.
3388 949 3454 1003 Et
3489 949 3629 1018 quid
3666 949 3770 1002 tibi
3813 949 3877 1002 de

2278 1045 2381 1109 bis,
2412 1060 2552 1116 quae
2587 1044 2660 1098 ibi
2695 1041 2992 1112 theologicc
3017 1041 3190 1110 posita
3217 1049 3359 1103 sunt,
3393 1037 3618 1093 dicam?
3665 1037 3877 1092 Etenim

2276 1137 2323 1193 si
2345 1151 2452 1191 non
2472 1146 2527 1190 et
2548 1151 2578 1189 a
2600 1134 2803 1204 meipso
2827 1133 3132 1201 eloquerer,
3155 1144 3314 1200 saepe
3333 1129 3449 1185 scio
3477 1144 3511 1183 a
3543 1141 3598 1184 te
3616 1139 3679 1184 et
3700 1137 3878 1198 partes

2277 1226 2538 1296 quasdam
2570 1224 2871 1279 divinarum
2913 1223 3121 1277 illarum
3152 1221 3576 1294 hymnodiarum
3622 1222 3873 1274 audiens.

2277 1317 2370 1374 Sic
2411 1317 2505 1373 tibi
2536 1316 2730 1373 festino
2757 1332 2825 1372 ex
2852 1324 3041 1386 parato
3070 1314 3247 1369 divina
3273 1312 3549 1382 persequi.
3586 1311 3667 1366 Et
3699 1323 3762 1364 ut
3805 1313 3870 1365 ibi

2277 1409 2528 1481 mystica,
2553 1415 2607 1462 et
2635 1413 2692 1460 ut
2723 1405 2903 1460 multis
2942 1401 3248 1468 ineﬁ'ahilia,
3280 1411 3334 1457 et
3365 1411 3424 1456 ut
3459 1401 3760 1472 incognita
3789 1403 3876 1456 tibi

2277 1498 2669 1568 relinquamus,
2703 1497 2818 1566 ipse
2845 1494 3028 1550 multis
3054 1508 3184 1550 usus
3210 1501 3326 1548 erat
3359 1493 3808 1554 communicare,
3828 1503 3879 1547 et

2275 1598 2506 1660 quantos
2535 1597 2746 1660 poterat
2772 1588 2824 1642 in
2848 1597 2990 1650 eam,
3011 1601 3150 1656 quae
3179 1585 3477 1640 secundum
3524 1599 3636 1640 nos
3664 1596 3774 1647 est,
3797 1601 3879 1639 sa-

2277 1697 2426 1737 cram
2467 1681 2748 1736 scientiam
2794 1679 3064 1733 adducere
3085 1719 3100 1744 ,
3131 1678 3400 1746 quomodo
3427 1677 3880 1747 supereminebat

2203 1776 2253 1836 B
2279 1771 2476 1828 multos
2519 1780 2830 1827 sanctorum
2862 1769 3242 1840 magistrorum
3275 1777 3330 1823 et
3380 1770 3664 1838 temporis
3713 1784 3872 1830 mora,

2279 1873 2336 1920 et
2382 1863 2579 1918 mentis
2636 1861 2893 1934 puritate,
2947 1871 3002 1916 et
3050 1862 3421 1916 ostensionum
3478 1862 3793 1932 diligentia,
3832 1874 3881 1916 et

2281 1955 2486 2012 ceteris
2532 1954 2704 2010 sacris
2746 1951 3102 2008 orationibus.
3153 1951 3339 2022 Itaque
3386 1967 3750 2022 neqmquam
3797 1953 3880 2004 ali-

2281 2047 2498 2117 quando
2527 2047 2594 2101 ad
2638 2045 2718 2100 sic
2757 2059 3012 2115 magnum
3064 2042 3231 2098 solem
3272 2044 3678 2098 contradicere
3712 2046 3876 2097 conati

2281 2153 2545 2194 essemus.
2602 2135 2692 2191 Sic
2747 2135 2891 2189 enim
2946 2134 3300 2203 nosmetipsos
3375 2134 3775 2188 constituimus
3831 2145 3878 2189 et

2283 2231 2660 2302 cognovimus,
2695 2236 2755 2282 ut
2781 2242 2955 2298 neque
3001 2224 3326 2281 sufficienter
3352 2225 3678 2295 intelligere
3711 2224 3878 2278 invisi-

2283 2321 2411 2376 bilia
2459 2319 2638 2374 divina
2670 2318 2968 2388 capiamus,
3014 2330 3188 2386 neque
3234 2323 3293 2368 ut
3339 2313 3654 2369 ineffabilia
3684 2314 3880 2368 divinae

2285 2411 2608 2481 cognitionis
2650 2408 2808 2464 liceat
2840 2408 3019 2463 dicere
3047 2413 3103 2460 et
3142 2417 3438 2476 exponere.
3485 2403 3689 2475 Longe
3716 2413 3876 2458 autem

2286 2503 2599 2568 existentes,
2625 2501 2924 2556 deserimur
2949 2489 3253 2553 divinorum
3277 2495 3526 2552 virorum
3550 2497 3613 2551 iu
3633 2497 3876 2568 theologi-

2287 2611 2407 2650 cam
2431 2595 2712 2650 veritatem
2736 2593 2988 2658 scientia,
3007 2591 3132 2660 quia
3147 2591 3369 2646 omnino
3388 2589 3565 2644 etiam
3595 2591 3654 2643 in
3675 2591 3776 2645 hoc
3798 2605 3881 2659 per

2289 2685 2652 2740 abundantem
2676 2675 2924 2738 'timorem
2945 2680 3212 2744 venimus,
3243 2693 3421 2750 neque
3443 2678 3689 2734 omnino
3709 2679 3881 2733 audire

2289 2787 2382 2832 aut
2414 2777 2593 2832 dicere
2623 2775 2749 2846 quid
2781 2779 2848 2830 de
2871 2774 3048 2829 divina
3072 2771 3433 2843 phiIOSOpbia,
3461 2771 3509 2826 si
3534 2787 3655 2828 non
3698 2787 3879 2826 secun-

2290 2870 2417 2926 dtnn
2469 2869 2801 2925 intellectum
2854 2866 3214 2938 percepimus.
3245 2862 3337 2919 Sic
3363 2879 3475 2920 non
3504 2873 3733 2934 oportet
3776 2879 3883 2918 sus-

2290 2960 2589 3033 ceptionem
2647 2961 2952 3016 divinarum
3022 2957 3390 3029 cognitionum
3465 2956 3776 3028 negligere.
3826 2955 3883 3008 Et

2293 3054 2397 3110 hoc
2424 3068 2521 3108 nos
2547 3052 2849 3107 docuerunt
2877 3066 2982 3105 non
3023 3048 3197 3104 solum
3233 3047 3386 3117 juxta
3421 3057 3688 3102 naturam
3727 3062 3881 3116 appe-

598 3141 942 3209 magistrum.
975 3139 1080 3203 his,
1114 3138 1204 3208 qui
1237 3153 1398 3208 super
1427 3137 1626 3193 multos
1656 3147 2184 3207 suumsegregamus.
2215 3136 2261 3201 C
2291 3146 2423 3200 titus
2461 3144 2764 3199 animorum
2811 3141 3115 3198 amabiliter
3141 3155 3358 3211 semper
3391 3139 3610 3203 dulces,
3642 3138 3881 3208 adjuncta

596 3230 763 3286 veluti
795 3228 1058 3300 quaedam
1083 3228 1316 3285 secunda
1342 3229 1574 3299 eloquia,
1607 3238 1660 3283 et
1691 3227 1800 3283 Deo
1827 3238 2017 3282 unctos
2057 3243 2187 3284 eon-

599 3328 936 3391 sequentem.
969 3320 1062 3374 His
1102 3329 1279 3374 autem
1299 3360 1313 3385 ,
1342 3321 1432 3390 qui
1463 3319 1752 3374 secundum
1776 3334 1874 3374 nos
1898 3327 2037 3382 sunt,
2064 3334 2189 3388 pro-

599 3414 982 3487 portionaliter
1027 3413 1180 3468 nobis
1227 3427 1322 3466 nos
1374 3413 1550 3466 divina
1599 3413 1892 3466 trademus.
1940 3409 1997 3464 Si
2041 3411 2186 3464 enim

599 3505 974 3576 perfectorum'
996 3511 1081 3559 est
1106 3503 1274 3558 solida
1301 3519 1424 3559 esca
1453 3515 1501 3569 II,
1527 3503 1617 3556 tali
1651 3518 1744 3557 esu
1773 3502 1910 3556 alius
1949 3511 2187 3571 quantae

603 3596 767 3651 fuerit
794 3595 1176 3666 perfectionis?
1225 3595 1391 3651 Recte
1437 3596 1600 3662 igitur
1627 3611 1657 3650 a
1693 3596 1847 3650 nobis
1889 3605 1944 3650 et
1990 3609 2187 3650 conve-

603 3685 944 3740 nientissime
1000 3685 1100 3740 hoc
1144 3686 1345 3740 dictum
1396 3694 1498 3745 est,
1549 3700 1643 3755 per
1695 3685 1925 3755 seipsam
1973 3685 2188 3754 quidem

603 3777 1078 3846 contemplativam
1127 3776 1475 3832 invisibilium
1524 3776 1860 3847 cloquiorum
1903 3776 2187 3840 visionem,

603 3877 662 3924 et
690 3868 1092 3939 conspectivam
1124 3885 1308 3924 eorum
1333 3869 1652 3936 doctrinam,
1683 3869 2014 3925 honorabilis
2046 3869 2189 3922 indi-

607 3973 736 4031 gere
770 3959 1020 4025 virtutis;
1069 3960 1122 4014 in
1189 3960 1291 4016 hoc
1341 3969 1521 4016 autem
1566 3960 1851 4016 ferentium
1904 3962 2191 4015 verborum

607 4051 888 4105 scientiam
921 4060 977 4106 et
1011 4051 1348 4121 disciplinam
1382 4053 1680 4107 minoribus
1705 4052 1912 4107 devotis
1933 4060 1989 4105 ct
2011 4066 2194 4106 sacra-

612 4141 684 4196 tis
727 4141 1037 4197 convenire.
1079 4142 1244 4211 Atqui
1291 4151 1346 4197 et
1381 4142 1482 4198 hoc
1535 4143 1690 4198 nobis
1719 4143 2060 4197 observatum
2114 4150 2195 4196 est

610 4234 769 4290 valde
797 4235 1088 4291 modulose.
1139 4234 1323 4305 Itaque
1373 4235 1490 4304 ipso
1542 4235 1724 4290 divino
1759 4234 1893 4289 duce
1923 4233 2072 4302 juxta
2104 4250 2200 4287 ex-

609 4327 943 4398 pressionem
1003 4326 1232 4380 lucidam
1294 4327 1429 4380 bene
1486 4325 1754 4389 discretis,
1807 4325 1934 4379 nihil
1976 4325 2196 4377 omnino

615 4415 998 4486 injungendum
1035 4431 1269 4485 unquam
1301 4417 1366 4470 ad
1392 4416 1734 4486 tautologiam
1764 4417 1814 4469 in
1851 4416 2108 4485 propositi
2132 4415 2198 4468 ab

611 4521 678 4561 eo
706 4506 900 4572 eloquii
931 4506 1380 4576 explanationem.
1417 4505 1678 4572 Quoniam
1706 4513 1757 4559 et
1779 4522 1901 4560 cum
1929 4507 2058 4576 ipsis
2087 4507 2196 4560 Deo
2229 4503 2277 4562 ι)

615 4595 1036 4665 acccptabilibus
1057 4598 1256 4652 nostris
1277 4598 1500 4651 summis
1514 4597 1884 4650 sacerdotibus
1898 4627 1965 4636 -—-
1981 4597 2196 4666 quando

616 4696 673 4740 ct
703 4703 820 4749 nos,
853 4697 910 4740 ut
939 4688 1274 4752 aestimatur,
1307 4698 1360 4743 et
1391 4697 1466 4752 tu,
1501 4699 1556 4743 et
1581 4689 1729 4743 mttlti
1767 4699 2074 4744 sanctorum
2102 4705 2197 4743 no—

617 4785 856 4831 strorum
913 4776 1138 4832 fratrum
1189 4779 1239 4832 in
1289 4779 1548 4834 visionem
1593 4780 1754 4833 vitam
1802 4781 2104 4857 inclioantis
2145 4789 2199 4835 et

621 4875 791 4929 Deum
836 4873 1140 4943 recipientis
1180 4876 1423 4944 corporis
1465 4875 1814 4930 convenimus
1839 4877 2070 4940 ;_adcrat
2107 4891 2201 4926 au-

620 4972 731 5019 tem
762 4972 817 5018 et
861 4963 952 5017 Dei
1000 4963 1166 5018 frater
1192 4963 1443 5031 Iacobus,
1479 4977 1532 5022 et
1563 4966 1750 5021 Petrus
1778 4977 1958 5020 vertex
2005 4975 2057 5020 et
2099 4967 2196 5020 ho-

621 5056 1016 5111 norabilissima
1051 5057 1414 5128 theologorum
1446 5058 1760 5113 summitas:
1790 5059 1980 5112 deinde
2004 5057 2200 5126 placuit

622 5157 746 5219 post
794 5147 1056 5202 visionem
1118 5147 1338 5202 laudare
1383 5162 1624 5202 summos
1673 5147 1982 5202 sacerdotes
2043 5144 2203 5200 simul

624 5254 832 5306 omnes,
859 5239 1125 5310 quomodo
1156 5239 1523 5310 unusquisque
1553 5247 1672 5295 erat
1701 5238 1944 5301 idoneus,
1974 5236 2200 5291 multum

2291 3235 2779 3306 supernaturalium
2807 3232 3277 3304 contemplatione,
3303 3233 3398 3287 sed
3429 3239 3485 3287 et
3522 3232 3649 3301 ipsa
3681 3230 3884 3284 divina-

2290 3343 2410 3382 rum
2459 3326 2635 3398 legum
2683 3326 2896 3398 egregia
2951 3323 3228 3394 dispositio
3269 3341 3280 3377 :
3327 3337 3390 3378 ea
3449 3322 3696 3392 quidem,
3755 3337 3884 3392 quae

2290 3432 2453 3488 super
2485 3432 2586 3470 nos
2613 3425 2759 3481 sunt,
2791 3414 3064 3484 depellens
3087 3411 3313 3468 multum
3340 3411 3602 3475 actitare,
3633 3419 3691 3466 et
3721 3423 3782 3464 ut
3803 3428 3888 3465 suo

2291 3523 2390 3577 per
2434 3507 2771 3576 dignitatem,
2813 3514 2864 3560 et
2902 3513 2961 3559 ut
3007 3502 3356 3575 impossibilia
3398 3519 3412 3554 :
3447 3503 3639 3556 omnia
3687 3511 3883 3560 autem.

2291 3611 2643 3666 quaecunque
2669 3612 2699 3648 a
2729 3595 2884 3650 nobis
2905 3603 3233 3664 appetuntur
3263 3602 3318 3647 et
3346 3594 3652 3656 donantur,
3681 3593 3886 3646 discere

2293 3699 2499 3742 attente
2532 3689 2822 3757 imperans,
2855 3694 2910 3740 et
2939 3685 3059 3740 aliis
3087 3685 3345 3740 divinitus
3378 3683 3623 3738 tradere.
3670 3683 3772 3738 His
3796 3685 3886 3752 igic

2296 3789 2385 3835 tur
2409 3789 2464 3834 et
2493 3794 2588 3833 nos
2611 3778 2780 3843 suasi,
2810 3786 2863 3832 et
2891 3776 2958 3831 ad
2994 3775 3300 3845 possibilem
3342 3775 3656 3829 divinorum
3704 3774 3886 3828 inreu-

2298 3869 2496 3924 tionem
2527 3868 2833 3922 laborantes
2853 3877 2945 3920 aut
2969 3865 3338 3926 formidantes,
3370 3865 3467 3918 sed
3489 3874 3547 3918 et
3571 3880 3684 3918 non
3709 3864 3884 3918 valen—

2298 3969 2377 4014 tes
2430 3960 2483 4014 in
2538 3969 2780 4014 nostrum
2826 3957 3047 4012 meliora
3078 3957 3342 4025 aspicere,
3396 3953 3680 4025 inadjutos
3733 3957 3889 4010 relin-

2297 4067 2464 4122 quere
2503 4066 2608 4105 non
2637 4051 2987 4113 sustinentes,
3037 4049 3090 4102 in
3145 4046 3603 4102 ronscribendum
3655 4059 3886 4102 nosmet.

2299 4147 2443 4216 ipsos
2481 4145 2849 4216 perduximus,
2881 4139 3078 4197 novum
3123 4142 3339 4212 quidem
3374 4142 3507 4197 nihil
3544 4144 3886 4199 introducere

2298 4239 2578 4304 audentes,
2624 4235 2993 4291 subtilioribus
3041 4243 3224 4290 autem
3263 4244 3318 4290 et
3361 4238 3664 4289 secundum
3714 4248 3888 4307 partes

2299 4331 2538 4399 singulas
2605 4329 3154 4398 interrogationibus,
3209 4343 3349 4398 quae
3405 4327 3696 4398 praeclare
3753 4332 3884 4383 dicta

2300 4433 2428 4478 sunt
2459 4438 2582 4476 vere
2611 4424 2678 4477 ab
2711 4422 2978 4486 lerotbeo,
3011 4421 3378 4476 discernentes
3403 4429 3457 4475 et
3492 4422 3883 4492 exprimentes.

2829 4551 3224 4610 CAPITULUM
3264 4553 3349 4609 iV.

2303 4685 2377 4740 De
2399 4703 2428 4739 0
2466 4688 2613 4750 timo,
2638 4687 2855 4751 lumine,
2887 4687 3039 4750 bono,
3067 4702 3264 4750 amore,
3290 4685 3510 4749 exslasi,
3541 4684 3677 4748 zelo,
3708 4695 3758 4739 et
3778 4687 3886 4754 qui

2373 4757 2570 4836 nudum
2603 4773 2764 4881 yzeque
2794 4754 2866 4819 ὅν,
2909 4772 3072 4827 neque
3098 4772 3162 4810 ea:
3189 4773 3280 4824 eo,
3327 4758 3465 4828 quod
3504 4767 3607 4820 est,
3653 4760 3886 4826 atquein

2373 4837 2613 4881 existent:
2656 4845 2735 4881 us.

2373 4837 2735 4882 existentibus.

2379 4955 2436 5012 Si
2465 4957 2802 5012 commodum
2827 4973 2976 5028 ergo,
3004 4958 3056 5011 in
3084 4973 3202 5013 eam
3227 4957 3338 5028 jam
3365 4971 3619 5013 sermone
3656 4959 3882 5012 divinam

2308 5051 2733 5106 nominationem
2767 5051 3080 5113 redeamus,
3112 5065 3272 5118 quam
3303 5058 3508 5104 remote
3541 5048 3779 5117 theologi
3805 5064 3885 5101 su-

2309 5143 2621 5214 perdivinae
2647 5140 2836 5195 deitati
2881 5141 2948 5195 ab
2975 5141 3226 5195 omnibus
3261 5147 3570 5210 segregant,
3603 5139 3804 5209 ipsam,
3839 5147 3886 5189 ut

2311 5235 2566 5299 arbitror,
2599 5234 2838 5290 divinam
2877 5233 3284 5289 subsistentiam
3311 5235 3332 5264 ³
3362 5233 3669 5289 bonitatem
3712 5233 3861 5287 dicen

1906 5373 2161 5430 VARIAE
2195 5368 2595 5428 LECTIONES.

705 5495 722 5526 ⁸
759 5494 848 5549 ΑΕ
882 5495 937 5548 in
970 5506 1176 5550 tantum
1206 5503 1298 5550 aut
1327 5495 1532 5549 insania
1565 5501 1653 5548 aut
1689 5493 1932 5548 stultitia.
2009 5492 2032 5524 ³
2070 5488 2174 5544 BH-
2196 5486 2573 5554 substantiam.

592 5703 608 5770 ί
706 5718 731 5749 ι
773 5703 934 5760 Hebr.
977 5702 1042 5757 ν.

555 5771 598 5851 ί
1877 5814 2023 5830 ,,ωη
2110 5817 2230 5829 .ακ

2143 5580 2389 5656 NOTAE.
