4008 6286
99 289 240 351 “29

740 299 990 366 VERSIO
1028 307 1316 370 OPERUM
1355 310 1414 370 S.
1453 293 1884 394 DiONYSlIf—L
1921 322 2010 382 DE
2046 324 2295 385 DIVINIS
2329 326 2720 388 NOMINIBUS.

3225 330 3366 392 “30

97 416 204 473 tes,
227 413 282 461 et
307 408 436 516 quia
468 412 751 524 existendo
775 421 1039 490 optimum
1065 463 1081 490 ,
1131 433 1191 479 ut
1215 427 1503 483 essentiale
1538 432 1682 501 opti-
1711 436 1765 496 Α
1789 446 2043 506 cooperta
2065 439 2254 494 vivunt
2274 447 2330 496 et
2356 441 2572 511 obruta,
2593 454 2647 499 et
2677 441 2993 529 simpliciter
3011 461 3367 520 quaecunque

91 519 279 567 unum,
335 505 388 560 in
433 509 640 577 omnia,
671 526 810 582 quae
857 525 1013 585 sunt,
1064 520 1307 576 extendit
1356 522 1673 580 bonitatem.

93 594 307 651 Etenim
333 599 475 654 sicut
495 603 710 672 quidem
742 608 834 677 qui
864 611 1161 667 secundum
1188 628 1289 669 nos
1318 624 1404 670 est
1439 615 1542 681 sol,
1570 633 1677 673 non

89 687 340 756 cogitans
388 698 482 744 aut
539 694 907 764 praeeligens,
962 699 1059 754 sed
1115 713 1182 756 eo
1233 716 1353 757 esse
1411 703 1680 759 illuminat

87 779 293 844 omnia,
338 795 477 850 quae
502 786 827 857 participare
864 789 1043 847 lumen
1074 791 1189 862 ejus
1224 797 1520 850 secundum
1550 811 1678 867 pro-

89 868 271 959 priam
299 873 538 940 potentia
568 886 693 932 sunt
726 879 1014 948 rationem,
1037 883 1118 938 sic
1145 892 1198 939 et
1227 885 1492 956 optimum
1519 902 1683 959 super

89 957 306 1026 solem,
356 971 416 1017 ut
446 979 608 1034 super
658 968 948 1027 obscuram
997 974 1288 1046 imaginem
1354 957 1685 1035 excellenter

89 1049 394 1120 principale
445 1059 793 1136 exemplum,
850 1062 952 1133 ipsi
996 1065 1380 1123 subsistentiae
1431 1068 1684 1126 omnibus

91 1148 456 1208 existentibus
478 1158 955 1226 proportionaliter
975 1163 1309 1232 supermittit
1339 1165 1504 1221 totius
1530 1148 1688 1221 boni-

91 1237 235 1293 tatis
257 1240 457 1296 radios.
497 1244 603 1300 Per
617 1260 755 1317 quos
770 1249 1067 1307 subsistere
1083 1253 1383 1310 invisibiles
1407 1264 1462 1311 et
1477 1255 1688 1312 intelle-

97 1331 306 1387 ctuales
327 1347 540 1402 omnes,
557 1340 913 1408 etessentiae,
937 1345 1254 1412 etvirtutes,
1271 1355 1325 1401 et
1345 1347 1688 1422 operationes

89 1437 199 1494 per
224 1438 317 1480 eos
364 1437 512 1492 sunt,
559 1436 613 1482 et
655 1431 821 1486 vitam
866 1433 1066 1489 habent
1109 1450 1216 1490 non
1266 1437 1603 1493 deiicientem
1633 1448 1692 1495 et

86 1528 207 1568 non
255 1516 613 1585 minoratam,
665 1524 812 1578 omni
871 1528 1221 1596 corruptione
1293 1538 1350 1584 et
1397 1541 1570 1585 morte
1635 1540 1692 1586 et

90 1605 325 1660 materia
357 1615 413 1662 et
464 1612 810 1679 generatione
871 1626 1162 1686 purgatae,
1229 1627 1285 1673 et
1344 1619 1598 1675 instantia
1638 1629 1692 1676 et

89 1691 244 1749 ﬂuxu
309 1705 365 1753 et
407 1699 552 1754 aliud
609 1702 770 1756 aliter
814 1702 1021 1760 ferente
1071 1707 1433 1764 mutabilitate
1476 1726 1688 1766 sursum

1781 527 2094 583 sensibilem
2125 530 2325 587 habent
2352 534 2587 588 animam
2614 546 2707 590 aut
2733 527 2918 602 vitam,
2948 548 3003 594 et
3024 539 3158 594 haec
3185 542 3365 595 omnia

1780 634 1880 692 per
1907 621 2172 691 optimum
2203 624 2516 680 animantur
2545 635 2601 681 et
2633 628 2997 685 viviﬁcantur.
3026 630 3094 685 Et
3122 631 3367 702 germina

1782 710 1964 764 omnia
2022 712 2339 767 nutritivam
2389 723 2445 769 et
2495 717 2754 771 motivam
2812 718 3010 774 habent
3069 719 3236 774 vitam
3297 734 3368 775 ex

1782 801 2008 870 optimo,
2048 811 2104 857 et
2130 817 2488 874 quaecunque
2529 805 2599 860 sit
2626 807 2936 864 inanimalis
2963 816 3017 864 et
3052 823 3158 864 non
3186 808 3370 866 vitalis

1784 891 2042 958 essentia,
2070 907 2169 962 per
2195 895 2458 964 optimum
2477 905 2579 962 est,
2606 905 2660 953 et
2702 913 2799 968 per
2825 899 2999 968 ipsum
3023 899 3371 956 essentialem

1783 982 2027 1040 habitum
2054 987 2264 1042 sortita.
2294 986 2349 1043 Si
2377 997 2557 1044 autem
2587 999 2641 1045 et
2670 1007 2833 1062 super
2872 991 3055 1048 omnia
3083 993 3373 1052 existentia

1785 1083 1892 1139 est,
1921 1078 2190 1147 quomodo
2213 1077 2376 1148 igitur
2396 1086 2476 1134 est
2498 1080 2794 1150 optimum?
2825 1082 2890 1136 Et
2918 1082 3148 1140 informe
3175 1083 3368 1139 formi-

1789 1164 1954 1231 ficat,
2022 1175 2077 1220 et
2137 1167 2191 1222 in
2261 1182 2320 1223 se
2382 1169 2496 1224 solo
2571 1185 2677 1225 non
2737 1172 3026 1228 essentiale
3101 1174 3376 1231 essentiae

1789 1257 2142 1323 excellentia,
2193 1269 2384 1315 etnon
2431 1262 2621 1318 vivens
2673 1278 2936 1334 superans
2989 1265 3119 1331 vita,
3167 1273 3225 1321 et
3268 1280 3380 1322 non

1790 1345 2098 1418 intelligens
2151 1364 2418 1418 superans
2475 1352 2777 1422 sapientia,
2814 1363 2870 1408 et
2919 1369 3275 1425 quaecunque
3322 1354 3380 1409 in

1790 1438 1996 1507 optimo
2044 1439 2355 1495 informium
2412 1451 2537 1496 sunt
2591 1442 3042 1514 supereminentis
3100 1441 3380 1513 specifica-

1794 1530 1975 1585 tionis.
2010 1530 2077 1586 Et
2098 1532 2140 1585 si
2159 1529 2363 1599 justum
2393 1533 2593 1600 dicere,
2623 1533 2886 1604 optimum
2914 1533 3057 1602 quod
3083 1541 3186 1597 est,
3212 1546 3378 1602 super

1793 1622 1976 1677 omnia
2010 1622 2356 1678 existentiaet
2380 1624 2452 1688 id,
2489 1625 2632 1693 quod
2661 1641 2767 1680 nou
2805 1623 2883 1690 ὅν,
2915 1625 3139 1694 appetit,
3168 1633 3221 1677 et
3242 1637 3378 1678 con-

1795 1713 1965 1767 tendit
2021 1713 2290 1782 quomodo
2341 1715 2393 1768 in
2453 1717 2658 1785 optimo
2689 1725 2746 1772 et
2797 1717 2896 1770 hoc
2951 1730 3070 1770 esse
3127 1723 3250 1770 ente
3288 1729 3385 1769 su-

88 1787 330 1857 positae,
383 1798 439 1845 et
489 1792 895 1863 incorporales,
948 1806 1004 1851 et
1054 1798 1442 1854 immateriales
1499 1801 1693 1856 intelli-
1721 1800 1770 1862 B
1797 1803 2166 1873 peressentiali
2199 1804 2356 1874 juxta
2396 1806 2639 1859 onmium
2687 1806 3036 1859 ablationem.
3083 1802 3189 1860 Sed
3237 1802 3383 1874 quod

101 1887 332 1946 guntur,
362 1890 418 1935 et
460 1891 520 1936 ut
551 1883 857 1942 intellectus
888 1891 1328 1958 supermundane
1359 1891 1696 1975 intelligunt,

92 1981 153 2024 et
200 1972 549 2028 existentium
614 1979 832 2049 proprie
899 1979 1275 2038 illuminantur
1329 1984 1600 2053 rationes,
1644 1972 1701 2043 et

92 2062 298 2119 iterum
325 2065 378 2119 in
408 2081 656 2138 cognata,
688 2084 827 2139 quae
860 2073 1076 2142 propria
1126 2083 1271 2138 sunt,
1326 2075 1597 2134 deferunt.
1633 2080 1701 2135 Et

93 2155 490 2214 habitationem
520 2175 586 2215 ex
631 2161 876 2220 bonitate
907 2165 1146 2232 habent,
1196 2176 1252 2223 et
1283 2167 1696 2227 fundamentum

91 2249 182 2306 eis
210 2250 335 2305 inde
380 2261 482 2317 est,
511 2262 565 2308 et
593 2255 952 2324 continentia,
983 2267 1040 2314 et
1077 2261 1318 2316 custodia
1339 2303 1354 2328 ,
1385 2272 1440 2318 et
1469 2263 1694 2321 refectio

92 2338 390 2407 bonorum,
432 2351 487 2396 et
507 2343 624 2414 ejus
651 2357 1002 2416 appetentes,
1035 2357 1089 2403 ct
1118 2364 1264 2416 esse,
1309 2362 1365 2407 et
1392 2353 1531 2409 bene
1575 2370 1699 2412 esse

96 2431 325 2499 habent,
355 2443 409 2487 et
431 2435 496 2489 ad
523 2451 673 2502 eam,
702 2447 760 2493 nt
788 2440 1069 2508 possibile,
1101 2441 1455 2511 reformatae,
1483 2454 1537 2501 et
1561 2447 1699 2503 bene

96 2518 446 2594 speciiicatac
476 2538 632 2593 sunt,
673 2539 728 2582 et
757 2529 872 2596 his,
906 2547 1044 2601 quae
1073 2541 1196 2603 post
1233 2549 1291 2589 se
1343 2545 1508 2602 sunt,
1550 2551 1700 2591 com-

97 2617 418 2683 municant,
473 2631 533 2675 ut
563 2620 744 2678 divina
786 2623 871 2679 lex
911 2627 1189 2697 suggerit,
1223 2626 1277 2680 in
1309 2641 1402 2683 eas
1448 2643 1514 2684 ex
1555 2630 1697 2686 bono

93 2709 496 2781 prodeuntibus
532 2714 707 2769 donis.
760 2715 890 2772 Inde
931 2718 1011 2774 eis
1061 2721 1406 2787 superornali
1436 2721 1654 2779 ordines
1679 2765 1695 2788 ,

97 2803 173 2857 ad
199 2818 259 2857 se
292 2803 437 2874 ipsas
461 2806 716 2873 unitates,
744 2808 887 2865 inter
915 2825 974 2866 se
1005 2810 1234 2867 invicem
1264 2812 1587 2879 locationes,
1617 2815 1696 2869 in-

97 2893 362 2951 confusae
413 2897 789 2966 discretiones,
846 2902 913 2957 ad
961 2903 1217 2959 meliores
1257 2905 1566 2961 reductivae
1598 2908 1731 2962 mir

99 2999 299 3041 norum
319 2986 568 3053 virtutes,
589 2989 735 3045 circa
758 2994 991 3048 secunda
1011 2995 1385 3063 providentiae
1409 2995 1695 3064 majorum,

96 3078 450 3148 propriarum
500 3081 925 3153 uniuscujusque
976 3085 1237 3140 virtutum
1291 3087 1597 3147 custodiae.
1641 3098 1696 3143 ct

100 3170 254 3225 circa
303 3184 394 3227 eas
439 3187 545 3227 non
597 3171 840 3229 labentes
896 3177 1163 3239 ambitus,
1199 3176 1344 3231 circa
1393 3179 1693 3248 appetitum
1725 3153 1770 3215 Ο

99 3258 299 3328 optimi
331 3261 798 3318 immutabilitates
833 3272 890 3319 et
919 3265 1302 3332 sublimitates,
1344 3275 1399 3321 et
1427 3283 1698 3336 quaecun-

102 3367 216 3422 que
255 3352 359 3408 alia
401 3354 544 3410 dicta
577 3365 701 3410 sunt
733 3371 763 3410 a
795 3357 949 3413 nobis
984 3359 1035 3412 in
1082 3374 1147 3413 eo
1192 3361 1257 3414 de
1289 3359 1548 3429 angelicis
1576 3376 1700 3430 pro-

100 3445 437 3516 prietatibus
485 3459 540 3502 et
590 3449 1048 3506 ordinationibus.
1077 3451 1182 3506 Sed
1215 3462 1271 3505 et
1299 3452 1315 3483 ¹
1343 3466 1700 3522 quaecunque

102 3536 282 3607 ipsius
294 3537 542 3595 caelestis
556 3540 854 3596 ierarchiae
869 3549 995 3597 sunt
1009 3542 1283 3613 angelicae
1299 3545 1696 3613 mundationes,

103 3635 171 3682 et
218 3631 638 3698 supermundani
685 3630 1058 3697 lucidncatus,
1113 3642 1166 3687 et
1207 3636 1701 3692 consummationes

108 3719 285 3775 totius
315 3719 592 3792 angelicae
622 3722 994 3794 perfectionis,
1017 3739 1082 3777 ex
1106 3723 1477 3778 causalissima
1505 3733 1560 3778 et
1585 3723 1701 3778 fon-

101 3809 213 3867 tali
241 3821 365 3866 sunt
394 3812 656 3879 bonitate,
687 3829 753 3870 ex
801 3830 906 3884 qua
953 3823 1008 3869 ct
1054 3814 1315 3869 deiforme
1337 3815 1416 3868 eis
1443 3815 1702 3871 donatum

103 3911 223 3970 est,
271 3914 326 3960 et
367 3905 582 3962 elucere
631 3907 685 3961 in
736 3909 814 3963 eis
839 3907 1107 3962 occultam
1141 3908 1470 3974 bonitatem,
1501 3918 1556 3964 et
1583 3923 1703 3966 esse

105 3997 338 4068 angelos
370 4007 623 4070 tanquam
676 4001 1048 4056 enuntiatores
1083 3999 1250 4054 divini
1300 4001 1535 4066 silentii,
1569 4009 1705 4056 etut

106 4088 410 4143 luminaria
454 4089 603 4146 clara
641 4092 692 4145 in
739 4092 912 4164 adytis
958 4093 1244 4149 existentis
1293 4093 1704 4162 interpretativa

103 4181 468 4250 praemissos.
503 4181 610 4237 Sed
645 4191 702 4238 et
731 4193 851 4254 post
890 4183 1011 4239 illos
1057 4199 1243 4239 sacros
1271 4193 1327 4240 et
1366 4194 1583 4241 sanctos
1623 4186 1706 4240 in-

108 4267 399 4335 tellectus,
447 4272 662 4327 animae
713 4282 769 4327 et
820 4289 1178 4344 quaecunque
1224 4284 1350 4330 sunt
1399 4276 1703 4331 animarum

104 4360 293 4427 bona,
342 4378 440 4432 per
469 4378 679 4419 summe
735 4367 994 4436 Optimam
1034 4376 1160 4422 sunt
1204 4368 1523 4434 bonitatem,
1556 4385 1707 4423 ama-

107 4453 286 4509 trices
313 4470 407 4511 eas
432 4470 554 4512 esse
579 4457 810 4512 habendi
839 4460 1182 4515 essentialem
1211 4461 1399 4525 vitam,
1424 4460 1706 4516 insolubile

110 4548 300 4617 ipsum
331 4564 470 4614 esse,
503 4559 556 4604 et
588 4564 748 4620 posse
776 4552 841 4606 ad
868 4553 1141 4624 angelicas
1174 4555 1407 4609 intentas
1435 4556 1573 4610 vitas
1606 4571 1703 4625 per

111 4654 217 4696 eas
253 4646 314 4693 ut
350 4641 582 4709 optimas
623 4642 913 4709 dnctrices,
974 4645 1026 4698 in
1080 4647 1321 4700 omnium
1374 4646 1700 4716 optimorum

113 4729 424 4786 bonitatem
451 4733 801 4804 principalem
833 4735 1019 4790 reduci
1046 4777 1060 4800 ,
1098 4746 1153 4791 et
1183 4737 1306 4791 inde
1331 4737 1702 4791 emanantium

113 4822 582 4880 illuminationum
639 4827 691 4880 in
738 4826 1154 4897 participatione
1201 4829 1353 4893 ﬁeri,
1409 4829 1705 4883 secundum

117 4933 282 4972 suam
316 4918 615 4988 analogiam
644 4928 700 4973 et
727 4919 1109 4976 deiformitalis
1136 4920 1479 4975 donationem
1500 4961 1512 4985 ,
1543 4936 1710 4990 quae-

119 5025 236 5082 que
265 5011 434 5066 virtus
465 5012 794 5082 participare
814 5056 827 5078 ,
875 5023 927 5066 et
957 5028 1312 5084 quaecunque
1339 5015 1443 5066 alia
1477 5029 1505 5068 a
1558 5014 1712 5069 nobis

117 5106 176 5160 in
197 5105 307 5168 his,
331 5121 467 5174 quae
488 5116 611 5160 sunt
635 5108 700 5161 de
715 5106 1016 5172 animabus,
1043 5116 1352 5162 enumerata
1368 5115 1511 5160 sunt.
1529 5105 1634 5162 Sed
1655 5117 1710 5160 et

120 5199 192 5252 de
229 5197 377 5266 ipsis,
401 5200 442 5252 si
469 5208 679 5270 oportet
707 5199 910 5264 dicere,
938 5197 1398 5254 irrationabilibus
1429 5197 1714 5253 anin‘iabus

122 5297 224 5345 aut
257 5290 600 5355 animalibus,
629 5307 983 5362 quaecunque
1023 5293 1147 5347 aéra
1192 5299 1409 5352 secant,
1449 5299 1503 5344 et
1543 5304 1711 5360 quae-

124 5396 349 5450 cunque
403 5383 454 5435 in
519 5391 660 5436 terra
714 5383 1072 5453 gradiuntur,
1130 5389 1184 5436 et
1241 5395 1594 5451 quaecunque
1660 5381 1713 5433 in

125 5483 341 5530 terram
379 5476 767 5540 extenduntur,
803 5485 861 5530 ct
897 5477 948 5529 in
979 5475 1134 5544 aquis
1164 5474 1331 5528 vitam
1373 5481 1466 5527 aut
1497 5473 1552 5526 in
1581 5471 1717 5525 mari

129 5575 189 5622 et
244 5565 297 5620 in
360 5574 504 5620 terra
560 5566 882 5634 sortientia,
938 5573 992 5622 et
1032 5578 1385 5634 quaecunque
1429 5563 1528 5615 sub
1575 5571 1720 5615 terra

1800 1891 2017 1962 quidem
2051 1908 2148 1948 nos
2175 1894 2227 1946 in
2265 1893 2441 1950 medio
2470 1896 2912 1965 praetermissum
2937 1893 3141 1966 effugit,
3173 1903 3228 1950 et
3261 1907 3386 1948 cae-

1800 1982 2018 2038 lestium
2050 1984 2354 2055 principum
2394 1995 2450 2041 et
2495 1986 2887 2042 sublimitatum
2909 2001 3070 2040 causa
3097 1985 3384 2055 optimum,

1801 2093 1910 2132 non
1966 2088 2127 2133 aucta
2175 2087 2232 2133 et
2263 2095 2367 2135 non
2401 2079 2630 2144 minuta,
2679 2088 2735 2134 et
2787 2079 3008 2133 omnino
3062 2074 3384 2132 immutabili

1799 2167 1988 2220 eadem
2034 2167 2352 2234 latitudine,
2389 2179 2446 2223 et
2478 2170 2921 2235 consonantium,
2951 2169 2996 2224 si
3047 2168 3127 2224 sic
3171 2174 3386 2237 oportet

1801 2258 2003 2326 dicere,
2045 2260 2279 2315 maxima
2303 2261 2523 2315 caelesti
2562 2262 2645 2316 via
2677 2270 2942 2326 motuum,
2988 2269 3042 2314 et
3071 2257 3383 2315 sideralium

1799 2349 2052 2404 ordinum
2081 2390 2095 2415 ,
2137 2358 2192 2404 et
2221 2351 2638 2406 decorositatum
2657 2392 2672 2417 ,
2700 2362 2755 2407 et
2790 2351 3050 2406 luminum
3072 2390 3085 2416 ,
3113 2359 3168 2405 et
3213 2348 3387 2404 collo-

1800 2442 2095 2504 cationum,
2120 2453 2174 2496 et
2195 2443 2527 2515 singularum
2546 2443 2820 2499 stellarum
2845 2442 3192 2515 permeabilis
3215 2439 3371 2495 multi

1800 2535 1991 2590 modae
2005 2534 2276 2595 motionis,
2293 2543 2345 2588 et
2367 2531 2499 2601 ejus,
2517 2550 2655 2604 quae
2670 2544 2756 2588 est
2772 2534 3000 2588 duorum
3018 2530 3390 2595 luminarium,

1798 2642 1937 2697 quae
1979 2625 2188 2696 eloquia
2236 2635 2432 2682 vocant
2478 2642 2669 2697 magna
2695 2666 2709 2692 ,
2745 2625 2813 2680 ab
2853 2627 3057 2681 eisdem
3088 2626 3140 2678 in
3196 2624 3390 2679 eadem

1799 2715 2253 2772 circummeabilis
2292 2716 2723 2780 rcvolubilitatis,
2753 2716 3044 2772 secundum
3073 2730 3212 2786 quae
3247 2713 3389 2785 apud

1798 2823 1900 2863 nos
1930 2807 2046 2863 dies
2089 2816 2145 2862 et
2191 2816 2379 2863 noctes
2422 2810 2778 2872 terminatae,
2829 2818 2884 2863 et
2913 2823 3125 2864 menses
3153 2815 3209 2862 et
3257 2806 3387 2861 anni

1800 2901 2116 2966 mensurati,
2159 2902 2434 2972 temporis,
2492 2912 2545 2957 et
2605 2917 2792 2957 eorum
2840 2917 2978 2971 quae
3037 2901 3090 2955 in
3141 2909 3385 2970 tempore

1800 3002 1941 3056 sunt.
1975 2991 2270 3048 circulares
2302 3001 2479 3050 motus
2519 3001 2840 3064 segregant,
2884 3002 2938 3048 et
2984 3001 3304 3058 numerant,
3335 2998 3392 3047 et

1801 3082 2080 3148 ordinant,
2112 3095 2167 3136 et
2197 3083 2502 3138 continent.
2535 3081 2673 3150 Quid
2704 3084 2748 3138 si
2777 3083 2900 3153 quis
2924 3083 3120 3139 dixerit
3158 3083 3223 3137 de
3269 3083 3390 3152 ipso

1802 3191 1900 3245 per
1934 3190 1992 3230 se
2015 3174 2174 3229 solari
2209 3175 2400 3229 radio?
2426 3175 2500 3229 Ex
2526 3176 2729 3246 optimo
2750 3177 2893 3231 enim
2923 3176 3101 3233 lmnen
3133 3186 3189 3231 et
3212 3177 3394 3248 imago

1802 3265 2076 3320 bonitatis.
2133 3265 2335 3320 Deinde
2385 3275 2440 3321 et
2499 3266 2737 3322 lucivoce
2785 3267 3035 3322 laudatur
3094 3268 3390 3338 optimum,

1802 3357 1950 3411 velut
1974 3359 2026 3412 in
2057 3359 2289 3426 imagine
2330 3358 2645 3429 principalis
2681 3359 2853 3416 forma
2899 3361 3263 3418 manifestata.
3296 3360 3392 3419 Sic

1805 3451 1950 3504 enim
2015 3452 2258 3505 omnium
2298 3452 2626 3507 summitatis
2656 3451 2838 3507 divina
2886 3453 3100 3508 bonitas
3141 3469 3170 3507 a
3218 3453 3394 3509 subli-

1805 3541 2059 3594 missimis
2091 3548 2147 3596 et
2194 3541 2442 3596 maximis
2486 3543 2735 3597 essentiis
2764 3559 2934 3613 usque
2983 3546 3049 3598 ad
3095 3544 3392 3599 novissima

1805 3633 2072 3702 pervenit,
2100 3639 2153 3686 et
2177 3633 2353 3687 adhuc
2375 3648 2538 3702 super
2564 3649 2752 3689 omnes
2777 3645 2883 3698 est,
2915 3649 3089 3704 neque
3115 3635 3220 3699 his,
3249 3649 3392 3705 quae

1805 3736 2019 3775 sursum
2047 3730 2192 3786 sunt,
2218 3721 2638 3791 anticipantibus
2655 3723 2772 3792 ejus
2791 3723 3189 3787 excellentiam,
3214 3737 3390 3792 neque

1807 3811 1890 3865 his
1927 3826 2066 3881 quae
2089 3813 2337 3867 deorsum
2371 3821 2512 3875 sunt,
2540 3814 2799 3866 ambitum
2829 3814 3350 3885 transgredientibus
3374 3830 3396 3880 ;

1807 3904 1901 3958 sed
1938 3912 1990 3957 et
2021 3902 2286 3956 illuminat
2329 3903 2568 3971 potentia
2594 3903 2805 3969 omnia,
2839 3913 3058 3973 etquae
3084 3919 3189 3959 non
3219 3912 3390 3970 sunt,

1807 3997 1956 4061 facit,
1980 4005 2036 4051 et
2058 3994 2316 4059 viviﬁcat,
2344 4004 2400 4049 et
2425 3995 2690 4060 continet,
2713 4005 2766 4050 et
2791 3995 3022 4066 perficit,
3053 4005 3109 4050 et
3141 4008 3394 4050 mensura

1806 4097 1890 4146 est
1915 4089 2281 4152 cxistentium,
2307 4097 2360 4142 et
2390 4088 2718 4152 aeternitas,
2747 4096 2801 4142 et
2830 4101 3107 4152 numerus,
3138 4094 3193 4140 et
3229 4086 3394 4154 ordo,

1807 4191 1862 4238 et
1890 4181 2145 4245 ambitus,
2180 4187 2233 4234 et
2262 4194 2446 4246 causa,
2490 4187 2545 4234 et
2591 4178 2733 4233 linis.
2762 4177 2852 4233 Sic
2881 4187 2936 4233 et
2977 4178 3190 4232 divinae
3238 4176 3397 4232 boni-

1810 4275 1940 4330 tatis
1967 4273 2326 4345 significativa
2361 4272 2565 4344 imago,
2600 4285 2828 4340 magnus
2865 4271 2954 4326 hic
2979 4278 3035 4325 et
3062 4269 3218 4340 plena
3245 4269 3392 4336 luce,

1809 4380 1862 4426 et
1911 4383 2124 4437 semper
2171 4365 2373 4421 lumine
2425 4365 2506 4420 sol
2563 4361 3135 4423 secundum'multam
3195 4376 3396 4417 conso-

1810 4463 2090 4526 nantiam,
2133 4470 2186 4516 ct
2237 4461 2420 4515 omnia
2466 4472 2820 4528 quaecunque
2885 4456 3208 4527 participare
3266 4470 3395 4510 eum

1807 4564 2073 4624 possunt,
2129 4551 2433 4614 illuminat,
2497 4557 2551 4604 ct
2610 4555 3050 4618 superextentum
3100 4546 3263 4600 habet
3316 4544 3399 4598 lu-

1805 4661 1927 4701 men
1956 4645 2007 4699 in
2041 4644 2220 4699 omnia
2242 4683 2256 4708 ,
2296 4640 2606 4712 expandens
2653 4638 2920 4694 visibilem
2942 4637 3200 4692 nnmdum
3231 4677 3245 4701 ,
3277 4652 3403 4691 sur-

1806 4750 2034 4804 sumque
2059 4743 2114 4789 et
2152 4735 2401 4788 deorsum
2439 4732 2777 4803 prepriorum
2801 4730 3076 4786 radiorum
3098 4728 3228 4785 clari
3240 4737 3396 4783 latest

1808 4827 1875 4880 Et
1917 4826 1961 4880 si
2009 4826 2136 4894 quid
2183 4840 2276 4879 eas
2317 4839 2419 4878 non
2469 4823 2796 4892 participat,
2850 4821 2954 4878 hoc
3007 4837 3113 4876 non
3165 4822 3402 4876 inﬁrmi-

1812 4917 1939 4971 tatis
1999 4927 2091 4970 aut
2140 4915 2421 4971 brevitatis
2491 4922 2575 4968 est
2645 4912 3036 4969 illuminativae
3098 4913 3219 4983 ejus
3285 4913 3403 4968 dis-

1812 5008 2138 5071 tributionis,
2182 5007 2273 5060 sed
2323 5022 2418 5074 per
2445 5004 2826 5074 assumptionis
2875 5003 3092 5060 luminis
3148 5003 3402 5074 inoppor-

1817 5099 2100 5154 tuuitatem
2148 5115 2250 5153 non
2293 5114 2640 5168 rcpansorum
2673 5099 2723 5152 in
2756 5095 2971 5153 lumi'nis
3025 5096 3398 5166 participatio-

1820 5206 1962 5244 nem.
2015 5189 2197 5258 ltaque
2227 5189 2392 5243 multa
2423 5189 2501 5244 sic
2531 5189 2842 5245 habentium
2895 5189 3077 5244 radius
3107 5187 3401 5252 transiens,

1821 5298 1957 5351 quae
1987 5291 2108 5350 post
2135 5281 2244 5345 illa,
2278 5279 2563 5346 illuminat,
2589 5290 2642 5336 et
2676 5279 2808 5334 nihil
2833 5289 2914 5334 est
2943 5277 3256 5342 visibilium,
3289 5291 3406 5347 quo

1823 5393 1927 5431 non
1956 5375 2245 5445 recipiatur
2275 5375 2564 5430 secundum
2614 5374 2860 5443 prepriae
2910 5371 3171 5427 claritatis
3210 5385 3401 5440 super-

1822 5468 2174 5524 excellentem
2204 5465 2645 5536 magnitudinem.
2673 5463 2780 5518 Sed
2808 5471 2864 5518 et
2906 5463 2972 5517 ad
2995 5461 3400 5534 generationem

1824 5560 2156 5615 sensibilium
2203 5573 2491 5630 corporum
2533 5555 2904 5623 committitur,
2954 5563 3007 5611 et
3043 5554 3111 5609 ad
3140 5554 3304 5609 vitam
3333 5568 3396 5610 ea

1414 5671 1669 5730 VARlAE
1701 5670 2103 5729 LECTIONES.

211 5773 229 5804 ¹
258 5783 306 5830 et
329 5788 438 5830 om.
469 5775 580 5832 ΑΕ.
