4008 6286
645 300 775 354 1151

2001 294 2290 375 mantus
2326 293 2523 351 scon

637 414 833 478 uiovet,
862 420 915 467 et
945 412 1132 481 nutrit,
1162 421 1216 467 et
1248 420 1427 482 auget,
1458 420 1511 466 et
1552 410 1788 481 perlicit,
1836 418 1890 465 et
1915 417 2128 481 purgat,
2155 418 2211 495 et
2238 414 2285 472 Α
2312 408 2836 480 superincumbendo
2859 448 2874 475 ,
2921 415 2977 467 et
3043 403 3362 479 simpliciter
3422 412 3671 495 metu,

637 512 883 570 renovat,
913 514 965 558 et
993 519 1244 558 mensura
1282 512 1385 566 est,
1415 511 1473 557 et
1508 518 1765 557 numerus
1794 503 2071 565 horarum,
2101 500 2215 555 die-
2262 498 2267 501 ⁴

637 610 781 659 rum,
808 602 861 649 et
893 596 1055 649 totius
1081 594 1375 649 secundum
1408 608 1505 648 nos
1531 593 1787 667 temporis
1811 582 1922 647 lux.
1952 592 2043 647 llla
2070 592 2215 646 enim

630 682 727 739 lux
753 691 856 750 est,
884 687 987 739 etsi
1025 694 1152 740 tunc
1180 683 1491 756 imperfecta
1521 694 1661 749 erat,
1701 700 1859 755 quam
1891 685 2106 755 quidem
2137 683 2218 761 di-

632 772 798 847 vinus
822 772 957 828 dixit
983 772 1196 844 Moyses
1211 784 1261 838 ι,
1299 783 1353 826 et
1375 773 1545 843 ipsam
1579 773 1725 827 illam
1762 772 2083 827 terminasse
2108 770 2218 849 pri-

628 864 783 939 ‘mam
822 865 1116 922 secundum
1152 880 1251 920 nos
1280 865 1488 941 dierum
1535 865 1850 920 trinitatem.
1901 864 1968 935 Et
1995 865 2071 920 sic
2100 863 2220 941 quif-

639 958 763 1031 dem
807 957 987 1013 omnia
1034 956 1105 1012 ad
1154 956 1496 1027 semetipsam
1546 957 1759 1011 bonitas
1807 956 2116 1021 convertit,
2166 961 2224 1028 et

637 1042 1007 1122 principaliter
1036 1036 1410 1121 congre'gatrix
1446 1057 1531 1104 est
1566 1050 1951 1120 dispersorum,
1983 1058 2041 1102 ut
2068 1047 2221 1128 prin:-

634 1140 829 1212 cipalis
862 1151 918 1198 et
952 1141 1149 1197 uniﬁca
1189 1144 1382 1210 deitas,
1414 1152 1469 1197 et
1496 1143 1675 1197 omnia
1716 1143 1910 1213 ipsam,
1941 1150 1999 1195 ut
2026 1141 2223 1211 princi-

638 1220 807 1304 pium,
841 1234 897 1289 ut
923 1218 1338 1300 continentiam,
1366 1242 1427 1288 ut
1455 1234 1617 1289 linem
1660 1242 1948 1304 appetunt,
1996 1240 2052 1287 et
2085 1229 2225 1307 optio

639 1318 787 1379 mum
817 1331 922 1389 est,
955 1333 1013 1377 ut
1041 1322 1249 1394 eloquia
1282 1324 1450 1390 aiunt,
1484 1340 1548 1378 ex
1583 1339 1688 1393 quo
1715 1322 1895 1377 omnia
1924 1322 2225 1376 subsistunt

640 1423 694 1469 et
723 1421 871 1480 sunt,
903 1423 1154 1487 tauquam
1181 1432 1247 1470 ex
1274 1431 1436 1470 causa
1468 1404 1861 1487 perfectissima
1891 1415 2143 1477 adducta,
2170 1422 2227 1491 et

639 1505 694 1581 in
719 1522 826 1577 quo
851 1507 1030 1561 omnia
1055 1508 1344 1562 constituta
1380 1508 1568 1573 suntb,
1606 1516 1864 1576 tanquam
1895 1507 1949 1561 in
1975 1507 2225 1581 omuipo~

640 1580 775 1651 lenti
803 1595 1048 1651 consulto
1079 1596 1345 1657 custodita
1374 1602 1429 1651 et
1459 1597 1873 1666 comprehensa,
1905 1606 1961 1651 et
1990 1596 2042 1649 in
2082 1594 2225 1679 quod

638 1688 820 1742 omnia
852 1696 1263 1753 convertuntur,
1288 1689 1428 1743 sicut
1458 1688 1510 1743 in
1542 1689 1817 1759 propriam
1845 1687 2052 1755 singula
2080 1702 2226 1741 sum-

2319 499 2543 554 natricis
2571 499 2787 555 virtutis
2817 500 3236 577 dominationem
3254 537 3269 563 ,
3300 505 3559 566 tanquam
3588 494 3911 564 princiw

2317 578 2452 661 lucis
2472 629 2487 655 ,
2526 598 2581 644 et
2609 588 2892 661 plusquam
2918 589 3055 645 lucis
3080 629 3097 655 ,
3143 589 3199 645 in
3228 586 3517 656 semetipsa
3547 582 3911 651 compa-aet

2319 680 2450 761 deus
2477 690 2531 736 ct
2558 697 2821 752 superans
2861 691 2914 747 et
2960 681 3285 757 intendens,
3323 689 3379 735 et
3422 674 3827 737 intellectualia
3866 685 3915 729 et

2318 758 2598 845 rationalia
2634 775 2815 830 omnia
2850 788 3188 847 congregans
3212 813 3227 838 ,
3276 782 3333 828 et
3383 769 3601 839 perdita
3641 766 3915 822 faciens'.

2315 867 2530 947 Etenim
2574 870 2714 933 sicut
2746 870 3050 941 ignorantia
3098 868 3419 940 separatrix‘
3447 865 3777 923 errantium
3820 872 3915 931 est,

2314 957 2395 1041 ita
2442 960 2728 1035 invisibilis
2772 961 2997 1032 lpminis
3054 959 3367 1033 praesentia
3421 955 3827 1027 congregari:
3872 964 3919 1007 ε

2321 1050 2524 1117 ψιίινίχ
2571 1052 2995 1121 illuminatorum
3039 1061 3123 1119 est
3166 1061 3222 1121 et
3259 1050 3561 1121 perfecti"
3591 1088 3609 1112 ,
3657 1055 3723 1102 ei
3756 1045 3919 1101 ὼ

2318 1145 2636 1215 conversiva
2670 1146 2735 1203 ad
2766 1160 2894 1219 vere
2921 1144 2976 1221 ἐν
2994 1186 3010 1212 ,
3046 1160 3117 1215 βξ
3147 1144 3439 1223 multorum
3465 1140 3743 1223 opm
3770 1151 3923 1197 πυ

2318 1248 2442 1305 Nm
2470 1246 2796 1307 convertens
2832 1237 3016 1307 varios
3044 1236 3246 1301 vultus,
3283 1244 3377 1297 aut
3414 1233 3606 1305 potius
3639 1232 3922 1291 dicent-

2321 1326 2655 1407 phautasias,
2686 1328 2741 1383 in
2788 1343 2949 1395 uuam
2990 1343 3174 1397 veram
3205 1334 3260 1393 et
3286 1340 3479 1398 puram
3514 1333 3574 1387 et
3596 1321 3922 1382 uniform:-

2318 1406 2659 1490 ‘congregans
2684 1419 2991 1490 scientiam,
3022 1426 3078 1474 et
3107 1433 3212 1485 una
3237 1426 3294 1477 et
3322 1416 3568 1483 ιιηίιτίρθ
3598 1414 3735 1473 “me

2324 1483 2635 1581 causfiiioc
2658 1483 2926 1581 optimum
2963 1483 3212 1566 laudatur
3235 1522 3264 1563 a
3295 1506 3471 1563 sacris
3520 1504 3837 1573 theologis,
3874 1510 3925 1559 ut

2320 1597 2545 1664 bonum,
2571 1609 2626 1654 et
2654 1609 2711 1654 ut
2738 1601 3048 1675 pulchrum,
3073 1609 3128 1657 et
3153 1609 3213 1655 ut
3241 1600 3489 1664 dilectio,
3522 1607 3581 1654 et
3612 1597 3926 1655 nummi-

2326 1689 2545 1759 simum,
2572 1700 2627 1747 et
2649 1706 3004 1765 quaecunque
3028 1692 3167 1747 aliae
3189 1690 3443 1749 decentes
3471 1698 3615 1747 sunt
3642 1687 3927 1746 fomiia’e

639 1778 908 1846 mitatem,
950 1788 1006 1834 et
1036 1779 1165 1833 illud
1195 1780 1583 1851 concupiscunt
1608 1780 1807 1839 omnia,
1843 1778 2223 1833 intellectualia
2256 1779 2304 1847 Β
2329 1791 2385 1837 et
2411 1784 2681 1861 gratiosae
2710 1783 3071 1855 speciositatis
3100 1783 3315 1855 divinae
3353 1780 3809 1841 nominationes.
3844 1779 3928 1837 Β.»

638 1871 855 1941 quidem
886 1880 942 1927 et
974 1871 1261 1926 rationalia
1292 1872 1549 1937 scienter,
1580 1870 1848 1925 seusualia
1889 1886 2019 1924 vero
2055 1871 2226 1925 sensi-

622 1954 821 2016 bilitcr
849 2002 861 2025 ,
894 1977 1085 2017 sensus
1115 1972 1295 2017 autem
1331 1962 1573 2033 expertia
1632 1963 1795 2017 insito
1847 1971 1993 2016 motu
2045 1960 2226 2017 vitalis

639 2053 931 2122 appetitus,
958 2053 1270 2108 inanimalia
1299 2063 1477 2107 autem
1507 2061 1561 2107 et
1588 2054 1957 2107 tantummodo
1989 2053 2226 2108 existen-

640 2143 712 2196 tia
743 2143 808 2197 ad
836 2143 1005 2197 solam
1034 2143 1379 2198 essentialem
1406 2142 1879 2213 participationem
1907 2142 2225 2212 opportuni-

642 2243 773 2290 tate.
806 2234 1112 2290 Secundum
1163 2236 1300 2289 hanc
1330 2235 1750 2303 signiﬁcatoriae
1783 2234 2031 2306 imaginis
2061 2235 2227 2290 ratio-

636 2342 759 2381 nem
807 2336 860 2381 et
880 2326 970 2380 lux
1000 2337 1291 2398 congregat
1318 2336 1369 2380 et
1398 2327 1663 2381 convertit
1689 2326 1753 2379 ad
1786 2327 2018 2396 seipsam
2044 2326 2226 2405 omnia

638 2417 872 2471 visibilia
895 2457 910 2481 ,
944 2425 1083 2471 mota
1107 2458 1120 2479 ,
1168 2414 1464 2471 illuminata
1491 2457 1504 2481 ,
1554 2416 1826 2471 caleﬁcata
1854 2457 1868 2479 ,
1910 2417 2130 2471 omnino
2159 2417 2227 2471 ab

639 2506 808 2576 ipsius
830 2505 1202 2578 splendoribus
1228 2509 1638 2578 comprehensa.
1671 2510 1750 2562 Ac
1785 2525 1880 2579 per
1909 2508 2011 2562 hoc
2044 2516 2099 2562 et
2123 2506 2225 2573 sol,

643 2597 767 2667 quia
803 2587 991 2653 omnia
1032 2598 1207 2653 soluta
1255 2598 1405 2665 facit,
1439 2610 1493 2654 et
1540 2608 1832 2671 congregat
1881 2599 2144 2668 dispersa,
2173 2605 2229 2653 et

640 2689 819 2743 omnia
852 2704 973 2743 eum
1003 2690 1276 2746 sensibilia
1307 2691 1637 2756 desiderant,
1668 2702 1760 2745 aut
1785 2700 1843 2744 ut
1872 2690 2109 2757 videndi,
2136 2698 2228 2745 aut

641 2789 699 2833 ut
734 2781 1018 2846 movendi,
1060 2791 1115 2837 et
1147 2782 1514 2846 illuminandi,
1547 2793 1599 2837 et
1628 2782 2000 2849 calefaciendi,
2034 2792 2089 2838 et
2113 2798 2229 2836 om-

642 2871 770 2926 nino
795 2874 1174 2944 comprehendi
1206 2890 1232 2928 a
1268 2874 1466 2929 lumine
1490 2876 1816 2954 appetentia.
1858 2874 1924 2928 Et
1949 2889 2124 2944 neque
2152 2862 2225 2928 ibi

648 2964 767 3019 dico
789 2962 943 3031 juxta
984 2965 1323 3036 antiquitatis
1351 2967 1597 3031 verbum,
1626 2966 1750 3036 quia
1781 2966 1921 3019 Deus
1954 2974 2037 3019 est
2066 2964 2143 3019 sol
2172 2971 2227 3019 et

646 3052 872 3109 Creator
900 3054 1268 3124 hujuscemodi
1296 3057 1667 3111 universitatis
1688 3099 1701 3120 ,
1734 3057 1947 3127 proprie
1974 3065 2227 3127 procurat

643 3145 984 3201 manifestum
1012 3148 1289 3213 mundum,
1314 3139 1407 3202 sed
1435 3148 1561 3216 quia
1589 3147 1874 3202 invisibilia
1902 3147 1995 3201 Dei
2022 3166 2054 3201 a
2083 3164 2229 3201 crea-
2255 3128 2300 3190 (ἶ

582 3274 585 3277 λ
645 3246 765 3290 tura
780 3237 962 3291 mundi
989 3237 1208 3307 [acturis
1233 3237 1490 3293 intellecta
1519 3240 1994 3309 conspiciuntur,et
2018 3246 2229 3292 aeterna

640 3327 754 3399 ejus
784 3329 947 3381 virtus
974 3343 1019 3381 et
1049 3327 1355 3383 άὶυῐηὶιαδο.
1400 3328 1504 3384 Sed
1532 3330 1666 3383 haec
1691 3328 1908 3399 quidem
1937 3328 1989 3383 in
2015 3327 2230 3400 symbo-

642 3416 748 3472 lica
779 3416 1068 3487 theologia.
1102 3417 1253 3474 Nunc
1291 3430 1468 3474 autem
1518 3420 1849 3490 intelligibile
1877 3421 2063 3491 optimi
2096 3420 2231 3475 luci-

645 3521 837 3561 vocum
891 3508 1048 3563 nobis
1073 3508 1397 3564 laudandum
1436 3517 1490 3564 et
1526 3508 1832 3575 dicendum,
1873 3510 1999 3580 quia
2027 3511 2118 3564 lux
2149 3511 2229 3564 in-

640 3594 872 3651 visibilis
901 3597 1139 3667 Optimus
1177 3599 1395 3663 dicitur,
1442 3613 1658 3653 omnem
1695 3600 1911 3671 quidem
1942 3616 2229 3672 supereae-

542 3728 549 3731 μ
643 3683 835 3740 lestem
857 3684 1186 3742 intellectum
1209 3687 1478 3759 implendo
1499 3689 1750 3746 invisibili
1774 3691 1993 3758 lumine,
2013 3708 2226 3748 omnem

644 3790 774 3832 vero
800 3778 1159 3849 ignorantiam
1198 3789 1254 3835 et
1299 3796 1541 3837 errorem
1590 3783 1852 3854 abigendo
1881 3800 1944 3840 ex
1978 3784 2229 3842 omnibus

646 3868 1055 3942 quibuscunque
1082 3873 1220 3929 inest
1245 3875 1551 3942 animabus,
1595 3884 1649 3933 et
1692 3877 1944 3934 omnibus
1991 3880 2103 3948 ipse
2147 3879 2229 3951 lu-

643 3961 792 4018 mine
819 3979 975 4019 sacro
1007 3965 1267 4021 tradendo
1285 4006 1299 4034 ,
1335 3975 1390 4022 et
1416 3966 1804 4024 intellectuales
1830 3985 2015 4024 earum
2043 3969 2229 4027 oculos

644 4055 987 4128 repurgando
1015 4058 1397 4129 circumposita
1434 4060 1513 4115 eis
1537 4075 1605 4114 ex
1638 4048 1942 4131 ignorantia
1972 4061 2224 4135 caligine,

644 4153 698 4200 et
723 4148 1044 4203 removendo
1071 4148 1125 4203 e‘l
1151 4148 1458 4219 replicando
1489 4150 1656 4205 multa
1685 4151 1948 4221 gravitate
1979 4152 2229 4209 tenebras

648 4237 979 4294 condensas:
1018 4244 1072 4294 et
1098 4240 1358 4296 tradendo
1384 4242 1560 4313 primo
1588 4236 1805 4313 quidem
1833 4243 2083 4299 claritate
2114 4260 2228 4299 mo-

650 4330 858 4395 derata,
900 4331 1092 4387 deinde
1135 4331 1243 4388 illis
1291 4342 1546 4403 tanquam
1582 4333 1990 4404 degustantibus
2023 4335 2224 4402 lumen,

651 4431 704 4478 et
773 4424 941 4493 magis
975 4424 1438 4493 desiderantibus,
1474 4428 1646 4499 magis
1681 4430 2027 4501 semetipsam
2082 4430 2227 4485 intus

648 4513 825 4569 dando
855 4523 909 4568 et
935 4516 1150 4586 copiose
1177 4517 1460 4583 illucendo,
1490 4519 1615 4588 quia
1644 4519 1949 4575 dilexerunt
1975 4520 2226 4588 multum,

648 4614 705 4657 et
736 4617 948 4675 semper
990 4606 1330 4662 extendendo
1376 4623 1469 4663 eas
1514 4608 1566 4663 in
1615 4624 1711 4673 ea,
1748 4624 1886 4680 quae
1910 4617 2036 4665 ante
2081 4620 2225 4677 sum,

641 4692 798 4763 juxta
829 4711 980 4750 suam
1012 4697 1302 4768 inspiciunt
1338 4698 1659 4770 analogiam.
1698 4699 1811 4754 Lu'x
1844 4702 2006 4773 igitur
2039 4702 2229 4756 invisi-

653 4786 776 4841 bilis
800 4787 998 4843 dicitur
1017 4780 1419 4864 super'omnem
1435 4790 1608 4846 lucem
1626 4791 1886 4862 optimum
1902 4795 1944 4858 ¹,
1971 4802 2028 4848 ιιι
2049 4793 2231 4849 radius

650 4875 869 4933 fontalis
903 4884 957 4934 et
984 4895 1374 4950 supermanaus
1403 4882 1619 4939 luminis
1648 4881 1857 4950 effusio,
1886 4900 2104 4941 omnem
2133 4901 2227 4942 su-

644 4972 1093 5040 permundanum,
1138 4984 1194 5029 et
1236 4975 1794 5043 circummundanum,
1837 4987 1892 5033 et
1918 4979 2224 5035 immunda-

644 5076 774 5115 num
808 5063 1135 5120 intellectu’m
1169 5080 1235 5121 ex
1273 5066 1603 5137 plenitudine
1653 5083 1749 5124 sua
1795 5068 2132 5138 illuminans,
2170 5079 2224 5126 et

643 5148 1031 5209 intellectuales
1086 5170 1273 5210 eorum
1330 5164 1471 5211 totas
1535 5170 1796 5214 revocans
1858 5144 2118 5227 virtutes,
2169 5170 2225 5216 et

643 5254 833 5299 omnes
853 5246 1135 5302 continens
1162 5248 1642 5318 superordinaudo,
1668 5259 1725 5306 et
1749 5252 1929 5306 omnia
1961 5266 2220 5322 superans

2333 1891 2458 1941 num
2488 1886 2666 1947 autem
2695 1887 2750 1931 et
2778 1875 3060 1946 pulchrum
3101 1890 3207 1941 non
3239 1874 3623 1943 separandum
3664 1872 3724 1929 in
3758 1872 3924 1941 inscii

2332 1982 2440 2047 uno
2488 1967 2670 2039 omnia
2719 1967 3198 2039 comprehendenti
3240 1981 3427 2031 causa.
3485 1964 3650 2023 Haec
3705 1966 3843 2021 enin
3880 1965 3926 2017 in

2330 2056 2690 2123 existentibus
2734 2059 2986 2116 eninibus
3025 2059 3077 2119 in
3123 2058 3587 2131 participationes
3634 2066 3699 2114 et
3736 2055 3926 2126 putid-

2329 2147 2513 2221 pantia
2563 2147 2907 2225 dividentes,
2979 2149 3181 2209 bonum
3247 2147 3470 2218 quidem
3530 2161 3671 2201 esse
3722 2145 3925 2203 dicina

2330 2237 2541 2309 pulchri
2592 2239 2866 2309 particeps
2893 2278 2909 2304 ,
2955 2239 3241 2315 pulchrum
3289 2253 3421 2297 vero
3452 2238 3927 2309 participans”

2329 2328 2679 2399 pulchriﬁcae
2708 2331 2950 2384 omnium
2987 2330 3248 2385 bonorum
3292 2343 3526 2385 causae.
3576 2328 3926 2398 Superass-

2333 2419 2457 2475 tiale
2530 2431 2710 2476 autem
2783 2421 2986 2495 bonum
3060 2421 3352 2492 pulchrum
3408 2420 3654 2492 quidem
3734 2421 3922 2486 didm.

2330 2521 2551 2583 propter
2589 2515 2656 2569 ab
2684 2527 2750 2575 eo
2783 2512 3035 2568 omnibus
3080 2511 3447 2569 existentibus
3505 2512 3785 2569 traditam
3821 2527 3925 2582 pur

2330 2604 2448 2675 prie
2498 2603 2790 2675 unicuique
2833 2603 3292 2674 pulchritudinem
3311 2592 3338 2671 ’,
3389 2612 3450 2659 et
3495 2603 3667 2659 velut
3712 2603 3925 2665 omni.

2332 2692 2469 2750 bene
2491 2696 2881 2764 compactionis
2910 2704 2964 2750 et
3002 2696 3272 2753 claritatis
3305 2696 3557 2761 causale,
3594 2697 3784 2762 instar
3812 2697 3927 2755 Ind

2330 2782 2623 2841 fulminans
2658 2785 2819 2842 simul
2858 2787 3110 2844 omnibus
3140 2788 3499 2864 pulchrilicas
3531 2787 3773 2852 lanulis
3810 2788 3926 2845 ﬂ

2331 2868 2786 2943 sui'traditiones,
2816 2887 2873 2935 et
2896 2878 3046 2935 velut
3083 2879 3265 2957 omnia
3316 2879 3385 2935 ad
3428 2880 3694 2950 seipsum
3724 2893 3923 2939 vocas.

2331 2966 2458 3024 Inde
2486 2977 2541 3024 et
2590 2969 2876 3041 pulchrum
2924 2969 3140 3036 dicitur,
3191 2978 3250 3025 et
3284 2969 3435 3035 velut
3468 2977 3588 3029 tota
3645 2970 3704 3026 in
3737 2972 3926 3033 toties:

2332 3075 2690 3133 congregans.
2739 3062 2804 3116 Et
2858 3062 3054 3121 bonum
3103 3078 3276 3127 vero,
3327 3062 3478 3135 sicut
3521 3078 3702 3123 omne
3747 3065 3926 3125 hom

2332 3151 2512 3217 simul,
2540 3160 2595 3207 et
2626 3152 2745 3222 plus
2792 3167 2954 3223 quam
2998 3139 3234 3219 bonum,
3280 3161 3336 3208 et
3370 3166 3599 3224 semper
3636 3152 3717 3217 ὃν,
3756 3168 3926 3217 sesqu-

2332 3246 2458 3299 dum
2489 3245 2677 3301 eadem
2732 3255 2787 3301 et
2816 3245 3068 3302 similiter
3112 3247 3333 3311 bonum,
3375 3254 3434 3313 et
3479 3260 3672 3316 neque
3719 3246 3924 3311 facian.

2324 3352 2507 3407 neque
2563 3336 2821 3401 solutum,
2852 3352 3030 3408 neque
3056 3345 3298 3403 auctum,
3330 3351 3514 3409 neque
3541 3339 3821 3401 tabidum.
3848 3352 3926 3399 oe-

2330 3443 2435 3498 quc
2464 3429 2553 3485 hic
2581 3430 2796 3500 quidem
2828 3431 3048 3494 bonum,
3076 3430 3163 3486 hic
3191 3444 3322 3484 vero
3347 3429 3585 3495 malum.
3615 3446 3799 3502 neque
3824 3441 3921 3487 ω-

2329 3519 2568 3591 quidem,
2598 3529 2711 3575 tum
2732 3536 2862 3577 vero
2889 3538 3018 3588 non,
3042 3538 3214 3595 neque
3240 3524 3309 3578 ad
3332 3525 3441 3591 hoc
3460 3525 3693 3595 quidem
3717 3528 3919 3589 bona.

2332 3610 2399 3675 ad
2430 3612 2531 3667 hoc
2557 3620 2734 3665 autem
2769 3611 2989 3687 malum,
3023 3628 3197 3685 neque
3229 3614 3303 3679 ibi
3329 3615 3553 3684 quidem
3581 3656 3597 3680 ι
3650 3616 3728 3677 illi
3757 3628 3924 3676 ωερ-

2330 3714 2457 3759 non.
2489 3708 2743 3772 tanquam
2774 3701 3095 3771 quibusdam
3124 3703 3343 3775 quidem
3371 3700 3426 3760 ὃν
3456 3706 3691 3773 bonum,
3718 3706 3927 3776 qm

2332 3790 2453 3844 dam
2476 3806 2605 3845 vero
2625 3791 2946 3847 nonbonum
2975 3811 2989 3847 :
3014 3795 3106 3849 sed
3136 3805 3195 3849 ut
3222 3784 3421 3865 ipsum,
3448 3811 3551 3867 per
3585 3798 3790 3867 ipsum,
3812 3813 3925 3875 φ

2333 3882 2469 3951 ipso,
2500 3882 2764 3943 uniforme
2793 3900 3009 3956 semper
3036 3884 3089 3941 ὃν
3118 3885 3339 3951 bonum,
3370 3895 3426 3943 et
3476 3897 3541 3943 ut
3586 3890 3773 3953 omnis
3805 3889 3921 3947 boni

2330 3969 2533 4028 fontem
2556 3983 2612 4029 et
2659 3974 3112 4045 pulchritudinem
3152 3979 3717 4051 supereminenteriu
3740 3991 3924 4045 senat-

2333 4064 2451 4135 ipso
2478 4065 2811 4136 praeferens.
2830 4068 3036 4140 Simpla
3064 4071 3210 4125 enim
3237 4080 3293 4126 et
3318 4072 3789 4141 superexoellenti
3814 4088 3921 4129 on-

2328 4146 2482 4217 nium
2526 4158 2790 4214 bonorum
2822 4171 3015 4215 natura
3052 4163 3233 4217 omnis
3287 4162 3646 4233 pulchritudo
3690 4172 3750 4220 et
3778 4179 3923 4223 om!

2331 4246 2531 4303 bonum
2559 4249 2900 4308 uniformiter
2922 4254 3218 4308 secundum
3249 4269 3473 4319 causam
3500 4265 3635 4310 ante
3660 4256 3919 4313 subsistit

2334 4337 2411 4393 Ex
2443 4340 2585 4396 bono
2621 4357 2738 4413 ipso
2769 4344 3023 4399 omnibus
3070 4345 3434 4415 existentibus
3458 4360 3590 4407 esse
3630 4348 3922 4409 secum

2258 4480 2308 4542 Β
2331 4426 2605 4505 propriam
2634 4435 2897 4495 rationem
2924 4437 3132 4511 singula
3162 4453 3408 4511 quaeque
3435 4441 3605 4509 bona,
3633 4450 3692 4496 et
3720 4458 3818 4512 per
3839 4442 3922 4503 bo-

2335 4543 2461 4581 num
2489 4528 2727 4583 omnimu
2757 4529 3126 4601 copulationes
3153 4539 3209 4586 et
3231 4531 3502 4601 amicitiae
3532 4540 3595 4587 et
3620 4534 3918 4595 soeietatﬁ.

2335 4629 2390 4675 et
2417 4620 2559 4675 bono
2599 4621 2780 4676 omnia
2835 4623 3163 4696 adunantur,
3216 4632 3273 4679 et
3322 4614 3659 4695 principium
3686 4626 3921 4686 omni“

2334 4711 2558 4777 bonum,
2589 4713 2736 4768 velut
2760 4711 3020 4769 factivum
3052 4714 3288 4780 causale,
3338 4722 3397 4771 et
3443 4730 3677 4773 movens
3725 4718 3917 4779 omnis.

2336 4810 2389 4857 et
2417 4802 2702 4860 continens
2732 4818 2793 4858 ea
2822 4805 3077 4875 propriae
3120 4806 3546 4880 pulchritudinis
3598 4823 3833 4873 amore.
3872 4817 3917 4871 α

2334 4906 2600 4955 summum
2644 4892 2883 4948 omnium
2923 4903 3001 4950 et.
3025 4894 3458 4969 dilectissimum,
3489 4895 3647 4953 velut
3677 4897 3917 4967 perﬂui-

2334 4996 2458 5035 vum
2489 4982 3001 5053 causale—propter
3019 4984 3163 5038 enim
3192 4985 3389 5041 bonum
3413 4986 3603 5053 omnia
3635 4989 3846 5042 liuut—
3864 4997 3911 5044 et

2329 5072 2705 5142 exemplabile,
2736 5076 2861 5144 quia
2893 5076 3187 5130 secundum
3218 5075 3392 5146 ipsum
3421 5078 3609 5133 omnia
3636 5094 3913 5151 segregat
3967 5089 3984 5115 ·

2330 5171 2439 5231 tur.
2458 5163 2583 5219 ideo
2607 5173 2661 5220 et
2696 5165 2749 5221 id
2779 5166 2954 5237 ipsum
2980 5175 3065 5222 est
3084 5168 3288 5238 optimo
3317 5169 3540 5235 bonum,
3569 5170 3705 5241 quia
3730 5172 3912 5227 bona

2327 5263 2381 5308 et
2408 5256 2667 5325 optimum
2698 5255 2852 5326 juxta
2898 5273 3113 5315 omnem
3161 5274 3379 5317 causam
3431 5261 3622 5317 omnia
3663 5260 3908 5335 concupi-

1911 5363 2167 5421 VARIAE
2199 5363 2601 5423 LECTIONES.

721 5476 738 5508 ⁸
778 5472 822 5527 Β
846 5475 1074 5543 Optima;
1102 5475 1149 5532 ﬂ
1177 5478 1445 5548 optimam.
1522 5486 1543 5516 ³
1578 5478 1667 5536 ΒΗ
1693 5488 2019 5536 ηειααναηε.

716 5671 741 5698 a
779 5657 915 5712 Gen.
946 5659 982 5713 l.

714 5727 741 5765 δ
780 5726 935 5783 Rom.
964 5727 1054 5782 XI.

2149 5525 2378 5630 NOTAE

2330 5694 2335 5699 -
2401 5677 2421 5704 ε
2464 5667 2794 5735 Rom-L20
2888 5653 2895 5657 ’
