4008 6286
182 315 320 378 H35

771 325 1020 388 VERSIO
1060 330 1345 391 OPERUM
1385 334 1442 391 S.
1480 336 1798 395 DIONYSII.
1839 369 1908 381 --
1945 341 2031 404 DE
2071 341 2316 399 DLVINIS
2354 342 2742 404 NOMINIBUS.

3290 350 3428 414 “3‘

173 442 434 531 scunt,_et
467 449 574 492 non
611 453 696 494 εει
724 440 849 509 quid
877 444 1247 512 existentium,
1271 448 1420 529 quod
1452 464 1556 506 non
1585 451 1754 521 parti—
1783 457 1828 518 Α
1855 461 2029 512 status
2078 466 2132 512 et
2183 465 2361 514 motus
2406 467 2461 516 et
2503 473 2567 514 ex
2619 460 2764 529 ipso,
2795 470 2851 516 et
2895 475 2994 529 per
3041 463 3245 531 ipsum,
3289 465 3428 522 etin

170 528 316 600 cipat
355 528 556 591 bonum
607 541 662 586 et
709 537 990 606 optimum.
1042 539 1276 598 Audebit
1319 551 1498 598 autem
1544 553 1596 599 et
1647 544 1750 602 hoc

169 620 308 687 ratio
337 621 540 688 dicere,
572 625 696 699 quia
730 636 785 682 et
809 631 950 698 quod
984 647 1088 687 non
1132 629 1209 698 ὅν,
1241 635 1526 706 participat
1549 636 1747 697 bonum

170 719 224 767 et
249 713 530 784 optimum.
565 715 717 772 Tunc
749 720 894 776 enim
941 731 997 777 et
1024 723 1126 779 hoc
1154 725 1350 786 bonum
1383 737 1439 783 et
1465 728 1746 797 optimmu,

169 818 288 866 cum
335 804 388 859 iu
434 807 547 862 Deo
594 810 892 887 secundum
931 815 1175 875 omnium
1205 818 1526 874 ablationem
1557 836 1746 890 super-

168 896 524 954 essentialiter
551 898 819 973 laudatur.
853 904 965 960 Hoc
993 923 1155 962 unum
1179 909 1439 980 optimum
1468 918 1522 965 et
1549 910 1748 984 bonum

166 988 514 1060 singulariter
535 1003 619 1066 est
647 997 886 1058 omnium
921 1001 1208 1058 multorum
1238 1001 1497 1060 bonorum
1527 1013 1583 1058 et
1609 1004 1750 1074 Opti-

165 1094 376 1136 morum
419 1085 654 1148 causale.
703 1088 780 1143 Ex
835 1090 936 1160 hoc
980 1108 1167 1150 omnes
1188 1095 1537 1154 ,existeutium
1566 1112 1749 1152 essen-

166 1168 323 1228 tiales
355 1174 754 1250 subsistentiae,
791 1181 1046 1248 unitates,
1079 1184 1454 1250 discretioncs,
1490 1186 1745 1242 immuta:-

165 1259 424 1332 bilitates,
453 1268 776 1342 alterilates,
810 1275 1212 1344 similitudines,
1256 1281 1744 1349 dissimilitudines,

163 1353 453 1420 societates
499 1363 934 1434 contrariorum,
997 1368 1370 1424 distinctiones
1429 1371 1700 1426 nuitorum
1730 1411 1746 1440 ,

163 1448 536 1524 providentiae
582 1457 962 1526 superiorum,
1013 1461 1414 1518 vicissitudines
1473 1463 1747 1533 aequifor-

165 1538 358 1606 mium,
393 1545 1128 1616 conversionesinferiorum,
1161 1554 1399 1612 omnium
1443 1554 1748 1623 semetipsis

162 1634 518 1696 custoditivae
570 1648 624 1694 et
655 1640 1016 1699 itumntabiles
1048 1644 1408 1702 habitationes
1437 1654 1491 1700 et
1519 1645 1749 1702 colloca.

162 1727 375 1784 tiones:
400 1737 454 1786 et
486 1728 680 1786 iterum
710 1733 950 1788 omnium
983 1735 1036 1789 iu
1069 1737 1322 1790 omnibus
1353 1738 1602 1808 propriae
1632 1737 1748 1797 univ

1851 545 2042 616 ipsum,
2093 555 2150 602 et
2199 557 2420 619 propter
2469 551 2660 620 ipsum.
2716 550 2928 612 Etenim
2974 567 3041 610 ex
3081 553 3218 622 ipso,
3247 562 3302 610 et
3333 569 3430 624 per

1848 637 2021 708 ipsum
2049 647 2104 694 et
2129 640 2390 706 essentia,
2423 651 2480 696 et
2508 641 2616 695 vita
2641 641 2840 707 omnis,
2871 651 2928 704 et
2968 644 3164 703 mentis
3207 652 3266 700 et
3309 644 3428 704 auio

1849 743 1968 786 mae
1995 744 2024 784 e
2055 739 2073 782 t
2099 732 2276 787 omnis
2305 741 2531 788 naturae
2559 733 2871 802 parvitates,
2906 735 3278 803 aequalitates,
3316 749 3429 793 ma-

1847 820 2174 892 guiludincs,
2211 837 2498 880 mensurae
2527 837 2715 879 omnes
2737 863 2752 888 ,
2781 823 3130 880 existentium
3169 825 3431 888 corretio-

1851 911 2186 979 uabilitates,
2229 923 2283 968 et
2323 915 2745 985 compactiones,
2771 922 2826 970 et
2869 917 3276 980 coucretiones,
3311 917 3433 972 uni-

1849 1003 2154 1067 versitates,
2184 1012 2366 1074 partes
2415 1019 2622 1070 omnes,
2672 1021 2860 1073 unum,
2889 1013 2945 1061 et
2968 1006 3272 1071 multitudo,
3302 1022 3435 1062 cnu-

1843 1092 2152 1162 junctioues
2195 1096 2470 1164 partium,
2531 1096 2695 1154 tutius
2744 1095 3108 1156 multitudinis
3144 1097 3432 1164 -unitates,

1849 1184 2337 1240 consummationes
2384 1186 2849 1243 universalitatum
2869 1227 2886 1254 ,
2913 1189 3106 1258 quale,
3144 1197 3428 1259 quantum,

1852 1284 2055 1334 tantum
2086 1316 2100 1339 ,
2155 1277 2384 1332 multum
2420 1319 2434 1344 ,
2495 1280 2932 1350 comparationes
2962 1320 2978 1346 ,
3035 1281 3392 1344 discretiones
3413 1319 3430 1346 .

1849 1364 2026 1420 omnis
2047 1366 2350 1435 multitudo,
2375 1383 2535 1434 omne
2557 1383 2848 1438 summum,
2873 1371 3088 1426 termini
3107 1387 3317 1438 omnes,
3340 1387 3433 1429 or-

1851 1455 2025 1520 dines,
2042 1456 2386 1523 eminentiae,
2409 1457 2692 1526 elementa,
2719 1460 2947 1528 formae,
2975 1462 3155 1518 omnis
3173 1463 3433 1530 essentia,

1850 1548 2025 1602 omnis
2061 1549 2248 1615 virtus,
2284 1550 2461 1610 omnis
2495 1551 2757 1622 Operatio,
2785 1553 2962 1609 omnis
2992 1552 3233 1621 habitus,
3257 1553 3438 1614 omnis

1849 1655 2062 1708 sensus,
2083 1641 2257 1696 omnis
2271 1642 2428 1709 ratio,
2445 1645 2621 1700 omnis
2634 1644 2958 1711 intellectus,
2975 1646 3151 1706 omnis
3165 1645 3437 1707 illumina-

1853 1730 1946 1796 tio,
1964 1732 2138 1788 omnis
2164 1732 2412 1799 scientia,
2429 1735 2606 1791 omnis
2625 1735 2805 1791 unitas
2823 1777 2839 1802 ,
2865 1747 2919 1793 et
2942 1736 3259 1809 simpliciter
3271 1752 3437 1808 omne

161 1821 356 1892 cuique
381 1822 691 1891 societates,
711 1832 768 1880 et
799 1827 1318 1898 compaginaliones,
1352 1837 1405 1883 et
1431 1828 1744 1884 ineonfusae
1773 1819 1820 1880 Β
1847 1819 1901 1879 ὃν
1921 1840 1989 1878 ex
2022 1825 2161 1880 bono
2188 1833 2241 1881 et
2267 1827 2492 1896 optimo,
2523 1836 2577 1883 et
2623 1828 2677 1883 in
2705 1827 2846 1884 bono
2869 1839 2922 1884 et
2945 1828 3150 1899 optimo
3170 1836 3272 1894 est,
3298 1837 3353 1886 et
3378 1829 3436 1896 in

162 1913 452 1980 amicitiae,
483 1925 536 1972 et
567 1916 883 1972 harmoniae
929 1918 1301 1975 universitatis
1324 1960 1339 1985 ,
1393 1920 1445 1975 in
1492 1921 1744 1978 universo

160 2006 555 2072 concretiones,
605 2007 916 2066 insolubiles
986 2012 1350 2066 continentiae
1395 2011 1744 2068 existentinm

160 2110 270 2150 non
325 2096 642 2154 deficientes
704 2102 1078 2172 susceptioues
1125 2103 1530 2169 faciendorum,
1571 2111 1744 2158 status

157 2202 348 2243 omnes
372 2196 423 2243 et
449 2199 624 2246 motus
652 2209 663 2244 :
693 2192 782 2247 alii
813 2193 1272 2262 intellectualium,
1303 2196 1390 2254 alii
1415 2197 1743 2263 animarum,

158 2276 250 2330 alii
280 2293 585 2349 corporum.
638 2280 824 2337 Status
868 2285 1012 2341 enim
1065 2295 1148 2342 est
1173 2287 1426 2342 omnibus
1453 2295 1507 2342 et
1536 2296 1742 2351 motus.

161 2389 327 2444 super
356 2390 570 2432 omnem
601 2385 800 2432 statum
851 2389 906 2436 et
940 2395 1155 2436 omnem
1205 2391 1407 2436 motum
1471 2381 1744 2437 collocatis

157 2467 580 2538 unumquodque
615 2468 668 2524 in
697 2470 894 2526 suimet
945 2472 1174 2538 ratione,
1209 2482 1261 2528 et
1292 2489 1512 2528 movens
1539 2473 1590 2528 iu
1620 2487 1743 2544 pro-

157 2560 336 2635 prium
367 2570 591 2616 motum.
644 2563 711 2618 Et
751 2566 952 2620 moveri
1007 2567 1223 2637 quidem
1275 2567 1442 2622 divini
1491 2567 1743 2629 dicuntur

161 2653 328 2708 animi
376 2669 391 2708 :
444 2653 782 2710 circulariter
861 2658 1116 2728 quidem,
1173 2660 1304 2714 uniti
1367 2676 1471 2716 non
1551 2660 1742 2714 incho-

158 2747 381 2803 antibus
441 2757 496 2804 et
555 2764 658 2803 non
715 2751 1018 2808 terminatis
1063 2752 1541 2808 illuminatiouibus
1615 2752 1742 2809 boni

160 2846 217 2891 et
248 2837 436 2908 optimi
469 2856 482 2892 :
510 2839 755 2894 directim
785 2855 930 2906 vero,
970 2842 1397 2914 quandocuuque
1422 2844 1744 2915 proveniunt

162 2930 216 2986 ir.
262 2930 624 2999 sulijectornm
653 2934 1045 3002 providentiam
1071 2973 1087 3002 ,
1136 2945 1285 2994 recta
1331 2936 1510 2998 omnia
1539 2937 1743 3007 termi-

161 3033 356 3080 nantes
386 3040 400 3079 :
430 3025 679 3096 oblique,
729 3026 855 3104 quia
905 3035 960 3082 et
1008 3027 1349 3100 providentes
1375 3027 1737 3090 inferioribus.

161 3116 610 3178 int-eversibiliter
667 3129 890 3174 manent
949 3120 999 3180 in
1054 3120 1531 3185 immutabilitate,
1593 3121 1743 3176 circa

1846 1921 2045 1976 bonum
2092 1930 2146 1976 et
2181 1923 2444 1992 optimum
2497 1924 2850 2000 convertitur.
2911 1924 2977 1982 Et
3015 1923 3213 1987 omnia,
3265 1937 3434 1994 quae-

1847 2029 2058 2084 cunque
2087 2024 2208 2068 sunt
2242 2024 2294 2069 et
2346 2016 2498 2083 fiunt,
2533 2032 2627 2086 per
2656 2017 2857 2072 bonum
2908 2027 2964 2071 et
3013 2016 3276 2088 optimum
3309 2022 3438 2074 sunt

1846 2114 1900 2160 et
1927 2104 2078 2165 fiunt,
2117 2117 2171 2160 et
2204 2107 2269 2161 ad
2299 2107 2400 2161 hoc
2425 2108 2606 2162 omnia
2642 2109 2810 2174 videt,
2834 2117 2889 2164 et
2909 2109 2976 2164 ab
3003 2110 3120 2180 ipso
3151 2115 3438 2167 moventur

1845 2206 1900 2250 et
1926 2197 2296 2263 continentur,
2321 2207 2374 2252 et
2402 2209 2623 2269 propter
2659 2201 2851 2271 ipsum,
2883 2212 2936 2258 et
2958 2217 3054 2272 per
3077 2201 3274 2270 ipsutn,
3304 2199 3436 2258 etin

1847 2288 1962 2359 ipso
2008 2305 2167 2344 omne
2223 2290 2548 2360 principium
2599 2289 3046 2360 exemplativum,
3093 2304 3438 2347 consumma-

1847 2379 2035 2446 tivum,
2087 2380 2470 2447 intellectuale,
2507 2382 2764 2452 speciale,
2801 2381 3042 2448 fortnale,
3075 2391 3129 2437 et
3180 2379 3443 2451 simplici-

1849 2481 1931 2528 ter
1977 2489 2135 2528 omne
2185 2474 2553 2544 principium,
2609 2475 2786 2530 omnis
2849 2475 3223 2538 continentia,
3275 2487 3438 2530 omne

1847 2580 2154 2622 Summum:
2206 2573 2318 2630 aut,
2371 2578 2428 2620 ut
2485 2565 2951 2638 comprehendeus
3001 2567 3178 2621 dicam
3210 2583 3221 2618 :
3253 2564 3438 2622 omnia

1846 2672 1984 2727 quae
2010 2666 2155 2721 sunt,
2185 2672 2248 2711 ex
2293 2658 2432 2713 bono
2480 2667 2531 2713 et
2581 2659 2804 2730 optimo,
2833 2669 2888 2715 et
2916 2659 3116 2724 omnia,
3158 2673 3297 2728 quae
3332 2670 3441 2718 non

1847 2759 1991 2812 sunt,
2040 2753 2564 2821 superessentialiter
2605 2753 2658 2808 iu
2704 2755 2842 2808 bono
2895 2763 2949 2809 et
2996 2754 3236 2822 optimo:
3273 2758 3328 2806 et
3355 2755 3442 2815 est

1847 2839 2083 2892 omnium
2105 2842 2427 2913 principium
2451 2851 2507 2898 et
2532 2843 2653 2898 linis
2692 2842 3154 2914 superpriucipale
3178 2851 3234 2898 et
3253 2855 3440 2916 supcr-

1851 2933 2028 2998 finale,
2073 2936 2199 3004 quia
2255 2952 2318 2991 ea:
2370 2937 2504 3008 ipso,
2563 2948 2608 2990 et
2655 2955 2746 3010 per
2771 2939 2961 3008 ipsum,
3002 2937 3132 2991 etin
3177 2938 3286 3005 ipso
3313 2945 3358 2988 et
3387 2934 3441 2990 in

1848 3024 2016 3093 ipsum
2044 3026 2217 3078 omnia
2237 3039 2286 3091 ιι,
2312 3038 2369 3080 ιιι
2389 3029 2463 3081 ait
2490 3043 2644 3081 sacer
2663 3043 2864 3081 sermo.
2891 3027 3152 3082 Omnibus
3177 3025 3336 3096 igitur
3359 3033 3442 3078 est

1850 3117 2045 3173 bonum
2071 3129 2122 3171 et
2151 3117 2410 3186 opliuuuu
2438 3117 2856 3187 concupiscihile
2886 3129 2936 3171 et
2962 3116 3191 3171 amabile
3216 3124 3268 3168 ct
3299 3114 3441 3170 dele-

159 3210 616 3274 ittttttutabilitatis
667 3213 882 3269 eausale
932 3215 1128 3270 bonum
1180 3222 1232 3269 et
1260 3214 1522 3286 optimum
1564 3215 1742 3270 iuces-
1772 3192 1817 3253 (ἶ
1849 3212 2067 3276 ctabile,
2111 3221 2164 3265 et
2213 3228 2308 3280 per
2355 3211 2527 3280 ipsum
2559 3219 2612 3266 et
2658 3219 2879 3280 propter
2919 3211 3092 3280 ipsum
3145 3210 3351 3266 minora
3385 3216 3441 3262 et

160 3311 347 3360 Santer
368 3303 782 3362 circumeuntes.
798 3305 1054 3364 Auimae'
1080 3313 1258 3362 autem
1277 3315 1452 3361 motus
1464 3314 1548 3361 est
1571 3306 1746 3362 circu-

162 3393 299 3452 laris
323 3393 574 3464 quidem'
607 3396 661 3451 in
718 3397 1066 3468 semetipsam
1116 3398 1368 3454 introitus
1398 3400 1464 3470 ab
1498 3400 1580 3454 his
1607 3414 1747 3469 quae

162 3482 301 3538 furis
328 3493 481 3549 sunt,
530 3494 585 3542 et
616 3485 1057 3544 iutelleetualium
1085 3503 1302 3544 suarum
1336 3489 1593 3543 virtutum
1629 3489 1750 3544 ltui-

159 3571 355 3628 formis
383 3576 682 3642 conversio,
713 3576 851 3632 sicut
879 3578 930 3634 in
960 3581 1190 3652 quodam
1223 3580 1427 3634 circulo
1459 3581 1748 3636 iuerrabile

160 3680 324 3722 suum
359 3665 584 3732 donans,
614 3676 668 3722 et
701 3684 729 3721 a
759 3668 942 3726 tnultis
963 3709 976 3733 ,
1028 3685 1166 3738 quae
1210 3680 1335 3724 sunt
1385 3671 1746 3735 extrinsecus,

158 3775 224 3818 se
245 3769 568 3821 convertens
593 3770 647 3816 et
670 3777 1026 3837 congregans,
1048 3763 1282 3832 primum
1312 3764 1363 3818 in
1379 3765 1745 3834 semetipsam,

159 3837 359 3908 deinde
412 3851 558 3908 velut
589 3851 914 3910 uniformem
967 3854 1188 3920 factam,
1231 3854 1475 3912 adunans
1515 3855 1750 3910 adunatc

158 3942 418 4002 adttnatis
442 3942 752 4010 virtutibus,
783 3953 837 3999 et
868 3946 944 4000 sic
973 3945 1026 4000 in
1045 3945 1242 4000 bonum
1262 3954 1315 4000 et
1346 3945 1609 4016 optimum
1634 3961 1751 4000 ma-

156 4035 427 4101 uuducta,
456 4044 511 4090 et
537 4051 698 4107 super
725 4039 905 4092 omnia
934 4037 1242 4103 existentia,
1269 4047 1324 4092 et
1353 4054 1516 4093 unum
1574 4047 1628 4094 et
1662 4039 1747 4094 id-

157 4128 369 4200 ipsum,
388 4135 444 4184 et
468 4142 573 4182 non
598 4127 879 4192 incltoans,
904 4137 957 4180 et
985 4145 1088 4183 non
1117 4128 1346 4185 finitum.
1365 4127 1594 4200 Oblique
1621 4144 1750 4185 vero

157 4220 349 4278 anima
397 4227 677 4284 movetur,
727 4231 988 4292 quantum
1023 4222 1238 4293 proprie
1285 4237 1342 4280 se
1378 4223 1492 4294 ipsa
1537 4222 1751 4281 divinas

159 4313 506 4374 illuminatur
533 4315 815 4380 scientias,
855 4332 964 4374 non
997 4317 1430 4376 intellectualiter
1462 4328 1517 4375 et
1561 4328 1750 4391 poteuo

160 4417 279 4486 ter,
309 4407 403 4464 sed
437 4407 774 4470 rationaliter
801 4418 855 4464 et
882 4410 1246 4483 investigiose,
1280 4421 1336 4467 et’
1361 4420 1420 4472 ut
1442 4413 1750 4482 commixtis
1780 4462 1786 4467 ,

159 4508 223 4580 et
275 4499 602 4562 transitoriis
648 4503 1067 4574 operationibus.
1122 4503 1228 4560 Per
1276 4519 1408 4560 vero
1457 4506 1749 4572 directum,

161 4609 302 4662 cum
326 4609 430 4650 non
459 4594 511 4654 in
541 4597 890 4666 semetipsam
923 4597 1128 4659 intrans
1151 4641 1166 4668 ,
1214 4609 1268 4656 et
1294 4599 1552 4672 singulari
1587 4601 1750 4656 intel-

160 4686 508 4759 lectualitate
540 4700 718 4754 mota;
761 4688 864 4746 hoc
900 4689 1064 4756 enim,
1105 4700 1161 4744 ut
1193 4692 1322 4758 dixi,
1359 4701 1464 4756 est,
1498 4691 1638 4762 quod
1663 4707 1751 4748 se-

161 4778 410 4838 cundum
443 4779 654 4852 cyclum
681 4797 695 4834 :
729 4781 822 4836 sed
849 4781 915 4836 ad
945 4795 1009 4836 ea
1051 4783 1191 4840 circa
1223 4797 1280 4841 se
1308 4784 1650 4853 proveniens,
1699 4794 1755 4842 et

163 4874 242 4930 ab
276 4872 359 4928 his
384 4871 740 4940 extrinsecus,
761 4883 1011 4942 tanquam
1044 4890 1088 4928 ~a
1135 4875 1455 4942 quibusdam
1501 4875 1756 4945 symbolis

163 4961 402 5022 variatis
425 4972 482 5018 et
510 4961 901 5033 multiplicatis,
933 4963 984 5017 in
1011 4962 1229 5032 simplas
1255 4971 1308 5018 et
1337 4964 1517 5020 unitas
1544 4963 1757 5019 reduci-

167 5064 268 5110 tur
305 5052 802 5125 contemplationes.
857 5052 1058 5108 Horum
1109 5055 1271 5124 igitur
1312 5063 1368 5108 et
1417 5055 1753 5112 sensibilium

169 5145 230 5202 in
267 5144 520 5201 universo
553 5145 716 5210 trium
754 5153 1017 5211 motuum,
1042 5157 1096 5201 et
1129 5146 1296 5200 multo
1326 5147 1476 5216 prius
1516 5163 1758 5217 unoquo-

168 5251 286 5306 que
315 5237 653 5298 mansionum
703 5247 759 5292 et
784 5239 1075 5294 stationum
1105 5247 1158 5291 et
1183 5238 1597 5296 collocatiounm
1629 5255 1756 5293 eau-

171 5327 295 5384 sale
325 5336 428 5395 est,
459 5336 512 5383 et
536 5319 840 5395 Continens,
864 5338 918 5384 et
936 5330 1057 5384 finis
1085 5330 1280 5384 bonum
1310 5339 1363 5383 ct
1390 5331 1671 5399 optimum,
1706 5339 1758 5386 et

169 5432 345 5489 super
368 5433 582 5476 omnem
632 5428 832 5491 statum
874 5431 927 5488 et
976 5429 1202 5488 motum.
1243 5420 1536 5504 Propterea
1579 5419 1756 5478 omnis

1850 3304 2069 3360 meliora
2115 3303 2544 3358 conversiltiliter
2589 3311 2793 3368 amant,
2845 3312 2899 3357 et
2945 3301 3203 3358 soeiative
3253 3300 3441 3370 aequi-

1852 3396 2064 3461 formia,
2106 3412 2277 3467 neque
2301 3395 2657 3459 honorabilia,
2704 3404 2758 3452 et
2779 3396 2999 3450 meliora
3027 3395 3228 3448 minora
3263 3393 3441 3463 proviv

1851 3489 1938 3553 de,
1989 3497 2040 3541 et
2093 3489 2227 3542 haec
2293 3487 2582 3556 semetipsa
2637 3487 2845 3558 singula
2904 3501 3151 3558 quaeque
3199 3499 3445 3548 conuerte

1851 3591 1907 3636 et
1930 3581 2110 3636 omnia
2160 3581 2356 3638 bonum
2414 3589 2467 3632 et
2495 3580 2758 3650 optimum
2789 3578 3152 3636 desiderantis
3203 3578 3355 3641 facit,
3387 3582 3446 3642 et

1854 3669 1964 3722 vult
1992 3669 2574 3750 Olllllltt,/QIIHCCUIIQIIB
2601 3668 2727 3724 facit
2753 3677 2807 3722 et
2831 3668 2960 3724 vult.
2987 3668 3220 3724 Audebit
3262 3676 3443 3728 autem

1852 3768 1906 3814 et
1935 3760 2038 3813 hoc
2065 3758 2245 3814 dicere
2269 3774 2394 3812 vera
2425 3758 2582 3823 ratio,
2625 3759 2749 3830 quia
2793 3770 2847 3814 et
2884 3759 2998 3829 ipse
3042 3759 3282 3813 omnium
3314 3773 3443 3814 cau-

1853 3851 1979 3906 salis
2029 3867 2125 3924 per
2146 3851 2404 3905 bonitatis
2434 3850 2808 3906 excellentiam
2851 3851 3032 3906 omnia
3065 3858 3228 3914 amat,
3260 3848 3443 3906 omnia

1851 3945 2002 4009 facit,
2031 3944 2210 4002 omnia
2247 3944 2510 4011 continet,
2534 3943 2716 3999 omnia
2747 3944 3036 4009 convertit,
3084 3950 3140 3998 et
3168 3949 3252 3997 est
3273 3941 3440 3998 etiam

1853 4038 2064 4101 divinus
2115 4052 2271 4092 amor
2323 4036 2558 4105 optimus
2604 4035 2793 4106 optimi
2839 4051 2937 4105 per
2996 4034 3276 4105 optimum.
3325 4033 3445 4103 Ipse

1853 4130 1995 4186 enim
2026 4131 2163 4188 bene
2201 4129 2374 4186 factor
2422 4130 2770 4184 cxistcutiutu
2816 4145 2989 4195 amor,
3025 4128 3076 4183 in
3117 4127 3321 4198 optimo
3346 4141 3446 4196 per

1853 4222 2226 4278 excellentiam
2271 4230 2396 4277 ante
2437 4221 2752 4285 subsistens,
2811 4237 2914 4275 no.1
2969 4220 3099 4276 sinit
3147 4221 3324 4288 ipsum
3363 4218 3446 4274 in-

1854 4313 2143 4369 fecundum
2178 4315 2231 4369 in
2266 4330 2324 4368 se
2356 4313 2471 4384 ipso
2508 4329 2750 4379 uulnere,
2777 4313 3140 4367 movitautem
3179 4311 3356 4381 ipsum
3388 4309 3444 4366 in

1856 4407 2120 4478 agendum
2163 4405 2316 4478 juxta
2345 4407 2584 4459 oumium
2625 4405 2914 4476 genitivum
2944 4403 3341 4463 excellentiam.
3375 4400 3446 4456 Ει

1855 4513 1923 4553 ne
1953 4498 2074 4567 quis
2105 4513 2202 4553 nos
2232 4497 2526 4552 arbitretur
2556 4506 2742 4552 centra
2774 4495 2983 4564 eloquia
3013 4495 3215 4552 amoris
3245 4507 3444 4564 cogno-

1783 4571 1832 4631 Π
1861 4589 2208 4644 minationem
2243 4590 2622 4645 houorificare.
2672 4589 2767 4644 Est
2803 4587 3021 4658 quidem
3057 4587 3200 4642 enim
3228 4585 3446 4640 irratiov

1862 4680 2060 4744 nobile,
2079 4689 2138 4735 ut
2157 4680 2412 4746 arbitror,
2436 4690 2490 4736 et
2509 4679 2758 4742 ‘stultum,
2787 4694 2892 4738 non
2915 4677 3096 4734 virtuti
3126 4675 3445 4740 intentionis
3536 4726 3547 4739 ,

1862 4771 2159 4836 attendere,
2210 4772 2304 4827 sed
2340 4772 2591 4826 dictionis
2620 4771 2660 4823 ³.
2709 4769 2776 4824 Et
2813 4767 2916 4824 hoc
2968 4784 3076 4830 non
3121 4776 3204 4822 est
3260 4765 3441 4822 divina

1863 4845 2163 4929 intelligere
2212 4860 2502 4915 volentium
2559 4859 2878 4930 proprium,
2927 4857 3019 4924 sed
3078 4871 3241 4912 sonos
3297 4854 3444 4910 leves

1866 4960 2316 5029 aceipientium‘,
2390 4966 2446 5012 et
2510 4958 2607 5014 hos
2662 4971 2831 5026 usque
2883 4971 3043 5012 aures
3093 4959 3441 5018 transeuntes

1863 5053 2202 5110 extrinsecus
2249 5051 2666 5115 continentium,
2712 5059 2766 5114 et
2802 5049 3095 5105 nolentium
3125 5047 3284 5107 scire.
3310 5044 3443 5114 quid

1862 5145 2078 5215 quidem
2126 5142 2305 5212 qualis
2352 5142 2514 5196 dictio
2564 5141 2824 5212 significet
2857 5181 2870 5206 ,
2931 5140 3266 5209 quomodovc
3313 5151 3434 5192 eam

1861 5243 2110 5305 oporteat
2134 5242 2188 5288 et
2209 5248 2306 5303 per
2333 5231 2469 5288 alias
2510 5240 2927 5302 aequepotentes
2959 5239 3012 5284 et
3043 5226 3440 5284 tuauifestiores

1857 5327 2120 5384 dictiones
2134 5323 2881 5392 declarareraticntiumque
2903 5319 3204 5380 elementis,
3233 5328 3282 5370 et
3312 5317 3436 5371 lite-

1860 5418 1935 5476 ris
1967 5433 2070 5471 non
2104 5416 2410 5482 intellectis,
2438 5426 2492 5471 et
2518 5413 2735 5486 syllabis
2763 5420 2817 5466 et
2841 5411 3166 5467 dictionibus
3191 5408 3430 5480 incogni-

1462 5530 1716 5586 VAlilAE
1751 5526 2153 5590 LECTIONES.

258 5624 275 5655 ¹
309 5620 402 5678 ΒΗ
431 5620 618 5679 Initio.
692 5625 714 5660 '
750 5621 841 5680 BH
863 5624 1098 5696 quidam.
1194 5622 1216 5654 ⁸
1237 5622 1325 5678 BE
1352 5622 1688 5680 dictionibus.

1798 5617 1821 5651 ⁸
1866 5617 1957 5673 ΑΕ
1995 5615 2370 5688 recipientium.

1699 5708 1949 5770 NOTAE.

256 5798 284 5827 ι
309 5785 470 5842 Rom.
497 5781 592 5853 XI,
617 5782 705 5840 36.
