4008 6286
564 394 703 455 1155

1932 390 2213 453 JOANNIS
2248 385 2445 452 ποτε

3706 372 3836 436 1156

563 512 635 566 tis
647 517 701 565 et
732 520 839 564 non
864 506 1291 579 ingredientibus
1319 506 1373 562 in
1402 504 1617 563 animae
1645 519 1777 563 suae
1807 504 2144 562 intellectua-
2166 509 2217 570 Α
2245 520 2362 561 nes.
2391 504 2458 559 Et
2484 510 2568 560 est
2593 502 2698 559 hoc
2745 499 2963 558 virtutis
2990 497 3220 556 uniticae
3256 505 3312 554 et
3339 493 3762 567 conjunctivae,
3792 506 3841 550 et

563 603 638 668 lc,
670 603 763 658 sed
811 601 943 656 foris
968 601 1114 658 circa
1149 601 1290 657 labia
1334 609 1390 657 et
1432 602 1648 658 auditus
1698 616 1825 657 suos
1870 602 2144 673 percrepi-

564 690 825 756 tantibus,
871 706 936 747 ac
978 693 1024 748 si
1052 707 1158 747 non
1205 692 1387 759 liceat,
1426 700 1681 763 quattuor
1719 708 2001 748 numerum
2045 708 2144 764 per

559 784 646 840 his
665 785 772 840 duo
817 784 1146 856 significare,
1176 793 1270 838 aut
1293 783 1539 854 simplam
1571 783 1768 839 lineam
1796 799 1894 854 per
1936 790 2142 839 rectam

559 874 781 942 lineam,
816 883 911 930 aut
933 876 1336 930 malernitatem
1359 890 1455 946 per
1477 875 1879 945 paternitatem,
1908 884 2000 930 aut
2022 873 2144 931 aliis

560 972 883 1041 quibusdam
911 970 1097 1027 multis
1124 970 1384 1027 orationis
1410 971 1650 1041 partibus
1679 971 1908 1042 idipsum
1933 969 2140 1042 signino

560 1060 829 1116 cantibus.
858 1058 1086 1130 Oportet
1114 1061 1253 1116 scire
1279 1060 1573 1115 secundum
1620 1070 1821 1116 rectam
1855 1060 2140 1125 rationem,

558 1152 686 1219 quia
714 1148 1017 1217 elementis,
1045 1159 1101 1206 et
1119 1149 1363 1221 syllabis,
1384 1158 1439 1205 et
1462 1149 1805 1216 dictionibus,
1832 1159 1886 1204 ct
1909 1149 2140 1218 scriptuc

558 1241 660 1305 ris,
718 1249 774 1297 et
819 1242 1157 1303 orationibus
1212 1241 1416 1297 utimur
1468 1254 1567 1312 per
1611 1256 1823 1297 sensus.
1875 1240 1965 1296 Sic
2019 1256 2142 1295 cum

560 1341 748 1389 nostra
772 1336 951 1391 anima
992 1335 1442 1392 intellectualibus
1479 1337 1883 1406 operationibus
1922 1337 1987 1391 ad
2015 1335 2145 1390 invi-

558 1425 737 1482 sibilia
767 1437 1033 1495 movetur,
1073 1427 1349 1485 abundant
1387 1444 1510 1484 cum
1540 1427 1883 1485 sensibilibus
1909 1443 2139 1484 sensus:

557 1516 701 1573 sicut
728 1526 784 1574 et
815 1518 1204 1576 intellectuales
1230 1520 1478 1586 virtutes,
1509 1535 1630 1575 cum
1663 1520 1840 1574 anima
1868 1517 2145 1574 deiformis

556 1609 700 1667 facta
721 1628 820 1685 per
846 1614 1108 1670 unitatem
1138 1616 1352 1685 ignotae
1374 1614 1765 1670 inaccessibilis
1795 1612 1952 1679 lucis,
1980 1613 2146 1669 radiis

556 1701 1005 1760 desiderabilibus
1036 1704 1396 1761 invisibilibus
1423 1704 1666 1777 theoriis.
1713 1704 1847 1760 Cum
1879 1720 2009 1762 vero
2034 1704 2148 1761 ani-

556 1812 680 1854 mus
712 1814 808 1869 per
835 1799 1107 1856 sensibilia
1137 1799 1424 1856 reformari
1465 1799 1685 1856 festinat
1715 1801 1783 1856 ad
1807 1800 2141 1871 contempla-

554 1889 694 1947 biles
759 1892 1194 1960 invisibilitates,
1269 1894 1619 1964 pretiosiores
1680 1895 1934 1952 omnibus
2019 1904 2145 1952 sunt

557 1982 820 2041 clariores
838 1987 1087 2043 sensibus
1108 1997 1416 2058 provectus,
1447 1988 1704 2045 lucidiora
1720 1990 1883 2046 verba
1901 1990 2143 2062 planiora

552 2075 880 2143 visibilibus,
928 2077 1069 2134 sicut
1093 2095 1216 2135 cum
1265 2096 1371 2136 non
1422 2080 1580 2152 plana
1624 2082 1733 2138 siut
1770 2083 2140 2138 accumbentia

551 2170 820 2236 sensibus,
852 2185 1027 2242 neque
1058 2173 1174 2243 ipsa
1206 2173 1388 2230 animo
1412 2175 1667 2230 assistere
1697 2176 1973 2232 sensibilia
2004 2176 2143 2233 bene

550 2269 826 2331 poterunt.
855 2262 1223 2320 Veruntamen
1246 2274 1304 2320 ut
1339 2280 1447 2321 non
1498 2266 1634 2322 haec
1662 2266 1843 2324 diccre
1870 2278 2140 2339 putemur,

551 2359 810 2422 tanquam
856 2353 1035 2408 divina
1069 2353 1280 2424 eloquia
1322 2354 1725 2424 submoventes,
1755 2359 1974 2415 audiant
2002 2360 2143 2417 hanc

553 2444 761 2499 amoris
810 2445 1236 2503 nominationem
1266 2447 1662 2505 criminantes:
1701 2451 1835 2505 Ama
1874 2468 2011 2518 eam,
2054 2452 2138 2508 in-

551 2535 690 2606 quit,
729 2546 778 2590 et
804 2537 1059 2591 custodiet
1085 2547 1167 2603 te;
1206 2538 1509 2608 amplexare
1534 2556 1670 2607 cant,
1701 2550 1749 2596 et
1778 2540 2028 2597 exaltabit
2049 2552 2140 2610 te;

549 2627 753 2683 honora
780 2644 919 2695 eam,
944 2639 1004 2684 ut
1047 2639 1097 2685 te
1127 2632 1528 2702 comprehendat
1568 2634 1740 2701 HI;et
1787 2651 2142 2707 quaecunque

551 2719 658 2777 alia
686 2723 980 2778 secundum
1024 2724 1319 2780 amatorias
1368 2724 1669 2796 theologias
1723 2728 2031 2784 laudantur.
2074 2730 2144 2785 Et

551 2812 771 2884 quidem
816 2813 993 2868 visum
1042 2823 1128 2870 est
1171 2814 1492 2885 quibusdam
1542 2818 1744 2872 nostris
1784 2817 2038 2885 lerolqgis
2088 2827 2143 2875 et

551 2835 771 2884 qmuem
818 2835 993 2868 Visum
1042 2835 1128 2870 est
1171 2835 1492 2885 qumusuam
1542 2835 1744 2872 nosu'ts
1784 2835 1955 2873 teroro
1995 2836 2038 2873 IS
2088 2835 2143 2875 et

549 2904 788 2961 divinius
817 2920 936 2961 esse
988 2908 1191 2963 amoris
1219 2922 1415 2962 nomen
1439 2923 1505 2964 eo
1535 2909 1838 2966 dilectionis
1869 2835 2144 2968 'lécribit

549 3003 732 3052 autem
782 3007 840 3053 et
886 2996 1099 3056 divinus
1136 2999 1414 3072 lgnatius:
1460 3001 1612 3058 Meus
1659 3021 1810 3058 amor
1854 3006 2141 3076 cruciﬁxus

548 3100 624 3144 est
666 3090 716 3145 δ.
748 3090 817 3147 Ει
846 3092 897 3147 in
946 3091 1076 3163 ipsis
1101 3104 1228 3149 ante
1272 3094 1763 3153 introductionibus
1805 3097 2143 3168 eloquiorum

2241 592 2552 650 diti‘erenter
2591 590 3083 664 contemperativae
3112 589 3163 644 in
3196 588 3336 646 bono
3376 594 3433 643 et
3477 584 3729 656 optimo,
3751 599 3841 655 per

2240 691 2439 747 bonum
2462 698 2515 745 et
2539 687 2801 759 optimum
2830 685 3301 750 antesubstitutae,
3342 695 3409 738 ex
3442 679 3599 736 bono
3624 686 3691 735 et
3709 680 3842 748 opti-

2241 799 2330 838 mo
2357 797 2455 853 per
2479 781 2678 837 bonum
2702 790 2757 837 et
2785 780 3048 851 optimum
3081 776 3276 841 editae,
3323 771 3681 830 continean
3723 770 3842 841 qni-

2241 876 2361 931 dem
2384 871 2783 945 aequipotentia
2810 871 3105 927 secundum
3156 864 3473 924 sociabilem
3498 862 3841 918 vicissitudo

2241 982 2389 1033 nem,
2418 965 2683 1022 moventis
2708 972 2887 1019 autem
2926 963 3100 1032 prima
3144 957 3212 1014 ad
3240 957 3516 1014 minorum
3547 951 3843 1024 providen-

2242 1059 2483 1125 tiamLet
2508 1056 2823 1114 collocantis
2851 1054 3108 1110 inferiora
3154 1050 3516 1108 conversione
3545 1045 3843 1117 superiori-

2241 1119 2520 1207 busfkst
2564 1158 2742 1205 autem
2792 1156 2847 1203 et
2898 1147 3189 1203 ecstaticus
3242 1143 3462 1198 divinus
3505 1154 3699 1202 arnor,
3746 1151 3843 1191 nm

2243 1243 2427 1298 sinens
2473 1242 2678 1311 seipsos
2719 1255 2840 1296 esse
2879 1248 3143 1303 amantes,
3189 1236 3284 1293 sed
3325 1233 3725 1290 amandos-um.
3786 1228 3844 1284 Et

2245 1334 2592 1390 declarantur
2631 1333 2846 1402 quidem
2895 1330 3173 1400 superiora
3216 1326 3569 1399 providentia
3601 1323 3752 1379 facta
3772 1322 3845 1376 in-

2244 1423 2527 1491 feriorum,
2551 1432 2607 1479 et
2635 1421 2989 1493 aequil‘ormia
3026 1420 3167 1477 inter
3192 1433 3252 1474 se
3288 1417 3530 1473 invicem
3563 1414 3845 1470 continen-

2248 1517 2342 1582 tia,
2393 1526 2448 1573 et
2513 1516 2724 1571 minora
2797 1514 2865 1568 ad
2912 1513 3086 1586 prima
3145 1509 3395 1567 diviniori
3457 1506 3843 1565 conversione.

2245 1608 2478 1665 Proinde
2499 1618 2552 1664 et
2576 1607 2774 1663 Paulus
2794 1620 3024 1677 magnus
3047 1604 3101 1658 in
3124 1601 3451 1659 excellentia
3475 1598 3661 1655 divini
3684 1596 3846 1653 factus

2247 1700 2474 1766 amoris,
2504 1707 2559 1755 et
2588 1707 2767 1753 mente
2818 1695 3167 1752 excedentem
3208 1709 3361 1750 suam
3391 1692 3673 1747 virtutem
3703 1705 3844 1745 assu-

2248 1809 2425 1857 mens,
2457 1792 2639 1848 divino
2661 1806 2785 1846 ore:
2817 1788 2950 1844 Vivo
2971 1786 3201 1859 ego,ait,
3222 1786 3339 1857 jam
3362 1801 3493 1848 non,
3524 1784 3660 1838 ris-it
3681 1792 3843 1837 nte-
3942 1822 3951 1829 .

2171 1865 2219 1926 B
2244 1884 2301 1938 in
2326 1902 2407 1938 me
2427 1881 2665 1938 Christus
2690 1894 2736 1937 ε.
2767 1882 2836 1939 Ει
2855 1896 2982 1936 vere
3007 1888 3218 1935 amator
3239 1887 3295 1933 et
3321 1886 3509 1933 mente
3557 1876 3843 1939 excedens.

2243 1976 2403 2033 sicsic
2432 1975 2626 2047 inquit,
2652 1974 2785 2041 Deo,
2810 1984 2981 2029 etnon
3004 1972 3175 2042 ipsam
3206 1973 3289 2027 sui
3314 1969 3537 2035 vivens,
3569 1967 3843 2038 sedipsam

2243 2066 2503 2123 amatoris
2527 2067 2716 2130 vitam,
2745 2075 2805 2120 ut
2844 2065 3004 2119 nimis
3036 2062 3475 2117 dilectissimam.
3497 2047 3842 2123 (Audendum

2242 2169 2424 2215 autem
2475 2168 2529 2214 et
2577 2158 2680 2213 hoc
2714 2172 2813 2228 pro
2859 2156 3088 2210 veritate
3116 2154 3319 2217 dicere,
3354 2152 3489 2222 quia
3524 2159 3590 2206 et
3612 2149 3841 2204 omnium

2242 2252 2478 2311 causalis
2517 2253 2780 2308 bonorum
2809 2259 2862 2306 et
2899 2249 3226 2319 optimorum
3256 2245 3507 2300 omnium
3542 2259 3738 2298 amore
3760 2256 3844 2314 per

2242 2348 2615 2405 excellentiam
2660 2346 2955 2403 amatoriae
2984 2344 3240 2399 bonitatis
3262 2342 3601 2397 habitudine
3634 2358 3730 2396 sua
3773 2341 3841 2406 tit,

2243 2443 2296 2498 in
2327 2442 2614 2498 existentia
2666 2440 2846 2496 omnia
2880 2437 3256 2508 providentiis,
3305 2445 3361 2491 et
3412 2444 3474 2489 ut
3517 2435 3768 2489 bonitate
3798 2444 3844 2487 et

2242 2532 2531 2588 dilectione
2571 2541 2627 2586 et
2676 2545 2861 2586 amore
2903 2528 3139 2594 fovetur,
3200 2536 3256 2583 et
3284 2542 3349 2581 ex
3382 2542 3561 2597 super
3586 2527 3771 2581 omnia
3797 2535 3842 2579 et

2243 2625 2494 2680 omnibus
2525 2630 2734 2678 remoto
2783 2620 2850 2676 ad
2889 2635 3054 2675 unum
3082 2617 3336 2674 omnibus
3371 2618 3678 2673 deducitur
3698 2619 3842 2687 juxta

2242 2722 2425 2770 mente
2480 2715 2832 2769 excedentem
2882 2710 3399 2782 superessentialcm
3445 2710 3721 2765 virtutem
3770 2726 3843 2763 re-

2243 2809 2497 2865 deuntem
2552 2806 2864 2876 semetipso.
2893 2803 3120 2875 Propter
3157 2803 3302 2874 quod
3333 2811 3390 2859 et
3439 2802 3687 2858 zelotem
3730 2817 3842 2856 cum

2244 2899 2410 2955 divini
2438 2889 2710 2970 sapientes
2732 2897 3027 2969 appellant,
3058 2896 3208 2952 velut
3237 2896 3474 2952 multum
3518 2897 3577 2951 in
3604 2900 3841 2952 existen-

2245 2995 2318 3050 tia
2355 2993 2617 3064 optimum
2659 3006 2921 3058 amorem,
2946 2999 3001 3046 et
3048 2999 3107 3045 ut
3131 2991 3199 3045 ad
3239 2988 3418 3045 zelum
3450 2992 3840 3047 suscitaturus:

2244 3087 2714 3157 concupiscentiae
2757 3101 2890 3142 suae
2937 3084 3253 3152 amatoriae,
3280 3093 3337 3140 et
3366 3093 3428 3139 ut
3462 3084 3705 3141 zelotem
3729 3099 3839 3139 eam

549 3182 793 3237 invenies
847 3185 1115 3253 quendam
1162 3185 1429 3241 dicentem
1485 3186 1553 3242 de
1582 3188 1778 3243 'divina
1828 3188 2133 3259 sapientia:
2164 3227 2210 3290 C
2245 3180 2740 3290 θδῑθηάθηίθῐηνιθι
2769 3177 3055 3248 concupita
3085 3175 3374 3290 ξείθηίθῐξιυ
3531 3176 3842 3247 υιΡνονίείί

548 3272 771 3327 Amator
795 3272 969 3343 factus
992 3291 1109 3329 sum
1139 3276 1340 3346 formae
1368 3277 1481 3347 ejus
1512 3287 1561 3331 θ.
1592 3278 1780 3348 itaque
1803 3280 1905 3335 hoc
1932 3279 2135 3336 amoris

548 3378 746 3418 nomen
780 3379 847 3419 ne
873 3365 1176 3432 timeamus,
1203 3381 1377 3438 neque
1397 3367 1518 3438 quis
1533 3384 1633 3425 nos
1654 3372 1936 3425 conturbet
1957 3384 2138 3426 sermo

548 3452 619 3508 de
669 3452 774 3507 hoc
827 3453 1152 3525 disceptans.
1202 3454 1330 3522 Mihi
1380 3458 1524 3512 enim
1581 3459 1834 3515 videntur
1904 3461 2136 3533 theologi

549 3556 837 3599 commune
882 3543 1099 3615 quidem
1129 3545 1344 3601 duxisse
1380 3546 1681 3605 dilectionis
1726 3558 1781 3605 et
1817 3552 2017 3608 amoris
2041 3567 2137 3608 no-

551 3648 675 3689 men
709 3651 722 3689 :
754 3644 1036 3707 propterea
1083 3644 1263 3693 autem
1305 3638 1501 3696 divinis
1540 3642 1709 3714 magis
1760 3642 1966 3701 referre
2007 3660 2137 3702 vere

552 3738 814 3792 amorem,
868 3736 1086 3798 propter
1134 3727 1607 3801 inconsequentem
1657 3733 1846 3789 talium
1894 3735 2134 3791 virorum

551 3815 972 3871 adamationem.
1002 3816 1232 3873 Pulchre
1251 3820 1393 3875 enim
1423 3836 1551 3878 vere
1585 3838 1771 3879 amore
1793 3840 1897 3880 non
1921 3842 1952 3881 a
1980 3827 2136 3883 nobis

551 3912 782 3973 tantum,
813 3908 907 3964 sed
937 3917 991 3964 et
1023 3910 1092 3965 ab
1137 3910 1365 3983 eloquiis
1390 3914 1521 3984 ipsis
1566 3914 1802 3983 laudato,
1836 3917 2134 3974 multitudi-

548 4015 648 4055 nes
671 4016 775 4057 non
799 4002 1075 4072 capientes
1098 4004 1366 4063 uniforme
1391 4008 1689 4065 amatoriae
1718 4009 1933 4066 divinae
1958 4012 2136 4067 nomi-

548 4092 806 4159 nationis,
838 4094 1056 4166 propric
1080 4098 1398 4168 semetipsos
1425 4100 1477 4154 in
1507 4102 1757 4169 partibile
1777 4110 1834 4158 et
1851 4105 2132 4174 corporale

547 4192 602 4239 et
626 4186 899 4244 dividuum
932 4189 1317 4258 labefecerunt,
1363 4209 1486 4250 cum
1516 4210 1622 4251 non
1673 4197 1744 4253 sit
1766 4213 1927 4254 verus
1954 4214 2130 4268 amor,

547 4275 641 4331 sed
671 4277 881 4344 umbra,
932 4288 1026 4335 aut
1068 4283 1245 4367 magis.
1266 4298 1424 4339 casus
1448 4275 1578 4341 vero
1607 4302 1810 4346 amore.
1828 4288 2130 4346 iRemotum

546 4364 692 4420 chim
717 4374 799 4423 est
814 4368 1153 4426 multitudine
1182 4364 1451 4441 singulare
1470 4376 1635 4432 divini
1658 4378 1886 4433 etunius
1907 4380 2125 4436 amoris.

548 4452 676 4510 Ideo
704 4464 759 4512 et
785 4458 863 4514 sic
890 4458 1156 4517 dillicilius
1178 4477 1372 4520 nomen
1402 4464 1585 4520 multis
1596 4475 1838 4535 putatum
1870 4470 1920 4524 in
1947 4470 2129 4525 divina

2240 3285 2363 3326 eum
2400 3268 2758 3325 existentibus
2790 3283 2888 3339 per
2915 3267 3205 3339 semetipsa
3260 3267 3573 3323 zelautibus
3603 3286 3621 3323 :
3652 3279 3715 3325 et
3736 3282 3842 3323 om-

2242 3363 2370 3418 nino
2395 3363 2535 3419 bono
2559 3371 2616 3418 et
2644 3362 2850 3432 optimo
2877 3369 2958 3417 est
2991 3361 3222 3417 amabile
3243 3369 3299 3416 et
3323 3375 3504 3426 amor,
3533 3371 3591 3417 et
3619 3361 3681 3417 in
3708 3361 3839 3416 bona

2236 3464 2293 3511 et
2317 3454 2520 3526 optimo
2541 3462 2665 3509 ante
2682 3453 3034 3518 collocantur,
3065 3460 3121 3509 et
3142 3468 3242 3524 per
3267 3453 3471 3509 bonum
3493 3462 3553 3509 et
3574 3454 3837 3524 optimm

2238 3554 2365 3600 sunt
2385 3554 2436 3600 et
2467 3545 2621 3601 ﬁunt.
2645 3545 2784 3613 Quid
2812 3554 2994 3602 autem
3025 3545 3249 3601 omnino
3276 3546 3515 3618 theologi
3549 3546 3830 3611 volentes.

2238 3638 2531 3709 aliquando
2582 3639 2798 3711 quidem
2850 3651 3091 3696 amorem
3142 3648 3199 3696 et
3248 3639 3604 3696 dilectionem
3668 3641 3836 3712 ipsum

2238 3731 2441 3797 dicunt,
2492 3729 2781 3803 aliquando
2825 3747 2956 3787 vero
2998 3740 3237 3787 amatum
3288 3741 3345 3788 et
3392 3731 3717 3787 dilectum?
3766 3731 3836 3787 Bo

2235 3821 2452 3893 quidem
2499 3823 2645 3878 enim
2688 3821 2944 3890 causalis,
2973 3832 3028 3878 et
3053 3831 3114 3878 ut
3139 3824 3460 3894 praevolens
3485 3831 3542 3876 et
3568 3823 3830 3891 genitor:

2235 3913 2339 3968 hoc
2361 3920 2540 3968 autem
2570 3913 2686 3983 ipse
2707 3922 2809 3969 est.
2834 3913 2903 3969 Et
2924 3929 2989 3970 eo
3014 3915 3232 3985 quidem
3262 3924 3533 3980 movetur,
3561 3928 3636 3970 eo
3656 3923 3832 3969 autem

2236 4013 2436 4071 movet,
2476 4007 2693 4077 quando
2721 4007 2835 4076 ipse
2875 4007 3074 4063 suimet
3101 4015 3156 4063 et
3183 4006 3284 4063 sibi
3312 4015 3397 4063 est
3422 4014 3830 4076 praecessores

2236 4113 2476 4155 movens.
2541 4098 2630 4155 Sic
2676 4109 2855 4155 autem
2904 4100 3162 4156 dilectum
3206 4100 3424 4171 quidem
3472 4109 3531 4155 et
3585 4110 3828 4156 amatum

2233 4205 2356 4248 eum
2394 4201 2612 4259 vocant,
2654 4199 2713 4245 ut
2749 4192 2948 4248 bonum
2976 4200 3031 4248 et
3060 4192 3322 4263 optimum
3358 4211 3372 4247 :
3402 4206 3658 4247 amorem
3703 4207 3828 4249 vero

2232 4286 2429 4340 iterum
2478 4293 2535 4340 et
2585 4283 2949 4351 dilectionem,
3008 4292 3069 4339 ut
3098 4291 3400 4339 moventem
3451 4283 3644 4349 simul,
3675 4293 3730 4338 et
3770 4290 3829 4338 α

2234 4375 2584 4433 reducentem
2635 4378 2890 4431 virtutem
2960 4390 3084 4432 eum
3155 4376 3248 4447 qui
3314 4385 3400 4432 est
3456 4375 3512 4431 in
3586 4376 3825 4447 seipsum

2235 4469 2427 4531 solum,
2459 4469 2633 4540 ipsum
2678 4484 2776 4541 per
2815 4470 3052 4540 seipsum
3093 4471 3294 4526 bonum
3339 4479 3395 4525 et
3439 4475 3733 4539 optimum.
3758 4468 3825 4525 Et

546 4551 809 4645 sapientia
832 4554 1106 4645 statuitur,
1121 4565 1176 4611 et
1198 4556 1265 4611 ad
1291 4559 1658 4616 reductionem
1684 4576 1871 4616 eorum
1893 4570 1948 4618 et
1973 4564 2135 4618 resti-
2156 4583 2212 4645 ι)
2236 4563 2315 4619 sic
2344 4563 2560 4635 quidem
2608 4564 2952 4629 edicendum,
3008 4562 3332 4620 existentem
3386 4563 3690 4634 semetipso
3730 4576 3819 4634 per

551 4640 809 4695 tationem
833 4643 888 4699 in
909 4645 1022 4699 veri
1046 4646 1248 4701 amoris
1273 4648 1544 4714 notitiam,
1579 4656 1633 4705 et
1675 4650 1770 4715 ita,
1801 4660 1859 4707 ut
1883 4651 2129 4710 absolva—

545 4739 638 4786 tur
667 4731 719 4787 in
753 4732 870 4804 ipso
895 4733 1193 4792 dillicultas.
1219 4738 1263 4792 A
1289 4739 1445 4795 nobis
1488 4751 1668 4797 autem
1707 4743 1920 4811 iterum,
1953 4745 2043 4800 ubi
2073 4753 2131 4802 et

546 4821 944 4895 inconsequens
970 4827 1224 4896 quiddam
1252 4845 1413 4900 saepe
1456 4831 1858 4904 intelligendum
1887 4843 2129 4892 terrenos

544 4914 723 4972 caelos
761 4918 1056 4973 secundum
1103 4921 1410 4991 opinionem
1440 4924 1682 4982 melioris
1727 4925 1920 4983 famae.
1976 4927 2133 4984 Ceci-

542 5007 642 5074 dit,
684 5010 806 5080 quis
854 5010 952 5075 ait,
995 5010 1210 5067 dilectio
1262 5022 1349 5068 tua
1397 5030 1559 5086 super
1587 5032 1695 5084 me,
1743 5018 1881 5073 sicut
1912 5019 2129 5077 dilectio

541 5099 828 5157 mulierum
842 5101 890 5155 ἀ.
907 5101 962 5157 lu
980 5102 1407 5161 elucesccutibus
1421 5107 1615 5164 divinis
1636 5108 2057 5166 sublimitatibus
2070 5111 2123 5165 in

542 5192 731 5247 eadem
752 5195 953 5250 virtute
982 5196 1239 5251 statuitur
1275 5212 1305 5251 a
1334 5199 1505 5253 sacris
1538 5199 1797 5270 theologis
1822 5200 2124 5257 dilectionis

540 5289 600 5339 et
637 5286 838 5341 amoris
887 5302 1083 5343 nomen
1130 5274 1423 5345 secundum
1470 5292 1680 5349 divinas
1732 5291 2124 5350 manifestatio-

2235 4654 2587 4725 semetipsum
2614 4652 2929 4710 excellentis
2972 4654 3197 4710 unitatis
3226 4655 3486 4724 optimam
3513 4654 3822 4724 processio-

2233 4760 2381 4811 nem,
2409 4752 2466 4800 et
2506 4743 2828 4799 amatorium
2881 4752 3110 4809 motum,
3148 4740 3425 4815 simplum,
3453 4758 3557 4814 per
3584 4744 3819 4815 seipsum

2235 4842 2460 4898 motum,
2502 4848 2600 4903 per
2660 4832 2898 4902 seipsum
2947 4834 3210 4897 activum,
3255 4837 3723 4903 praecxistentem
3766 4835 3816 4889 in

2233 4923 2457 4993 optimo,
2509 4929 2565 4976 et
2608 4937 2675 4977 ex
2702 4922 2908 4992 optimo
2954 4921 3312 4977 existentibus
3356 4931 3736 4987 emanantem,
3770 4932 3817 4976 et

2235 5017 2430 5073 iterum
2466 5016 2522 5071 in
2570 5016 2832 5087 optimum
2889 5024 3295 5072 convertentem
3338 5028 3420 5079 se,
3468 5015 3813 5071 et'inﬁnitm

2231 5108 2431 5180 seipso,
2463 5116 2518 5163 et
2545 5123 2738 5164 carens
2758 5107 3045 5179 principio,
3082 5107 3300 5163 divinus
3336 5122 3495 5162 amor
3513 5109 3813 5163 ostenditm'

2231 5196 2562 5265 ditl'erenter,
2595 5199 2736 5254 sicut
2761 5197 2981 5267 quidam
3015 5204 3273 5253 aeternus
3303 5195 3511 5268 cyclus,
3543 5210 3653 5266 per
3684 5195 3809 5267 opti-

2229 5306 2399 5357 mum,
2429 5304 2493 5345 ex
2521 5290 2742 5362 optimo,
2773 5298 2829 5346 et
2870 5288 2925 5345 in
2952 5290 3180 5361 optimo,
3214 5296 3270 5345 et
3308 5287 3365 5343 in
3405 5287 3708 5363 optimam,
3736 5288 3806 5343 ia-

1826 5403 2084 5460 V'ARIAE
2120 5400 2530 5462 LECTIONES.

608 5494 631 5531 ί
662 5486 705 5543 Ε
730 5491 1131 5563 comprehendat
1175 5502 1244 5549 te.
1318 5494 1339 5527 ’
1371 5493 1415 5549 Α
1446 5510 1633 5551 nomen
1660 5492 1857 5551 amoris
1885 5512 2045 5568 quam
2067 5495 2404 5562 dilectionis;
2429 5492 2477 5550 Η
2495 5509 2655 5567 quam
2675 5494 2973 5554 dilectionis
2995 5512 3185 5556 nomen
3209 5496 3435 5554 amoris.

2056 5605 2310 5666 NOTAE.

609 5702 636 5731 ιι
662 5690 821 5746 Prov.
850 5690 937 5745 ιγ.

608 5759 638 5800 δ
665 5761 837 5831 Epist.
869 5761 933 5831 ad
964 5762 1116 5819 Rom.
1152 5764 1259 5821 V'll.

610 5840 633 5870 ε
667 5830 792 5904 sap.
826 5830 954 5899 VIII,
984 5834 1038 5888 ε.

2281 5696 2309 5740 «ι
2348 5698 2391 5770 t1
2421 5698 2553 5770 neg.
2584 5698 2626 5755 ι.

2290 5782 2315 5812 ο
2353 5769 2472 5827 Gal.
2502 5771 2567 5838 ll,
2586 5770 2677 5827 20.
