4008 6286
281 275 423 362 ιω

918 271 1170 330 VERSIO
1207 271 1492 333 OPERUM
1535 271 1592 327 S.
1635 268 1953 346 DlONYSll.
1992 299 2062 312 ν-
2101 272 2188 346 ωε
2227 274 2476 334 DlVlNIS
2514 276 2904 336 NOMINIBUS.

3399 272 3546 372 ἕδη

283 402 464 458 neque
503 385 593 442 ille
621 386 844 470 vitiatur
875 399 960 452 eo,
993 396 1057 465 et
1085 385 1282 462 malum
1313 387 1455 458 bono
1478 371 1762 460 existente.
1805 381 1862 438 Si
1889 382 1942 444 Α
2040 385 2146 462 Sed
2183 402 2359 468 neque
2400 392 2689 470 daemones
2719 402 2907 467 natura
2933 392 3085 462 mali.
3123 388 3332 466 Etenim
3369 391 3416 466 si
3445 405 3543 462 nae

289 487 471 533 autem
502 476 684 541 fuerit,
723 463 990 546 quomodo
1025 463 1131 531 erit
1163 476 1212 530 in
1253 479 1392 531 bono
1425 474 1660 530 malum?
1687 473 1865 545 Siqui-

277 571 411 626 dem
444 582 510 622 ex
546 585 611 622 eo
639 569 1035 638 inconsequens
1083 578 1135 622 ct
1173 567 1521 638 impossibile.
1556 565 1677 622 Non
1703 574 1866 638 potest

276 658 457 722 enim,
487 665 546 711 ut
571 656 904 726 eloquiorum
932 655 1134 712 veritas
1165 658 1260 724 ait,
1293 657 1450 710 arbor
1491 656 1624 711 bona
1666 657 1868 727 fructus

288 747 456 802 malos
487 749 659 817 facere
688 760 736 814 ει,
768 762 940 817 neque
981 748 1110 803 illud
1160 749 1375 803 iterum.
1427 747 1487 803 Si
1537 758 1715 804 autem
1762 761 1868 803 non

288 852 357 892 ex
405 838 560 908 ipso,
609 853 676 894 ex
721 838 828 893 alio
861 838 1066 893 clarum
1093 880 1106 903 ,
1148 839 1272 909 quia
1309 839 1572 909 principio
1599 847 1653 893 et
1683 854 1866 893 causa.

288 929 502 984 Etenim
553 941 648 985 aut
694 931 892 986 malum
941 945 1009 986 ex
1055 933 1196 986 bono
1239 932 1382 997 erit,
1434 939 1527 985 aut
1572 931 1767 985 bonmn
1804 946 1871 985 ex

275 1019 436 1075 malo
464 1039 477 1075 :
504 1029 599 1076 aut
620 1023 663 1077 si
694 1034 799 1075 non
831 1023 934 1076 hoc
965 1015 1250 1092 possibile,
1285 1037 1350 1077 ex
1381 1021 1485 1076 alio
1513 1021 1779 1092 principio
1817 1027 1872 1076 et

277 1123 460 1166 causa
486 1112 592 1166 erit
621 1120 674 1166 et
703 1105 900 1166 bonum
931 1113 1153 1167 malum.
1183 1111 1370 1168 Omnis
1397 1113 1539 1168 enim
1583 1113 1714 1184 dyas
1767 1121 1870 1167 non

279 1199 612 1270 principium
650 1217 663 1255 :
694 1213 881 1255 monas
908 1210 1086 1256 autem
1119 1203 1223 1256 erit
1265 1202 1428 1257 totius
1458 1202 1643 1273 dyadis
1673 1199 1874 1272 princi-

278 1287 457 1356 pium.
509 1288 574 1342 Et
601 1289 818 1359 quidem
849 1291 1278 1360 inconsequens,
1319 1307 1386 1346 ex
1435 1307 1544 1345 uno
1586 1300 1640 1346 et
1684 1292 1873 1346 eodem

291 1380 396 1434 duo
423 1381 734 1436 omnimodo
759 1384 1030 1438 contraria
1061 1397 1347 1454 provenire
1369 1393 1421 1438 et
1449 1399 1586 1447 esse,
1617 1393 1670 1438 et
1700 1380 1873 1454 ipsum

284 1470 613 1540 principium
639 1488 745 1527 non
774 1474 1023 1544 simplum
1057 1483 1112 1530 et
1142 1475 1443 1546 singulare,
1495 1477 1585 1530 sed
1618 1476 1873 1544 partitum

289 1569 347 1617 et
377 1561 626 1628 biforme,
658 1574 713 1620 et
756 1567 1088 1621 contrarium
1133 1568 1185 1622 in
1233 1568 1467 1638 seipsmn
1507 1577 1559 1622 et
1601 1566 1874 1622 mutabile.

278 1652 464 1708 .lmuc
489 1669 618 1710 vero
642 1671 820 1727 neque
852 1659 958 1718 duo
987 1660 1334 1715 existentium
1362 1662 1629 1716 contraria
1672 1662 1874 1732 princi-

1971 486 2089 531 tura
2140 479 2293 542 mali,
2333 497 2506 552 neque
2552 497 2615 538 ex
2655 485 2817 549 bono,
2851 499 3023 556 neque
3069 483 3123 539 in
3165 483 3536 554 existentibus.

1970 584 2144 641 neque
2172 586 2236 625 ex
2269 572 2424 628 bonis
2459 589 2807 639 conversum,
2851 583 3040 629 natura
3081 583 3138 630 et
3175 590 3388 645 semper
3419 573 3540 647 mali

1970 663 2242 728 cxiswnt,
2291 663 2530 734 sequitur
2567 683 2580 718 :
2613 663 2827 719 sibimet
2866 673 2993 721 sunt
3022 663 3178 731 mali,
3206 681 3272 718 au
3298 665 3452 726 aliis?
3488 664 3542 736 Si

1969 752 2184 822 quidem
2215 752 2462 818 sibimet,
2491 769 2558 807 an
2587 763 2944 824 corrumpunt
2975 756 3216 825 seipsos?
3262 754 3317 810 Si
3363 764 3544 826 autem

1972 841 2111 906 aliis,
2143 843 2412 911 quomodo
2463 852 2816 914 corrumpunt
2841 852 2933 897 aut
2962 845 3092 914 quid
3125 845 3144 876 '
3171 851 3544 916 corrumpunt,

1971 931 2296 998 essentiam,
2346 949 2412 988 an
2444 935 2732 1000 virtutem,
2775 951 2841 989 an
2885 937 3189 992 actionem?
3232 937 3291 1008 Si
3331 935 3546 1012 quidem

1973 1026 2286 1100 essentiam,
2317 1027 2549 1098 primum
2577 1028 2792 1096 quidem
2820 1043 2923 1083 non
2960 1027 3113 1102 juxta
3147 1037 3412 1098 naturam.
3445 1019 3548 1086 Na;

1974 1123 2092 1169 tura
2123 1117 2266 1170 enim
2304 1108 2726 1192 incorruptibilia
2759 1135 2862 1173 non
2892 1128 3273 1194 corrumpunt,
3321 1117 3414 1188 sed
3455 1109 3550 1188 ac-

1974 1208 2180 1275 ceptiva
2227 1208 2605 1278 corruptionis.
2641 1207 2938 1279 Sequitur:
2985 1225 3160 1282 neque
3202 1211 3303 1279 hoc
3333 1207 3551 1282 omning

1976 1305 2030 1351 ct
2079 1298 2299 1353 omnino
2356 1298 2575 1370 malum,
2627 1300 2719 1354 sed
2773 1317 2947 1376 neque
3007 1302 3368 1374 corrumpitur
3424 1297 3553 1374 quid

1976 1388 2342 1451 existentium,
2372 1391 2663 1444 secundum
2694 1392 2837 1461 quod
2861 1393 3092 1446 essentia
3124 1401 3179 1446 et
3215 1402 3426 1456 natura,
3459 1383 3552 1474 sed

1979 1479 2185 1534 deft-ctu
2221 1478 2375 1549 juxta
2423 1490 2666 1535 naturam
2713 1481 2938 1548 ordinis,
2972 1483 3287 1552 harmoniae
3331 1494 3384 1538 et
3409 1500 3552 1554 com-

1981 1573 2394 1626 meusnratiouis
2445 1573 2580 1626 ratio
2637 1569 2973 1643 inﬁrmatur,
3027 1587 3246 1628 manere
3307 1573 3557 1644 similiter

1979 1661 2206 1717 habens.
2259 1663 2546 1717 inﬁrmitas
2604 1671 2781 1718 autem
2832 1680 2938 1718 non
2989 1663 3246 1735 perfecta.
3301 1664 3355 1720 Si
3413 1664 3555 1736 enim

287 1746 380 1816 pia
409 1748 661 1815 possibile
686 1763 834 1815 esse,
865 1759 920 1804 et
963 1765 1028 1806 ea
1058 1752 1199 1806 inter
1223 1767 1281 1807 se
1329 1753 1555 1807 invicem
1585 1761 1638 1806 et
1669 1751 1722 1806 in
1756 1753 1877 1806 nni-
1912 1733 1956 1791 Β
1988 1755 2252 1826 perfecta,
2285 1765 2339 1810 et
2373 1757 2770 1826 corruptionem
2811 1765 2864 1811 et
2913 1733 3211 1826 subjectum
3264 1733 3554 1826 interimit:

295 1852 453 1892 verso
483 1842 789 1910 pugnantia.
819 1841 878 1896 Si
907 1844 1050 1898 enim
1095 1843 1199 1912 hoc
1240 1845 1488 1910 daretur,
1517 1845 1622 1899 erit
1649 1852 1701 1898 et
1737 1845 1878 1898 Deus

297 1941 404 1981 non
434 1929 710 1992 innocens,
741 1947 915 2002 neque
965 1935 1080 1988 sine
1112 1934 1243 1996 rixa,
1279 1935 1539 2003 siquidem
1573 1936 1615 1990 si
1654 1936 1721 1990 sit
1751 1935 1879 2004 quid

299 2039 420 2078 eum
454 2025 795 2094 perturbans.
831 2025 1474 2098 Saluitur,eruntomuia
1496 2030 1797 2084 inordinata
1826 2037 1878 2083 et

297 2131 513 2186 semper
555 2121 864 2190 pugnantia.
905 2119 970 2174 Et
1019 2123 1232 2190 quidem
1282 2123 1576 2177 amicitiam
1631 2123 1880 2176 omnibus

299 2208 656 2264 existentibus
702 2211 899 2266 tonum
930 2208 1121 2276 tradit,
1156 2223 1211 2268 et
1257 2230 1356 2284 per
1399 2229 1457 2269 se
1488 2230 1589 2284 pax
1611 2257 1623 2279 ,
1653 2227 1706 2269 et
1734 2215 1882 2285 pacis

299 2297 504 2352 donans
568 2299 817 2353 laudatur
865 2317 894 2355 a
946 2303 1116 2357 sacris
1161 2303 1423 2375 theologis
1455 2305 1503 2357 ι).
1553 2305 1785 2359 Proinde
1827 2313 1882 2359 et

297 2387 471 2440 amica
500 2387 660 2455 bona,
690 2400 745 2443 et
769 2402 1045 2460 compacta
1076 2394 1275 2459 omnia,
1303 2403 1354 2449 et
1379 2410 1482 2448 una
1512 2394 1617 2448 vita
1645 2396 1880 2466 cgenita,

298 2487 354 2530 et
395 2477 458 2529 ad
493 2494 655 2532 unum
687 2483 948 2551 eptimuut
996 2487 1305 2540 coordinata
1336 2495 1391 2542 et
1420 2489 1651 2541 adunata
1672 2529 1686 2552 ,
1728 2497 1780 2542 et
1812 2488 1884 2542 si-

301 2566 447 2619 milia
479 2579 787 2637 contparata
819 2572 962 2628 inter
1003 2587 1059 2628 se
1096 2575 1345 2631 invicem.
1392 2576 1576 2647 itaque
1605 2594 1719 2632 non.
1747 2577 1882 2632 divi-

301 2671 429 2710 num
469 2657 702 2723 malum,
751 2669 806 2715 et
839 2663 1036 2718 malum
1067 2666 1082 2698 ¹
1115 2680 1218 2719 non
1268 2668 1528 2722 divinum.
1574 2669 1678 2723 Sed
1712 2683 1884 2739 neque

300 2759 366 2800 ex
397 2747 506 2802 Deo
538 2765 589 2802 m
627 2749 756 2805 lum.
793 2751 853 2808 Si
884 2756 1027 2809 enim
1076 2772 1178 2811 non
1212 2758 1397 2818 bonus,
1433 2768 1524 2813 aut
1552 2761 1687 2814 bene
1730 2761 1881 2828 facit,

291 2849 356 2892 act
390 2843 523 2895 bona
553 2843 802 2909 adducit,
831 2855 886 2901 et
920 2863 1023 2902 lion
1064 2848 1354 2918 aliquando
1382 2853 1596 2920 quidem
1633 2861 1686 2906 et
1722 2868 1886 2923 quae-

306 2932 447 2992 dam.
481 2934 768 3005 aliquando
794 2949 972 2995 autem
1004 2957 1106 2996 non
1133 2951 1188 2996 et
1222 2957 1326 2998 non
1357 2946 1556 2999 omnia.
1592 2945 1887 3001 Transum-

308 3025 562 3080 tatioucm
592 3028 808 3094 quidem
847 3030 902 3090 in
941 3032 1042 3085 hoc
1073 3031 1233 3086 faciet
1263 3043 1318 3088 et
1359 3029 1804 3101 mutabilitatem,
1833 3044 1886 3091 et

305 3116 446 3169 circa
477 3131 556 3179 se.
587 3118 689 3172 hoc
716 3127 827 3182 est,
859 3120 1098 3175 omnium
1129 3123 1522 3179 divinissimum
1552 3135 1607 3180 et
1643 3131 1883 3181 causam.

313 3206 368 3264 Si
403 3215 583 3263 autem
608 3209 660 3264 in
690 3211 798 3265 Deo
827 3211 1024 3266 bonum
1058 3214 1404 3270 subsistentia
1439 3226 1541 3284 est,
1570 3219 1675 3271 erit
1710 3225 1891 3275 trans~

307 3302 486 3360 ferens
537 3317 602 3358 ex
653 3304 794 3360 bono
843 3305 982 3361 Deus
1035 3305 1328 3377 aliquando
1370 3308 1585 3377 quidem
1634 3310 1738 3376 ὧν,
1787 3310 1888 3365 ali-

305 3396 521 3463 quando
551 3404 728 3450 autem
763 3413 868 3453 non
893 3398 973 3453 ὥν.
1005 3398 1060 3454 Si
1091 3416 1218 3454 vero
1249 3402 1662 3471 participatione
1689 3403 1890 3458 bonum

301 3501 412 3542 non
439 3484 615 3548 habet,
641 3495 695 3541 et
723 3504 788 3542 ex
820 3488 990 3544 altero
1018 3491 1254 3555 habebit,
1283 3501 1336 3546 et
1366 3493 1652 3563 aliquando
1677 3495 1892 3565 quidem

311 3573 564 3639 habebit,
606 3575 894 3644 aliquando
929 3588 1102 3634 autem
1152 3595 1256 3635 non
1288 3582 1524 3638 habebit.
1572 3583 1686 3640 Non
1729 3587 1893 3656 igitur

307 3680 374 3724 ex
421 3665 527 3725 Deo
558 3666 792 3734 malum,
844 3683 1018 3740 neque
1066 3671 1119 3726 in
1167 3671 1306 3736 Deo,
1359 3688 1533 3743 neque
1577 3675 1894 3745 simpliciter

309 3760 604 3818 secandum
636 3770 867 3831 tempus.

383 3849 486 3903 Sed
516 3866 688 3918 neque
718 3852 768 3905 in
793 3854 998 3923 angelis
1023 3865 1105 3908 est
1134 3855 1354 3910 malum.
1386 3855 1441 3910 Si
1466 3856 1606 3910 enim
1639 3858 1895 3913 enunciat

294 3941 604 4000 bonitatem
644 3945 880 4016 divinam
923 3949 1202 4005 deiformis
1253 3951 1506 4021 angelus,
1553 3951 1680 4007 illud
1708 3950 1776 4008 ὢν
1805 3967 1894 4008 se-

313 4039 542 4093 cundum
585 4041 1050 4110 participationem
1094 4045 1344 4106 secumlo,
1378 4045 1522 4115 quod
1548 4046 1765 4114 quidem
1804 4062 1894 4102 se-

312 4133 546 4187 cundum
596 4148 815 4190 causam
870 4136 1122 4190 enunciat
1177 4137 1384 4206 primo,
1437 4138 1617 4209 imago
1665 4148 1748 4194 est
1801 4139 1893 4194 Dei

313 4224 570 4296 angelus,
633 4226 996 4282 manifestatio
1049 4228 1244 4282 occulti
1304 4229 1561 4295 luminis,
1617 4230 1894 4299 speculum

315 4332 529 4387 purum,
560 4317 1072 4386 splendidissimum,
1108 4319 1511 4374 immaculatum
1532 4362 1546 4384 ,
1577 4321 1897 4376 incontami-

1984 1856 2038 1900 et
2068 1847 2167 1900 crit
2212 1847 2325 1915 ipsa
2359 1846 2635 1916 corruptio
2687 1854 2742 1900 et
2791 1846 2987 1900 suimet
3031 1846 3324 1917 corruptio.
3377 1846 3560 1922 Itaque

1985 1935 2288 2004 lmjusniodi
2340 1951 2443 1989 nou
2478 1935 2712 1998 malum,
2743 1935 2834 1991 sed
2875 1936 3130 2008 deiiciens
3158 1935 3378 1991 bonum.
3409 1923 3560 2008 Quod

1983 2025 2128 2079 enim
2177 2027 2396 2080 omnino
2439 2042 2631 2096 expers
2677 2025 2838 2092 boni,
2886 2042 3059 2098 neque
3106 2029 3158 2082 in
3206 2029 3560 2098 existentibus

1984 2121 2105 2173 erit.
2157 2120 2221 2174 Et
2267 2122 2332 2175 de
2376 2120 2590 2175 virtutis
2632 2130 2686 2176 et
2731 2121 2956 2175 actionis
3000 2121 3345 2192 corruptione
3374 2122 3560 2178 eadem

1986 2211 2142 2263 ratio.
2176 2209 2376 2264 Deinde
2403 2211 2671 2279 quomodo
2699 2224 2765 2265 ex
2796 2211 2908 2266 Deo
2940 2210 3066 2266 facti
3097 2205 3388 2266 daemones
3438 2217 3564 2272 sunt

1985 2302 2150 2355 mali?
2193 2300 2399 2356 Bonum
2433 2301 2576 2355 enim
2624 2300 2763 2356 bona
2804 2300 3021 2356 adducit
3055 2308 3111 2356 et
3156 2301 3452 2356 substituit.
3499 2302 3564 2378 Et

1985 2390 2202 2461 quidem
2233 2392 2486 2446 dicuntur
2519 2390 2665 2456 mali,
2699 2389 2895 2446 dixerit
2923 2391 3075 2460 quis,
3104 2389 3197 2445 sed
3236 2405 3342 2445 non
3375 2393 3567 2446 secuné

1986 2483 2110 2536 dum
2143 2480 2284 2552 quod
2341 2492 2498 2548 sunt,
2525 2471 2591 2538 ex
2625 2482 2827 2552 optimo
2856 2483 3000 2537 enim
3031 2489 3156 2537 sunt
3209 2489 3265 2537 et
3306 2481 3565 2553 optimam

1987 2573 2354 2626 sortiebantur
2403 2572 2734 2635 essentiam,
2784 2573 2879 2627 sed
2925 2572 3219 2628 secundum
3269 2563 3410 2646 quOd
3461 2585 3566 2626 non

1987 2674 2129 2728 sunt,
2158 2665 2382 2729 inﬁrmi,
2413 2673 2470 2720 ut
2498 2664 2708 2733 eloquia
2739 2664 2912 2732 aiunt,
2945 2679 3163 2720 servare
3187 2679 3341 2718 suum
3368 2662 3569 2734 princi-

1988 2756 2156 2827 pium.
2202 2755 2257 2810 In
2288 2770 2394 2826 quo
2419 2754 2584 2821 enim,
2615 2755 2701 2810 die
2736 2753 2890 2818 mihi,
2924 2753 3102 2808 vitiari
3130 2753 3360 2809 dicimus
3386 2751 3566 2830 δαίμφ-

1985 2869 2099 2912 νας,
2125 2847 2168 2901 si
2199 2861 2302 2900 non
2333 2847 2384 2900 in
2412 2842 2712 2900 cessatione
2736 2844 3037 2899 divinorum
3068 2844 3327 2899 bonorum
3354 2843 3571 2898 habitu-

1989 2941 2114 2994 dine
2141 2950 2196 2994 et
2226 2939 2478 2993 actione?
2517 2937 2624 2994 Sed
2655 2938 2836 3007 itaque
2877 2937 2923 2991 si
2969 2945 3157 2990 natura
3199 2933 3326 2990 mali
3356 2935 3570 2990 daemo-

1994 3047 2110 3096 nes,
2138 3045 2353 3101 semper
2379 3029 2526 3084 mali.
2567 3029 2634 3086 Et
2673 3029 2889 3099 quidem
2930 3029 3132 3083 malum
3173 3023 3421 3082 instabile
3465 3033 3567 3101 est.

1912 3093 1962 3176 C
1996 3127 2108 3180 Non
2137 3126 2297 3196 igitur
2317 3140 2362 3180 st
2394 3139 2609 3194 semper
2647 3122 2807 3178 sicsic
2844 3122 3060 3187 habent,
3101 3136 3204 3176 non
3231 3119 3355 3175 mali
3386 3137 3398 3174 :
3427 3111 3569 3196 quod

1993 3215 2137 3271 enim
2173 3228 2384 3286 semper
2414 3213 2674 3284 idipsum,
2707 3211 2895 3284 optimi
2931 3211 3229 3282 proprium.
3283 3210 3340 3264 Si
3388 3207 3570 3284 autem

1993 3321 2100 3362 non
2127 3315 2183 3362 et
2213 3321 2426 3377 semper
2451 3305 2598 3370 mali,
2630 3319 2733 3360 non
2774 3303 3076 3368 naturales,
3103 3301 3195 3356 sed
3245 3295 3574 3380 indigentiae

1992 3397 2357 3469 angelicorum
2407 3396 2692 3451 bonorum.
2749 3394 2854 3449 Sed
2904 3407 3007 3448 non
3056 3391 3279 3447 omnino
3320 3395 3571 3460 expertes

1992 3495 2116 3552 boni
2142 3534 2156 3560 ,
2191 3494 2480 3550 secundum
2512 3493 2653 3563 quod
2682 3499 2736 3545 et
2771 3498 2924 3551 sunt,
2956 3497 3011 3544 et
3038 3488 3244 3551 vivunt,
3288 3493 3342 3542 et
3375 3483 3572 3540 intelli-

1992 3596 2143 3658 gunt,
2203 3594 2256 3640 et
2285 3586 2504 3640 omnino
2541 3591 2623 3640 est
2651 3582 2870 3653 quidam
2912 3582 2964 3634 in
2993 3581 3072 3634 eis
3107 3567 3576 3658 cencupiscenliao

1996 3686 2194 3731 motus.
2227 3675 2348 3730 Mali
2379 3683 2559 3730 autem
2591 3689 2712 3730 esse
2750 3674 3025 3737 dicuntur,
3067 3679 3289 3742 propter
3317 3668 3462 3740 quod
3499 3661 3576 3724 in;

1996 3767 2283 3820 ﬁrmantur
2313 3766 2458 3819 circa
2496 3763 2797 3818 naturalem
2827 3745 3214 3832 operationem.
3256 3756 3413 3813 Falsa
3445 3770 3578 3828 ergo

1994 3855 2280 3912 conversio
2303 3865 2387 3911 est
2410 3856 2489 3909 eis
2518 3851 2741 3919 malum,
2769 3863 2824 3908 et
2844 3867 2874 3907 a
2903 3851 3148 3922 cognatis
3176 3850 3288 3905 suis
3311 3848 3576 3920 egressio,

1994 3957 2050 4003 et
2096 3947 2420 4011 iul'ormitas,
2453 3955 2508 4000 et
2546 3943 2898 4015 imperieetio,
2933 3933 2992 3997 et
3016 3940 3350 4011 impotentia,
3381 3947 3437 3994 et
3468 3940 3575 3994 sal;

1995 4050 2154 4097 vante
2189 4041 2270 4096 eis
2300 4039 2690 4111 perfectionem
2736 4036 2935 4092 virtute
2987 4033 3310 4098 inﬁrmitas,
3357 4041 3412 4088 et
3452 4031 3576 4104 fuga

1994 4143 2050 4190 et
2075 4150 2251 4189 casus.
2297 4129 2403 4188 Sed
2450 4131 2632 4201 itaque
2671 4127 2802 4200 quid
2837 4128 2891 4183 in
2942 4125 3295 4182 daemonibus
3335 4124 3580 4180 malum?

1995 4228 2170 4285 Furor
2199 4224 2619 4289 irrationabilis,
2651 4236 2839 4279 amens
2875 4219 3329 4292 concupiscentia,
3357 4220 3583 4290 phanta4

1996 4319 2074 4374 sia
2106 4327 2375 4388 proterva.
2407 4315 2512 4370 Sed
2542 4316 2674 4370 haec
2697 4322 2750 4368 et
2773 4313 2816 4369 si
2849 4322 2972 4368 sunt
2996 4313 3048 4367 in
3074 4310 3445 4376 daemonibus,
3475 4325 3582 4366 non

316 4418 525 4470 uatum.
557 4408 1037 4478 ineoinqninatum.
1073 4411 1339 4480 recipiens
1370 4419 1568 4498 totam,
1606 4413 1650 4466 si
1689 4411 1894 4480 justum
1924 4450 1975 4511 Β
1999 4409 2220 4465 omnino
2266 4421 2444 4478 neque
2493 4407 2545 4462 in
2576 4401 2848 4472 omnibus,
2880 4411 3056 4475 neque
3104 4393 3240 4459 haec
3284 4401 3580 4458 secundum

314 4501 521 4563 dicere,
559 4501 957 4569 speciositatem
1007 4504 1142 4558 bene
1191 4502 1452 4558 formatae
1479 4495 1894 4571 'deiformitatis,
1925 4495 1972 4534 ν
2001 4519 2060 4558 se
2111 4502 2270 4558 mala.
2321 4499 2389 4556 Et
2433 4500 2576 4556 enim
2628 4499 2682 4554 in
2723 4498 2842 4555 aliis
2886 4496 3207 4552 animalibus
3249 4509 3354 4550 non
3405 4495 3582 4550 metus

314 4600 368 4643 (Ἰ.
398 4606 530 4661 pure
557 4591 838 4648 declarans
867 4593 920 4650 in
949 4594 1147 4664 seipso,
1180 4594 1320 4649 sicut
1365 4595 1620 4664 possibile
1653 4605 1767 4660 est,
1803 4596 1900 4652 bo—

318 4682 564 4748 nitatem,
593 4698 733 4752 quae
768 4693 850 4739 cst
887 4685 936 4740 in
969 4687 1160 4755 adytis.
1193 4685 1488 4756 Nonigitur
1513 4700 1686 4758 neque
1711 4688 1766 4742 in
1803 4704 1898 4743 ano

319 4775 456 4844 gelis
507 4784 592 4831 est
659 4776 853 4833 malum
904 4795 920 4830 :
961 4779 1054 4832 scd
1099 4779 1369 4847 puniendo
1430 4787 1714 4848 peccantes
1774 4787 1899 4842 sunt

320 4867 466 4922 ntali.
500 4866 612 4924 Hac
639 4881 768 4937 ergo
814 4869 1019 4922 ratione
1048 4880 1101 4924 et
1143 4879 1549 4938 conipescentcs
1574 4869 1898 4940 delinqueno

325 4959 466 5014 tibus
506 4961 630 5014 mali
655 5001 670 5024 ,
703 4968 758 5014 et
788 4961 1124 5016 sacerdotum
1152 4960 1346 5016 divinis
1373 4961 1642 5032 mysteriis
1673 4962 1907 5018 immun-

323 5051 448 5107 dum
485 5053 851 5122 prohibentes.
885 5052 950 5106 Et
986 5053 1199 5121 quidem
1242 5067 1414 5123 neque
1452 5054 1631 5125 puniri
1676 5055 1901 5121 malum,

323 5145 417 5201 sed
442 5146 660 5215 dignum
689 5145 800 5198 tieri
833 5158 1023 5213 poena.
1058 5142 1242 5214 Neque
1267 5146 1562 5199 secundum
1585 5146 1901 5216 dignitatem

324 5236 598 5308 prohiberi
637 5238 838 5300 sacris,
880 5237 974 5292 sed
1017 5251 1121 5291 non
1164 5243 1407 5290 sanctum
1449 5246 1504 5292 et
1542 5253 1647 5294 non
1689 5254 1904 5296 sacrum

324 5329 464 5392 ﬁeri,
493 5339 548 5383 et
579 5329 1020 5384 incontaminatis
1050 5327 1482 5406 inopportunum.

2003 4592 2210 4658 talium,
2242 4592 2336 4648 sed
2368 4590 2714 4659 interemptio
2740 4595 2824 4644 est
2863 4597 2918 4642 et
2947 4585 3223 4656 corruptio
3249 4584 3499 4650 animali,
3529 4583 3586 4641 et

2006 4687 2228 4747 malum.
2268 4684 2498 4740 Habitus
2523 4682 2668 4739 enim
2699 4681 2891 4746 salvat,
2924 4689 2979 4735 et
3008 4667 3132 4735 esse
3176 4678 3304 4733 facit
3329 4679 3463 4733 haec
3493 4677 3586 4732 ha-

2005 4777 2220 4833 bentem
2252 4775 2502 4831 animalis
2540 4782 2810 4833 naturam.
2861 4770 2977 4826 Non
3021 4770 3187 4841 igitur
3231 4767 3429 4823 malum
3457 4766 3582 4821 dae-

2005 4867 2220 4924 monica
2245 4880 2393 4938 gens,
2421 4872 2684 4934 quantum
2711 4871 2794 4917 est
2818 4860 2971 4929 juxta
3001 4857 3268 4923 natur-am,
3302 4856 3396 4912 sed
3420 4857 3587 4926 quati-

2006 4967 2118 5014 tum
2165 4971 2276 5012 non
2325 4963 2426 5010 est.
2478 4955 2545 5009 Et
2591 4968 2699 5008 non
2752 4961 3013 5006 mutatum
3063 4957 3148 5005 est
3194 4948 3378 5002 datum
3413 4945 3466 4999 in
3504 4944 3586 5001 sil

2010 5059 2180 5108 totum
2210 5051 2431 5114 bonum,
2474 5045 2568 5101 sed
2599 5046 2701 5116 ipsi
2739 5045 2864 5100 dato
2914 5043 3225 5098 ceciderunt
3270 5045 3382 5092 toto
3421 5029 3583 5093 bono.

2015 5144 2082 5198 Et
2107 5143 2266 5197 datas
2310 5140 2392 5195 eis
2427 5138 2703 5211 angelicas
2749 5134 3066 5190 donationes
3115 5143 3391 5200 nunquam
3442 5129 3587 5198 ipsas

2011 5241 2310 5292 commotas
2362 5229 2530 5285 fuisse
2571 5228 2838 5291 dicimus,
2889 5224 2983 5279 sed
3027 5230 3157 5277 sunt
3197 5229 3254 5277 et
3299 5221 3492 5289 integri
3529 5227 3589 5280 sl

2014 5324 2322 5390 clarissimi,
2378 5322 2480 5379 etsi
2522 5321 2625 5392 ipsi
2680 5332 2786 5374 non
2815 5316 3003 5372 vident
3034 5311 3420 5385 participantes
3461 5325 3589 5370 suas

1608 5437 1695 5493 VA
1704 5439 1865 5496 RIAE
1903 5435 2309 5497 LECTlONES.

400 5536 417 5569 ⁸
453 5534 589 5591 BEH
628 5535 838 5590 bonum.
914 5533 936 5565 ¹
975 5540 1063 5588 aut
1092 5528 1217 5600 quid
1246 5539 1582 5600 corrumpunt
1617 5545 1727 5588 om.
1767 5530 1920 5588 ΒΕΗ.

1845 5623 2096 5683 NOTAE.

400 5733 425 5762 ι
465 5719 650 5788 Matth.
683 5717 794 5786 vn,
833 5717 900 5789 πει

2082 5717 2108 5754 b
2148 5713 2164 5776 ι
2195 5711 2322 5768 Cor.
2351 5705 2499 5780 xw;
2532 5705 2726 5782 preq.
2755 5702 2822 5764 ιι.
