4008 6286
449 379 452 382 ῃ
524 268 664 354 ms

1900 292 2184 356 JOANNIS
2222 289 2420 353 soon
3094 344 3125 359 ar
3187 318 3202 326 -

2674 267 2710 274 --
2743 270 2753 288 ι
2781 273 2844 294 ,ν
2889 250 3125 288 vano-ul
3164 265 3307 288 v-

3605 305 3708 368 IIII

516 411 642 467 boni
677 415 1053 484 conspectivas
1079 414 1328 472 virtutes.
1363 413 1549 488 Itaque
1576 414 1717 486 quod
1764 423 1917 480 sunt,
1958 423 2012 472 et
2039 430 2105 470 ex
2134 416 2186 476 Δ
2211 412 2267 467 Si
2298 421 2478 468 autem
2508 412 2626 468 sine
2671 413 2758 469 his
2809 412 2936 470 dum
2966 411 3056 482 sit,
3103 416 3331 474 materia
3380 422 3636 479 secundum
3668 443 3710 484 se

516 505 723 573 optimo
754 517 877 561 sunt
905 517 959 562 et
997 509 1184 577 optimi
1217 549 1232 575 ,
1263 521 1314 563 et
1349 511 1548 564 bonum
1588 517 1642 563 et
1680 510 1942 580 optimum
1973 523 2103 563 con-

518 598 822 666 cupiscunt,
855 614 996 662 esse,
1026 611 1077 654 et
1111 601 1308 664 vivere,
1343 610 1397 656 et
1429 601 1725 671 intelligere
1755 600 2100 656 existentiqu

519 696 835 757 appetentes
869 707 881 742 :
916 699 968 744 et
1007 693 1324 761 privatimne,
1362 703 1416 746 et
1459 691 1611 763 fuga,
1641 702 1694 747 et
1723 707 1873 756 casu,
1903 706 2103 747 conua-

520 781 784 838 turalihus
841 783 940 836 sibi
997 785 1215 854 optimis
1270 787 1523 840 dicuntur
1574 785 1742 849 mali,
1804 783 2098 840 secundum

519 871 660 938 quod
706 889 808 925 non
850 885 976 928 sunt
1014 893 1026 928 :
1063 885 1116 930 et
1158 876 1299 944 quod
1344 892 1448 930 non
1493 888 1576 932 est
1618 885 1950 947 appetentes,
1989 891 2103 930 ma-

518 961 629 1016 lum
661 974 942 1034 appetunt.

589 1053 694 1109 Sed
724 1057 935 1111 animas
964 1059 1086 1127 quis
1124 1075 1244 1116 esse
1272 1062 1403 1118 dicit
1436 1062 1638 1118 malas?
1665 1060 1942 1132 Siquidem
1973 1059 2098 1130 quia

518 1145 852 1200 contendunt
897 1148 1052 1204 malis
1106 1152 1326 1220 provide
1373 1162 1428 1206 et
1473 1151 1790 1218 salutifero,
1842 1153 1945 1208 hoc
1994 1167 2101 1207 non

518 1235 754 1303 malum,
794 1237 887 1293 sed
927 1239 1160 1305 bonum,
1207 1251 1263 1296 et
1305 1258 1370 1297 ex
1415 1244 1576 1308 bono,
1622 1252 1676 1297 et
1723 1243 1920 1297 malum
1963 1243 2098 1297 bene

517 1323 770 1382 faciente.
822 1327 876 1384 Si
911 1339 1088 1386 autem
1121 1332 1305 1387 vitiari
1349 1333 1561 1389 animas
1604 1333 1853 1398 dicimus,
1901 1333 1954 1388 in
1995 1348 2102 1402 quo

514 1419 798 1486 vitiantur,
833 1423 875 1476 si
910 1438 1016 1477 non
1047 1423 1096 1476 in
1127 1425 1391 1478 bonarum
1428 1426 1804 1480 habitudinum
1835 1434 1889 1479 et
1912 1438 2102 1494 opera-

517 1510 718 1565 tionum
747 1512 977 1579 defectu,
1002 1523 1056 1568 et
1082 1530 1178 1584 per
1201 1517 1475 1585 propriam
1503 1517 1872 1588 infirmitatem
1905 1517 2103 1585 imper-

514 1599 748 1657 fectione
777 1613 832 1658 et
876 1607 1223 1676 perditione?
1267 1608 1478 1662 Etenim
1519 1618 1573 1664 et
1617 1611 1744 1664 aéra
1775 1610 1919 1664 hunc
1955 1608 2100 1662 circa

514 1711 620 1773 nos
663 1698 941 1752 obscurari
992 1698 1224 1754 dicimus
1271 1699 1480 1755 defectu
1533 1710 1588 1754 et
1625 1702 1869 1756 absentia
1921 1700 2096 1755 lucis:

512 1787 627 1858 ipsa
677 1799 856 1845 autem
925 1791 1016 1845 lux
1091 1808 1306 1863 semper
1357 1794 1446 1846 lux
1501 1794 1515 1824 ¹
1563 1804 1685 1859 est,
1737 1804 1790 1849 et
1851 1794 2102 1848 tenebras

513 1879 843 1936 illur‘ninans.
875 1881 991 1938 Non
1024 1883 1189 1954 igitur
1216 1901 1389 1955 neque
1432 1887 1484 1940 in
1520 1887 1897 1951 daemonibus,
1927 1901 2104 1957 neque

514 1969 567 2026 in
617 1974 774 2028 nobis
802 1975 1025 2041 malum,
1057 1974 1187 2033 υιόν
1231 1979 1467 2046 malum,
1517 1981 1612 2036 sed
1663 1990 1722 2035 ut
1763 1980 2006 2037 defectus
2048 1988 2104 2034 et

518 2064 783 2121 desolatio
821 2069 1163 2138 propriorum
1207 2071 1469 2126 bonorum
1518 2073 1887 2142 perfectionis.

523 2219 535 2228 .
588 2155 694 2211 Sed
741 2174 917 2228 neque
984 2161 1039 2215 in
1087 2163 1412 2218 animalibus
1453 2166 1473 2194 ³
1515 2165 1977 2220 irrationabilibus
2021 2173 2105 2220 est

515 2249 739 2306 malum.
775 2251 831 2306 Si
865 2252 1010 2306 enim
1050 2253 1333 2310 interimas
1370 2255 1608 2312 furorem
1637 2267 1694 2311 et
1717 2258 2104 2327 concupiscen-

511 2345 678 2410 tiam,
726 2353 777 2400 el
820 2346 949 2411 alia,
1001 2362 1359 2417 quaecunque
1402 2349 1688 2415 dicuntur,
1723 2359 1777 2406 et
1823 2365 1929 2406 non
1979 2361 2104 2406 sunt

513 2435 830 2506 simpliciter
885 2451 1072 2493 eorum
1119 2449 1348 2495 naturae
1395 2441 1535 2495 mala
1577 2460 1589 2494 :
1639 2444 1844 2513 grande
1885 2444 2100 2513 quidem

511 2533 567 2578 et
603 2523 754 2580 ferox
784 2525 867 2582 leo
902 2529 1134 2596 perdens
1175 2545 1352 2600 neque
1379 2531 1462 2587 leo
1507 2532 1634 2591 erit.
1668 2533 1978 2590 Mansuetus
2007 2551 2104 2588 au-

514 2626 623 2674 tem
654 2620 904 2676 omnibus
931 2620 1106 2678 Iactus
1132 2625 1307 2690 canis,
1336 2640 1442 2681 non
1471 2627 1577 2681 erit
1613 2628 1784 2683 canis.
1821 2628 2096 2698 Siquidem

515 2712 670 2767 canis
714 2715 981 2783 quoddam
1031 2718 1460 2785 custoditivum,
1507 2728 1563 2775 et
1617 2721 1885 2790 quoddam
1939 2721 2099 2776 adve-

517 2805 699 2860 niendi
736 2807 953 2876 quidem
1000 2807 1395 2876 domesticum,
1445 2812 1690 2882 abigendi
1743 2827 1871 2868 vero
1919 2825 2100 2869 extra-

517 2909 700 2950 neum.
737 2896 923 2968 Itaque
969 2901 1112 2968 qnod
1159 2916 1266 2955 non
1307 2905 1604 2972 corrumpit
1650 2913 1940 2969 naturam,
1991 2919 2098 2959 non

517 2988 740 3056 malum,
775 2991 1051 3059 corruptio
1108 3002 1288 3047 autem
1328 3003 1554 3050 naturae
1600 2994 1888 3051 inﬁrmitas
1925 3005 1980 3051 et
2017 2997 2109 3051 de-

515 3080 690 3138 fectus
729 3084 1053 3138 naturalium
1095 3086 1494 3154 habitudinnm,
1523 3097 1578 3143 et
1617 3090 2014 3157 operationum,
2046 3096 2100 3143 et

516 3173 800 3230 virtutum.
835 3175 900 3230 Et
925 3176 969 3230 si
996 3177 1198 3242 omnia,
1230 3194 1369 3248 quae
1395 3189 1522 3235 sunt
1548 3195 1646 3249 per
1668 3181 2097 3250 generationem,

518 3263 574 3319 in
606 3274 846 3337 tempore
876 3267 1077 3322 habent
1117 3271 1635 3326 consummationem
1655 3313 1668 3334 ,
1705 3286 1878 3328 neuue
1907 3272 2102 3342 imper-

518 3355 719 3413 fectum
745 3359 966 3414 omnino
991 3367 1179 3414 contra
1209 3375 1423 3415 omnem
1450 3371 1717 3416 naturam.

590 3449 698 3504 Sed
745 3463 920 3521 neque
974 3451 1026 3504 in
1073 3458 1186 3505 tota
1234 3462 1427 3508 natura
1475 3455 1695 3508 malum.
1739 3454 1795 3510 Si
1826 3456 1970 3510 enim
1999 3473 2104 3513 non

517 3556 709 3599 omnes
736 3541 1009 3598 naturales
1041 3545 1279 3599 rationes
1309 3553 1498 3600 contra
1542 3547 1921 3603 universaliter
1951 3549 1972 3580 ³
2013 3565 2108 3604 na-

521 3640 726 3697 turam,
759 3631 893 3686 nihil
919 3641 1002 3688 est
1029 3633 1076 3686 ei
1101 3634 1432 3689 contrarium
1466 3653 1479 3690 :
1516 3636 1632 3706 ejus
1670 3646 1847 3694 autem
1876 3657 1973 3710 per
1997 3642 2106 3696 sin-
2180 3650 2191 3656 '

520 3724 667 3796 gula,
704 3725 806 3779 hoc
835 3724 1052 3795 quidem
1086 3726 1381 3782 secundum
1412 3736 1660 3783 naturam
1687 3732 1822 3796 erit,
1852 3733 1956 3789 hoc
1981 3747 2108 3789 vero

521 3832 629 3873 non
680 3818 974 3872 secundum
1029 3827 1301 3874 naturam.
1357 3818 1461 3874 Alii
1518 3821 1661 3876 enim
1719 3822 1864 3878 aliud
1919 3833 2106 3880 contra

522 3919 773 3965 naturam
795 3909 817 3940 ⁸
846 3928 858 3964 :
893 3919 948 3964 et
978 3909 1224 3966 hocinde
1249 3919 1435 3967 contra
1466 3921 1738 3980 naturam,
1767 3924 1827 3970 ut
1852 3916 2056 3972 malitia
2089 3935 2104 3973 :

522 4001 626 4058 hoc
671 4009 860 4057 contra
907 4010 1155 4058 naturam
1201 4005 1436 4074 privatio
1492 4020 1679 4062 eorum
1711 4049 1726 4074 ,
1794 4023 1934 4078 quae
1982 4017 2109 4064 sunt

521 4102 768 4150 naturae.
797 4094 984 4165 Itaque
1011 4109 1116 4150 non
1148 4106 1232 4151 est
1261 4096 1400 4151 mala
1428 4108 1620 4153 natura
1647 4139 1662 4164 ,
1692 4100 1785 4155 sed
1822 4101 1922 4156 hoc
1955 4110 2109 4156 natu-

521 4198 616 4240 rae
644 4184 868 4252 malum,
898 4200 1004 4240 non
1034 4200 1216 4257 posse,
1243 4201 1384 4257 quae
1413 4200 1540 4243 sunt
1578 4190 1827 4260 propriae
1860 4199 2104 4262 naturae,

520 4276 799 4347 perﬁcere.

597 4367 703 4424 Sed
720 4383 892 4440 neque
917 4371 970 4425 in
985 4371 1303 4442 corporibus
1320 4373 1538 4428 malum.
1556 4373 1672 4430 Vile
1699 4373 1844 4430 enim
1871 4383 1925 4430 et
1954 4375 2105 4430 inﬁr-

2204 507 2322 561 sine
2352 505 2709 562 delectatione
2729 517 2813 563 est
2833 516 2889 562 et
2915 507 3180 576 informis,
3210 515 3469 580 quomodo
3489 513 3600 570 facit
3617 519 3712 586 quid

2205 600 2454 664 materia,
2471 614 2611 670 quae
2634 615 2809 670 neque
2826 600 2937 671 pati
2963 610 3137 671 potest
3157 605 3446 660 secundum
3461 621 3514 660 se
3530 598 3734 686 habensd

2205 687 2310 743 Sed
2344 690 2530 760 itaque
2549 692 2822 761 quomodo
2841 693 3066 748 materia
3089 693 3326 749 malum?
3354 697 3592 766 siquidem
3608 689 3736 756 euim‘

2204 785 2358 838 nihil.
2385 784 2500 840 Non
2526 786 2669 839 enim
2696 795 2782 841 est
2819 801 2994 857 neque
3025 787 3246 854 bonum,
3280 803 3448 858 neque
3465 791 3651 846 malum.
3671 791 3716 848 Si

2202 882 2384 928 autem
2424 875 2693 943 quomodo
2730 876 3016 930 existentia
3045 885 3260 945 oportet
3297 879 3472 933 omnia
3500 895 3558 934 ex
3581 880 3714 948 bono,

2201 974 2258 1019 et
2295 965 2408 1035 ipsa
2449 981 2514 1020 ex
2553 967 2693 1021 bono
2722 966 3080 1036 relinquitur?
3123 967 3191 1022 Et
3227 969 3273 1023 si
3305 969 3492 1024 bonum
3534 971 3638 1026 mali
3662 972 3717 1026 ia-

2201 1055 2425 1121 ctivum,
2460 1057 2531 1110 sit
2569 1057 2768 1111 malum
2805 1066 2862 1112 ut
2891 1073 2959 1114 ex
3001 1058 3144 1114 bono
3183 1056 3238 1114 ὅν
3271 1060 3482 1126 bonum,
3525 1071 3604 1116 aut
3634 1078 3716 1117 ma-

2202 1143 2312 1199 lum
2337 1145 2459 1200 boni
2486 1144 2766 1211 Iactivum,
2797 1148 2868 1200 sit
2894 1156 2949 1202 et
2977 1148 3179 1202 bonum
3201 1157 3262 1202 ut
3289 1163 3358 1203 ex
3393 1149 3525 1203 malo
3549 1149 3715 1206 malum.

2199 1234 2309 1290 Aut
2353 1235 2459 1292 duo
2506 1237 2700 1291 iterum
2743 1237 3007 1309 principia
3035 1277 3053 1303 ,
3092 1246 3151 1294 et
3174 1237 3312 1294 haec
3343 1238 3445 1295 alio
3469 1253 3562 1293 uno
3580 1239 3718 1310 juncta

2202 1327 2424 1381 vertice.
2466 1326 2524 1382 Si
2566 1338 2747 1383 autem
2777 1330 3145 1386 necessarium
3185 1331 3378 1386 dicunt
3403 1331 3643 1386 materiem
3669 1331 3718 1386 ad

2201 1403 2595 1486 plenitudinem
2612 1420 2776 1476 totius
2797 1422 3004 1488 mundi,
3022 1424 3291 1492 quomodo
3311 1425 3523 1478 materia
3545 1422 3718 1478 malum!

2199 1511 2360 1566 Aliud
2415 1513 2560 1568 enim
2617 1515 2840 1581 bonum,
2885 1517 3029 1585 quod
3061 1519 3450 1573 necessarium.
3505 1517 3720 1585 Quomodo

2202 1613 2382 1658 autem
2398 1605 2636 1675 Optimus
2654 1623 2722 1660 ex
2738 1605 2879 1662 malo
2891 1607 3386 1678 adducitquaedam
3405 1608 3467 1662 ad
3486 1607 3720 1679 generatio-

2205 1714 2326 1753 nem
2339 1699 2362 1752 ?
2373 1698 2482 1754 Aut
2499 1702 2771 1770 quomodo
2793 1701 2991 1756 malum
3005 1701 3212 1772 Optimo
3225 1699 3720 1770 necessariumiFugit

2204 1791 2346 1844 enim
2372 1791 2562 1860 optimi
2590 1799 2838 1846 naturam
2865 1792 3089 1847 malum.
3117 1791 3401 1860 Quomodo
3423 1801 3582 1845 autem
3599 1791 3720 1861 gignit

2202 1892 2258 1938 et
2278 1884 2421 1938 nutri
2443 1893 2692 1939 naturam
2713 1886 2939 1940 materia
2964 1884 3106 1938 mala
3123 1883 3400 1940 existens?
3419 1882 3718 1947 Malumenim,

2203 1977 2497 2032 secundum
2531 1978 2677 2047 quod
2709 1978 2779 2033 sit
2823 1977 3045 2042 malum,
3091 1976 3293 2032 nullius
3337 1984 3422 2031 est
3469 1973 3720 2046 genitivum,

2205 2078 2300 2123 aut
2320 2070 2660 2134 nutritivum,
2683 2079 2777 2124 aut
2797 2069 3020 2124 omnino
3041 2068 3324 2132 factivum,
3345 2077 3435 2122 aut
3449 2065 3716 2121 salvalimm.

2205 2161 2260 2216 Si
2280 2173 2457 2217 autem
2475 2163 2740 2228 dicerent,
2759 2164 2929 2232 ipsam
2957 2162 3172 2232 quidem
3202 2177 3311 2217 non
3339 2159 3506 2215 Iacere
3524 2158 3721 2213 malitiam

2204 2252 2256 2306 in
2283 2253 2568 2307 animabus
2594 2293 2608 2318 ,
2653 2253 2929 2308 attrahere
2955 2267 3084 2307 vero
3127 2267 3223 2307 eas
3248 2291 3264 2314 ,
3295 2261 3350 2307 et
3388 2249 3622 2320 quomodo
3649 2246 3723 2300 erit

2205 2347 2308 2401 hoc
2330 2345 2556 2400 verum?
2581 2345 2804 2400 Multum
2835 2345 2980 2400 enim
3009 2359 3164 2398 suum
3192 2344 3248 2398 in
3277 2342 3470 2412 bonum
3497 2337 3720 2409 aspiciunt.

2205 2435 2271 2490 Et
2307 2437 2524 2507 quidem
2553 2436 2822 2505 quomodo
2846 2433 2941 2488 ﬁat
2967 2435 3091 2498 hoc,
3117 2433 3344 2488 materia
3380 2431 3578 2487 omnino
3598 2424 3720 2481 easin

2205 2527 2401 2581 malum
2424 2526 2770 2582 attrahente?
2791 2526 2975 2595 Itaque
2990 2539 3092 2579 non
3113 2539 3179 2579 ex
3198 2523 3422 2578 materia
3437 2521 3485 2574 in
3509 2515 3724 2572 animabat

2204 2619 2428 2683 malum,
2447 2620 2540 2674 sed
2561 2633 2629 2673 ex
2645 2619 2759 2689 ipso
2775 2618 2993 2673 delicto.
3016 2615 3072 2672 Si
3097 2624 3284 2671 autem
3304 2624 3360 2670 et
3376 2615 3473 2668 hoc
3486 2612 3627 2673 aiunt,
3641 2623 3721 2661 mae

2206 2713 2396 2766 teriam
2430 2711 2739 2766 oumimode
2775 2719 3075 2780 sequuntur
3100 2717 3158 2763 et
3191 2704 3495 2772 necessaria
3521 2697 3722 2757 instabilis

2206 2805 2430 2858 materia
2463 2819 2530 2858 ex
2552 2803 2856 2872 semetipsis
2883 2802 3138 2858 collocari
3169 2817 3281 2857 non
3311 2797 3605 2860 valentibus,
3626 2807 3722 2861 quo-

2205 2894 2367 2948 modo
2395 2895 2592 2948 malum
2625 2891 3026 2957 necessarium,
3053 2899 3148 2945 aut
3172 2888 3529 2945 necessarium
3546 2877 3721 2940 malum?

2281 2985 2388 3040 Sed
2415 3000 2590 3055 neque
2620 2985 2722 3040 hoc
2759 2984 2903 3055 quod
2939 2984 3170 3038 dicimus
3216 2983 3468 3053 privare,
3493 2973 3720 3034 secundum

2210 3081 2465 3133 virtutem
2496 3080 2770 3148 propriam
2822 3087 3026 3150 pugnat
3074 3078 3238 3132 bono.
3288 3071 3590 3131 Universalis
3620 3067 3722 3122 enim

2203 3172 2434 3243 privatio
2483 3172 2864 3226 universaliter
2918 3173 3231 3241 impotens:
3267 3165 3585 3241 particularis
3624 3173 3716 3216 vero

2207 3280 2310 3322 non
2349 3269 2642 3322 secundum
2684 3265 2828 3337 quod
2850 3264 3117 3336 privatio,
3163 3264 3332 3319 habet
3359 3262 3582 3316 virtutem
3604 3295 3617 3321 ,
3651 3249 3721 3306 sed

2207 3357 2505 3414 secundum
2534 3359 2676 3428 quod
2712 3374 2819 3412 non
2862 3357 3191 3412 universalis
3222 3365 3310 3410 est
3333 3351 3564 3426 privatio.
3586 3345 3719 3401 Priva-

2208 3452 2354 3506 tione
2371 3453 2514 3506 enim
2533 3451 2656 3506 boni
2671 3449 2985 3520 particulari
3003 3449 3296 3512 existente,
3314 3445 3532 3501 nondum
3545 3437 3718 3496 malum:

2201 3554 2264 3617 ,ει
2299 3544 2463 3609 facta,
2489 3555 2546 3600 et
2575 3544 2701 3598 mali
2733 3552 2928 3598 natura
2953 3541 3133 3612 periit.

2277 3637 2562 3708 Colligenti
2611 3644 2792 3690 autem
2835 3633 3124 3689 dicendum
3171 3651 3184 3686 :
3220 3631 3434 3686 Bonum
3478 3641 3536 3682 ex
3574 3621 3721 3708 uuaiet

2211 3736 2318 3783 lota
2352 3743 2516 3782 causa
2544 3768 2560 3795 ,
2611 3727 2812 3781 malum
2851 3738 2920 3780 ex
2953 3724 3138 3779 multis
3165 3731 3220 3778 et
3255 3707 3722 3793 particularibusde‘

2208 3819 2463 3876 fectibus.

2279 3912 2396 3968 Scit
2418 3913 2560 3966 Deus
2584 3909 2809 3974 malum,
2832 3925 2901 3963 an
2920 3909 3121 3964 bonum
3158 3913 3214 3962 et
3242 3904 3388 3976 apud
3411 3903 3565 3973 ipsum
3582 3899 3723 3949 cautae

2207 4005 2473 4061 malorum
2513 4006 2742 4058 virtutes
2771 4009 2898 4056 sunt
2923 3999 3225 4056 beneﬁcae.

2279 4097 2339 4154 Si
2376 4097 2576 4152 malum
2604 4105 2906 4159 aeternum,
2938 4102 2993 4148 et
3019 4099 3190 4157 creat,
3217 4099 3272 4146 et
3296 4097 3500 4160 potest,
3525 4091 3571 4138 et
3587 4082 3668 4140 est.
3683 4077 3721 4124 ει

2209 4192 2357 4265 agit:
2383 4191 2525 4246 unde
2547 4189 2594 4245 ei
2628 4188 2807 4244 haec?
2837 4187 2943 4241 Aut
2969 4201 3038 4242 ex
3066 4186 3228 4250 bono,
3259 4192 3357 4238 aut
3380 4182 3510 4237 bono
3531 4189 3585 4230 ex
3602 4164 3719 4230 malo.

2209 4292 2302 4338 aut
2327 4281 2588 4337 ambobus
2619 4297 2686 4335 ex
2711 4281 2815 4335 alia
2847 4295 3034 4335 causa.
3570 4359 3582 4364 _
3617 4355 3636 4364 _
3669 4353 3678 4364 θ

2279 4375 2453 4432 Omne
2473 4375 2615 4444 quod
2643 4375 2939 4430 secundum
2987 4381 3263 4434 naturam,
3291 4385 3360 4424 ex
3386 4377 3536 4422 causa
3557 4355 3720 4414 deﬁnita

521 4474 670 4514 mum
713 4460 953 4517 defectus
984 4461 1189 4518 formae
1215 4474 1270 4519 et
1294 4465 1527 4535 privatio
1575 4465 1782 4520 ordinis
1812 4484 1824 4519 :
1861 4467 1964 4538 hoc
2012 4483 2107 4520 au-
2136 4495 2188 4556 Ι)
2211 4469 2483 4540 gignitur:
2517 4469 2561 4522 si
2599 4467 2797 4521 malum
2828 4463 3100 4540 incausale
3139 4472 3194 4518 et
3239 4462 3502 4556 inﬁnitum
3522 4496 3535 4520 9
3557 4465 3641 4506 η⁰¹¹
3665 4457 3722 4556 ‘5‘:

521 4559 631 4606 tem
662 4566 766 4608 non
789 4555 1008 4609 omnino
1037 4555 1256 4619 malum,
1291 4557 1384 4612 sed
1409 4557 1587 4613 minus
1615 4556 1835 4612 bonum.
1868 4556 1924 4611 Si
1961 4561 2106 4612 enim

523 4643 744 4698 omnino
770 4644 865 4699 ﬁat
903 4645 1101 4701 solutio
1132 4647 1278 4715 boni,
1308 4655 1363 4702 et
1401 4646 1632 4714 formae,
1663 4648 1890 4712 ordinis,
1915 4648 2114 4720 peribit

523 4741 581 4789 et
613 4733 787 4804 ipsum
832 4751 1046 4807 corpus.
1090 4738 1224 4805 Quia
1269 4754 1399 4795 vero
1444 4756 1619 4812 neque
1665 4741 1907 4796 malitiae
1944 4755 2109 4797 causa

526 4828 741 4885 animae
762 4843 975 4901 corpus,
1006 4831 1210 4888 clarum
1237 4847 1312 4887 ex.
1334 4834 1458 4901 hoc,
1485 4835 1899 4906 possibile'esse,
1922 4837 2110 4892 etsine

522 4934 751 4992 corpore
816 4932 968 4976 extra
1033 4923 1330 4980 subsistere
1385 4925 1686 4992 malitiam,
1740 4927 1882 4982 sicut
1941 4937 1997 4981 et
2053 4927 2108 4983 in

523 5011 898 5070 daemonibus.
929 5013 1042 5072 Hoc
1061 5017 1205 5072 enim
1227 5028 1281 5073 et
1306 5017 1690 5084 intellectihus,
1714 5029 1769 5074 et
1795 5020 2101 5087 animabus,

521 5111 577 5160 et
621 5109 938 5177 corporibus
974 5110 1172 5164 malum
1199 5151 1214 5178 ,
1257 5112 1588 5167 habitudinis
1633 5114 1973 5184 propriorum
2005 5114 2104 5168 bo-

524 5212 716 5254 norum
744 5200 1032 5258 inﬁrmitas
1057 5211 1111 5258 et
1152 5219 1331 5258 casus.

591 5291 698 5348 Sed
737 5309 912 5363 neque
949 5294 1174 5350 multum
1212 5307 1512 5352 murmurat
1538 5299 1590 5352 in
1620 5297 1847 5352 materia
1882 5296 2099 5361 malum,

519 5393 580 5438 ut
616 5385 798 5450 aiunt,
839 5387 1134 5442 secundum
1176 5389 1318 5457 quod
1351 5389 1598 5443 materia.
1632 5388 1843 5442 Etenim
1902 5397 1954 5442 et
1990 5388 2104 5458 ipsa

519 5486 762 5546 ornatus,
787 5488 843 5534 et
862 5476 1092 5545 formae,
1118 5490 1173 5536 et
1199 5481 1398 5552 speciei
1424 5481 1585 5536 habet
1610 5480 2100 5550 participationem.

2211 4563 2446 4617 cundum
2473 4570 2746 4614 naturam.
2772 4557 2957 4628 Neque
2983 4558 3126 4612 enim
3158 4556 3212 4610 in
3245 4564 3432 4609 natura
3459 4549 3562 4620 ejus
3582 4546 3719 4597 comm

2211 4663 2481 4714 naturam,
2512 4665 2688 4722 neque
2719 4649 3076 4704 inartiﬁcialis
3101 4647 3152 4700 in
3188 4653 3308 4700 arte
3337 4643 3486 4699 ratio.

2283 4743 2449 4813 Igitur
2475 4719 2653 4796 anima
2694 4739 2960 4795 malorum
3005 4752 3192 4802 causa,
3235 4737 3378 4792 sicut
3418 4731 3544 4804 ignis

2211 4838 2387 4894 ciendi
2412 4856 2426 4891 :
2453 4847 2507 4892 et
2534 4836 2738 4902 omnia,
2761 4834 3171 4906 quibuscunque
3192 4831 3369 4905 vicina
3395 4825 3544 4882 fuerit
3569 4814 3720 4906 malitia

2215 4927 2404 4998 replet.
2437 4927 2585 4982 Bona
2617 4926 2834 4996 quidem
2880 4924 3092 4977 animae
3119 4931 3314 4975 natura
3346 4937 3360 4974 :
3391 4905 3720 4987 operationibus

2214 5027 2393 5074 autem
2419 5017 2707 5087 aliquando
2753 5016 2970 5086 quidem
2996 5015 3074 5069 sic
3121 5013 3284 5068 habet
3310 5053 3325 5076 ,
3352 5004 3607 5078 aliquando
3629 5004 3719 5087 veto

2219 5111 2319 5167 sic.
2349 5111 2626 5181 Siquidem
2653 5125 2717 5163 ex
2741 5116 2934 5163 natura
2957 5115 3012 5161 ct
3034 5121 3154 5161 esse
3180 5102 3518 5174 ejusmalum,
3549 5101 3594 5148 et
3619 5083 3718 5187 unde

2211 5207 2259 5261 ei
2277 5204 2432 5260 esse?
2484 5202 2562 5257 Ex
2612 5200 2876 5256 creatrice
2920 5197 3160 5254 omnium
3204 5192 3534 5250 existentium
3567 5185 3718 5276 apttmt

2212 5311 2398 5351 causa.
2434 5291 2539 5347 Sed
2579 5291 2623 5346 si
2646 5307 2711 5346 ex
2756 5306 2841 5355 ea,
2884 5288 3153 5358 quomodo
3180 5284 3468 5341 secundum
3493 5275 3716 5332 essentiam

2210 5385 2442 5440 malum?
2473 5383 2618 5438 Bona
2651 5383 2794 5436 enim
2827 5381 3008 5436 omnia
3045 5379 3235 5433 eadem
3264 5374 3484 5447 egenita.
3513 5365 3560 5420 Si
3583 5365 3715 5447 autent

2205 5477 2611 5548 operationibus
2637 5515 2653 5542 ,
2695 5474 2740 5530 si
2782 5483 2966 5530 autem
3015 5473 3120 5528 hoc
3169 5484 3277 5526 non
3319 5461 3630 5540 praemissum
3681 5457 3715 5499 ⁸³

1824 5595 2082 5652 VARIAE
2120 5593 2527 5653 LECTIONES.
3601 5679 3611 5684 Δ
3700 5667 3710 5684 ν

595 5711 612 5743 ¹
643 5709 737 5767 Sic
772 5711 844 5780 A;
887 5710 976 5765 BH
1016 5724 1228 5780 semper
1251 5710 1306 5764 in
1347 5708 1493 5774 luce;
1527 5708 1569 5764 E
1607 5709 1696 5764 lux
1737 5725 1894 5780 super
1930 5709 2044 5766 luce
2081 5718 2184 5769 est.
2261 5709 2280 5740 ¹
2321 5709 2413 5764 Sic
2449 5706 2525 5774 A;
2565 5703 2699 5762 BEH
2737 5701 3036 5759 animabus.
3113 5698 3134 5732 ³
3169 5697 3263 5756 Sic
3299 5693 3454 5762 BEII;
3481 5679 3695 5741 Arnim-

523 5781 708 5837 oalem.
785 5778 807 5814 ⁸
844 5782 950 5837 Alii
981 5778 1438 5838 eotirnL-naturam
1475 5797 1585 5838 om.
1630 5781 1739 5836 BH.
