4008 6286
251 227 385 292 1145

898 216 1149 278 VERSIO
1185 215 1472 275 OPERUM
1509 215 1567 272 S.
1610 213 1930 273 DIONYSII.
1967 246 2037 258 υ-
2075 215 2162 272 DE
2199 215 2451 272 DlVlNlS
2489 213 2880 272 NOMlNIBUS.

3367 216 3506 274 1146

248 347 424 396 autem
453 375 470 403 ,
518 331 783 404 numquid
832 332 975 387 unde
1013 330 1278 386 virtutes?
1323 328 1590 399 Numquid
1625 338 1680 384 et
1706 328 1823 384 dei-
1853 335 2057 393 Alcm,
2110 339 2165 384 et
2217 329 2434 399 proprie
2488 329 2778 396 unicuique
2826 325 3174 383 existentium
3236 328 3508 398 providet.
3549 291 3564 338 ἔ

250 428 521 486 formitate
555 423 671 492 ejus
712 423 894 478 facta?
926 423 1269 491 Relinquitur
1301 435 1428 492 ergo
1449 460 1466 486 ,
1505 419 1701 474 malum
1739 419 1822 473 in-

251 518 476 577 firmitas
498 525 553 572 et
596 514 836 570 defectus
871 514 996 569 boni
1022 530 1162 570 esse.

317 607 652 679 Optimorum
681 620 845 661 causa
867 621 997 669 una,
1020 606 1225 676 optimo
1247 602 1444 658 malum
1474 603 1826 665 contrarium,

252 699 376 758 mali
390 712 586 754 causae
603 696 824 751 multae.
842 695 956 752 Non
973 695 1191 766 quidem
1207 692 1436 747 faetivae
1458 692 1716 747 malorum
1745 708 1832 746 ra-

253 791 425 847 tiones
439 787 751 850 etvirtutes,
767 787 860 842 sed
883 785 1218 855 impotentia,
1233 794 1288 838 et
1310 782 1612 847 infirmitas,
1629 792 1683 837 et
1697 782 1832 836 mix-

261 891 379 938 tura
412 878 754 936 dissimilium
798 878 1176 932 immoderata.
1207 873 1392 945 Neque
1422 872 1715 926 immobilia
1737 912 1752 937 ,
1780 883 1834 926 et

259 987 475 1044 semper
495 972 656 1028 sicsic
677 970 924 1027 habentia
943 969 1103 1034 mala,
1131 968 1222 1024 sed
1246 966 1437 1030 multa,
1459 974 1513 1020 et
1529 964 1758 1027 infinita,
1783 972 1837 1020 et

253 1067 305 1121 in
334 1065 546 1120 diversa
591 1063 819 1119 ferentia
841 1103 856 1128 ,
885 1071 939 1116 et
974 1063 1058 1116 his
1096 1059 1281 1115 multis
1309 1058 1560 1114 omnibus
1581 1067 1635 1112 et
1662 1056 1834 1111 malis.

321 1155 651 1225 Principium
682 1161 737 1209 et
764 1153 886 1207 finis
915 1151 1021 1208 erit
1059 1151 1276 1206 bonum.
1316 1151 1542 1220 Propter
1575 1147 1716 1201 enim
1744 1146 1836 1200 bow

255 1261 380 1300 num
401 1245 604 1310 omnia,
630 1253 685 1299 et
711 1258 1062 1313 quaecunque
1082 1243 1376 1298 contraria.
1395 1241 1604 1296 Etenim
1626 1246 1682 1293 et
1705 1239 1842 1292 haec

256 1335 462 1406 agimus
496 1336 696 1390 bonum
733 1334 1119 1390 desiderantes.
1155 1332 1324 1389 Nemo
1351 1333 1492 1390 enim
1535 1329 1730 1385 malum
1759 1344 1844 1384 re-

256 1426 490 1496 spiciens
524 1425 652 1482 facit
681 1441 821 1496 quae
847 1425 995 1481 facit.
1036 1423 1268 1480 Proinde
1293 1439 1467 1494 neque
1487 1421 1844 1478 substantiam

257 1513 420 1571 habet
449 1515 669 1580 malum,
719 1514 814 1570 sed
863 1523 1054 1569 contra
1082 1514 1460 1579 substantiam,
1498 1520 1720 1583 propter
1746 1509 1845 1566 bo-

258 1620 406 1668 num,
435 1614 491 1662 et
519 1620 629 1660 non
658 1619 726 1660 ex
751 1619 819 1660 eo
843 1603 1066 1660 factum.

1927 419 2219 491 Propterea
2258 430 2312 475 et
2334 435 2524 474 vanam
2548 429 2640 474 aut
2667 421 3057 490 disceptantem
3086 419 3378 475 n‘mltorum
3403 436 3511 477 non

1931 514 2222 582 recipimus
2252 515 2536 578 rationem,
2567 514 2659 583 qui
2681 521 2934 583 oportere
2955 512 3105 567 aiunt
3125 514 3515 582 providentiam

1931 614 1985 661 et
2012 605 2207 660 invitos
2235 621 2332 661 nos
2365 607 2417 660 in
2444 607 2694 662 virtutem
2731 607 2946 661 ducere.
2979 605 3342 676 Corrumpere
3370 607 3515 663 enim

1933 705 2204 760 naturam,
2240 713 2344 752 non
2373 695 2862 766 est’providentiae.
2879 693 3032 751 Unde
3059 707 3117 749 ut
3136 695 3158 726 ⁸
3181 679 3521 765 providentia:

1935 786 2357 858 uniuscujusque
2406 795 2626 840 naturae
2685 784 2942 840 salvatrix
2985 800 3080 854 per
3117 784 3322 854 seipsos
3352 791 3523 838 moto-

1937 890 2076 942 rum,
2112 885 2168 930 ut
2195 892 2290 946 per
2317 877 2524 946 seipsos
2552 884 2841 940 motorum,
2870 875 3132 944 providet,
3159 884 3215 930 et
3237 875 3440 942 omnia,
3466 878 3523 929 et

1936 977 1998 1016 ea
2026 980 2122 1034 per
2146 964 2374 1037 singula,
2393 964 2639 1020 similiter
2663 964 2914 1033 universo
2937 973 2991 1018 et
3012 965 3322 1034 unicuique,
3346 978 3521 1033 quan-
3557 966 3560 970 ί

1940 1065 2055 1112 tum
2085 1058 2418 1127 provisorum
2452 1067 2642 1111 natura
2676 1057 2867 1126 recipit
2911 1055 3076 1110 totius
3102 1065 3156 1110 ct
3186 1055 3526 1126 largissimae

1938 1148 2309 1218 providentiae
2343 1147 2516 1203 editas
2557 1146 3034 1220 proportionaliter
3074 1146 3366 1217 unicuique
3401 1161 3530 1218 pro-

1941 1236 2095 1291 vidas
2121 1238 2408 1293 bonitates.

2013 1324 2129 1380 Non
2162 1327 2326 1396 igitur
2351 1325 2402 1382 ὃν
2419 1327 2635 1390 malum,
2661 1343 2836 1399 neque
2853 1327 2906 1383 in
2922 1327 3280 1383 existentibus
3306 1325 3528 1380 malum.

1945 1414 2061 1471 Non
2087 1418 2306 1472 omnino
2334 1419 2476 1473 enim
2513 1417 2736 1485 malum,
2764 1428 2922 1475 vacat
2951 1418 3151 1472 malum
3189 1428 3245 1472 et
3273 1417 3386 1472 fieri
3415 1433 3531 1472 ma-

1945 1508 2057 1564 lum
2091 1512 2381 1564 secundum
2426 1509 2700 1576 virtutem,
2743 1511 2836 1564 sed
2881 1523 2979 1580 per
3023 1509 3413 1563 infirmitatem.
3468 1508 3538 1563 Et

1948 1601 2319 1667 daemonibus,
2346 1601 2486 1671 quod
2511 1601 2725 1670 quidem
2751 1609 2875 1654 sunt
2891 1608 2943 1654 et
2965 1590 3031 1654 ex
3054 1598 3220 1664 bono,
3244 1611 3296 1653 et
3309 1599 3533 1653 bonum.

326 1693 464 1750 Malo
503 1710 623 1752 esse
662 1695 964 1766 ponendum
1011 1696 1306 1752 secundum
1341 1695 1615 1760 accidens,
1651 1703 1708 1750 et
1753 1709 1850 1766 per
1876 1675 1924 1736 Β
1949 1692 2144 1748 Malum
2176 1702 2357 1748 autem
2391 1694 2522 1764 ipsis
2553 1708 2617 1747 ex
2650 1693 2884 1763 propriis
2915 1692 3070 1748 bonis
3096 1707 3226 1747 casu
3279 1702 3335 1746 et
3361 1700 3538 1745 muta-

259 1786 424 1853 aliud,
463 1796 518 1842 et
549 1802 653 1842 non
681 1801 750 1842 ex
791 1787 1058 1858 principio
1087 1803 1325 1859 preprto.
1364 1787 1550 1858 Itaque
1581 1787 1724 1856 quod
1768 1785 1850 1841 fa-‘

260 1885 432 1942 ctum,
465 1885 672 1932 rectum
701 1875 918 1947 quidem
951 1893 1073 1933 esse
1101 1878 1394 1949 putandum
1415 1917 1430 1943 ,
1459 1878 1584 1948 quia
1610 1893 1676 1934 ex
1708 1877 1850 1933 bono

259 1981 378 2021 esse
410 1967 728 2036 putandum,
753 1965 877 2036 quia
909 1977 1130 2038 propter
1158 1968 1361 2022 bonum
1394 1966 1473 2033 fit,
1501 1967 1728 2022 veritate
1755 1983 1849 2021 au-

263 2067 369 2112 tem
404 2071 509 2112 non
544 2066 748 2113 rectum
780 2072 918 2114 esse.
940 2057 1300 2124 Quamobrem
1328 2060 1469 2130 quod
1489 2074 1596 2116 non
1627 2059 1848 2126 bonum,

262 2145 458 2201 bonum
488 2146 840 2201 arbitramur.

333 2236 653 2292 Ostenditur
691 2237 838 2292 aliud
864 2237 881 2268 ί
911 2237 1352 2307 concupiscibile,
1377 2246 1434 2294 et
1461 2238 1605 2294 aliud
1630 2238 1850 2294 factum.

263 2327 382 2384 Non
413 2329 578 2398 igitur
613 2327 813 2383 malum
844 2337 927 2384 est
953 2343 1020 2384 ex
1047 2329 1165 2396 via,
1197 2344 1371 2399 neque
1398 2338 1477 2385 est
1525 2344 1593 2385 ex
1622 2330 1852 2397 visione,

263 2435 439 2491 neque
467 2430 633 2477 estex
665 2429 887 2485 natura,
917 2435 1092 2493 neque
1126 2431 1206 2478 881
1239 2437 1308 2478 ex
1350 2439 1514 2479 causa
1534 2463 1549 2489 ,
1574 2438 1748 2494 neque
1774 2432 1859 2480 est.

264 2528 331 2568 ex
357 2511 653 2583 principio,
694 2527 866 2582 neque
899 2520 1072 2568 estex
1110 2512 1216 2568 fine
1243 2553 1259 2580 ,
1309 2529 1484 2584 neque
1519 2524 1604 2570 est
1643 2530 1709 2570 ex
1750 2525 1861 2571 ter-

266 2604 414 2658 mino
445 2605 488 2668 ',
529 2616 704 2672 neque
727 2611 902 2658 estex
927 2602 1172 2668 consilio,
1195 2618 1370 2674 neque
1395 2612 1480 2659 est
1509 2621 1577 2659 ex
1602 2613 1856 2659 substan-

269 2694 360 2748 tia.
391 2691 629 2748 Privatio
661 2692 825 2762 igitur
855 2701 953 2747 est.
973 2692 1195 2759 malum,
1235 2700 1292 2749 et
1323 2693 1586 2759 defectus,
1623 2702 1678 2748 et
1702 2693 1857 2748 infir-

269 2784 453 2848 mitas,
499 2791 555 2837 et
600 2781 1040 2848 immoderantia,
1070 2792 1124 2837 et
1153 2792 1456 2853 peccatum,
1503 2793 1558 2840 et
1593 2784 1862 2855 inconspi-

264 2888 458 2936 cuunn,
485 2880 540 2926 et
567 2870 820 2938 informe,
852 2880 908 2926 et
933 2887 1040 2928 non
1071 2872 1276 2939 vivens,
1305 2882 1361 2929 et
1397 2891 1503 2930 non
1533 2875 1860 2946 intelligens,

270 2973 328 3020 et
366 2961 710 3027 irrationale,
747 2972 800 3017 et
841 2961 1246 3032 imperfectum,
1274 2973 1329 3020 et
1364 2965 1738 3021 incollocatum
1764 3006 1780 3032 ,
1807 2973 1863 3020 et

1950 1783 2208 1849 bilitates,
2238 1783 2491 1854 circaque
2527 1782 2933 1838 similitudinem
2956 1791 3010 1836 et
3032 1779 3274 1837 habitum
3309 1771 3564 1835 infirmi?

1952 1884 2036 1931 tas
2073 1885 2337 1948 cognatae
2363 1875 2495 1946 ipsis
2521 1875 2543 1906 ⁸
2569 1875 2845 1946 angelicae
2875 1872 3243 1944 perfectionis.
3278 1872 3345 1927 Et
3379 1887 3542 1944 appe-

1952 1975 2072 2023 tunt
2099 1969 2329 2033 bonum,
2360 1967 2649 2022 secundum
2678 1966 2820 2037 quod
2850 1974 2905 2020 et
2932 1981 3053 2022 esse
3075 1974 3130 2020 et
3156 1965 3337 2021 vivere
3372 1972 3427 2042 et
3453 1963 3539 2018 in-

1954 2057 2190 2128 telligere
2218 2057 2636 2113 substituuntur.
2661 2057 2728 2112 Et
2747 2058 2792 2112 si
2819 2073 2924 2111 non
2951 2067 3209 2129 appetunt
3229 2057 3457 2121 bonum,
3486 2054 3540 2110 id

1954 2151 2098 2219 quod
2119 2165 2223 2204 non
2246 2157 2330 2205 est
2351 2158 2608 2220 appetunt
2633 2149 2692 2203 ἐ
2731 2158 2786 2205 et
2812 2165 2919 2205 non
2953 2150 3058 2204 erit
3095 2149 3199 2204 hec
3233 2147 3504 2223 appetitus
3526 2187 3542 2214 ,

1955 2243 2052 2300 sed
2074 2258 2200 2298 vere
2223 2245 2492 2313 appetitus
2518 2250 2825 2313 peccatum.

2025 2334 2084 2390 In
2120 2336 2347 2392 scientia
2423 2339 2600 2390 autem
2648 2342 2938 2405 peccantes
2963 2333 2984 2364 ⁸
3011 2340 3210 2389 vocant
3277 2330 3491 2401 eloquia
3519 2342 3553 2408 α,

1959 2427 2099 2483 circa
2117 2440 2398 2482 erroneam
2413 2425 2538 2481 boni
2553 2425 2834 2481 scientiam
2851 2424 3227 2480 aut'actionem
3256 2423 3500 2478 infirmos
3529 2437 3545 2477 ε

1959 2518 2258 2574 etscientes
2271 2517 2618 2580 voluntatem,
2637 2526 2806 2571 etnon
2825 2515 3087 2571 facientes
3107 2533 3120 2569 :
3137 2515 3413 2570 auditores
3427 2511 3544 2586 qui-
3564 2501 3566 2504 ’

1960 2611 2082 2666 dem
2113 2609 2356 2666 infirmos
2375 2619 2470 2665 aut
2489 2611 2635 2665 circa
2658 2609 2840 2675 fidem,
2867 2618 2957 2664 aut
2978 2610 3351 2679 operationem
3377 2608 3503 2664 boni
3529 2625 3545 2664 :

1961 2709 2018 2756 et
2047 2699 2337 2754 nolentiam
2362 2699 2682 2769 quibusdam
2712 2700 3002 2755 convenire
3037 2697 3428 2753 benefaciendo
3458 2691 3569 2768 per

1963 2789 2157 2845 falsam
2209 2790 2616 2845 conversionem
2651 2795 2674 2828 ⁷
2706 2797 2801 2843 aut
2831 2786 3205 2844 infirmitatem
3237 2771 3567 2842 voluntatis.

1965 2881 2033 2937 Et
2052 2880 2362 2936 sicomnino
2385 2879 2610 2946 malum,
2636 2886 2692 2933 ut
2715 2892 2876 2948 saepe
2899 2877 3156 2942 diximus,
3175 2875 3484 2941 infirmitas,
3501 2882 3558 2931 et

1967 2975 2388 3044 impossibilitas,
2420 2981 2474 3029 et
2505 2970 2746 3028 defectus
2770 2979 2852 3027 est
2880 2979 2974 3025 aut
3014 2968 3303 3031 scientiae,
3339 2975 3433 3022 aut
3469 2981 3559 3022 er-

273 3055 582 3121 incausale.
613 3063 668 3110 θι
704 3053 972 3109 inﬁnitum
994 3095 1009 3120 ν
1041 3064 1095 3110 ει
1122 3054 1486 3118 infecundum.
1544 3067 1598 3112 cl
1623 3057 1861 3128 pistum.
1891 3025 1938 3089 Ο
1968 3069 2140 3124 rantis
2169 3067 2449 3133 scientiae,
2488 3075 2581 3122 aut
2605 3065 2749 3131 fidei,
2795 3071 2887 3119 aut
2929 3063 3206 3127 desiderii,
3239 3069 3335 3116 aut
3359 3075 3559 3131 opera-

269 3156 327 3203 et
366 3147 659 3213 infirmum,
703 3155 758 3201 et
803 3144 1188 3211 inordinatum,
1229 3154 1286 3200 et
1331 3145 1610 3211 dissimile,
1650 3154 1706 3200 et
1732 3145 1866 3199 mul-

277 3247 411 3306 tum,
441 3247 496 3295 et
525 3239 893 3303 tenebrosum,
916 3243 971 3293 et
991 3235 1358 3303 inessentiale,
1379 3244 1435 3292 et
1461 3237 1564 3293 hoc
1591 3253 1866 3307 nunquam

272 3347 538 3402 nusquam
568 3329 770 3386 nullum
803 3326 879 3386 ὅν.

348 3427 628 3494 Quomodo
673 3424 894 3480 omnino
941 3431 1119 3494 potest
1173 3422 1374 3479 malum
1431 3425 1500 3479 ad
1545 3423 1744 3480 bonum
1798 3437 1867 3480 ex

277 3517 551 3574 mixtura?
579 3516 732 3584 Quod
770 3515 916 3570 enim
954 3516 1100 3570 omni
1147 3515 1288 3570 bono
1330 3530 1544 3585 expers,
1580 3531 1755 3586 neque
1783 3526 1869 3572 est

277 3607 428 3681 quid,
477 3623 654 3679 neque
695 3614 891 3678 potest.
938 3606 1150 3661 Etenim
1196 3605 1241 3660 si
1281 3606 1479 3660 bonum
1506 3615 1561 3661 et
1585 3604 1638 3662 ὃν
1669 3615 1772 3672 est,
1814 3614 1872 3662 et

279 3699 670 3757 consultorium
699 3739 713 3764 ,
745 3708 799 3753 et
821 3699 956 3753 bene
987 3706 1176 3768 potens
1203 3739 1216 3764 ,
1247 3707 1296 3752 et
1324 3699 1576 3764 activum,
1602 3700 1870 3768 quomodo

278 3794 480 3865 poterit
512 3791 641 3861 quid
671 3790 1006 3844 contrarium
1045 3792 1207 3854 bono,
1247 3797 1302 3844 et
1340 3787 1640 3844 substantia
1679 3799 1736 3844 et
1776 3805 1866 3845 sa-

280 3883 488 3958 pientia
517 3892 572 3938 et
609 3882 804 3938 virtute
834 3890 888 3936 et
919 3880 1236 3951 operatione
1277 3879 1588 3950 privatum?

354 3977 471 4032 Non
499 3977 680 4032 omnia
711 3975 983 4040 omnibus,
1014 3983 1069 4032 et
1112 3976 1331 4031 omnino
1359 3975 1544 4030 eadem
1575 3973 1870 4029 secundant

283 4070 514 4141 idipsum
557 4069 713 4124 mala.
772 4068 1034 4122 Daemoni
1085 4068 1303 4133 malum,
1343 4077 1530 4123 contra
1557 4064 1872 4122 deiformem

283 4153 616 4216 intellectum
643 4173 763 4213 esse
791 4198 804 4211 .
837 4158 1075 4224 animae,
1100 4167 1288 4213 contra
1317 4158 1581 4212 rationem
1605 4156 1872 4227 :eorpori,

282 4262 475 4309 contra
499 4261 772 4306 naturain.

359 4345 640 4411 Quomodo
668 4342 890 4398 omnino
910 4339 1073 4406 mala,
1096 4339 1431 4410 providentia
1443 4337 1872 4397 existente?Non

283 4446 372 4492 est
403 4433 624 4499 malum,
661 4433 708 4488 si
749 4431 946 4487 malum
983 4446 1157 4500 neque
1197 4427 1269 4495 ὅν,
1310 4445 1484 4499 neque
1509 4431 1562 4485 in
1593 4431 1875 4487 existenti—

286 4527 414 4593 bus,
443 4533 497 4580 et
536 4523 670 4578 nihil
707 4523 1056 4579 existentium
1114 4521 1488 4591 improvisum.
1519 4520 1702 4592 Neque
1730 4523 1877 4578 enim

288 4627 375 4674 est
402 4617 599 4671 malum
623 4612 698 4682 ὅν,
727 4615 1075 4686 conspicuum
1099 4612 1400 4668 subsistens
1423 4613 1584 4668 bono.
1609 4613 1674 4667 Et
1694 4612 1740 4669 si
1762 4613 1882 4668 nul-

291 4711 402 4767 lum
434 4711 776 4766 existentium
824 4725 927 4762 non
975 4707 1245 4778 particeps
1272 4705 1419 4770 boni,
1469 4705 1667 4760 malum
1698 4716 1879 4761 autem

291 4803 536 4880 defectus
585 4800 710 4856 boui
743 4839 758 4865 ,
805 4798 937 4853 nihil
990 4805 1173 4851 autem
1203 4787 1216 4793 ⁷
1243 4795 1588 4851 existentium
1637 4797 1884 4866 privatur

294 4895 674 4952 universaliter
708 4894 886 4948 bono:
930 4891 982 4946 in
1006 4890 1257 4945 omnibus
1298 4889 1658 4945 existentibus
1696 4891 1877 4947 divina

294 4989 658 5062 providentia,
693 4995 747 5042 et
777 4985 909 5040 nihil
935 4983 1280 5039 existentium
1317 4997 1422 5036 non
1445 4983 1742 5053 provisum.
1771 4983 1878 5041 Sed

297 5092 354 5139 et
383 5082 540 5136 factis
570 5079 726 5135 malis
745 5078 946 5149 optime
975 5084 1029 5130 et
1056 5075 1280 5148 pulchre
1310 5075 1644 5144 providentia
1674 5090 1770 5130 usa
1797 5084 1880 5131 est

301 5173 368 5228 ad
401 5178 643 5226 nostram
673 5175 764 5222 aut
789 5167 1014 5222 aliorum
1037 5174 1130 5220 aut
1153 5163 1525 5219 formationem
1555 5173 1648 5218 aut
1676 5165 1879 5220 utilita-

1970 3158 2128 3214 tionis
2159 3158 2304 3213 boni.
2333 3157 2400 3212 Et
2429 3156 2647 3225 quidem
2677 3154 2875 3209 dixerit
2901 3153 3043 3223 quis,
3085 3166 3194 3207 non
3225 3150 3566 3230 vindieahile.

1967 3250 2278 3315 infirmitas,
2338 3246 2646 3304 econtrario
2692 3259 2821 3300 vero
2857 3241 3211 3299 concessihile
3242 3255 3256 3294 :
3290 3240 3561 3310 siquidem

1967 3360 2074 3400 non
2092 3343 2297 3398 licitum
2319 3351 2437 3396 erat
2463 3353 2644 3410 posse,
2673 3339 2808 3392 bene
2844 3337 2890 3391 si
2925 3335 3152 3391 haberet
3184 3331 3358 3388 ratio:
3387 3330 3432 3386 si
3461 3346 3561 3384 au-

1968 3444 2079 3492 tem
2105 3450 2172 3490 ex
2198 3433 2340 3489 bono
2367 3445 2560 3502 posse,
2607 3430 2768 3485 dante
2809 3427 2966 3499 juxta
2998 3424 3212 3496 eloquia
3249 3424 3278 3465 ι’
3301 3439 3389 3489 ea,
3417 3437 3559 3494 quae

1970 3537 2097 3586 sunt
2114 3535 2414 3598 opportuna
2442 3522 2714 3587 omnibus,
2730 3519 3049 3592 simpliciter
3065 3534 3172 3575 non
3200 3517 3471 3574 laudabile
3492 3531 3562 3573 ex

1970 3621 2097 3679 boni
2140 3621 2477 3690 propriorum
2509 3618 2774 3674 bonorum
2804 3615 2990 3671 habitu
3021 3622 3302 3683 peccatum
3342 3621 3399 3666 et
3428 3612 3566 3665 irra-

1972 3709 2249 3768 tionabilis
2268 3708 2568 3772 conversio,
2597 3716 2651 3762 et
2677 3705 2824 3774 fuga,
2851 3713 2907 3759 et
2931 3718 3108 3759 casus.
3143 3700 3252 3759 Sed
3285 3702 3418 3756 haec
3442 3700 3564 3771 qui-

1972 3801 2095 3857 dem
2118 3816 2151 3855 a
2184 3799 2340 3855 nobis
2365 3798 2418 3852 in
2455 3799 2557 3860 his,
2589 3811 2728 3866 quae
2755 3804 2881 3850 sunt
2918 3796 2985 3850 de
3015 3795 3162 3865 justa
3190 3801 3244 3848 et
3265 3792 3446 3847 divina
3467 3791 3562 3860 ju-

1971 3891 2315 3950 stificationis
2360 3889 2735 3952 observantia,
2777 3888 2911 3942 satis
2966 3885 3262 3941 secundum
3311 3886 3564 3939 virtutem

1975 3983 2120 4041 dicta
2154 3993 2300 4048 sunt,
2335 3983 2629 4037 secundum
2679 3995 2841 4050 quam
2891 3993 3101 4034 sacram
3141 3976 3406 4033 actionem
3455 3975 3567 4030 elo-

1976 4077 2227 4149 quiorum
2273 4075 2473 4130 veritas
2506 4071 2830 4142 sophistiras
2857 4079 2911 4126 et
2959 4071 3241 4126 veritatem
3272 4078 3327 4124 et
3363 4068 3568 4124 falsita-

1978 4179 2088 4227 tem
2143 4176 2330 4224 contra
2385 4167 2554 4221 Deum
2608 4165 2888 4235 loquentes
2941 4162 3254 4227 intirmavit,
3311 4170 3564 4230 tanquam

1976 4276 2232 4334 perverse
2276 4260 2550 4330 sapientes
2592 4258 2848 4312 rationes.
2884 4256 3037 4310 Nunc
3063 4264 3268 4321 autem,
3304 4263 3564 4324 quantum

1979 4354 2275 4411 secundum
2323 4367 2443 4418 nos,
2499 4349 2826 4406 sufﬁcienter
2880 4348 2902 4380 ⁸
2943 4347 3192 4404 laudatur
3237 4345 3456 4409 bonum,
3510 4355 3570 4403 ut

1984 4463 2113 4504 vere
2134 4446 2396 4508 mirabile,
2424 4454 2481 4499 ut
2503 4443 2823 4516 principium
2846 4449 2898 4498 et
2924 4442 3046 4497 finis
3067 4443 3329 4506 omnium,
3357 4450 3416 4494 ut
3441 4456 3570 4495 con-

1987 4537 2213 4593 tinentia
2243 4536 2610 4598 existentium,
2631 4543 2689 4587 ut
2709 4531 3033 4604 formificum
3065 4547 3170 4586 non
3199 4531 3566 4595 existentium,

1985 4638 2047 4685 ut
2076 4629 2315 4684 omnium
2342 4630 2608 4683 bonormn
2635 4625 2877 4689 causale,
2911 4633 2970 4678 ut
2998 4624 3260 4679 malorum
3292 4641 3397 4679 non
3436 4641 3564 4679 cau-

1986 4721 2117 4785 sale,
2150 4731 2209 4773 ut
2230 4718 2565 4789 providentia
2605 4727 2660 4771 et
2704 4715 2917 4770 bonitas
2957 4717 3300 4780 universalis,
3335 4727 3568 4785 etsupe-

1987 4827 2114 4868 rans
2143 4811 2428 4866 existentia
2465 4817 2519 4863 et
2559 4823 2665 4863 non
2695 4807 3005 4872 existentia,
3036 4815 3092 4862 et
3126 4807 3293 4873 mala,
3329 4814 3384 4860 et
3415 4822 3567 4861 suam

1985 4905 2343 4977 privationem
2373 4904 2568 4958 bonam
2601 4902 2922 4958 existentem
2961 4902 3210 4957 omnibus
3255 4900 3565 4973 appetibile,

1986 5008 2041 5054 et
2071 4997 2324 5062 amabile,
2352 5005 2407 5050 et
2435 4994 2781 5058 delectabile,
2812 5003 2865 5048 et
2894 5010 3248 5063 quaecunque
3274 4994 3376 5048 alia
3401 4995 3453 5050 in
3483 4994 3570 5062 his

1984 5088 2160 5160 palam
2186 5102 2315 5142 vera
2342 5085 2602 5152 ostendit,
2629 5091 2688 5140 ut
2715 5084 2972 5150 arbitror,
3008 5085 3164 5139 ratio.

1578 5257 1833 5315 VARIAE
1863 5259 2271 5319 .LECTIONES.

379 5358 394 5388 ¹
435 5356 478 5411 Ε
505 5364 678 5409 autem
730 5351 893 5406 aliud.
970 5351 990 5381 ²
1029 5350 1074 5404 Ε
1116 5364 1180 5404 ex
1211 5348 1534 5417 deﬁnitione.
1613 5346 1634 5377 ³
1673 5347 1763 5402 EH
1788 5360 1855 5404 et.

1946 5350 1969 5382 ⁵
2004 5351 2092 5405 ΒΕ
2147 5351 2332 5420 ipsius.
2407 5351 2429 5382 ⁸
2469 5348 2561 5405 Sic
2595 5349 2673 5417 A;
2705 5345 2774 5408 Et
2813 5347 2858 5408 εἰ
2889 5362 2994 5402 non
3030 5355 3276 5418 appetunt
3315 5373 3382 5387 —-
3411 5365 3574 5420 appe,

305 5434 421 5483 tum
463 5442 571 5483 om.
596 5423 749 5479 BEH.
827 5423 848 5453 ⁸
888 5421 1309 5492 Βινιρεεοαιονεε.
1385 5419 1405 5450 ⁷
1449 5419 1490 5472 Ε
1528 5421 1858 5473 conversatio:

1963 5441 1991 5474 ε.
2090 5422 2112 5453 ⁸
2151 5419 2239 5476 BH
2269 5420 2611 5490 sufﬁcientes.
3347 5429 3350 5432 ’
3383 5431 3387 5434 ’
3495 5422 3497 5429 ’

2196 5421 2239 5476 Η
2269 5420 2611 5490 sufﬁcientes.

1813 5511 2063 5570 NOTAE.

381 5621 408 5649 ι
449 5607 573 5664 lsai.
597 5606 811 5674 XLVII;
846 5608 985 5664 Psal.
1017 5599 1244 5672 XXXV;
1283 5604 1412 5662 Luc.
1445 5603 1563 5670 Xll;
1603 5603 1758 5662 Rom.
1792 5601 1869 5672 ll;

309 5680 418 5740 1η.
453 5678 504 5746 1;
537 5677 650 5734 Jac.
679 5677 763 5736 IV.

2056 5609 2081 5648 δ
2119 5606 2304 5664 Jacob.
2331 5606 2371 5664 l.
