4008 6286
168 416 202 502 ί
236 403 467 475 primum
499 414 562 454 ea
584 397 982 468 participantia,
1007 401 1060 449 et
1084 408 1148 448 eo
1177 402 1297 447 esse
1324 392 1557 462 primum
1591 386 1804 457 quidem
1833 387 1882 445 Α

140 478 180 568 1¹
240 493 547 555 existentia,
580 491 770 544 deinde
791 487 948 555 hujus
979 493 1072 540 aut
1103 481 1258 551 hujus
1287 481 1552 551 principia
1576 478 1811 532 existen-

123 639 132 648 ο

122 649 131 696 ἓ

120 699 130 718 ι

120 737 128 764 ἱ

124 767 137 794 ι

243 585 338 648 tia,
375 591 428 638 et
459 579 830 651 participando
868 593 932 632 eo
975 591 1114 641 esse,
1155 573 1437 629 existentia
1472 570 1809 641 participata.

241 672 298 728 Si
343 679 522 726 autem
561 671 692 725 haec
725 668 1137 739 participatione
1188 677 1307 718 esse
1334 671 1480 726 sunt,
1512 660 1678 713 multo
1704 673 1815 711 nta-

130 769 150 834 ὲ,
241 767 322 838 gis
367 781 554 819 eorum
603 763 997 834 participantia.
1043 759 1276 814 Primam
1326 749 1488 827 igitur
1519 753 1683 822 ipsius
1720 757 1817 821 per

241 860 474 929 seipsum
507 872 628 911 esse
645 855 1018 917 donationum,
1055 867 1150 920 per
1175 850 1404 918 seipsam
1431 861 1638 901 summa
1657 844 1808 898 boni-

242 956 353 1002 tate
405 947 726 1016 praemissa,
778 953 831 998 et
868 943 1097 996 maxima
1157 941 1326 1011 prima
1382 936 1815 1008 participantium

241 1039 481 1094 laudant.
510 1038 575 1092 Et
613 1045 738 1092 sunt
779 1053 842 1092 ex
869 1037 1003 1106 ipsa,
1047 1043 1100 1089 et
1130 1034 1181 1087 in
1214 1034 1347 1104 ipsa,
1393 1039 1448 1086 et
1477 1031 1649 1100 ipsum
1672 1044 1814 1094 esse,

242 1139 298 1187 et
347 1132 693 1186 existentium
745 1113 1031 1200 principia,
1081 1135 1134 1179 et
1199 1124 1482 1177 existentia
1519 1121 1722 1185 omnia,
1763 1127 1818 1175 et

242 1238 381 1294 quae
405 1233 697 1292 utcumque
724 1221 791 1273 ab
821 1235 944 1274 esse
969 1218 1315 1273 continentur
1349 1232 1360 1267 :
1387 1222 1441 1267 et
1467 1213 1567 1267 hoc
1598 1212 1819 1265 immen-

243 1321 442 1376 surate,
502 1321 556 1366 et
601 1310 901 1374 convolute,
925 1314 979 1364 et
1029 1309 1193 1362 unite.
1227 1306 1437 1360 Etenim
1489 1305 1540 1358 in
1593 1302 1819 1357 monade

243 1404 422 1458 omnis
472 1419 728 1458 numerus
758 1409 882 1455 ante
922 1400 1187 1461 subsistit,
1237 1397 1290 1451 et
1338 1397 1498 1450 habet
1539 1397 1819 1448 numerum

244 1508 460 1550 omnem
518 1507 705 1546 monas
756 1491 809 1545 in
858 1491 1144 1560 semetipsa
1172 1488 1535 1559 singulariter,
1569 1495 1622 1540 et
1648 1485 1820 1539 omnis

244 1601 504 1641 numerus
536 1585 721 1638 unitur
765 1584 982 1654 quidem
1034 1585 1086 1637 in
1129 1581 1356 1638 monade
1391 1597 1404 1633 :
1438 1587 1696 1649 quantum
1728 1593 1823 1631 att-

248 1685 357 1731 tem
383 1676 614 1730 monadc
642 1675 910 1746 provenit,
937 1683 1147 1727 tantum
1196 1672 1523 1727 discernitur
1550 1669 1606 1726 et
1643 1669 1822 1724 multi-

869 281 1120 342 VERSIO
1156 275 1441 336 OPERUM
1483 276 1543 332 S.
1587 259 1902 330 DIONYSH.
1935 286 2004 316 σέ-
2051 267 2138 324 DE
2177 267 2430 326 DlVlNlS
2464 264 2863 354 NOMlNlBUS.

3353 238 3492 329 ttae

1909 382 2122 445 stentia,
2157 390 2211 436 et
2261 380 2397 435 bene
2443 382 2926 446 existentia,etex
2979 378 3094 450 ipSo
3118 377 3389 444 inchoata,
3436 388 3493 438 et

1915 473 1967 527 in
1999 473 2114 543 ipso
2140 471 2426 535 Custodita,
2465 479 2519 524 et
2549 471 2599 525 in
2635 471 2808 542 ipsum
2849 477 3243 526 consummata.
3279 469 3344 524 Et
3373 471 3494 541 quio

1913 563 2033 618 dem
2066 557 2532 616 honorabilissima
2574 560 2876 629 ipsiusesse
2907 561 3152 615 tribuunt
3180 559 3498 616 melioribus

1914 652 2204 717 e.-scntiis,
2252 665 2385 720 quas
2440 657 2496 707 et
2540 659 2790 705 aeternas
2844 658 3039 706 vocant
3089 649 3344 722 eloquia:
3377 665 3498 707 esse

1917 753 2093 800 autem
2137 745 2308 814 ipsum
2363 741 2720 797 existentibus
2758 733 3007 797 omnibus
3031 755 3306 813 nunquam
3337 744 3495 798 dese-

1915 827 2070 888 ritur.
2103 833 2167 886 Et
2217 835 2387 902 ipsum
2423 846 2550 885 vero
2594 845 2714 885 esse
2735 846 2800 884 ex
2849 840 2974 885 ante
3000 840 3147 896 onte,
3189 842 3242 886 et
3286 834 3353 887 ab
3380 831 3496 902 ipso

1915 931 1999 980 est
2030 937 2171 989 esse,
2209 932 2262 977 et
2299 937 2401 976 non
2429 923 2540 991 ipse
2576 935 2716 986 esse,
2747 931 2802 977 et
2832 935 2953 976 eum
2983 921 3145 976 habet
3178 935 3318 987 esse,
3348 931 3401 977 et
3430 921 3498 979 ὢν

1917 1016 2234 1087 principium
2274 1024 2327 1069 et
2365 1029 2638 1078 mensura,
2677 1019 2801 1067 ante
2854 1013 3122 1068 essentias
3148 1013 3214 1068 ὢν
3244 1022 3300 1070 et
3332 1015 3496 1080 outis,

1917 1115 1972 1161 et
2004 1107 2189 1169 seculi,
2221 1115 2272 1159 et
2309 1106 2548 1159 etnnium
2597 1101 3031 1159 substanti'ticum
3065 1105 3408 1175 principium,
3446 1115 3503 1162 et
3563 1101 3576 1110 ”

1919 1198 2200 1261 medietas,
2222 1204 2276 1250 et
2300 1194 2709 1248 consummatio.
2737 1188 2802 1248 Et
2836 1197 3116 1264 propterea
3150 1197 3216 1248 ab
3270 1195 3499 1265 eloquiis

1921 1289 2034 1359 ipse
2077 1301 2201 1340 vere
2249 1285 2472 1341 ante-cbo
2495 1284 2648 1353 jtutta
2679 1299 2893 1340 omnem
2923 1285 3268 1339 existentiu‘m
3306 1283 3501 1339 intelli-

1921 1381 2151 1451 gentiam
2179 1377 2581 1447 multiplicatur,
2619 1384 2672 1430 et
2701 1377 2844 1446 quod
2885 1384 3002 1430 erat
3032 1377 3082 1429 in
3111 1375 3248 1444 ipso,
3277 1384 3330 1430 et
3355 1375 3502 1446 quod

1920 1478 2024 1533 est,
2049 1473 2104 1522 et
2127 1469 2268 1539 quod
2305 1469 2430 1532 erit,
2468 1475 2522 1522 et
2565 1463 2705 1535 quod
2736 1465 2938 1520 factum
2965 1474 3069 1529 est,
3115 1475 3170 1521 et-
3199 1465 3278 1532 ﬁt',
3309 1477 3363 1522 ct
3390 1466 3501 1531 ﬁet,

1923 1564 2136 1633 proprie
2161 1556 2428 1616 laudatur.
2457 1561 2602 1616 Haec
2629 1561 2775 1615 enim
2798 1558 2978 1614 omnia
3027 1557 3284 1612 divinitus
3310 1558 3507 1612 intellio

1924 1654 2172 1724 gentibus
2252 1652 2545 1707 secundum
2618 1666 2834 1706 omnem
2894 1648 3345 1720 excogitationem
3417 1649 3500 1719 ip-

246 1767 498 1838 plicatur.
533 1763 597 1820 Et
648 1767 702 1819 in
751 1774 938 1820 centro
964 1778 1152 1819 onmes
1183 1762 1368 1818 circuli
1394 1761 1569 1816 lineae
1625 1775 1818 1816 secun-

1934 1760 2044 1800 sum
2099 1742 2619 1814 s’uperessentialiter
2663 1755 2785 1797 esse
2837 1740 3164 1809 signiﬁcant.
3201 1749 3255 1796 et
3300 1740 3499 1808 ubique
3546 1745 3549 1748 ‘

248 1861 373 1914 dum
405 1857 631 1928 primam
660 1858 920 1911 unitatem
965 1856 1389 1912 consubstitutae
1428 1863 1572 1908 sunt.
1606 1852 1673 1908 Et
1704 1867 1824 1906 om-

246 1964 345 2004 nes
387 1950 548 2003 habet
582 1948 791 2019 signum
831 1947 882 2001 in
917 1947 1206 2017 semetipso
1237 1945 1459 2015 simplas
1485 1941 1828 1998 uniformiter

247 2043 428 2095 unitas
459 2040 523 2094 ad
571 2055 630 2096 se
680 2039 934 2104 invicem,
981 2048 1035 2092 et
1086 2039 1152 2093 ad
1183 2053 1346 2090 untun
1383 2035 1826 2107 principium,ex

248 2126 356 2202 quo
383 2132 770 2203 procedebant,
808 2139 862 2184 et
893 2130 945 2184 in
997 2130 1113 2201 ipso
1145 2127 1161 2160 ⁸
1207 2129 1424 2198 quidem
1478 2137 1666 2182 centro
1702 2125 1824 2180 uni-

247 2222 533 2277 versaliter
580 2222 902 2276 adunantur.
944 2219 1191 2275 Breviter
1220 2228 1397 2274 autem
1437 2233 1502 2273 eo
1541 2217 1826 2282 distantes,

247 2317 487 2372 breviter
527 2325 581 2370 et
608 2315 1030 2370 discernuntur:
1079 2313 1251 2384 magis
1277 2321 1453 2367 autem
1488 2312 1825 2375 recedentes,

250 2406 441 2478 magis.
493 2405 559 2459 Et
603 2405 939 2474 simpliciter,
967 2414 1169 2474 quanto
1231 2414 1418 2458 centro
1471 2403 1828 2474 proximiores

252 2508 400 2564 sunt,
429 2505 637 2552 tantum
684 2507 738 2552 et
781 2498 879 2567 ipsi
907 2506 963 2552 et
991 2497 1090 2552 sibi
1126 2495 1355 2550 invicem
1387 2497 1692 2549 adunantur
1724 2511 1738 2547 ε
1776 2502 1828 2548 et

251 2598 512 2660 quantum
543 2603 628 2654 eo,
664 2596 871 2642 tantum
897 2595 951 2641 et
976 2603 1006 2642 a
1032 2601 1089 2640 se
1122 2586 1349 2640 invicem
1387 2585 1608 2638 distant.
1642 2581 1748 2638 Sed
1775 2591 1829 2638 et

253 2681 308 2736 in
341 2689 448 2734 tota
469 2680 708 2734 omnium
735 2688 924 2733 natura
952 2693 1140 2732 omnes
1173 2676 1463 2732 secundmn
1493 2674 1698 2744 singula
1729 2690 1827 2728 na-

253 2777 408 2824 turae
437 2770 676 2824 rationes
701 2768 1021 2823 convolutac
1048 2777 1171 2821 sunt
1192 2781 1286 2836 per
1309 2782 1468 2820 unam
1493 2763 1828 2819 inconl‘ttsam

252 2863 516 2917 unitatem
546 2880 558 2915 :
584 2871 636 2916 et
665 2862 718 2916 in
748 2862 925 2914 anima
957 2859 1300 2914 uniformiter
1333 2855 1627 2913 secandum
1652 2867 1833 2925 partes

253 2955 494 3010 omnium
526 2954 780 3024 providae
809 2954 969 3007 totius
994 2953 1238 3022 corporis
1263 2953 1510 3004 virtutes.
1538 2939 1680 3004 Nihil
1703 2964 1833 3021 ergo

257 3031 668 3115 inconsequens,
709 3060 775 3098 ex
834 3044 1078 3098 obscuris
1136 3042 1458 3112 imaginibus
1497 3042 1549 3095 in
1590 3042 1830 3096 omnium

255 3137 475 3192 causale
503 3137 881 3201 ascendentes,
915 3135 1372 3204 super-mundanis
1398 3134 1570 3189 oculis
1593 3143 1834 3189 contem-

255 3226 391 3297 plari
420 3227 599 3280 omnia
630 3226 681 3280 in
732 3227 968 3279 omnium
995 3225 1219 3288 causali,
1253 3232 1307 3279 ct
1347 3225 1449 3278 sibi
1482 3224 1712 3278 invicem
1742 3240 1836 3294 0p-

256 3317 430 3386 posita
479 3314 818 3369 unit'ormiter
858 3324 912 3368 et
972 3315 1136 3369 unite.
1179 3314 1512 3384 Principium
1561 3315 1703 3369 enim
1755 3324 1839 3370 cst

257 3408 633 3472 existentium,
657 3423 720 3462 ex
749 3421 854 3477 quo
894 3415 948 3461 et
973 3407 1145 3476 ipsum
1175 3421 1315 3471 esse,
1345 3415 1398 3460 et
1443 3405 1623 3460 omnia
1647 3414 1840 3461 utcun-

258 3519 365 3574 que
386 3501 695 3566 existentia,
721 3515 880 3555 omne
902 3501 1245 3570 principium,
1275 3499 1463 3569 omnis
1493 3499 1638 3565 linis,
1664 3501 1841 3555 omnis

258 3595 393 3659 vita,
442 3595 619 3650 omnis
648 3591 1047 3656 immortalitas,
1096 3589 1272 3644 omnis
1327 3589 1616 3658 sapientia,
1665 3591 1840 3645 Omnis

259 3685 414 3748 ordo,
439 3684 614 3738 omnis
636 3682 938 3747 harmonia,
961 3681 1138 3737 omnis
1155 3680 1341 3743 virtus,
1366 3671 1551 3734 omnis
1572 3682 1836 3746 custodia,

261 3775 439 3832 omnis
475 3773 755 3828 collocatio
781 3775 826 3840 ',
852 3774 1026 3829 omnis
1052 3772 1381 3837 distributio,
1410 3773 1585 3826 omnis
1635 3771 1844 3827 intelle-

263 3876 405 3931 ctus,
426 3867 601 3922 omnis
633 3867 792 3931 ratio,
820 3867 998 3921 onmis
1023 3881 1232 3930 sensus,
1261 3865 1438 3920 omnis
1468 3864 1705 3929 habitus,
1727 3879 1843 3918 om-

263 3960 352 4015 nis
376 3968 572 4025 status,
599 3960 776 4015 omnis
807 3966 1004 4024 motus,
1040 3958 1218 4013 omnis
1259 3957 1464 4021 unitas,
1496 3970 1656 4010 omne
1701 3954 1844 4023 judi-

263 4054 432 4120 cium,
458 4054 634 4110 omnis
678 4053 936 4118 amicitia,
966 4052 1142 4107 omnis
1171 4049 1502 4120 compactio,
1524 4048 1699 4103 omnis
1730 4049 1842 4103 dis-

264 4145 466 4209 cretio,
499 4144 675 4198 omnis
708 4144 995 4206 terminus,
1026 4150 1079 4194 et
1110 4141 1214 4194 alia
1245 4151 1604 4210 quaecunque
1631 4137 1698 4192 ab
1725 4151 1846 4192 esse

264 4237 558 4294 existentia
582 4235 762 4291 omnia
794 4233 1247 4288 cbaracterizant.
1279 4232 1344 4286 Et
1371 4248 1435 4286 ex
1464 4231 1576 4301 ipsa
1604 4230 1843 4285 omnium

263 4341 432 4382 causa
486 4323 781 4379 invisibiles
809 4332 861 4378 et
884 4323 1276 4378 intellectuales
1301 4321 1640 4378 deiformium
1680 4333 1845 4391 ange—

266 4418 442 4474 lorum
465 4415 750 4480 essentiae,
782 4423 836 4470 ct
860 4415 1159 4468 animarum
1190 4423 1244 4467 et
1297 4415 1459 4468 totius
1501 4412 1685 4468 mundi
1746 4427 1843 4466 na-

271 4517 418 4572 tura,
456 4515 511 4562 et
551 4519 690 4575 quae
719 4513 990 4574 utcunque
1019 4514 1111 4558 aut
1138 4504 1191 4558 in
1238 4504 1358 4559 aliis
1406 4503 1719 4568 subsistere,
1755 4511 1850 4559 aut

269 4598 572 4656 secundum
604 4595 1051 4666 excogitationem
1078 4610 1196 4651 esse
1227 4593 1497 4649 dicuntur.
1528 4593 1596 4648 Et
1628 4595 1846 4664 quidem

268 4692 434 4762 igitur
460 4687 831 4743 sanctissimae
852 4696 905 4742 et
931 4688 1429 4757 praestantissimae
1463 4689 1690 4743 virtutes
1721 4705 1848 4745 vere

268 4781 584 4842 existentes,
639 4786 695 4832 et
742 4777 889 4832 velut
946 4778 999 4831 in
1044 4776 1324 4832 vestibulis
1378 4777 1848 4845 superessentialis

270 4868 555 4924 Trinitatis
595 4865 886 4932 stabi‘litae,
932 4868 998 4922 ab
1032 4868 1166 4936 ipsa,
1196 4874 1250 4922 et
1296 4867 1347 4920 in
1380 4867 1493 4937 ipsa
1521 4877 1576 4921 et
1625 4882 1763 4933 esse,
1795 4877 1850 4924 et

272 4959 608 5015 deiformiter
637 4971 758 5013 esse
788 4959 1006 5022 habent,
1031 4967 1084 5012 et
1108 4967 1230 5028 post
1255 4957 1372 5012 illas
1395 4958 1640 5012 subditae
1668 4957 1848 5028 subje-

273 5061 444 5115 ctum,
471 5060 524 5105 et
554 5051 876 5106 novissimae
906 5058 1228 5115 extremum,
1273 5059 1532 5119 quantmn
1570 5050 1635 5105 ad
1688 5065 1852 5122 ange-

275 5142 354 5197 los
385 5159 397 5194 :
432 5150 690 5212 quantum
720 5155 850 5198 vero
872 5143 937 5196 ad
969 5157 1086 5207 nos,
1111 5143 1626 5212 supernmndanum.
1654 5142 1720 5197 Et
1747 5142 1850 5198 alia

221 5296 241 5305 Α
275 5234 454 5287 omnia
499 5233 784 5288 existentia
821 5249 917 5303 per
956 5233 1178 5288 eandem
1238 5233 1497 5287 rationem
1547 5243 1765 5300 etesse,
1797 5239 1858 5290 et’

277 5325 414 5380 bene
444 5339 564 5380 esse
604 5326 803 5380 habent

849 5339 863 5378 :
909 5337 963 5379 et
1005 5333 1149 5389 sunt,
1181 5333 1236 5379 et
1278 5325 1411 5378 bene
1450 5334 1594 5386 sunt,
1624 5339 1691 5379 ex
1723 5334 1850 5380 ante

278 5426 404 5472 onte
445 5431 582 5482 esse,
611 5425 667 5472 et
696 5417 834 5472 bene
863 5430 981 5472 esse
1023 5417 1274 5472 habentia
1310 5423 1401 5471 :et
1423 5417 1474 5470 in
1505 5417 1621 5486 ipso
1643 5427 1697 5472 et
1733 5420 1847 5473 exi-

1930 1839 2270 1897 existentium
2291 1837 2579 1893 causalem.
2599 1834 2809 1890 Etenim
2827 1847 3001 1905 neque
3029 1835 3244 1904 quidem
3271 1841 3355 1889 est
3379 1834 3503 1896 huc,

1929 1932 2031 1987 hoc
2060 1940 2238 1986 autem
2270 1933 2374 1985 non
2406 1937 2489 1984 est
2513 1946 2526 1982 :
2553 1941 2728 1998 neque
2756 1927 2826 1981 ibi
2853 1926 3068 1997 quidem
3098 1933 3200 1991 est,
3227 1924 3297 1979 ibi
3327 1934 3504 1978 autem

1929 2037 2035 2080 non
2058 2032 2178 2080 est:
2209 2025 2302 2079 sed
2355 2021 2536 2078 omnia
2579 2028 2684 2087 est,
2710 2029 2769 2075 ut
2813 2018 3046 2075 causalis
3075 2019 3340 2083 omnimn,
3368 2025 3422 2071 et
3456 2018 3506 2072 in

1929 2120 2049 2190 ipso
2074 2110 2252 2172 omnia
2297 2115 2586 2186 principia,
2624 2127 2814 2169 omnes
2865 2113 3125 2177 contines,
3162 2125 3350 2166 omnes
3380 2118 3513 2165 con—

1929 2207 2226 2274 clusiunes,
2282 2208 2462 2263 omnia
2511 2204 2796 2261 existentia
2833 2204 3144 2261 coambiens
3187 2211 3241 2257 et
3284 2203 3512 2263 praeba-

1929 2301 2082 2366 bens,
2114 2307 2168 2355 et
2202 2313 2363 2369 super
2414 2297 2594 2352 omnia
2647 2304 2754 2361 est,
2780 2301 2840 2350 ut
2869 2295 2895 2327 ⁸
2917 2303 3043 2349 ante
3088 2292 3270 2348 omnia
3326 2306 3512 2360 supcr-

1930 2391 2294 2449 essentialiter
2333 2389 2610 2459 super-3.3a.
2646 2382 2880 2444 Proinde
2927 2394 2984 2441 et
3025 2383 3207 2440 omnia
3259 2383 3325 2437 de
3352 2397 3415 2438 eo
3459 2390 3514 2436 et

1933 2483 2090 2539 simul
2138 2480 2542 2550 praedicantur,
2597 2485 2650 2533 et
2681 2476 2814 2532 nihil
2849 2483 2933 2532 est
2965 2473 3314 2531 existentium
3345 2491 3358 2524 :
3393 2469 3504 2527 for—
3539 2475 3542 2480 '

1932 2574 2318 2637 mosissimnm,
2345 2569 2825 2641 speciosissimum,
2865 2567 2982 2623 sine
3011 2566 3204 2631 forma,
3237 2565 3357 2620 sine
3385 2579 3510 2634 spe-

1932 2667 2033 2732 cie,
2058 2664 2319 2738 principia
2359 2672 2414 2718 et
2439 2663 2611 2718 media
2634 2668 2689 2715 et
2720 2658 2855 2716 ﬁnes
2894 2659 3242 2714 existentium
3279 2657 3510 2711 immen-

1934 2768 2116 2814 surate
2159 2765 2214 2812 et
2259 2759 2464 2811 remote
2492 2754 2545 2808 in
2571 2751 2864 2821 semetipso
2887 2747 3284 2821 praeambiens,
3316 2755 3369 2800 et
3398 2757 3515 2800 om-

1934 2849 2092 2904 nibus
2115 2861 2235 2902 esse
2262 2845 2416 2916 juxta
2439 2843 2670 2914 primam
2699 2845 2752 2898 et
2775 2839 3146 2911 sup‘erunitam
3173 2849 3391 2893 causam
3427 2836 3511 2890 in-

1936 2938 2298 2994 contaminate
2327 2935 2627 2990 declarans.
2659 2931 2718 2989 Si
2739 2932 2884 2988 enim
2907 2939 3062 3000 Juxta
3103 2944 3202 2984 nos
3231 2927 3312 2983 sol
3342 2926 3517 2982 sensi-

1938 3031 2125 3086 bilium
2171 3029 2436 3085 essentias
2472 3035 2528 3082 et
2565 3024 2879 3097 qualitates,
2911 3031 2966 3076 et
2994 3019 3210 3090 quidem
3243 3016 3436 3072 multas
3461 3025 3515 3070 et

1940 3124 2201 3179 discretas
2221 3121 2538 3182 existentes,
2565 3125 2744 3171 tamen
2773 3114 2890 3184 ipse
2914 3113 3055 3166 unus
3083 3124 3204 3174 ens,
3220 3117 3276 3161 et
3303 3106 3514 3162 unifor-

1937 3215 2042 3268 mis
2070 3211 2378 3267 illuminans
2419 3208 2510 3263 lux
2569 3216 2814 3264 renovat.
2852 3211 2905 3258 et
2933 3201 3127 3266 n'utrit,
3158 3209 3214 3255 et
3258 3198 3515 3261 custodit,

1939 3313 1993 3363 et
2015 3303 2246 3377 perlicit,
2276 3301 2629 3368 etfdiscernit,
2659 3306 2716 3354 et
2738 3296 2875 3361 unit,
2906 3303 2961 3349 et
2984 3291 3224 3356 refovet,
3249 3299 3304 3344 et
3327 3291 3516 3345 fecun-

1935 3398 2006 3454 da
2055 3409 2176 3452 esse
2228 3394 2378 3457 facit,
2409 3400 2466 3446 et
2507 3397 2687 3462 auget,
2738 3396 2795 3444 et
2839 3395 3034 3449 mutat,
3075 3392 3132 3439 et
3169 3381 3425 3446 collocat,
3464 3387 3522 3434 et

1940 3491 2166 3562 plantat,
2193 3496 2247 3542 et
2285 3492 2546 3547 removet,
2598 3489 2654 3537 et
2678 3478 2920 3536 vivificat
2944 3475 3149 3540 omnia,
3176 3483 3235 3528 et
3277 3470 3521 3527 omnium

1943 3580 2360 3652 unumquodque
2387 3576 2605 3648 proprie
2641 3573 2744 3630 sibi
2787 3571 3020 3628 eundem
3054 3576 3113 3623 et
3145 3580 3310 3622 unum
3354 3561 3532 3619 solem-

1943 3675 2250 3746 participat,
2300 3679 2354 3726 et
2404 3668 2696 3724 multorum
2743 3659 3184 3734 par-tieipantium
3256 3667 3398 3711 unus
3442 3652 3550 3708 sol~~

1945 3779 2136 3821 causas
2168 3765 2218 3816 in
2251 3762 2432 3831 seipso
2454 3748 2792 3813 unit‘ormiter
2839 3748 3140 3824 praeambit
3167 3765 3182 3802 :
3215 3746 3385 3800 multo
3413 3759 3525 3799 ma-

1946 3859 2027 3930 gis
2049 3869 2209 3926 super
2239 3863 2416 3908 terrae
2451 3860 2506 3906 et
2542 3849 2710 3918 ipsius
2737 3856 2792 3901 et
2815 3844 3059 3901 omnium
3087 3839 3344 3902 causalis,
3370 3852 3528 3908 prae-

1950 3950 2149 4007 texisse
2178 3949 2290 4016 ipse
2314 3945 2556 4000 omnium
2582 3938 2929 3997 existentium
2949 3935 3320 4008 paradigmata
3343 3945 3534 3986 secans-

1948 4043 2071 4097 dum
2100 4053 2260 4093 unam
2289 4031 2792 4106 superessentialem
2821 4029 3081 4084 unitatem
3107 4023 3525 4082 concedendum.

1949 4131 2148 4186 Deinde
2175 4138 2228 4182 et
2259 4126 2524 4182 cssentias
2552 4120 2770 4178 adducit
2805 4120 2958 4190 juxta
2993 4117 3060 4172 ab
3081 4114 3316 4171 essentia
3346 4127 3531 4184 egres-

1949 4223 2176 4278 sionem.
2201 4218 2579 4285 Paradigmata
2601 4221 2780 4268 autem
2795 4210 3028 4266 dicimus
3040 4221 3162 4263 esse
3183 4205 3328 4276 ipsas
3347 4204 3401 4259 in
3419 4202 3532 4258 Deo

1950 4313 2298 4370 existentium
2330 4305 2736 4366 substantiﬁcas
2765 4313 2821 4359 et
2849 4295 3194 4358 uniformiter
3220 4303 3532 4369 praetextas

1953 4409 2210 4468 rationes,
2252 4418 2388 4474 quas
2436 4397 2702 4470 theologia
2727 4391 3246 4468 praedestinationes
3279 4395 3456 4452 vocat,
3479 4396 3533 4444 et

1874 4451 2165 4556 1ydivinas
2193 4505 2249 4552 et
2269 4451 2504 4565 bptimas
2533 4451 2856 4553 voluntates,
2889 4482 3244 4543 existentim’n
3279 4478 3529 4535 discreti~

1956 4609 2050 4648 vas
2072 4602 2125 4648 et
2163 4589 2402 4648 factivas,
2433 4584 2726 4640 secundum
2754 4593 2888 4650 quas
2924 4578 3040 4648 ipse
3067 4570 3534 4645 supere‘ssentialis

1956 4683 2243 4739 existentia
2268 4677 2448 4734 omnia
2473 4683 2528 4731 et
2566 4669 2984 4743 praedestinavit
3005 4677 3061 4723 et
3079 4664 3321 4723 adduxit.
3353 4663 3409 4720 Si
3439 4678 3532 4718 au-

1959 4786 2064 4831 tem
2093 4773 2442 4846 philosophus
2473 4768 2689 4838 dignum
2716 4764 2862 4821 ducit
2883 4762 3133 4820 Clemens
3169 4759 3213 4826 δ,
3246 4768 3306 4814 et-
3333 4757 3398 4812 ad
3433 4756 3532 4810 alio

1958 4867 2084 4939 quid
2132 4863 2497 4935 paradigmata
2546 4857 2650 4912 dici
2695 4855 2750 4911 in
2800 4854 3167 4911 existentibus
3203 4849 3530 4919 antiquiora,

1956 4955 2202 5030 provenit
2225 4954 2439 5025 quidem
2480 4965 2587 5006 non
2613 4963 2708 5020 per
2739 4947 2959 5020 propria
2975 4956 3029 5003 et
3054 4944 3294 5018 perfecta
3316 4951 3372 4999 et
3396 4941 3534 4998 sim-

1955 5050 2043 5122 pla
2073 5047 2289 5103 nomina
2340 5044 2480 5099 ratio
2538 5042 2661 5112 ipsi.
2693 5040 3066 5096 Coneedentes
3112 5045 3294 5092 autem
3341 5033 3536 5088 ethoc

1959 5151 2105 5198 recte
2153 5137 2256 5194 dici
2291 5133 2591 5206 theologiae
2632 5129 3071 5196 memorandum,
3108 5125 3363 5187 dicentis,
3406 5123 3538 5194 quia

1958 5249 2064 5290 non
2106 5227 2317 5286 ostendi
2339 5225 2434 5282 tibi
2463 5225 2596 5292 haec
2618 5223 2767 5278 exire
2793 5229 2920 5290 post
2938 5233 3024 5284 ea,
3054 5216 3148 5284 sed
3184 5225 3245 5270 ut
3271 5229 3367 5284 per
3397 5212 3534 5268 haec

1957 5319 2341 5399 proportionali
2357 5317 2580 5375 scientia
2594 5314 2646 5369 in
2659 5313 2896 5370 omnium
2911 5323 3128 5365 causam
3140 5347 3154 5372 ,
3168 5313 3428 5377 quantum
3445 5317 3534 5372 po-

1959 5393 2135 5473 tentes
2155 5425 2362 5476 sumus,
2392 5409 2766 5464 aseendamus.
2794 5400 2983 5459 Omnia
3009 5413 3137 5471 ergo
3161 5396 3286 5462 huic
3298 5393 3536 5453 existen-

1577 5573 1829 5630 VARIAE
1870 5565 2276 5630 LECTIONES.

353 5709 367 5741 ‘
400 5708 488 5769 BH
533 5719 585 5764 et
621 5711 719 5780 ipsi
750 5711 986 5784 quidem.
1064 5709 1198 5780 ἈΗ
1247 5707 1477 5766 collatio‘.
1558 5711 1575 5742 ³
1600 5707 1688 5778 AE
1709 5720 1775 5765 ct.
1853 5703 1874 5742 ί
1900 5705 1985 5788 βε
2027 5706 2204 5762 ctimes
2233 5698 2398 5775 (quod
2425 5706 2509 5780 est
2539 5708 2795 5766 graecum
2830 5683 3075 5772 ιλήμηςγτ
