4004 6290
571 232 707 292 usi
1910 233 2192 328 JOANNlS
2230 237 2429 299 scort
2664 300 2667 303 .
2742 302 2745 305 λ
3623 261 3721 324 uss

569 347 657 441 tia
697 342 992 441 secundum
1044 359 1207 441 unam
1260 345 1501 441 omnium
1552 348 1820 406 excelsam
1869 351 2151 408 scientiam
2177 359 2228 417 Α
2255 362 2310 410 et
2352 354 2420 435 ab
2465 366 2529 410 ea
2566 369 2665 428 per
2707 354 2915 430 singula
2950 373 3072 418 esse
3114 364 3346 434 proprie,
3388 369 3610 441 singultim
3632 394 3718 434 aes.

566 436 932 531 referendum,
979 437 1233 531 quoniam
1263 439 1478 508 quidem
1523 456 1589 496 ex
1626 457 1747 497 esse
1774 444 2146 499 substantilica
2252 432 2480 522 limatur
2539 455 2733 503 natura
2777 432 3715 531 subsistere.iEt'quidcm—supercae-

566 528 911 602 processione
946 538 1000 584 et
1026 530 1265 586 bonitate
1303 530 1584 600 inchoans,
1625 541 1680 588 et
1726 548 1823 604 per
1843 535 2024 590 omnia
2056 550 2149 592 ve-
2248 533 2478 592 lestibua
2542 541 2737 596 animis
2781 536 3188 601 i'mmaterialem
3254 556 3308 601 et
3367 528 3648 614 deilorrnem,
3683 570 3720 614 et

565 623 746 686 niens,
772 627 828 675 et
861 619 1041 675 omnia
1074 634 1141 674 ex
1167 621 1343 691 seipsa
1379 630 1440 676 ut
1471 623 1582 678 sint
1606 623 1852 693 implens,
1878 634 1933 679 et
1954 625 2006 680 in
2031 640 2150 680 om-
2248 626 2640 685 immutabilem
2674 631 3155 701 immortalitatem,
3195 647 3248 692 et

564 714 724 770 nibus
743 711 1099 803 existentibus
1128 711 1396 803 exultans,
1434 714 1613 803 omnia
1636 715 1851 785 quidem
1888 716 1941 770 in
1970 718 2146 787 seipsa
2193 779 2200 786 ,
2248 716 2726 786 reprehensibilem
2750 735 2966 791 semper
2987 725 3295 790 motionem,
3320 742 3642 797 superextenta
3657 750 3724 803 per

563 812 803 876 superat,
825 802 1117 857 secundum
1132 802 1361 871 primam
1388 801 1751 873 simplicitatis
1776 804 2145 861 excellentiam
2246 807 2672 877 magnitudinem
2704 810 2985 879 bonitatis,
3005 825 3061 870 et
3081 816 3134 871 in
3176 817 3524 875 daemonicam
3547 822 3565 854 ⁸
3588 801 3719 881 vitam.

562 908 776 952 onmem
803 891 1170 963 duplicitatem
1195 902 1558 962 respuentem.
1583 893 1774 950 Omnia
1794 904 1975 951 autem
1996 897 2147 954 simi-
2246 895 2435 967 Neque
2473 896 2618 954 enim
2664 900 2752 955 illa
2785 917 2906 959 esse
2947 905 3016 960 ab
3042 905 3147 960 alia
3177 923 3354 973 causa,
3382 910 3468 965 sed
3488 928 3545 967 ex
3570 915 3657 984 ipsa
3686 928 3724 973 et

563 987 686 1041 titer
758 987 1001 1040 continet
1050 985 1346 1040 secundum
1403 986 1924 1057 supersimplicatam
1989 1005 2146 1044 suam
2188 982 2213 1012 κ
2245 989 2584 1057 esse/vitam,
2615 999 2670 1046 et
2699 996 3134 1063 permanentiam
3168 998 3343 1053 habet.
3387 982 3723 1059 Donansﬁautem

560 1075 986 1139 multitudinem,
1012 1083 1067 1131 et
1104 1074 1172 1129 ab
1205 1075 1454 1132 omnibus
1482 1076 1830 1149 singulariter
1851 1079 2145 1150 participa-
2244 1087 2301 1134 et
2343 1080 2509 1146 viris,
2559 1091 2618 1136 ut
2669 1084 2979 1139 commixtis
3006 1126 3021 1151 ,
3080 1088 3449 1156 acceptabilem
3487 1093 3725 1149 subeuntem

560 1175 651 1223 tnr
698 1183 713 1220 :
764 1168 903 1223 sicut
936 1175 992 1222 et
1025 1183 1133 1223 vox
1159 1183 1265 1223 una
1297 1168 1536 1225 existens
1571 1179 1627 1225 et
1679 1170 1868 1225 eadem
1901 1188 1931 1226 a
1959 1173 2145 1230 multis
2245 1172 2542 1243 angelicam
2582 1174 2769 1238 vitam,
2819 1184 2874 1230 et
2904 1178 3305 1247 supermananti
3353 1181 3649 1243 humanitate,
3689 1196 3726 1237 ct

558 1258 901 1315 audientibus
950 1260 1098 1314 velut
1155 1275 1259 1314 una
1302 1260 1676 1331 participatur.
1717 1260 1969 1318 Omnium
2010 1279 2139 1346 ergo
2245 1261 2540 1318 redeuntes
2577 1279 2675 1320 nos
2706 1266 2758 1320 in
2789 1267 3027 1337 seipsam
3068 1271 3406 1325 convertens’
3429 1280 3478 1326 et
3515 1288 3723 1327 revocans

555 1351 877 1423 principium
930 1360 985 1406 et
1016 1350 1137 1406 linis
1159 1350 1504 1406 existentiutn
1527 1350 1747 1408 ante-ais
1774 1371 1789 1407 :
1817 1340 2140 1424 principium
2242 1347 2312 1405 Et
2355 1351 2457 1406 hoc
2492 1361 2670 1408 autem
2710 1354 2968 1422 divinius,
2998 1358 3124 1427 quia
3170 1362 3226 1413 et
3262 1340 3401 1414 totos
3440 1375 3544 1424 nos,
3580 1362 3727 1416 annuas

557 1443 796 1512 quidem,
836 1451 895 1498 ut
917 1441 1149 1498 causalis
1182 1459 1198 1509 ;
1239 1441 1361 1498 linis
1399 1458 1552 1508 vero,
1583 1454 1643 1498 ut
1676 1454 1899 1515 propter
1932 1461 2089 1514 quem
2123 1462 2140 1511 ;
2169 1446 2173 1451 ’
2245 1441 2366 1495 dico
2395 1451 2449 1497 et
2480 1445 2766 1515 conjugata
2795 1461 3051 1517 corpora,
3079 1449 3145 1504 ad
3175 1450 3589 1520 perfectissimam
3612 1453 3726 1507 vitam

462 1604 467 1607 Α
556 1544 611 1593 et
631 1544 930 1594 extremum
961 1535 1227 1603 omnium,
1256 1544 1312 1591 et
1341 1535 1630 1592 multitudo
1658 1536 1820 1592 totius
1843 1534 2137 1593 niultitudi-
2243 1540 2300 1588 et
2356 1533 2719 1592 immortalem
2784 1540 3055 1609 promittit
3115 1542 3726 1598 transmutationemncnt

555 1630 642 1685 nis
666 1637 726 1695 _et
762 1627 1120 1707 extremitatis
1142 1625 1630 1697 superemineuter,
1658 1635 1717 1681 ut
1746 1627 2136 1697 oppositorum.
2168 1700 2211 1707 _
2246 1624 2504 1679 vetustati
2538 1627 2766 1695 quidem
2820 1645 2993 1700 aeque
3049 1640 3241 1686 contra
3300 1641 3529 1686 naturam
3577 1633 3727 1697 Visam.

552 1723 611 1779 In
637 1739 744 1779 uno
787 1723 954 1787 enim,
987 1730 1045 1776 ut
1075 1714 1235 1791 saepe
1263 1720 1465 1774 dictum
1496 1727 1612 1783 est,
1645 1719 1932 1774 existentia
1957 1719 2138 1774 omnia
2168 1700 2216 1760 Β
2241 1713 2376 1768 Inibi
2424 1723 2605 1770 autem
2649 1725 2704 1771 el
2726 1718 2823 1773 libi
2864 1730 2919 1774 et
2961 1722 3195 1786 veritati.
3242 1734 3299 1777 οι
3341 1723 3574 1789 divinam.
3598 1735 3640 1777 οι
3665 1738 3726 1777 δυ’

552 1823 608 1869 ct
635 1823 855 1884 superat
884 1822 938 1869 et
963 1810 1535 1881 substituit,praesens
1561 1809 1816 1865 omnibus
1840 1816 1896 1865 et
1915 1809 2134 1880 ubique,
2240 1818 2342 1875 per
2387 1815 2654 1862 naturam.
2702 1808 2876 1880 Super
2916 1821 3168 1867 naturam
3212 1824 3390 1869 autem
3431 1815 3496 1879 ei,
3529 1829 3639 1885 quae
3666 1828 3726 1869 se-

549 1914 606 1960 et
630 1906 928 1965 secundum
956 1921 1122 1959 unmn
1143 1912 1199 1959 et
1228 1903 1479 1974 idipsum,
1506 1911 1560 1956 et
1584 1903 1878 1957 secundum
1901 1899 2136 1973 idipsum
2240 1894 2477 1950 eundum
2522 1913 2619 1952 nos
2663 1907 2769 1964 est,
2811 1900 2933 1954 dico
2972 1901 3262 1968 visibilem,
3313 1918 3415 1957 non
3456 1901 3724 1957 fortissimam

552 2010 734 2061 omne,
757 2003 811 2050 et
834 1993 887 2050 in
916 1994 1096 2049 omnia
1125 1994 1472 2064 proreniens,
1500 2002 1556 2047 et
1582 2008 1811 2048 manens
1839 1992 1892 2046 in
1931 1992 2134 2063 seipso,
2239 1983 2454 2040 divinae
2499 1986 2664 2043 vitae.
2714 1988 2821 2059 Ipsi
2865 1992 3009 2045 enim
3062 1990 3209 2045 velut
3265 1993 3496 2047 omnium
3542 1990 3728 2046 eristeati

549 2087 795 2151 et'stans,
825 2093 880 2141 et
908 2095 1086 2140 motus
1118 2103 1131 2138 :
1163 2099 1336 2154 neque
1378 2091 1549 2148 stans,
1587 2097 1762 2153 neque
1793 2092 1970 2138 motus
1996 2100 2009 2135 :
2039 2098 2137 2138 ne-
2238 2076 2474 2133 vitarum
2504 2089 2733 2135 naturae
2757 2120 2772 2144 ,
2805 2088 2862 2135 ct
2898 2082 3134 2137 maxime
3162 2083 3483 2146 divinorum,
3514 2081 3631 2135 nulla
3656 2083 3727 2134 vita

550 2191 655 2246 que
677 2176 998 2247 principium
1042 2176 1248 2235 habens
1270 2183 1364 2227 aut
1396 2174 1631 2253 medium
1675 2181 1770 2227 aut
1804 2173 1965 2227 linem
1996 2190 2008 2226 :
2043 2188 2141 2228 ne-
2238 2176 2426 2221 contra
2472 2175 2722 2223 naturam
2762 2178 2857 2223 aut
2889 2185 3052 2239 super
3088 2179 3340 2226 naturam
3382 2171 3425 2224 ³.
3462 2170 3620 2240 Itaque
3652 2170 3729 2237 ipsa

548 2283 653 2338 que
679 2270 732 2324 in
760 2268 1375 2338 quodamexistentium,
1394 2282 1568 2336 neque
1592 2266 1721 2336 quid
1750 2266 2133 2339 esisteulium‘
2237 2255 2304 2311 de
2334 2257 2438 2312 hoc
2468 2257 2709 2313 insaniae
2750 2258 2990 2316 Simonis
3018 2261 3435 2317 contradictoria
3465 2260 3603 2316 verba
3623 2261 3729 2328 longe

547 2375 665 2415 ens.
706 2354 773 2414 Et
796 2374 971 2430 neque
998 2359 1222 2414 omnino
1251 2357 1359 2431 ipsi.
1382 2358 1781 2430 appr0pinquat
1807 2358 1935 2428 quid
1960 2369 2135 2414 aeter-
2238 2347 2420 2403 ἀὶνίιιο
2451 2348 2590 2414 1060.
2624 2358 2679 2405 et
2709 2359 2799 2404 tua
2851 2366 3010 2406 sacra
3042 2353 3222 2407 anima
3258 2351 3728 2424 abiganturdatuere

547 2450 746 2507 naliter
781 2450 1131 2507 existentium
1183 2451 1224 2516 ι,
1276 2460 1371 2503 aut
1426 2450 1793 2520 temporaliter
1819 2449 2136 2505 substituto-
2236 2442 2380 2496 enim
2426 2455 2571 2506 eum.
2603 2451 2662 2496 ιιι
2687 2444 2947 2509 arbitror,
2978 2445 3113 2500 haec
3141 2445 3439 2515 sapientem
3468 2444 3728 2498 aestimauit

549 2557 692 2609 rum,
727 2541 821 2598 sed
859 2549 914 2596 et
958 2551 1199 2613 tempore
1243 2550 1299 2596 et
1333 2548 1553 2596 aeterno
1594 2549 1647 2594 et
1696 2540 1749 2596 in
1804 2548 2031 2596 aeterno
2079 2548 2135 2596 et
2235 2545 2357 2587 esse
2384 2572 2400 2598 ι
2453 2547 2560 2587 non
2611 2540 2865 2603 oportere
2909 2534 3048 2589 bene
3087 2535 3386 2604 sapientem
3429 2527 3731 2602 praedicatiwi

548 2630 688 2704 quae
713 2632 767 2687 in
794 2639 1034 2703 tempore
1063 2640 1209 2699 sunt,
1244 2630 1494 2691 omnibus
1541 2642 1869 2686 removetur.
1902 2629 2136 2687 Proinde
2234 2637 2428 2679 sensus
2470 2624 2681 2679 ratione
2724 2623 3023 2679 auxiliante
3066 2625 3145 2679 uti
3204 2633 3396 2679 contra
3433 2621 3633 2677 omnium
3666 2632 3731 2673 oc-

548 2733 605 2781 et
631 2724 804 2795 ipsum
847 2731 1147 2789 aeternum,
1190 2732 1246 2778 et
1271 2722 1559 2778 existentia
1612 2729 1668 2776 et
1718 2737 1974 2778 mensura
2020 2723 2135 2778 exi-
2235 2713 2434 2770 cultam
2467 2728 2708 2769 causam.
2761 2715 2828 2769 Et
2863 2714 2968 2770 hoc
3015 2715 3190 2785 ipsum
3239 2724 3328 2771 est
3370 2712 3731 2775 dicendntnvhoc

546 2816 827 2882 stantium,
853 2822 908 2870 et
937 2820 1249 2870 mensurata
1274 2828 1371 2884 per
1403 2813 1601 2883 ipsum,
1628 2821 1683 2868 et
1702 2812 1771 2868 ab
1802 2811 1939 2884 ipso.
2234 2816 2426 2861 contra
2463 2814 2713 2860 naturam
2744 2806 2945 2861 dicere.
2980 2806 3088 2877 ipsi
3114 2793 3258 2862 enim
3295 2805 3427 2861 nihil
3453 2801 3729 2860 contrarium.

1075 2924 1476 2987 CAPITULUM
1517 2924 1603 2982 γι,
2234 2895 2319 2952 Ex
2349 2896 2467 2966 ipsa
2498 2896 2848 2951 viviticantur
2875 2906 2927 2951 et
2967 2897 3433 2953 circumloventur
3462 2905 3510 2952 et
3547 2890 3730 2948 animalia

1212 2983 1454 3073 Delum,
1488 3006 1491 3009 ’
2236 2990 2419 3046 omnia
2450 3000 2503 3045 et
2550 2990 2815 3059 germina.
2848 2990 2917 3045 Et
2961 2990 3077 3045 sive
3114 2990 3524 3046 intellectualem
3565 2983 3731 3048 dixeris,

2156 3074 2201 3138 C
2232 3079 2745 3144 sive'rationalem,
2800 3078 2914 3135 sive
2968 3079 3302 3146 sensualem,
3345 3079 3455 3136 sive
3496 3076 3731 3132 nutritiram

2232 3180 2288 3226 et
2331 3169 2599 3226 auctivam
2625 3210 2639 3235 ,
2687 3169 2801 3225 sive
2838 3170 3274 3241 qualemcunque
3325 3171 3504 3235 vitam,
3527 3176 3604 3222 aut
3631 3165 3732 3218 vitae

2229 3261 2575 3334 principium,
2609 3270 2702 3317 aut
2729 3262 2875 3318 vitae
2902 3263 3214 3329 essentiam,
3244 3277 3315 3318 ex
3349 3263 3456 3334 ipsa
3498 3271 3547 3317 et
3576 3260 3677 3312 vivit
3695 3264 3733 3310 et

2229 3356 2441 3419 vivunt,
2488 3368 2626 3424 quae
2670 3361 2755 3410 est
2800 3369 2964 3425 super
3008 3368 3225 3408 omnem
3271 3355 3540 3419 vitam,et
3576 3350 3618 3405 in
3651 3348 3730 3418 ipsa

2228 3446 2525 3502 secundum
2572 3460 2792 3502 causam
2850 3443 3198 3500 uniformiter
3253 3453 3387 3500 ante
3427 3442 3647 3500 substitit.
3691 3436 3730 3490 Si

2228 3540 2371 3596 enim
2404 3538 2685 3610 plusquam
2714 3538 2846 3604 vita,
2875 3545 2929 3592 et
2973 3537 3205 3591 vitarum
3247 3536 3549 3608 principalis
3580 3532 3732 3593 vita,et

2225 3631 2405 3687 omnis
2452 3630 2597 3683 vitae
2635 3638 2719 3683 est
2762 3644 2952 3695 causa,
3009 3637 3064 3684 et
3112 3630 3256 3683 vitae
3299 3629 3553 3699 genitrix,
3589 3634 3632 3680 et
3668 3636 3731 3675 re-

2223 3721 2424 3793 pletiva
2473 3728 2527 3775 et
2576 3719 2864 3775 discretiva
2904 3720 3051 3784 vita,
3096 3733 3162 3773 ex
3203 3720 3356 3773 omni
3402 3719 3504 3772 vita
3548 3714 3732 3768 laudatur

2224 3808 2519 3867 secundum
2560 3808 2913 3880 multiplicem
2959 3807 3365 3878 generationem
3393 3805 3604 3862 omnium
3634 3800 3731 3854 vita-

2223 3918 2364 3965 rum,
2397 3911 2455 3957 ut
2485 3901 2789 3972 largissima
2818 3910 2873 3956 et
2899 3901 3079 3956 omnis
3119 3900 3228 3955 vita
3278 3896 3671 3968 contemplativa,
3692 3897 3730 3943 et

2223 3994 2462 4059 laudata,
2487 4002 2542 4049 et
2563 4002 2623 4047 ut
2652 4008 2758 4048 non
2797 3991 3047 4063 indigens
3071 4009 3085 4045 :
3112 3991 3286 4062 magis
3313 4001 3489 4046 autem
3513 3988 3729 4059 plusquam

2219 4085 2377 4156 plena
2425 4083 2533 4139 vita
2579 4098 2677 4153 per
2722 4084 2957 4153 seipsam
2995 4083 3226 4150 vivens,
3267 4094 3327 4137 et
3376 4095 3528 4154 super
3570 4088 3728 4133 omnem

2221 4175 2388 4232 vitam
2444 4174 2762 4240 viviﬁcaris,
2818 4183 2874 4229 et
2936 4173 3221 4245 plusquam
3263 4175 3473 4240 vivens,
3515 4180 3593 4227 aut
3636 4180 3730 4239 quo-

2221 4284 2328 4339 quo
2374 4268 2536 4323 modo
2571 4267 2691 4338 quis
2730 4266 2897 4322 vitam
2946 4264 3273 4322 ineffabilem
3322 4265 3610 4322 humanitus
3646 4260 3728 4313 latr

2221 4360 2391 4417 dabit.

618 3113 725 3170 Sed
761 3113 828 3170 de
856 3112 942 3168 his
971 3110 1190 3183 quidem
1219 3110 1272 3165 in
1306 3109 1429 3165 aliis
1465 3108 1835 3180 opportuniori
1887 3115 2129 3178 tempore

545 3205 777 3263 dicatur.
824 3202 981 3273 Nunc
1030 3209 1213 3257 autem
1257 3200 1521 3256 laudanda
1561 3207 1646 3255 est
1690 3198 1971 3275 laudabilis
2016 3198 2155 3265 vita

545 3309 793 3364 aeterna,
828 3312 899 3353 ex
925 3311 1034 3367 qua
1067 3310 1166 3367 per
1194 3294 1429 3364 seipsam
1458 3293 1591 3359 vita,
1621 3300 1676 3348 et
1707 3291 1884 3347 omnis
1915 3290 2047 3355 vita,
2074 3297 2131 3345 et

543 3405 575 3446 a
608 3404 716 3460 qua
746 3389 801 3443 in
829 3388 1031 3453 omnia,
1064 3395 1356 3455 utcumque
1396 3385 1563 3439 vitam
1609 3381 2013 3454 participantia,
2043 3380 2125 3434 vi-
2156 3422 2160 3426 .

541 3495 674 3537 vere
719 3479 941 3548 praprie
985 3476 1279 3546 unicuique
1308 3475 1700 3531 exseminatur.
1737 3473 1904 3543 Igitur
1938 3479 1991 3526 et
2026 3471 2127 3524 im-

542 3569 857 3629 mortalium
894 3567 1212 3640 angelorum
1242 3566 1376 3633 vita,
1407 3574 1464 3621 et
1495 3563 1894 3627 immortalitas,
1927 3569 1983 3618 et
2020 3561 2117 3614 im-

541 3660 804 3735 perdibile
827 3660 1003 3730 ipsum
1023 3657 1301 3730 angelicae
1314 3671 1530 3728 semper
1544 3654 1820 3720 motionis,
1840 3669 1905 3708 ex
1940 3652 2052 3722 ipsa
2070 3660 2127 3706 et

540 3770 641 3827 per
670 3754 840 3823 ipsam
863 3761 947 3810 est
966 3761 1026 3807 et
1044 3752 1307 3807 substitit.
1342 3740 1553 3806 Idcirco
1573 3756 1629 3804 et
1651 3748 1893 3804 viventes
1909 3760 2125 3815 semper

541 3855 598 3904 et
625 3845 962 3902 immortales
996 3844 1277 3909 dicuntur,
1306 3850 1364 3898 et
1388 3857 1497 3898 non
1538 3838 1870 3896 immortales
1900 3838 2123 3902 iterum,

541 3937 669 4010 quia
717 3952 824 3993 non
879 3951 911 3991 a
961 3934 1155 4007 seipsis
1205 3934 1408 3991 habent
1458 3931 1836 3988 immortaliter
1882 3942 2024 3995 esse,
2067 3935 2123 3982 et

540 4028 891 4086 aeterualiter
937 4026 1159 4091 vivere,
1198 4027 1293 4081 sed
1327 4039 1395 4080 ex
1440 4020 1655 4078 viviﬁca
1697 4030 1754 4076 et
1779 4021 1943 4075 totius
1980 4018 2124 4073 vitae

540 4118 764 4176 factrice
809 4126 866 4175 et
914 4115 1309 4180 eontinuatrice
1356 4102 1542 4171 causa.
1594 4112 1662 4166 Et
1700 4113 1841 4167 sicut
1893 4111 1946 4166 in
1995 4119 2122 4168 onte

539 4210 771 4267 dicimus
798 4248 814 4274 ,
873 4208 999 4281 quia
1065 4216 1123 4263 et
1179 4205 1420 4276 ejusdem
1482 4218 1604 4261 esse
1678 4212 1760 4260 est
1836 4202 2070 4259 causalis
2102 4244 2118 4271 ,

538 4302 620 4358 sic
674 4312 730 4358 et
801 4300 877 4357 ibi
947 4298 1184 4365 iterum,
1250 4298 1378 4369 quia
1434 4304 1490 4353 et
1556 4310 1652 4366 per
1712 4293 1942 4364 seipsam
2009 4295 2122 4350 vita

538 4402 624 4450 est
651 4393 831 4449 divina
880 4392 991 4447 vita
1029 4390 1212 4447 vitalis
1279 4398 1337 4445 et
1380 4387 1750 4445 substantialis
1781 4428 1795 4453 ,
1843 4395 1898 4442 et
1940 4387 2198 4488 omnisD

766 4447 950 4540 vitalis
975 4490 1155 4543 motus
1205 4495 1273 4536 ex
1311 4480 1419 4536 vita
1469 4480 1605 4550 ipsa,
1651 4447 1794 4550 quae
1823 4486 1906 4533 est
1956 4493 2119 4548 super
2142 4447 2198 4488 υ
2733 4447 3133 4506 (ἷΑΡΙΤῙΠιυΜ
3172 4448 3284 4506 Vno

539 4592 758 4633 omnem
792 4575 982 4640 vitam,
1012 4582 1069 4630 et
1093 4587 1253 4630 omne
1279 4571 1608 4644 principium
1636 4569 1802 4626 totius
1842 4568 2002 4624 vitae.
2038 4569 2115 4623 Ex

2312 4552 2391 4607 De
2417 4552 2693 4621 sapientia,
2731 4549 3014 4614 intellectu,
3044 4550 3269 4615 ratione,
3296 4549 3524 4612 veritate,
3552 4544 3654 4615 ﬁde.

538 4669 656 4739 ipsa
717 4675 775 4722 et
833 4665 1048 4720 animae
1089 4662 1430 4734 imperdibile
1472 4660 1715 4725 habent,
1770 4666 1826 4714 et
1864 4657 2118 4714 animalia
2289 4653 3227 4725 Fer'autem,sividetur,optimam
3248 4647 3728 4709 etaetemamvitam,

538 4758 723 4815 omnia
769 4765 825 4814 et
869 4755 1115 4828 germina
1172 4754 1467 4811 secundum
1516 4751 1869 4835 novissimam
1921 4764 2115 4805 conso-
2218 4754 2274 4805 et
2308 4756 2367 4804 ut
2390 4748 2709 4817 sapientem,
2732 4753 2786 4800 et
2811 4754 2870 4801 ut
2897 4759 2993 4816 per
3013 4744 3242 4816 seipsam
3264 4744 3570 4816 sapientiam
3591 4735 3729 4795 laude-

538 4851 782 4907 nantiam
811 4848 1025 4905 animae
1077 4847 1279 4904 habent
1316 4827 1523 4901 vivere.
1574 4843 1690 4911 Qua
1743 4840 1920 4897 ablata
1959 4841 2115 4913 juxta
2220 4858 2378 4900 mus:
2413 4841 2582 4913 magis
2623 4850 2805 4896 autem
2853 4841 3047 4895 iterum
3094 4840 3272 4895 omnis
3325 4835 3604 4909 sapientiae
3640 4826 3734 4913 sub-

538 4944 863 5016 eloquiumll
911 4943 1092 5000 deﬁcit
1131 4943 1240 4999 vita
1274 4941 1450 4999 omnis
1494 4942 1562 4998 ad
1603 4950 1800 5003 terram
1834 4961 1847 4997 :
1888 4951 1943 4997 et
1962 4910 2116 4996 ideﬁ-
2216 4910 2547 4999 stantialeni,
2593 4940 2647 4987 et
2686 4946 2849 5003 super
2881 4920 3094 4986 omnem
3140 4916 3458 5002 sapientiam
3486 4934 3537 4983 et
3574 4910 3731 4978 intelle-

538 5011 736 5092 cientia
782 5036 850 5093 ad
895 5037 1327 5108 participandurn
1356 5050 1477 5091 eam
1530 5034 1864 5102 inﬁrmitate,
1919 5035 2115 5090 iterum
2216 5039 2362 5085 ctum
2393 5024 2895 5097 superexistentem.
2943 5021 3058 5078 Non
3099 5022 3245 5077 enim
3288 5016 3604 5078 solummodo
3626 5011 3732 5065 Deus

537 5143 824 5196 conversa,
854 5100 1051 5186 iterum
1075 5100 1330 5184 animalia
1355 5127 1510 5182 llunt.
1542 5126 1612 5182 Et
1637 5100 1873 5183 donatur
1894 5127 2114 5198 quidem
2217 5120 2497 5191 plusquam
2548 5114 2822 5187 plenitudo
2851 5122 2933 5169 est
2968 5114 3275 5185 sapientiae,
3325 5122 3372 5189 et
3419 5100 3731 5198 intelligentiae

537 5222 714 5295 primo
742 5237 839 5295 per
868 5223 1103 5297 seipsam
1135 5221 1297 5291 vitae,
1333 5236 1455 5278 esse
1479 5220 1663 5286 vitam,
1689 5228 1745 5277 et
1784 5220 1930 5277 omni
1967 5219 2114 5276 vitae
2214 5214 2328 5287 ejus
2360 5228 2462 5267 non
2482 5219 2555 5265 est
2582 5224 2825 5264 numerus
2849 5207 3023 5263 δεεθά
3053 5214 3105 5263 et
3131 5206 3277 5263 omni
3303 5203 3517 5270 rationi,
3545 5207 3592 5257 et
3611 5188 3730 5252 intel-

1819 5310 1904 5366 VA
1915 5311 2075 5367 RIAE
2111 5302 2509 5366 LECTIONES.

609 5439 626 5470 ι
651 5447 812 5501 neque
866 5428 993 5501 quid
1044 5428 1375 5485 existentium
1420 5443 1531 5501 om.
1576 5426 1636 5482 E.
1715 5428 1736 5458 ³
1764 5443 1926 5498 neque
1970 5426 2097 5497 quid
2141 5420 2473 5501 eminentium
2500 5448 2563 5460 —-
2602 5417 2939 5501 aeternalitar
2968 5417 3325 5501 falis-tentiam
3352 5431 3465 5501 om.
3495 5410 3593 5469 BH.
3653 5402 3733 5459 Ἀ

515 5486 890 5566 ‘daemonum,’
921 5500 965 5555 E
997 5500 1328 5557 daemonium
1420 5498 1443 5533 ‘
1480 5507 1570 5555 aut
1613 5515 1769 5571 super
1813 5486 2057 5553 naturam
2090 5512 2202 5552 om.
2242 5492 2379 5558 ΒΗ..
2425 5505 2590 5561 supra
2620 5490 2795 5545 adscr.
2828 5488 2872 5544 E
2926 5552 2931 5557 ,
2966 5486 2988 5522 ⁸
3026 5488 3116 5544 ΒΗ
3140 5486 3275 5545 Fere
3298 5488 3483 5565 (φέρε).

2033 5587 2288 5647 NOTAE.

500 5670 511 5691 '
607 5684 797 5745 apsat,
839 5684 970 5745 cm,
1148 5722 1266 5745 ,ΜΔ
1323 5738 1378 5745 μ
1738 5738 1780 5745 φ
1894 5732 1919 5745 _
1954 5734 1975 5745 Α,
2157 5733 2161 5736 ,
2290 5674 2499 5745 ῌδείιι.
2543 5672 2811 5735 CXLWL

1148 5722 1266 5765 {(34
1322 5729 1547 5774 “-q‘...
1590 5734 1668 5757 ...μ
1696 5768 1703 5771 7
1736 5738 1780 5758 α,
1808 5759 1821 5775 .
1893 5732 1996 5768 ..ἐς

1900 5792 1905 5795 ι
1944 5782 1970 5793 *⁸4
1996 5789 2004 5793 ς

2069 5797 2105 5805 ,οι

3114 5733 3212 5768 λιιι
3260 5760 3269 5767 .
3317 5773 3325 5781 ⁸
3445 5773 3451 5779 '
3614 5743 3658 5776 ’
