  <div class='ocr_page' id='page_1' title='image "/cluster/home/n/w/nwhite01/storage/ocr_20150623/122/hvd.32044015471659/614.png"; bbox 0 0 4004 6290; ppageno 0'>
   <div class='ocr_carea' id='block_1_1' title="bbox 177 348 313 415">
    <p class='ocr_par' dir='ltr' id='par_1_1' title="bbox 177 348 313 415">
     <span class='ocr_line' id='line_1_1' title="bbox 177 348 313 415; baseline 0.007 -1"><span class='ocrx_word' id='word_1_1' title='bbox 177 348 313 415; x_wconf 73' lang='lat'><strong>“53</strong></span> 
     </span>
    </p>
   </div>
   <div class='ocr_carea' id='block_1_2' title="bbox 813 343 2769 416">
    <p class='ocr_par' dir='ltr' id='par_1_2' title="bbox 813 343 2769 416">
     <span class='ocr_line' id='line_1_2' title="bbox 813 343 2769 416; baseline -0.005 -7"><span class='ocrx_word' id='word_1_2' title='bbox 813 349 1062 416; x_wconf 74' lang='lat' dir='ltr'><strong>VERSIO</strong></span> <span class='ocrx_word' id='word_1_3' title='bbox 1099 349 1382 413; x_wconf 76' lang='lat' dir='ltr'><strong>OPERUM</strong></span> <span class='ocrx_word' id='word_1_4' title='bbox 1423 351 1481 408; x_wconf 89' lang='lat' dir='ltr'><strong>S.</strong></span> <span class='ocrx_word' id='word_1_5' title='bbox 1524 343 1837 407; x_wconf 74' lang='lat' dir='ltr'><strong>DiONYSII.</strong></span> <span class='ocrx_word' id='word_1_6' title='bbox 1876 380 1946 390; x_wconf 87' lang='lat'><strong>-—</strong></span> <span class='ocrx_word' id='word_1_7' title='bbox 1973 343 2058 406; x_wconf 79' lang='lat' dir='ltr'><strong>DE</strong></span> <span class='ocrx_word' id='word_1_8' title='bbox 2097 346 2344 406; x_wconf 72' lang='lat' dir='ltr'><strong>DIVINIS</strong></span> <span class='ocrx_word' id='word_1_9' title='bbox 2381 344 2769 405; x_wconf 80' lang='lat' dir='ltr'><strong>NOMINIBUS.</strong></span> 
     </span>
    </p>
   </div>
   <div class='ocr_carea' id='block_1_3' title="bbox 3283 342 3421 403">
    <p class='ocr_par' dir='ltr' id='par_1_3' title="bbox 3283 342 3421 403">
     <span class='ocr_line' id='line_1_3' title="bbox 3283 342 3421 403; baseline 0.007 -3"><span class='ocrx_word' id='word_1_10' title='bbox 3283 342 3421 403; x_wconf 66' lang='grc'><strong>1154</strong></span> 
     </span>
    </p>
   </div>
   <div class='ocr_carea' id='block_1_4' title="bbox 176 460 3424 540">
    <p class='ocr_par' dir='ltr' id='par_1_4' title="bbox 176 460 3424 540">
     <span class='ocr_line' id='line_1_4' title="bbox 176 460 3424 540; baseline -0.003 -15"><span class='ocrx_word' id='word_1_11' title='bbox 176 468 362 537; x_wconf 91' lang='lat' dir='ltr'><strong>Icctui,</strong></span> <span class='ocrx_word' id='word_1_12' title='bbox 391 475 446 524; x_wconf 87' lang='lat' dir='ltr'><strong>et</strong></span> <span class='ocrx_word' id='word_1_13' title='bbox 476 467 794 539; x_wconf 73' lang='lat' dir='ltr'><strong>sapientiae,</strong></span> <span class='ocrx_word' id='word_1_14' title='bbox 823 461 1304 540; x_wconf 86' lang='lat' dir='ltr'><strong>supercollocatur.</strong></span> <span class='ocrx_word' id='word_1_15' title='bbox 1347 467 1415 522; x_wconf 84' lang='lat' dir='ltr'><strong>Et</strong></span> <span class='ocrx_word' id='word_1_16' title='bbox 1440 467 1544 521; x_wconf 91' lang='lat' dir='ltr'><strong>hoc</strong></span> <span class='ocrx_word' id='word_1_17' title='bbox 1573 464 1752 522; x_wconf 80' lang='lat' dir='ltr'><strong>excel-</strong></span> <span class='ocrx_word' id='word_1_18' title='bbox 1782 466 1825 524; x_wconf 79' lang='grc' dir='ltr'><strong>Α</strong></span> <span class='ocrx_word' id='word_1_19' title='bbox 1855 479 1952 533; x_wconf 92' lang='lat' dir='ltr'><strong>per</strong></span> <span class='ocrx_word' id='word_1_20' title='bbox 1997 464 2232 519; x_wconf 81' lang='lat' dir='ltr'><strong>divinam</strong></span> <span class='ocrx_word' id='word_1_21' title='bbox 2284 461 2625 532; x_wconf 77' lang='lat' dir='ltr'><strong>sapientiam.</strong></span> <span class='ocrx_word' id='word_1_22' title='bbox 2660 462 2724 516; x_wconf 88' lang='lat' dir='ltr'><strong>Et</strong></span> <span class='ocrx_word' id='word_1_23' title='bbox 2771 460 2984 515; x_wconf 83' lang='lat' dir='ltr'><strong>animae</strong></span> <span class='ocrx_word' id='word_1_24' title='bbox 3029 460 3290 516; x_wconf 74' lang='lat' dir='ltr'><strong>rationale</strong></span> <span class='ocrx_word' id='word_1_25' title='bbox 3328 460 3424 516; x_wconf 63' lang='lat' dir='ltr'><strong>liae</strong></span> 
     </span>
    </p>
   </div>
   <div class='ocr_carea' id='block_1_5' title="bbox 175 563 1753 635">
    <p class='ocr_par' dir='ltr' id='par_1_5' title="bbox 175 563 1753 635">
     <span class='ocr_line' id='line_1_5' title="bbox 175 563 1753 635; baseline -0.002 -18"><span class='ocrx_word' id='word_1_26' title='bbox 175 563 350 619; x_wconf 87' lang='lat' dir='ltr'><strong>Ienter</strong></span> <span class='ocrx_word' id='word_1_27' title='bbox 377 564 677 635; x_wconf 75' lang='lat' dir='ltr'><strong>intelligens</strong></span> <span class='ocrx_word' id='word_1_28' title='bbox 707 565 920 620; x_wconf 84' lang='lat' dir='ltr'><strong>divinus</strong></span> <span class='ocrx_word' id='word_1_29' title='bbox 945 581 1071 621; x_wconf 91' lang='lat' dir='ltr'><strong>vere</strong></span> <span class='ocrx_word' id='word_1_30' title='bbox 1095 565 1199 630; x_wconf 89' lang='lat' dir='ltr'><strong>vir,</strong></span> <span class='ocrx_word' id='word_1_31' title='bbox 1228 563 1530 620; x_wconf 88' lang='lat' dir='ltr'><strong>communis</strong></span> <span class='ocrx_word' id='word_1_32' title='bbox 1569 569 1753 616; x_wconf 88' lang='lat' dir='ltr'><strong>nostra</strong></span> 
     </span>
    </p>
   </div>
   <div class='ocr_carea' id='block_1_6' title="bbox 175 652 1754 726">
    <p class='ocr_par' dir='ltr' id='par_1_6' title="bbox 175 652 1754 726">
     <span class='ocr_line' id='line_1_6' title="bbox 175 652 1754 726; baseline -0.003 -18"><span class='ocrx_word' id='word_1_33' title='bbox 175 661 233 708; x_wconf 87' lang='lat' dir='ltr'><strong>et</strong></span> <span class='ocrx_word' id='word_1_34' title='bbox 265 652 509 726; x_wconf 80' lang='lat' dir='ltr'><strong>magistri</strong></span> <span class='ocrx_word' id='word_1_35' title='bbox 542 655 770 723; x_wconf 90' lang='lat' dir='ltr'><strong>laetitia,</strong></span> <span class='ocrx_word' id='word_1_36' title='bbox 798 659 1015 712; x_wconf 78' lang='lat' dir='ltr'><strong>stultum</strong></span> <span class='ocrx_word' id='word_1_37' title='bbox 1049 655 1147 711; x_wconf 86' lang='lat' dir='ltr'><strong>Dei</strong></span> <span class='ocrx_word' id='word_1_38' title='bbox 1173 655 1457 726; x_wconf 75' lang='lat' dir='ltr'><strong>sapientius</strong></span> <span class='ocrx_word' id='word_1_39' title='bbox 1487 661 1561 707; x_wconf 83' lang='lat' dir='ltr'><strong>est</strong></span> <span class='ocrx_word' id='word_1_40' title='bbox 1589 652 1754 706; x_wconf 82' lang='lat' dir='ltr'><strong>homi-</strong></span> 
     </span>
    </p>
   </div>
   <div class='ocr_carea' id='block_1_7' title="bbox 177 741 1756 815">
    <p class='ocr_par' dir='ltr' id='par_1_7' title="bbox 177 741 1756 815">
     <span class='ocr_line' id='line_1_7' title="bbox 177 741 1756 815; baseline 0 -19"><span class='ocrx_word' id='word_1_41' title='bbox 177 741 352 810; x_wconf 78' lang='lat' dir='ltr'><strong>nibus,</strong></span> <span class='ocrx_word' id='word_1_42' title='bbox 403 745 580 815; x_wconf 85' lang='lat' dir='ltr'><strong>inquit</strong></span> <span class='ocrx_word' id='word_1_43' title='bbox 609 758 660 812; x_wconf 69' lang='grc' dir='ltr'>ι,</span> <span class='ocrx_word' id='word_1_44' title='bbox 690 761 798 802; x_wconf 92' lang='lat' dir='ltr'><strong>non</strong></span> <span class='ocrx_word' id='word_1_45' title='bbox 829 747 1000 802; x_wconf 90' lang='lat' dir='ltr'><strong>solum</strong></span> <span class='ocrx_word' id='word_1_46' title='bbox 1036 746 1162 815; x_wconf 87' lang='lat' dir='ltr'><strong>quia</strong></span> <span class='ocrx_word' id='word_1_47' title='bbox 1188 745 1365 801; x_wconf 90' lang='lat' dir='ltr'><strong>omnis</strong></span> <span class='ocrx_word' id='word_1_48' title='bbox 1399 745 1634 800; x_wconf 86' lang='lat' dir='ltr'><strong>humana</strong></span> <span class='ocrx_word' id='word_1_49' title='bbox 1664 741 1756 796; x_wconf 85' lang='lat' dir='ltr'><strong>de-</strong></span> 
     </span>
    </p>
   </div>
   <div class='ocr_carea' id='block_1_8' title="bbox 176 832 1757 906">
    <p class='ocr_par' dir='ltr' id='par_1_8' title="bbox 176 832 1757 906">
     <span class='ocr_line' id='line_1_8' title="bbox 176 832 1757 906; baseline -0.003 -19"><span class='ocrx_word' id='word_1_50' title='bbox 176 832 427 890; x_wconf 89' lang='lat' dir='ltr'><strong>liberatio</strong></span> <span class='ocrx_word' id='word_1_51' title='bbox 453 850 609 890; x_wconf 85' lang='lat' dir='ltr'><strong>error</strong></span> <span class='ocrx_word' id='word_1_52' title='bbox 641 836 858 906; x_wconf 87' lang='lat' dir='ltr'><strong>quidem</strong></span> <span class='ocrx_word' id='word_1_53' title='bbox 896 845 981 890; x_wconf 91' lang='lat' dir='ltr'><strong>est</strong></span> <span class='ocrx_word' id='word_1_54' title='bbox 1026 835 1292 906; x_wconf 74' lang='lat' dir='ltr'><strong>iudicata,</strong></span> <span class='ocrx_word' id='word_1_55' title='bbox 1338 833 1407 888; x_wconf 90' lang='lat' dir='ltr'><strong>ad</strong></span> <span class='ocrx_word' id='word_1_56' title='bbox 1447 833 1657 904; x_wconf 91' lang='lat' dir='ltr'><strong>pondus</strong></span> <span class='ocrx_word' id='word_1_57' title='bbox 1701 839 1757 884; x_wconf 91' lang='lat' dir='ltr'><strong>et</strong></span> 
     </span>
    </p>
   </div>
   <div class='ocr_carea' id='block_1_9' title="bbox 177 924 1755 1000">
    <p class='ocr_par' dir='ltr' id='par_1_9' title="bbox 177 924 1755 1000">
     <span class='ocr_line' id='line_1_9' title="bbox 177 924 1755 1000; baseline -0.004 -16"><span class='ocrx_word' id='word_1_58' title='bbox 177 930 508 994; x_wconf 87' lang='lat' dir='ltr'><strong>manentiam</strong></span> <span class='ocrx_word' id='word_1_59' title='bbox 539 931 842 985; x_wconf 91' lang='lat' dir='ltr'><strong>divinarum</strong></span> <span class='ocrx_word' id='word_1_60' title='bbox 896 939 949 983; x_wconf 93' lang='lat' dir='ltr'><strong>et</strong></span> <span class='ocrx_word' id='word_1_61' title='bbox 997 929 1509 1000; x_wconf 90' lang='lat' dir='ltr'><strong>perfectissimarum</strong></span> <span class='ocrx_word' id='word_1_62' title='bbox 1559 924 1755 980; x_wconf 90' lang='lat' dir='ltr'><strong>intelli-</strong></span> 
     </span>
    </p>
   </div>
   <div class='ocr_carea' id='block_1_10' title="bbox 174 1019 1756 1092">
    <p class='ocr_par' dir='ltr' id='par_1_10' title="bbox 174 1019 1756 1092">
     <span class='ocr_line' id='line_1_10' title="bbox 174 1019 1756 1092; baseline -0.003 -16"><span class='ocrx_word' id='word_1_63' title='bbox 174 1025 503 1092; x_wconf 83' lang='lat' dir='ltr'><strong>gentiarum,</strong></span> <span class='ocrx_word' id='word_1_64' title='bbox 557 1025 650 1079; x_wconf 92' lang='lat' dir='ltr'><strong>sed</strong></span> <span class='ocrx_word' id='word_1_65' title='bbox 703 1025 827 1092; x_wconf 85' lang='lat' dir='ltr'><strong>quia</strong></span> <span class='ocrx_word' id='word_1_66' title='bbox 864 1032 919 1078; x_wconf 91' lang='lat' dir='ltr'><strong>et</strong></span> <span class='ocrx_word' id='word_1_67' title='bbox 969 1023 1302 1078; x_wconf 88' lang='lat' dir='ltr'><strong>consuetudo</strong></span> <span class='ocrx_word' id='word_1_68' title='bbox 1351 1028 1434 1077; x_wconf 89' lang='lat' dir='ltr'><strong>est</strong></span> <span class='ocrx_word' id='word_1_69' title='bbox 1476 1019 1756 1088; x_wconf 70' lang='lat' dir='ltr'><strong>theologis,</strong></span> 
     </span>
    </p>
   </div>
   <div class='ocr_carea' id='block_1_11' title="bbox 173 1109 1760 1182">
    <p class='ocr_par' dir='ltr' id='par_1_11' title="bbox 173 1109 1760 1182">
     <span class='ocr_line' id='line_1_11' title="bbox 173 1109 1760 1182; baseline -0.002 -16"><span class='ocrx_word' id='word_1_70' title='bbox 173 1115 451 1168; x_wconf 86' lang='lat' dir='ltr'><strong>contrario</strong></span> <span class='ocrx_word' id='word_1_71' title='bbox 478 1114 675 1170; x_wconf 91' lang='lat' dir='ltr'><strong>mentis</strong></span> <span class='ocrx_word' id='word_1_72' title='bbox 712 1111 906 1168; x_wconf 73' lang='lat' dir='ltr'><strong>affectu</strong></span> <span class='ocrx_word' id='word_1_73' title='bbox 953 1114 1005 1168; x_wconf 91' lang='lat' dir='ltr'><strong>in</strong></span> <span class='ocrx_word' id='word_1_74' title='bbox 1046 1113 1178 1178; x_wconf 89' lang='lat' dir='ltr'><strong>Deo,</strong></span> <span class='ocrx_word' id='word_1_75' title='bbox 1207 1127 1346 1182; x_wconf 89' lang='lat' dir='ltr'><strong>quae</strong></span> <span class='ocrx_word' id='word_1_76' title='bbox 1389 1119 1535 1175; x_wconf 83' lang='lat' dir='ltr'><strong>sunt,</strong></span> <span class='ocrx_word' id='word_1_77' title='bbox 1581 1109 1760 1180; x_wconf 89' lang='lat' dir='ltr'><strong>priva-</strong></span> 
     </span>
    </p>
   </div>
   <div class='ocr_carea' id='block_1_12' title="bbox 179 1201 1760 1275">
    <p class='ocr_par' dir='ltr' id='par_1_12' title="bbox 179 1201 1760 1275">
     <span class='ocr_line' id='line_1_12' title="bbox 179 1201 1760 1275; baseline -0.002 -17"><span class='ocrx_word' id='word_1_78' title='bbox 179 1203 328 1260; x_wconf 84' lang='lat' dir='ltr'><strong>tione</strong></span> <span class='ocrx_word' id='word_1_79' title='bbox 359 1206 623 1275; x_wconf 78' lang='lat' dir='ltr'><strong>depellere</strong></span> <span class='ocrx_word' id='word_1_80' title='bbox 671 1223 686 1259; x_wconf 91' lang='lat'><strong>:</strong></span> <span class='ocrx_word' id='word_1_81' title='bbox 729 1207 868 1261; x_wconf 88' lang='lat' dir='ltr'><strong>sicut</strong></span> <span class='ocrx_word' id='word_1_82' title='bbox 899 1215 955 1260; x_wconf 85' lang='lat' dir='ltr'><strong>et</strong></span> <span class='ocrx_word' id='word_1_83' title='bbox 1004 1204 1326 1260; x_wconf 84' lang='lat' dir='ltr'><strong>invisibilem</strong></span> <span class='ocrx_word' id='word_1_84' title='bbox 1375 1203 1524 1256; x_wconf 91' lang='lat' dir='ltr'><strong>aiunt</strong></span> <span class='ocrx_word' id='word_1_85' title='bbox 1550 1201 1760 1268; x_wconf 89' lang='lat' dir='ltr'><strong>eloquia</strong></span> 
     </span>
    </p>
   </div>
   <div class='ocr_carea' id='block_1_13' title="bbox 179 1291 1762 1360">
    <p class='ocr_par' dir='ltr' id='par_1_13' title="bbox 179 1291 1762 1360">
     <span class='ocr_line' id='line_1_13' title="bbox 179 1291 1762 1360; baseline -0.002 -12"><span class='ocrx_word' id='word_1_86' title='bbox 179 1295 385 1349; x_wconf 80' lang='lat' dir='ltr'><strong>claram</strong></span> <span class='ocrx_word' id='word_1_87' title='bbox 420 1295 622 1360; x_wconf 87' lang='lat' dir='ltr'><strong>lucem,</strong></span> <span class='ocrx_word' id='word_1_88' title='bbox 651 1304 706 1351; x_wconf 89' lang='lat' dir='ltr'><strong>et</strong></span> <span class='ocrx_word' id='word_1_89' title='bbox 752 1296 977 1350; x_wconf 91' lang='lat' dir='ltr'><strong>multum</strong></span> <span class='ocrx_word' id='word_1_90' title='bbox 1023 1293 1368 1358; x_wconf 88' lang='lat' dir='ltr'><strong>laudabilem,</strong></span> <span class='ocrx_word' id='word_1_91' title='bbox 1419 1301 1476 1347; x_wconf 89' lang='lat' dir='ltr'><strong>et</strong></span> <span class='ocrx_word' id='word_1_92' title='bbox 1513 1291 1762 1345; x_wconf 86' lang='lat' dir='ltr'><strong>multivo-</strong></span> 
     </span>
    </p>
   </div>
   <div class='ocr_carea' id='block_1_14' title="bbox 175 1381 1759 1451">
    <p class='ocr_par' dir='ltr' id='par_1_14' title="bbox 175 1381 1759 1451">
     <span class='ocr_line' id='line_1_14' title="bbox 175 1381 1759 1451; baseline -0.003 -12"><span class='ocrx_word' id='word_1_93' title='bbox 175 1400 322 1448; x_wconf 88' lang='lat' dir='ltr'><strong>cum,</strong></span> <span class='ocrx_word' id='word_1_94' title='bbox 347 1382 690 1450; x_wconf 79' lang='lat' dir='ltr'><strong>inelfabilem,</strong></span> <span class='ocrx_word' id='word_1_95' title='bbox 707 1384 1235 1450; x_wconf 88' lang='lat' dir='ltr'><strong>etinnomiuabilem,</strong></span> <span class='ocrx_word' id='word_1_96' title='bbox 1259 1393 1312 1438; x_wconf 89' lang='lat' dir='ltr'><strong>et</strong></span> <span class='ocrx_word' id='word_1_97' title='bbox 1332 1381 1580 1437; x_wconf 90' lang='lat' dir='ltr'><strong>omnibus</strong></span> <span class='ocrx_word' id='word_1_98' title='bbox 1599 1395 1759 1451; x_wconf 90' lang='lat' dir='ltr'><strong>prae-</strong></span> 
     </span>
    </p>
   </div>
   <div class='ocr_carea' id='block_1_15' title="bbox 179 1470 1762 1544">
    <p class='ocr_par' dir='ltr' id='par_1_15' title="bbox 179 1470 1762 1544">
     <span class='ocr_line' id='line_1_15' title="bbox 179 1470 1762 1544; baseline -0.004 -14"><span class='ocrx_word' id='word_1_99' title='bbox 179 1485 412 1540; x_wconf 89' lang='lat' dir='ltr'><strong>sentem,</strong></span> <span class='ocrx_word' id='word_1_100' title='bbox 442 1484 498 1530; x_wconf 87' lang='lat' dir='ltr'><strong>et</strong></span> <span class='ocrx_word' id='word_1_101' title='bbox 536 1490 604 1531; x_wconf 83' lang='lat' dir='ltr'><strong>ex</strong></span> <span class='ocrx_word' id='word_1_102' title='bbox 628 1477 877 1530; x_wconf 90' lang='lat' dir='ltr'><strong>omnibus</strong></span> <span class='ocrx_word' id='word_1_103' title='bbox 908 1477 1207 1539; x_wconf 84' lang='lat' dir='ltr'><strong>inventum,</strong></span> <span class='ocrx_word' id='word_1_104' title='bbox 1242 1470 1762 1544; x_wconf 84' lang='lat' dir='ltr'><strong>incomprehensibi-</strong></span> 
     </span>
    </p>
   </div>
   <div class='ocr_carea' id='block_1_16' title="bbox 179 1567 1764 1641">
    <p class='ocr_par' dir='ltr' id='par_1_16' title="bbox 179 1567 1764 1641">
     <span class='ocr_line' id='line_1_16' title="bbox 179 1567 1764 1641; baseline 0 -20"><span class='ocrx_word' id='word_1_105' title='bbox 179 1567 284 1624; x_wconf 91' lang='lat' dir='ltr'><strong>Iem</strong></span> <span class='ocrx_word' id='word_1_106' title='bbox 316 1578 371 1625; x_wconf 85' lang='lat' dir='ltr'><strong>et</strong></span> <span class='ocrx_word' id='word_1_107' title='bbox 397 1569 845 1641; x_wconf 89' lang='lat' dir='ltr'><strong>investigabilem.</strong></span> <span class='ocrx_word' id='word_1_108' title='bbox 881 1569 1081 1626; x_wconf 86' lang='lat' dir='ltr'><strong>Eodem</strong></span> <span class='ocrx_word' id='word_1_109' title='bbox 1110 1571 1269 1625; x_wconf 91' lang='lat' dir='ltr'><strong>modo</strong></span> <span class='ocrx_word' id='word_1_110' title='bbox 1303 1579 1357 1624; x_wconf 88' lang='lat' dir='ltr'><strong>et</strong></span> <span class='ocrx_word' id='word_1_111' title='bbox 1387 1585 1528 1624; x_wconf 91' lang='lat' dir='ltr'><strong>nunc</strong></span> <span class='ocrx_word' id='word_1_112' title='bbox 1552 1568 1764 1623; x_wconf 88' lang='lat' dir='ltr'><strong>divinus</strong></span> 
     </span>
    </p>
   </div>
   <div class='ocr_carea' id='block_1_17' title="bbox 179 1659 1764 1729">
    <p class='ocr_par' dir='ltr' id='par_1_17' title="bbox 179 1659 1764 1729">
     <span class='ocr_line' id='line_1_17' title="bbox 179 1659 1764 1729; baseline -0.001 -15"><span class='ocrx_word' id='word_1_113' title='bbox 179 1659 469 1728; x_wconf 76' lang='lat' dir='ltr'><strong>Apostolus</strong></span> <span class='ocrx_word' id='word_1_114' title='bbox 489 1659 518 1699; x_wconf 74' lang='grc' dir='ltr'>ι)</span> <span class='ocrx_word' id='word_1_115' title='bbox 537 1659 788 1716; x_wconf 84' lang='lat' dir='ltr'><strong>laudasse</strong></span> <span class='ocrx_word' id='word_1_116' title='bbox 810 1661 1006 1716; x_wconf 90' lang='lat' dir='ltr'><strong>dicitur</strong></span> <span class='ocrx_word' id='word_1_117' title='bbox 1034 1661 1312 1716; x_wconf 86' lang='lat' dir='ltr'><strong>stultitiam</strong></span> <span class='ocrx_word' id='word_1_118' title='bbox 1345 1660 1460 1726; x_wconf 87' lang='lat' dir='ltr'><strong>Dei,</strong></span> <span class='ocrx_word' id='word_1_119' title='bbox 1493 1659 1633 1728; x_wconf 91' lang='lat' dir='ltr'><strong>quod</strong></span> <span class='ocrx_word' id='word_1_120' title='bbox 1668 1673 1764 1729; x_wconf 88' lang='lat' dir='ltr'><strong>ap-</strong></span> 
     </span>
    </p>
   </div>
   <div class='ocr_carea' id='block_1_18' title="bbox 179 1749 1762 1820">
    <p class='ocr_par' dir='ltr' id='par_1_18' title="bbox 179 1749 1762 1820">
     <span class='ocr_line' id='line_1_18' title="bbox 179 1749 1762 1820; baseline -0.002 -15"><span class='ocrx_word' id='word_1_121' title='bbox 179 1759 336 1820; x_wconf 86' lang='lat' dir='ltr'><strong>paret</strong></span> <span class='ocrx_word' id='word_1_122' title='bbox 389 1751 442 1805; x_wconf 91' lang='lat' dir='ltr'><strong>in</strong></span> <span class='ocrx_word' id='word_1_123' title='bbox 490 1765 553 1806; x_wconf 88' lang='lat' dir='ltr'><strong>ea</strong></span> <span class='ocrx_word' id='word_1_124' title='bbox 599 1760 787 1806; x_wconf 88' lang='lat' dir='ltr'><strong>contra</strong></span> <span class='ocrx_word' id='word_1_125' title='bbox 843 1752 1107 1806; x_wconf 87' lang='lat' dir='ltr'><strong>rationem</strong></span> <span class='ocrx_word' id='word_1_126' title='bbox 1159 1761 1216 1806; x_wconf 88' lang='lat' dir='ltr'><strong>et</strong></span> <span class='ocrx_word' id='word_1_127' title='bbox 1263 1751 1676 1819; x_wconf 88' lang='lat' dir='ltr'><strong>inconsequens,</strong></span> <span class='ocrx_word' id='word_1_128' title='bbox 1709 1749 1762 1802; x_wconf 91' lang='lat' dir='ltr'><strong>in</strong></span> 
     </span>
    </p>
   </div>
   <div class='ocr_carea' id='block_1_19' title="bbox 178 1813 1769 1896">
    <p class='ocr_par' dir='ltr' id='par_1_19' title="bbox 178 1837 1762 1896">
     <span class='ocr_line' id='line_1_19' title="bbox 178 1837 1762 1896; baseline -0.002 -1"><span class='ocrx_word' id='word_1_129' title='bbox 178 1837 505 1895; x_wconf 68' lang='lat' dir='ltr'><strong>ineffabilem</strong></span> <span class='ocrx_word' id='word_1_130' title='bbox 532 1848 587 1895; x_wconf 88' lang='lat' dir='ltr'><strong>et</strong></span> <span class='ocrx_word' id='word_1_131' title='bbox 632 1850 758 1896; x_wconf 89' lang='lat' dir='ltr'><strong>ante</strong></span> <span class='ocrx_word' id='word_1_132' title='bbox 787 1856 1002 1896; x_wconf 92' lang='lat' dir='ltr'><strong>omnem</strong></span> <span class='ocrx_word' id='word_1_133' title='bbox 1037 1841 1304 1896; x_wconf 89' lang='lat' dir='ltr'><strong>rationem</strong></span> <span class='ocrx_word' id='word_1_134' title='bbox 1350 1838 1590 1894; x_wconf 80' lang='lat' dir='ltr'><strong>referens</strong></span> <span class='ocrx_word' id='word_1_135' title='bbox 1619 1838 1762 1892; x_wconf 90' lang='lat' dir='ltr'><strong>veri-</strong></span> 
     </span>
    </p>
   </div>
   <div class='ocr_carea' id='block_1_20' title="bbox 1868 1813 2755 1896">
    <p class='ocr_par' dir='ltr' id='par_1_20' title="bbox 1868 1824 2755 1887">
     <span class='ocr_line' id='line_1_20' title="bbox 1868 1824 2755 1887; baseline -0.003 -7"><span class='ocrx_word' id='word_1_136' title='bbox 1868 1834 1920 1880; x_wconf 90' lang='lat' dir='ltr'><strong>et</strong></span> <span class='ocrx_word' id='word_1_137' title='bbox 1947 1826 2215 1887; x_wconf 90' lang='lat' dir='ltr'><strong>custodia.</strong></span> <span class='ocrx_word' id='word_1_138' title='bbox 2245 1832 2301 1880; x_wconf 89' lang='lat' dir='ltr'><strong>et</strong></span> <span class='ocrx_word' id='word_1_139' title='bbox 2326 1824 2449 1880; x_wconf 79' lang='lat' dir='ltr'><strong>linis</strong></span> <span class='ocrx_word' id='word_1_140' title='bbox 2491 1824 2688 1880; x_wconf 89' lang='lat' dir='ltr'><strong>dicitur</strong></span> <span class='ocrx_word' id='word_1_141' title='bbox 2740 1841 2755 1878; x_wconf 89' lang='lat'><strong>:</strong></span> 
     </span>
    </p>
   </div>
   <div class='ocr_carea' id='block_1_21' title="bbox 181 1928 1766 2002">
    <p class='ocr_par' dir='ltr' id='par_1_21' title="bbox 181 1928 1766 2002">
     <span class='ocr_line' id='line_1_21' title="bbox 181 1928 1766 2002; baseline -0.002 -16"><span class='ocrx_word' id='word_1_142' title='bbox 181 1941 370 1986; x_wconf 86' lang='lat' dir='ltr'><strong>tatem.</strong></span> <span class='ocrx_word' id='word_1_143' title='bbox 415 1930 523 1986; x_wconf 92' lang='lat' dir='ltr'><strong>Sed</strong></span> <span class='ocrx_word' id='word_1_144' title='bbox 551 1933 693 2002; x_wconf 89' lang='lat' dir='ltr'><strong>quod</strong></span> <span class='ocrx_word' id='word_1_145' title='bbox 719 1933 936 2002; x_wconf 89' lang='lat' dir='ltr'><strong>quidem</strong></span> <span class='ocrx_word' id='word_1_146' title='bbox 986 1933 1041 1987; x_wconf 93' lang='lat' dir='ltr'><strong>in</strong></span> <span class='ocrx_word' id='word_1_147' title='bbox 1093 1931 1215 1987; x_wconf 90' lang='lat' dir='ltr'><strong>aliis</strong></span> <span class='ocrx_word' id='word_1_148' title='bbox 1259 1930 1514 1996; x_wconf 80' lang='lat' dir='ltr'><strong>diximus,</strong></span> <span class='ocrx_word' id='word_1_149' title='bbox 1546 1928 1766 2001; x_wconf 88' lang='lat' dir='ltr'><strong>proprie</strong></span> 
     </span>
    </p>
   </div>
   <div class='ocr_carea' id='block_1_22' title="bbox 182 2023 1772 2094">
    <p class='ocr_par' dir='ltr' id='par_1_22' title="bbox 182 2023 1772 2094">
     <span class='ocr_line' id='line_1_22' title="bbox 182 2023 1772 2094; baseline -0.001 -17"><span class='ocrx_word' id='word_1_150' title='bbox 182 2023 360 2088; x_wconf 87' lang='lat' dir='ltr'><strong>nobis,</strong></span> <span class='ocrx_word' id='word_1_151' title='bbox 389 2036 528 2092; x_wconf 89' lang='lat' dir='ltr'><strong>quae</strong></span> <span class='ocrx_word' id='word_1_152' title='bbox 550 2031 674 2077; x_wconf 87' lang='lat' dir='ltr'><strong>sunt</strong></span> <span class='ocrx_word' id='word_1_153' title='bbox 699 2037 860 2094; x_wconf 90' lang='lat' dir='ltr'><strong>super</strong></span> <span class='ocrx_word' id='word_1_154' title='bbox 884 2038 980 2078; x_wconf 90' lang='lat' dir='ltr'><strong>nos</strong></span> <span class='ocrx_word' id='word_1_155' title='bbox 1004 2023 1046 2089; x_wconf 82' lang='grc'><strong>¹,</strong></span> <span class='ocrx_word' id='word_1_156' title='bbox 1077 2023 1424 2092; x_wconf 83' lang='lat' dir='ltr'><strong>accipientes,</strong></span> <span class='ocrx_word' id='word_1_157' title='bbox 1448 2030 1643 2077; x_wconf 85' lang='lat' dir='ltr'><strong>etcum</strong></span> <span class='ocrx_word' id='word_1_158' title='bbox 1668 2037 1772 2076; x_wconf 91' lang='lat' dir='ltr'><strong>nu-</strong></span> 
     </span>
    </p>
   </div>
   <div class='ocr_carea' id='block_1_23' title="bbox 182 2111 1767 2181">
    <p class='ocr_par' dir='ltr' id='par_1_23' title="bbox 182 2111 1767 2181">
     <span class='ocr_line' id='line_1_23' title="bbox 182 2111 1767 2181; baseline -0.001 -16"><span class='ocrx_word' id='word_1_159' title='bbox 182 2113 443 2169; x_wconf 84' lang='lat' dir='ltr'><strong>trimento</strong></span> <span class='ocrx_word' id='word_1_160' title='bbox 484 2128 738 2168; x_wconf 87' lang='lat' dir='ltr'><strong>sensuum</strong></span> <span class='ocrx_word' id='word_1_161' title='bbox 784 2114 1027 2180; x_wconf 86' lang='lat' dir='ltr'><strong>adunati,</strong></span> <span class='ocrx_word' id='word_1_162' title='bbox 1079 2122 1132 2168; x_wconf 91' lang='lat' dir='ltr'><strong>et</strong></span> <span class='ocrx_word' id='word_1_163' title='bbox 1177 2113 1282 2176; x_wconf 83' lang='lat' dir='ltr'><strong>bis,</strong></span> <span class='ocrx_word' id='word_1_164' title='bbox 1310 2127 1447 2181; x_wconf 88' lang='lat' dir='ltr'><strong>quae</strong></span> <span class='ocrx_word' id='word_1_165' title='bbox 1475 2111 1767 2167; x_wconf 90' lang='lat' dir='ltr'><strong>secundum</strong></span> 
     </span>
    </p>
   </div>
   <div class='ocr_carea' id='block_1_24' title="bbox 179 2199 1770 2271">
    <p class='ocr_par' dir='ltr' id='par_1_24' title="bbox 179 2199 1770 2271">
     <span class='ocr_line' id='line_1_24' title="bbox 179 2199 1770 2271; baseline -0.001 -13"><span class='ocrx_word' id='word_1_166' title='bbox 179 2219 286 2258; x_wconf 83' lang='lat' dir='ltr'><strong>nos</strong></span> <span class='ocrx_word' id='word_1_167' title='bbox 313 2205 490 2259; x_wconf 89' lang='lat' dir='ltr'><strong>divina</strong></span> <span class='ocrx_word' id='word_1_168' title='bbox 515 2203 859 2260; x_wconf 81' lang='lat' dir='ltr'><strong>conferentes</strong></span> <span class='ocrx_word' id='word_1_169' title='bbox 876 2245 892 2270; x_wconf 95' lang='lat'><strong>,</strong></span> <span class='ocrx_word' id='word_1_170' title='bbox 917 2204 1224 2258; x_wconf 84' lang='lat' dir='ltr'><strong>seducimur</strong></span> <span class='ocrx_word' id='word_1_171' title='bbox 1248 2204 1292 2268; x_wconf 78' lang='grc'>³,</span> <span class='ocrx_word' id='word_1_172' title='bbox 1309 2202 1603 2258; x_wconf 91' lang='lat' dir='ltr'><strong>secundum</strong></span> <span class='ocrx_word' id='word_1_173' title='bbox 1629 2199 1770 2271; x_wconf 89' lang='lat' dir='ltr'><strong>quod</strong></span> 
     </span>
    </p>
   </div>
   <div class='ocr_carea' id='block_1_25' title="bbox 181 2292 1768 2362">
    <p class='ocr_par' dir='ltr' id='par_1_25' title="bbox 181 2292 1768 2362">
     <span class='ocr_line' id='line_1_25' title="bbox 181 2292 1768 2362; baseline -0.002 -15"><span class='ocrx_word' id='word_1_174' title='bbox 181 2295 424 2360; x_wconf 87' lang='lat' dir='ltr'><strong>videtur,</strong></span> <span class='ocrx_word' id='word_1_175' title='bbox 453 2294 688 2349; x_wconf 83' lang='lat' dir='ltr'><strong>divinam</strong></span> <span class='ocrx_word' id='word_1_176' title='bbox 711 2301 771 2350; x_wconf 87' lang='lat' dir='ltr'><strong>et</strong></span> <span class='ocrx_word' id='word_1_177' title='bbox 801 2292 1129 2348; x_wconf 73' lang='lat' dir='ltr'><strong>ineffabilem</strong></span> <span class='ocrx_word' id='word_1_178' title='bbox 1158 2292 1420 2347; x_wconf 89' lang='lat' dir='ltr'><strong>rationem</strong></span> <span class='ocrx_word' id='word_1_179' title='bbox 1440 2305 1768 2362; x_wconf 88' lang='lat' dir='ltr'><strong>persequen-</strong></span> 
     </span>
    </p>
   </div>
   <div class='ocr_carea' id='block_1_26' title="bbox 183 2381 1771 2454">
    <p class='ocr_par' dir='ltr' id='par_1_26' title="bbox 183 2381 1771 2454">
     <span class='ocr_line' id='line_1_26' title="bbox 183 2381 1771 2454; baseline -0.001 -18"><span class='ocrx_word' id='word_1_180' title='bbox 183 2393 288 2438; x_wconf 91' lang='lat' dir='ltr'><strong>tes.</strong></span> <span class='ocrx_word' id='word_1_181' title='bbox 329 2383 551 2454; x_wconf 83' lang='lat' dir='ltr'><strong>Oportet</strong></span> <span class='ocrx_word' id='word_1_182' title='bbox 593 2384 751 2450; x_wconf 86' lang='lat' dir='ltr'><strong>scire,</strong></span> <span class='ocrx_word' id='word_1_183' title='bbox 776 2393 1020 2439; x_wconf 90' lang='lat' dir='ltr'><strong>nostrum</strong></span> <span class='ocrx_word' id='word_1_184' title='bbox 1047 2383 1287 2438; x_wconf 89' lang='lat' dir='ltr'><strong>animum</strong></span> <span class='ocrx_word' id='word_1_185' title='bbox 1322 2382 1527 2439; x_wconf 84' lang='lat' dir='ltr'><strong>habere</strong></span> <span class='ocrx_word' id='word_1_186' title='bbox 1553 2381 1771 2451; x_wconf 88' lang='lat' dir='ltr'><strong>quidem</strong></span> 
     </span>
    </p>
   </div>
   <div class='ocr_carea' id='block_1_27' title="bbox 181 2459 1772 2544">
    <p class='ocr_par' dir='ltr' id='par_1_27' title="bbox 181 2459 1772 2544">
     <span class='ocr_line' id='line_1_27' title="bbox 181 2459 1772 2544; baseline -0.001 -18"><span class='ocrx_word' id='word_1_187' title='bbox 181 2476 441 2527; x_wconf 75' lang='lat' dir='ltr'><strong>virtutem</strong></span> <span class='ocrx_word' id='word_1_188' title='bbox 498 2473 565 2528; x_wconf 88' lang='lat' dir='ltr'><strong>ad</strong></span> <span class='ocrx_word' id='word_1_189' title='bbox 614 2471 1054 2544; x_wconf 80' lang='lat' dir='ltr'><strong>intelligendum,</strong></span> <span class='ocrx_word' id='word_1_190' title='bbox 1105 2487 1204 2544; x_wconf 90' lang='lat' dir='ltr'><strong>per</strong></span> <span class='ocrx_word' id='word_1_191' title='bbox 1258 2486 1421 2542; x_wconf 89' lang='lat' dir='ltr'><strong>quam</strong></span> <span class='ocrx_word' id='word_1_192' title='bbox 1482 2459 1772 2526; x_wconf 82' lang='lat' dir='ltr'><strong>invisibilia</strong></span> 
     </span>
    </p>
   </div>
   <div class='ocr_carea' id='block_1_28' title="bbox 185 2562 1775 2633">
    <p class='ocr_par' dir='ltr' id='par_1_28' title="bbox 185 2562 1775 2633">
     <span class='ocr_line' id='line_1_28' title="bbox 185 2562 1775 2633; baseline -0.002 -16"><span class='ocrx_word' id='word_1_193' title='bbox 185 2564 356 2627; x_wconf 82' lang='lat' dir='ltr'><strong>videt,</strong></span> <span class='ocrx_word' id='word_1_194' title='bbox 376 2564 742 2633; x_wconf 80' lang='lat' dir='ltr'><strong>unitatemque</strong></span> <span class='ocrx_word' id='word_1_195' title='bbox 763 2562 1242 2633; x_wconf 79' lang='lat' dir='ltr'><strong>superexaltatam,</strong></span> <span class='ocrx_word' id='word_1_196' title='bbox 1266 2570 1649 2631; x_wconf 85' lang='lat' dir='ltr'><strong>naturamque,</strong></span> <span class='ocrx_word' id='word_1_197' title='bbox 1677 2573 1775 2629; x_wconf 90' lang='lat' dir='ltr'><strong>per</strong></span> 
     </span>
    </p>
   </div>
   <div class='ocr_carea' id='block_1_29' title="bbox 183 2652 1783 2726">
    <p class='ocr_par' dir='ltr' id='par_1_29' title="bbox 183 2652 1783 2726">
     <span class='ocr_line' id='line_1_29' title="bbox 183 2652 1783 2726; baseline -0.001 -17"><span class='ocrx_word' id='word_1_198' title='bbox 183 2673 353 2726; x_wconf 84' lang='lat' dir='ltr'><strong>quam</strong></span> <span class='ocrx_word' id='word_1_199' title='bbox 404 2657 743 2711; x_wconf 87' lang='lat' dir='ltr'><strong>connectitur</strong></span> <span class='ocrx_word' id='word_1_200' title='bbox 779 2655 801 2687; x_wconf 84' lang='grc'>³</span> <span class='ocrx_word' id='word_1_201' title='bbox 843 2656 909 2710; x_wconf 91' lang='lat' dir='ltr'><strong>ad</strong></span> <span class='ocrx_word' id='word_1_202' title='bbox 954 2670 1165 2713; x_wconf 89' lang='lat' dir='ltr'><strong>summa</strong></span> <span class='ocrx_word' id='word_1_203' title='bbox 1212 2653 1236 2686; x_wconf 75' lang='lat'>&quot;</span> <span class='ocrx_word' id='word_1_204' title='bbox 1275 2653 1377 2710; x_wconf 92' lang='lat' dir='ltr'><strong>sui.</strong></span> <span class='ocrx_word' id='word_1_205' title='bbox 1430 2652 1591 2708; x_wconf 80' lang='lat' dir='ltr'><strong>Juxta</strong></span> <span class='ocrx_word' id='word_1_206' title='bbox 1635 2653 1783 2707; x_wconf 77' lang='lat' dir='ltr'><strong>hanc</strong></span> 
     </span>
    </p>
   </div>
   <div class='ocr_carea' id='block_1_30' title="bbox 186 2741 1774 2817">
    <p class='ocr_par' dir='ltr' id='par_1_30' title="bbox 186 2741 1774 2817">
     <span class='ocr_line' id='line_1_30' title="bbox 186 2741 1774 2817; baseline -0.003 -16"><span class='ocrx_word' id='word_1_207' title='bbox 186 2747 357 2817; x_wconf 81' lang='lat' dir='ltr'><strong>igitur</strong></span> <span class='ocrx_word' id='word_1_208' title='bbox 385 2745 566 2800; x_wconf 78' lang='lat' dir='ltr'><strong>divina</strong></span> <span class='ocrx_word' id='word_1_209' title='bbox 594 2744 1016 2815; x_wconf 78' lang='lat' dir='ltr'><strong>intelligendum,</strong></span> <span class='ocrx_word' id='word_1_210' title='bbox 1064 2759 1170 2800; x_wconf 88' lang='lat' dir='ltr'><strong>non</strong></span> <span class='ocrx_word' id='word_1_211' title='bbox 1197 2743 1491 2799; x_wconf 90' lang='lat' dir='ltr'><strong>secundum</strong></span> <span class='ocrx_word' id='word_1_212' title='bbox 1516 2757 1637 2805; x_wconf 87' lang='lat' dir='ltr'><strong>nos,</strong></span> <span class='ocrx_word' id='word_1_213' title='bbox 1680 2741 1774 2796; x_wconf 88' lang='lat' dir='ltr'><strong>sed</strong></span> 
     </span>
    </p>
   </div>
   <div class='ocr_carea' id='block_1_31' title="bbox 187 2831 1771 2905">
    <p class='ocr_par' dir='ltr' id='par_1_31' title="bbox 187 2831 1771 2905">
     <span class='ocr_line' id='line_1_31' title="bbox 187 2831 1771 2905; baseline -0.003 -16"><span class='ocrx_word' id='word_1_214' title='bbox 187 2846 337 2892; x_wconf 88' lang='lat' dir='ltr'><strong>totos</strong></span> <span class='ocrx_word' id='word_1_215' title='bbox 363 2851 461 2892; x_wconf 89' lang='lat' dir='ltr'><strong>nos</strong></span> <span class='ocrx_word' id='word_1_216' title='bbox 489 2837 616 2891; x_wconf 91' lang='lat' dir='ltr'><strong>totis</strong></span> <span class='ocrx_word' id='word_1_217' title='bbox 649 2835 782 2905; x_wconf 82' lang='lat' dir='ltr'><strong>ipsis</strong></span> <span class='ocrx_word' id='word_1_218' title='bbox 824 2836 1137 2901; x_wconf 85' lang='lat' dir='ltr'><strong>existentes,</strong></span> <span class='ocrx_word' id='word_1_219' title='bbox 1163 2843 1222 2890; x_wconf 86' lang='lat' dir='ltr'><strong>et</strong></span> <span class='ocrx_word' id='word_1_220' title='bbox 1265 2842 1406 2890; x_wconf 89' lang='lat' dir='ltr'><strong>totos</strong></span> <span class='ocrx_word' id='word_1_221' title='bbox 1431 2832 1542 2888; x_wconf 89' lang='lat' dir='ltr'><strong>Deo</strong></span> <span class='ocrx_word' id='word_1_222' title='bbox 1578 2831 1771 2888; x_wconf 88' lang='lat' dir='ltr'><strong>factos.</strong></span> 
     </span>
    </p>
   </div>
   <div class='ocr_carea' id='block_1_32' title="bbox 190 2921 1773 2993">
    <p class='ocr_par' dir='ltr' id='par_1_32' title="bbox 190 2921 1773 2993">
     <span class='ocr_line' id='line_1_32' title="bbox 190 2921 1773 2993; baseline -0.004 -11"><span class='ocrx_word' id='word_1_223' title='bbox 190 2927 382 2983; x_wconf 75' lang='lat' dir='ltr'><strong>Melius</strong></span> <span class='ocrx_word' id='word_1_224' title='bbox 409 2929 574 2993; x_wconf 86' lang='lat' dir='ltr'><strong>enim,</strong></span> <span class='ocrx_word' id='word_1_225' title='bbox 610 2942 730 2982; x_wconf 89' lang='lat' dir='ltr'><strong>esse</strong></span> <span class='ocrx_word' id='word_1_226' title='bbox 771 2927 866 2982; x_wconf 87' lang='lat' dir='ltr'><strong>Dei</strong></span> <span class='ocrx_word' id='word_1_227' title='bbox 898 2939 954 2982; x_wconf 89' lang='lat' dir='ltr'><strong>et</strong></span> <span class='ocrx_word' id='word_1_228' title='bbox 981 2927 1221 2981; x_wconf 90' lang='lat' dir='ltr'><strong>membra</strong></span> <span class='ocrx_word' id='word_1_229' title='bbox 1253 2938 1461 2979; x_wconf 90' lang='lat' dir='ltr'><strong>eorum.</strong></span> <span class='ocrx_word' id='word_1_230' title='bbox 1507 2921 1599 2978; x_wconf 91' lang='lat' dir='ltr'><strong>Sic</strong></span> <span class='ocrx_word' id='word_1_231' title='bbox 1626 2922 1773 2978; x_wconf 89' lang='lat' dir='ltr'><strong>enim</strong></span> 
     </span>
    </p>
   </div>
   <div class='ocr_carea' id='block_1_33' title="bbox 193 3013 1786 3101">
    <p class='ocr_par' dir='ltr' id='par_1_33' title="bbox 193 3013 1786 3101">
     <span class='ocr_line' id='line_1_33' title="bbox 193 3013 1786 3101; baseline -0.004 -29"><span class='ocrx_word' id='word_1_232' title='bbox 193 3027 359 3072; x_wconf 89' lang='lat' dir='ltr'><strong>erunt</strong></span> <span class='ocrx_word' id='word_1_233' title='bbox 387 3018 565 3071; x_wconf 91' lang='lat' dir='ltr'><strong>divina</strong></span> <span class='ocrx_word' id='word_1_234' title='bbox 593 3017 715 3072; x_wconf 90' lang='lat' dir='ltr'><strong>data</strong></span> <span class='ocrx_word' id='word_1_235' title='bbox 750 3032 872 3072; x_wconf 89' lang='lat' dir='ltr'><strong>cum</strong></span> <span class='ocrx_word' id='word_1_236' title='bbox 907 3017 1016 3071; x_wconf 90' lang='lat' dir='ltr'><strong>Deo</strong></span> <span class='ocrx_word' id='word_1_237' title='bbox 1062 3015 1275 3070; x_wconf 87' lang='lat' dir='ltr'><strong>futuris.</strong></span> <span class='ocrx_word' id='word_1_238' title='bbox 1316 3013 1466 3068; x_wconf 74' lang='lat' dir='ltr'><strong>lianc</strong></span> <span class='ocrx_word' id='word_1_239' title='bbox 1495 3013 1664 3101; x_wconf 63' lang='lat' dir='ltr'><strong>igitur</strong></span> <span class='ocrx_word' id='word_1_240' title='bbox 1698 3013 1786 3067; x_wconf 84' lang='lat' dir='ltr'><strong>ir-&#39;</strong></span> 
     </span>
    </p>
   </div>
   <div class='ocr_carea' id='block_1_34' title="bbox 197 3099 1774 3176">
    <p class='ocr_par' dir='ltr' id='par_1_34' title="bbox 197 3099 1774 3176">
     <span class='ocr_line' id='line_1_34' title="bbox 197 3099 1774 3176; baseline -0.005 -10"><span class='ocrx_word' id='word_1_241' title='bbox 197 3110 542 3176; x_wconf 84' lang='lat' dir='ltr'><strong>rationalem,</strong></span> <span class='ocrx_word' id='word_1_242' title='bbox 573 3118 628 3164; x_wconf 91' lang='lat' dir='ltr'><strong>et</strong></span> <span class='ocrx_word' id='word_1_243' title='bbox 658 3119 841 3164; x_wconf 85' lang='lat' dir='ltr'><strong>mente</strong></span> <span class='ocrx_word' id='word_1_244' title='bbox 869 3116 1168 3173; x_wconf 84' lang='lat' dir='ltr'><strong>carentem,</strong></span> <span class='ocrx_word' id='word_1_245' title='bbox 1204 3117 1260 3163; x_wconf 87' lang='lat' dir='ltr'><strong>et</strong></span> <span class='ocrx_word' id='word_1_246' title='bbox 1296 3107 1514 3162; x_wconf 88' lang='lat' dir='ltr'><strong>stultam</strong></span> <span class='ocrx_word' id='word_1_247' title='bbox 1559 3099 1774 3175; x_wconf 88' lang='lat' dir='ltr'><strong>sapien-</strong></span> 
     </span>
    </p>
   </div>
   <div class='ocr_carea' id='block_1_35' title="bbox 191 3194 1772 3271">
    <p class='ocr_par' dir='ltr' id='par_1_35' title="bbox 191 3194 1772 3271">
     <span class='ocr_line' id='line_1_35' title="bbox 191 3194 1772 3271; baseline -0.004 -15"><span class='ocrx_word' id='word_1_248' title='bbox 191 3202 327 3256; x_wconf 85' lang='lat' dir='ltr'><strong>tiam</strong></span> <span class='ocrx_word' id='word_1_249' title='bbox 355 3198 819 3271; x_wconf 86' lang='lat' dir='ltr'><strong>supereminenter</strong></span> <span class='ocrx_word' id='word_1_250' title='bbox 846 3199 1152 3263; x_wconf 84' lang='lat' dir='ltr'><strong>laudantes,</strong></span> <span class='ocrx_word' id='word_1_251' title='bbox 1179 3197 1428 3260; x_wconf 90' lang='lat' dir='ltr'><strong>dicimus,</strong></span> <span class='ocrx_word' id='word_1_252' title='bbox 1457 3194 1582 3265; x_wconf 89' lang='lat' dir='ltr'><strong>quia</strong></span> <span class='ocrx_word' id='word_1_253' title='bbox 1610 3194 1772 3251; x_wconf 89' lang='lat' dir='ltr'><strong>totius</strong></span> 
     </span>
    </p>
   </div>
   <div class='ocr_carea' id='block_1_36' title="bbox 187 3285 1773 3359">
    <p class='ocr_par' dir='ltr' id='par_1_36' title="bbox 187 3285 1773 3359">
     <span class='ocr_line' id='line_1_36' title="bbox 187 3285 1773 3359; baseline -0.005 -12"><span class='ocrx_word' id='word_1_254' title='bbox 187 3301 278 3347; x_wconf 82' lang='lat' dir='ltr'><strong>est</strong></span> <span class='ocrx_word' id='word_1_255' title='bbox 315 3292 478 3346; x_wconf 84' lang='lat' dir='ltr'><strong>animi</strong></span> <span class='ocrx_word' id='word_1_256' title='bbox 509 3291 840 3356; x_wconf 59' lang='lat' dir='ltr'><strong>et&#39;rationis,</strong></span> <span class='ocrx_word' id='word_1_257' title='bbox 868 3299 924 3346; x_wconf 92' lang='lat' dir='ltr'><strong>et</strong></span> <span class='ocrx_word' id='word_1_258' title='bbox 951 3287 1114 3346; x_wconf 87' lang='lat' dir='ltr'><strong>totius</strong></span> <span class='ocrx_word' id='word_1_259' title='bbox 1149 3288 1446 3359; x_wconf 90' lang='lat' dir='ltr'><strong>sapientiae</strong></span> <span class='ocrx_word' id='word_1_260' title='bbox 1483 3297 1539 3343; x_wconf 92' lang='lat' dir='ltr'><strong>et</strong></span> <span class='ocrx_word' id='word_1_261' title='bbox 1563 3285 1773 3341; x_wconf 88' lang='lat' dir='ltr'><strong>intelle-</strong></span> 
     </span>
    </p>
   </div>
   <div class='ocr_carea' id='block_1_37' title="bbox 192 3375 1772 3452">
    <p class='ocr_par' dir='ltr' id='par_1_37' title="bbox 192 3375 1772 3452">
     <span class='ocr_line' id='line_1_37' title="bbox 192 3375 1772 3452; baseline -0.004 -15"><span class='ocrx_word' id='word_1_262' title='bbox 192 3392 317 3437; x_wconf 90' lang='lat' dir='ltr'><strong>ctus</strong></span> <span class='ocrx_word' id='word_1_263' title='bbox 359 3397 542 3448; x_wconf 91' lang='lat' dir='ltr'><strong>causa,</strong></span> <span class='ocrx_word' id='word_1_264' title='bbox 585 3391 639 3436; x_wconf 90' lang='lat' dir='ltr'><strong>et</strong></span> <span class='ocrx_word' id='word_1_265' title='bbox 683 3381 796 3452; x_wconf 89' lang='lat' dir='ltr'><strong>ipsa</strong></span> <span class='ocrx_word' id='word_1_266' title='bbox 831 3389 911 3436; x_wconf 90' lang='lat' dir='ltr'><strong>est</strong></span> <span class='ocrx_word' id='word_1_267' title='bbox 933 3395 1092 3436; x_wconf 90' lang='lat' dir='ltr'><strong>omne</strong></span> <span class='ocrx_word' id='word_1_268' title='bbox 1120 3379 1423 3444; x_wconf 86' lang='lat' dir='ltr'><strong>consilium,</strong></span> <span class='ocrx_word' id='word_1_269' title='bbox 1449 3385 1504 3433; x_wconf 90' lang='lat' dir='ltr'><strong>et</strong></span> <span class='ocrx_word' id='word_1_270' title='bbox 1546 3375 1614 3431; x_wconf 88' lang='lat' dir='ltr'><strong>ab</strong></span> <span class='ocrx_word' id='word_1_271' title='bbox 1656 3376 1772 3446; x_wconf 87' lang='lat' dir='ltr'><strong>ipsa</strong></span> 
     </span>
    </p>
   </div>
   <div class='ocr_carea' id='block_1_38' title="bbox 188 3468 1774 3541">
    <p class='ocr_par' dir='ltr' id='par_1_38' title="bbox 188 3468 1774 3541">
     <span class='ocr_line' id='line_1_38' title="bbox 188 3468 1774 3541; baseline -0.004 -13"><span class='ocrx_word' id='word_1_272' title='bbox 188 3474 371 3528; x_wconf 83' lang='lat' dir='ltr'><strong>omnis</strong></span> <span class='ocrx_word' id='word_1_273' title='bbox 417 3473 644 3528; x_wconf 86' lang='lat' dir='ltr'><strong>scientia</strong></span> <span class='ocrx_word' id='word_1_274' title='bbox 690 3481 746 3527; x_wconf 91' lang='lat' dir='ltr'><strong>et</strong></span> <span class='ocrx_word' id='word_1_275' title='bbox 776 3470 1152 3541; x_wconf 79' lang='lat' dir='ltr'><strong>intelligentia,</strong></span> <span class='ocrx_word' id='word_1_276' title='bbox 1201 3475 1255 3523; x_wconf 90' lang='lat' dir='ltr'><strong>et</strong></span> <span class='ocrx_word' id='word_1_277' title='bbox 1309 3468 1362 3523; x_wconf 93' lang='lat' dir='ltr'><strong>in</strong></span> <span class='ocrx_word' id='word_1_278' title='bbox 1412 3469 1526 3538; x_wconf 90' lang='lat' dir='ltr'><strong>ipsa</strong></span> <span class='ocrx_word' id='word_1_279' title='bbox 1583 3479 1774 3522; x_wconf 87' lang='lat' dir='ltr'><strong>omnes</strong></span> 
     </span>
    </p>
   </div>
   <div class='ocr_carea' id='block_1_39' title="bbox 193 3558 1776 3632">
    <p class='ocr_par' dir='ltr' id='par_1_39' title="bbox 193 3558 1776 3632">
     <span class='ocr_line' id='line_1_39' title="bbox 193 3558 1776 3632; baseline -0.003 -15"><span class='ocrx_word' id='word_1_280' title='bbox 193 3564 438 3618; x_wconf 84' lang='lat' dir='ltr'><strong>thesauri</strong></span> <span class='ocrx_word' id='word_1_281' title='bbox 523 3563 818 3632; x_wconf 86' lang='lat' dir='ltr'><strong>sapientiae</strong></span> <span class='ocrx_word' id='word_1_282' title='bbox 887 3571 942 3616; x_wconf 89' lang='lat' dir='ltr'><strong>et</strong></span> <span class='ocrx_word' id='word_1_283' title='bbox 1016 3560 1277 3615; x_wconf 86' lang='lat' dir='ltr'><strong>scientiae</strong></span> <span class='ocrx_word' id='word_1_284' title='bbox 1349 3567 1477 3614; x_wconf 91' lang='lat' dir='ltr'><strong>sunt</strong></span> <span class='ocrx_word' id='word_1_285' title='bbox 1548 3558 1776 3614; x_wconf 84' lang='lat' dir='ltr'><strong>abscon-</strong></span> 
     </span>
    </p>
   </div>
   <div class='ocr_carea' id='block_1_40' title="bbox 193 3652 1774 3724">
    <p class='ocr_par' dir='ltr' id='par_1_40' title="bbox 193 3652 1774 3724">
     <span class='ocr_line' id='line_1_40' title="bbox 193 3652 1774 3724; baseline -0.003 -12"><span class='ocrx_word' id='word_1_286' title='bbox 193 3659 293 3712; x_wconf 89' lang='lat' dir='ltr'><strong>diti</strong></span> <span class='ocrx_word' id='word_1_287' title='bbox 325 3666 371 3709; x_wconf 72' lang='grc' dir='ltr'><strong>ε.</strong></span> <span class='ocrx_word' id='word_1_288' title='bbox 409 3656 619 3710; x_wconf 86' lang='lat' dir='ltr'><strong>Etenim</strong></span> <span class='ocrx_word' id='word_1_289' title='bbox 647 3663 1040 3724; x_wconf 83' lang='lat' dir='ltr'><strong>consequenter</strong></span> <span class='ocrx_word' id='word_1_290' title='bbox 1062 3655 1146 3708; x_wconf 87' lang='lat' dir='ltr'><strong>his</strong></span> <span class='ocrx_word' id='word_1_291' title='bbox 1167 3652 1278 3722; x_wconf 86' lang='lat' dir='ltr'><strong>jam</strong></span> <span class='ocrx_word' id='word_1_292' title='bbox 1313 3654 1624 3723; x_wconf 83' lang='lat' dir='ltr'><strong>praedictis,</strong></span> <span class='ocrx_word' id='word_1_293' title='bbox 1654 3653 1774 3723; x_wconf 88' lang='lat' dir='ltr'><strong>plus</strong></span> 
     </span>
    </p>
   </div>
   <div class='ocr_carea' id='block_1_41' title="bbox 191 3746 1772 3817">
    <p class='ocr_par' dir='ltr' id='par_1_41' title="bbox 191 3746 1772 3817">
     <span class='ocr_line' id='line_1_41' title="bbox 191 3746 1772 3817; baseline -0.002 -16"><span class='ocrx_word' id='word_1_294' title='bbox 191 3763 358 3817; x_wconf 85' lang='lat' dir='ltr'><strong>quam</strong></span> <span class='ocrx_word' id='word_1_295' title='bbox 388 3747 604 3816; x_wconf 87' lang='lat' dir='ltr'><strong>sapiens</strong></span> <span class='ocrx_word' id='word_1_296' title='bbox 628 3755 683 3802; x_wconf 89' lang='lat' dir='ltr'><strong>et</strong></span> <span class='ocrx_word' id='word_1_297' title='bbox 711 3746 1108 3816; x_wconf 87' lang='lat' dir='ltr'><strong>sapientissima</strong></span> <span class='ocrx_word' id='word_1_298' title='bbox 1133 3753 1388 3808; x_wconf 86' lang='lat' dir='ltr'><strong>causa,et</strong></span> <span class='ocrx_word' id='word_1_299' title='bbox 1414 3761 1510 3815; x_wconf 91' lang='lat' dir='ltr'><strong>per</strong></span> <span class='ocrx_word' id='word_1_300' title='bbox 1537 3746 1772 3816; x_wconf 84' lang='lat' dir='ltr'><strong>seipsam</strong></span> 
     </span>
    </p>
   </div>
   <div class='ocr_carea' id='block_1_42' title="bbox 192 3835 1770 3910">
    <p class='ocr_par' dir='ltr' id='par_1_42' title="bbox 192 3835 1770 3910">
     <span class='ocr_line' id='line_1_42' title="bbox 192 3835 1770 3910; baseline -0.002 -17"><span class='ocrx_word' id='word_1_301' title='bbox 192 3839 512 3910; x_wconf 89' lang='lat' dir='ltr'><strong>sapientiae,</strong></span> <span class='ocrx_word' id='word_1_302' title='bbox 541 3847 596 3893; x_wconf 88' lang='lat' dir='ltr'><strong>et</strong></span> <span class='ocrx_word' id='word_1_303' title='bbox 645 3837 824 3903; x_wconf 87' lang='lat' dir='ltr'><strong>totius,</strong></span> <span class='ocrx_word' id='word_1_304' title='bbox 853 3846 908 3892; x_wconf 92' lang='lat' dir='ltr'><strong>et</strong></span> <span class='ocrx_word' id='word_1_305' title='bbox 941 3835 1075 3903; x_wconf 82' lang='lat' dir='ltr'><strong>ejus,</strong></span> <span class='ocrx_word' id='word_1_306' title='bbox 1112 3851 1252 3906; x_wconf 92' lang='lat' dir='ltr'><strong>quae</strong></span> <span class='ocrx_word' id='word_1_307' title='bbox 1291 3851 1390 3905; x_wconf 90' lang='lat' dir='ltr'><strong>per</strong></span> <span class='ocrx_word' id='word_1_308' title='bbox 1434 3836 1643 3907; x_wconf 83' lang='lat' dir='ltr'><strong>singula</strong></span> <span class='ocrx_word' id='word_1_309' title='bbox 1667 3844 1770 3901; x_wconf 89' lang='lat' dir='ltr'><strong>est,</strong></span> 
     </span>
    </p>
   </div>
   <div class='ocr_carea' id='block_1_43' title="bbox 191 3923 1773 3998">
    <p class='ocr_par' dir='ltr' id='par_1_43' title="bbox 191 3923 1773 3998">
     <span class='ocr_line' id='line_1_43' title="bbox 191 3923 1773 3998; baseline -0.003 -12"><span class='ocrx_word' id='word_1_310' title='bbox 191 3923 520 3986; x_wconf 70' lang='lat' dir='ltr'><strong>substantial</strong></span> <span class='ocrx_word' id='word_1_311' title='bbox 569 3927 648 3984; x_wconf 87' lang='lat' dir='ltr'><strong>Ex</strong></span> <span class='ocrx_word' id='word_1_312' title='bbox 681 3930 792 3998; x_wconf 90' lang='lat' dir='ltr'><strong>ipsa</strong></span> <span class='ocrx_word' id='word_1_313' title='bbox 820 3928 1117 3983; x_wconf 85' lang='lat' dir='ltr'><strong>invisibiles</strong></span> <span class='ocrx_word' id='word_1_314' title='bbox 1146 3937 1200 3984; x_wconf 91' lang='lat' dir='ltr'><strong>et</strong></span> <span class='ocrx_word' id='word_1_315' title='bbox 1237 3927 1627 3983; x_wconf 88' lang='lat' dir='ltr'><strong>iutellectuales</strong></span> <span class='ocrx_word' id='word_1_316' title='bbox 1671 3943 1773 3981; x_wconf 86' lang='lat' dir='ltr'><strong>an-</strong></span> 
     </span>
    </p>
   </div>
   <div class='ocr_carea' id='block_1_44' title="bbox 193 4020 1775 4094">
    <p class='ocr_par' dir='ltr' id='par_1_44' title="bbox 193 4020 1775 4094">
     <span class='ocr_line' id='line_1_44' title="bbox 193 4020 1775 4094; baseline -0.001 -17"><span class='ocrx_word' id='word_1_317' title='bbox 193 4022 491 4094; x_wconf 88' lang='lat' dir='ltr'><strong>gelicorum</strong></span> <span class='ocrx_word' id='word_1_318' title='bbox 553 4022 855 4077; x_wconf 89' lang='lat' dir='ltr'><strong>animorum</strong></span> <span class='ocrx_word' id='word_1_319' title='bbox 905 4021 1134 4076; x_wconf 85' lang='lat' dir='ltr'><strong>virtutes</strong></span> <span class='ocrx_word' id='word_1_320' title='bbox 1181 4020 1402 4090; x_wconf 88' lang='lat' dir='ltr'><strong>simplas</strong></span> <span class='ocrx_word' id='word_1_321' title='bbox 1458 4030 1516 4074; x_wconf 90' lang='lat' dir='ltr'><strong>et</strong></span> <span class='ocrx_word' id='word_1_322' title='bbox 1583 4020 1775 4076; x_wconf 81' lang='lat' dir='ltr'><strong>beatas</strong></span> 
     </span>
    </p>
   </div>
   <div class='ocr_carea' id='block_1_45' title="bbox 194 4112 1776 4185">
    <p class='ocr_par' dir='ltr' id='par_1_45' title="bbox 194 4112 1776 4185">
     <span class='ocr_line' id='line_1_45' title="bbox 194 4112 1776 4185; baseline -0.001 -16"><span class='ocrx_word' id='word_1_323' title='bbox 194 4113 399 4170; x_wconf 84' lang='lat' dir='ltr'><strong>habent</strong></span> <span class='ocrx_word' id='word_1_324' title='bbox 428 4113 826 4185; x_wconf 85' lang='lat' dir='ltr'><strong>intelligentias,</strong></span> <span class='ocrx_word' id='word_1_325' title='bbox 858 4128 962 4167; x_wconf 90' lang='lat' dir='ltr'><strong>non</strong></span> <span class='ocrx_word' id='word_1_326' title='bbox 1013 4113 1064 4166; x_wconf 90' lang='lat' dir='ltr'><strong>in</strong></span> <span class='ocrx_word' id='word_1_327' title='bbox 1097 4112 1309 4182; x_wconf 90' lang='lat' dir='ltr'><strong>partitis</strong></span> <span class='ocrx_word' id='word_1_328' title='bbox 1353 4121 1446 4166; x_wconf 89' lang='lat' dir='ltr'><strong>aut</strong></span> <span class='ocrx_word' id='word_1_329' title='bbox 1496 4127 1527 4166; x_wconf 92' lang='lat' dir='ltr'><strong>a</strong></span> <span class='ocrx_word' id='word_1_330' title='bbox 1563 4112 1776 4182; x_wconf 87' lang='lat' dir='ltr'><strong>partitis</strong></span> 
     </span>
    </p>
   </div>
   <div class='ocr_carea' id='block_1_46' title="bbox 194 4202 1776 4275">
    <p class='ocr_par' dir='ltr' id='par_1_46' title="bbox 194 4202 1776 4275">
     <span class='ocr_line' id='line_1_46' title="bbox 194 4202 1776 4275; baseline -0.001 -17"><span class='ocrx_word' id='word_1_331' title='bbox 194 4213 294 4260; x_wconf 82' lang='lat' dir='ltr'><strong>aut</strong></span> <span class='ocrx_word' id='word_1_332' title='bbox 353 4204 599 4260; x_wconf 89' lang='lat' dir='ltr'><strong>sensibus</strong></span> <span class='ocrx_word' id='word_1_333' title='bbox 635 4214 729 4258; x_wconf 88' lang='lat' dir='ltr'><strong>aut</strong></span> <span class='ocrx_word' id='word_1_334' title='bbox 763 4204 1060 4258; x_wconf 63' lang='lat' dir='ltr'><strong>rationibus</strong></span> <span class='ocrx_word' id='word_1_335' title='bbox 1110 4202 1482 4257; x_wconf 85' lang='lat' dir='ltr'><strong>artificialibus</strong></span> <span class='ocrx_word' id='word_1_336' title='bbox 1516 4203 1776 4275; x_wconf 78' lang='lat' dir='ltr'><strong>colligen-</strong></span> 
     </span>
    </p>
   </div>
   <div class='ocr_carea' id='block_1_47' title="bbox 196 4296 1773 4365">
    <p class='ocr_par' dir='ltr' id='par_1_47' title="bbox 196 4296 1773 4365">
     <span class='ocr_line' id='line_1_47' title="bbox 196 4296 1773 4365; baseline 0 -15"><span class='ocrx_word' id='word_1_337' title='bbox 196 4304 282 4351; x_wconf 88' lang='lat' dir='ltr'><strong>tes</strong></span> <span class='ocrx_word' id='word_1_338' title='bbox 351 4297 586 4351; x_wconf 82' lang='lat' dir='ltr'><strong>divinam</strong></span> <span class='ocrx_word' id='word_1_339' title='bbox 651 4296 952 4359; x_wconf 88' lang='lat' dir='ltr'><strong>scicntiam,</strong></span> <span class='ocrx_word' id='word_1_340' title='bbox 1019 4308 1194 4364; x_wconf 87' lang='lat' dir='ltr'><strong>neque</strong></span> <span class='ocrx_word' id='word_1_341' title='bbox 1237 4311 1267 4349; x_wconf 91' lang='lat' dir='ltr'><strong>a</strong></span> <span class='ocrx_word' id='word_1_342' title='bbox 1329 4297 1562 4365; x_wconf 86' lang='lat' dir='ltr'><strong>quadam</strong></span> <span class='ocrx_word' id='word_1_343' title='bbox 1633 4310 1773 4351; x_wconf 92' lang='lat' dir='ltr'><strong>com-</strong></span> 
     </span>
    </p>
   </div>
   <div class='ocr_carea' id='block_1_48' title="bbox 195 4385 1773 4456">
    <p class='ocr_par' dir='ltr' id='par_1_48' title="bbox 195 4385 1773 4456">
     <span class='ocr_line' id='line_1_48' title="bbox 195 4385 1773 4456; baseline 0 -16"><span class='ocrx_word' id='word_1_344' title='bbox 195 4386 346 4440; x_wconf 89' lang='lat' dir='ltr'><strong>muni</strong></span> <span class='ocrx_word' id='word_1_345' title='bbox 374 4387 441 4440; x_wconf 92' lang='lat' dir='ltr'><strong>ad</strong></span> <span class='ocrx_word' id='word_1_346' title='bbox 474 4387 606 4442; x_wconf 91' lang='lat' dir='ltr'><strong>haec</strong></span> <span class='ocrx_word' id='word_1_347' title='bbox 626 4386 1067 4456; x_wconf 86' lang='lat' dir='ltr'><strong>comprehensae,</strong></span> <span class='ocrx_word' id='word_1_348' title='bbox 1097 4385 1241 4439; x_wconf 91' lang='lat' dir='ltr'><strong>omni</strong></span> <span class='ocrx_word' id='word_1_349' title='bbox 1289 4394 1468 4438; x_wconf 87' lang='lat' dir='ltr'><strong>autem</strong></span> <span class='ocrx_word' id='word_1_350' title='bbox 1509 4385 1773 4440; x_wconf 88' lang='lat' dir='ltr'><strong>materiali</strong></span> 
     </span>
    </p>
   </div>
   <div class='ocr_carea' id='block_1_49' title="bbox 1853 552 3426 624">
    <p class='ocr_par' dir='ltr' id='par_1_49' title="bbox 1853 552 3426 624">
     <span class='ocr_line' id='line_1_49' title="bbox 1853 552 3426 624; baseline -0.002 -14"><span class='ocrx_word' id='word_1_351' title='bbox 1853 559 2000 620; x_wconf 90' lang='lat' dir='ltr'><strong>bent,</strong></span> <span class='ocrx_word' id='word_1_352' title='bbox 2029 555 2321 610; x_wconf 82' lang='lat' dir='ltr'><strong>artiﬁciose</strong></span> <span class='ocrx_word' id='word_1_353' title='bbox 2348 553 2563 624; x_wconf 87' lang='lat' dir='ltr'><strong>quidem</strong></span> <span class='ocrx_word' id='word_1_354' title='bbox 2590 564 2644 608; x_wconf 89' lang='lat' dir='ltr'><strong>et</strong></span> <span class='ocrx_word' id='word_1_355' title='bbox 2665 552 3004 608; x_wconf 88' lang='lat' dir='ltr'><strong>circulariter</strong></span> <span class='ocrx_word' id='word_1_356' title='bbox 3018 553 3163 608; x_wconf 87' lang='lat' dir='ltr'><strong>circa</strong></span> <span class='ocrx_word' id='word_1_357' title='bbox 3186 552 3426 608; x_wconf 77' lang='lat' dir='ltr'><strong>existen-</strong></span> 
     </span>
    </p>
   </div>
   <div class='ocr_carea' id='block_1_50' title="bbox 1854 646 3427 716">
    <p class='ocr_par' dir='ltr' id='par_1_50' title="bbox 1854 646 3427 716">
     <span class='ocr_line' id='line_1_50' title="bbox 1854 646 3427 716; baseline -0.001 -13"><span class='ocrx_word' id='word_1_358' title='bbox 1854 651 1986 704; x_wconf 86' lang='lat' dir='ltr'><strong>tium</strong></span> <span class='ocrx_word' id='word_1_359' title='bbox 2015 649 2297 704; x_wconf 84' lang='lat' dir='ltr'><strong>veritatem</strong></span> <span class='ocrx_word' id='word_1_360' title='bbox 2324 646 2750 712; x_wconf 87' lang='lat' dir='ltr'><strong>deambulantes,</strong></span> <span class='ocrx_word' id='word_1_361' title='bbox 2780 654 2835 701; x_wconf 88' lang='lat' dir='ltr'><strong>et</strong></span> <span class='ocrx_word' id='word_1_362' title='bbox 2859 647 3100 716; x_wconf 88' lang='lat' dir='ltr'><strong>partibili</strong></span> <span class='ocrx_word' id='word_1_363' title='bbox 3134 655 3191 701; x_wconf 91' lang='lat' dir='ltr'><strong>et</strong></span> <span class='ocrx_word' id='word_1_364' title='bbox 3208 646 3427 716; x_wconf 85' lang='lat' dir='ltr'><strong>copioso</strong></span> 
     </span>
    </p>
   </div>
   <div class='ocr_carea' id='block_1_51' title="bbox 1856 723 3425 794">
    <p class='ocr_par' dir='ltr' id='par_1_51' title="bbox 1856 723 3425 794">
     <span class='ocr_line' id='line_1_51' title="bbox 1856 723 3425 794; baseline -0.001 -2"><span class='ocrx_word' id='word_1_365' title='bbox 1856 739 2132 794; x_wconf 85' lang='lat' dir='ltr'><strong>varietatis</strong></span> <span class='ocrx_word' id='word_1_366' title='bbox 2172 723 2396 794; x_wconf 80' lang='lat' dir='ltr'><strong>relictae</strong></span> <span class='ocrx_word' id='word_1_367' title='bbox 2426 737 2786 794; x_wconf 90' lang='lat' dir='ltr'><strong>uniformibus</strong></span> <span class='ocrx_word' id='word_1_368' title='bbox 2833 737 3064 791; x_wconf 88' lang='lat' dir='ltr'><strong>animis:</strong></span> <span class='ocrx_word' id='word_1_369' title='bbox 3091 736 3382 792; x_wconf 87' lang='lat' dir='ltr'><strong>multorum</strong></span> <span class='ocrx_word' id='word_1_370' title='bbox 3403 737 3425 768; x_wconf 78' lang='grc' dir='ltr'><strong>τ</strong></span> 
     </span>
    </p>
   </div>
   <div class='ocr_carea' id='block_1_52' title="bbox 1856 827 3431 899">
    <p class='ocr_par' dir='ltr' id='par_1_52' title="bbox 1856 827 3431 899">
     <span class='ocr_line' id='line_1_52' title="bbox 1856 827 3431 899; baseline -0.001 -15"><span class='ocrx_word' id='word_1_371' title='bbox 1856 840 2033 885; x_wconf 91' lang='lat' dir='ltr'><strong>autem</strong></span> <span class='ocrx_word' id='word_1_372' title='bbox 2077 831 2135 884; x_wconf 87' lang='lat' dir='ltr'><strong>in</strong></span> <span class='ocrx_word' id='word_1_373' title='bbox 2162 845 2328 884; x_wconf 89' lang='lat' dir='ltr'><strong>unum</strong></span> <span class='ocrx_word' id='word_1_374' title='bbox 2364 827 2760 890; x_wconf 85' lang='lat' dir='ltr'><strong>convolutione,</strong></span> <span class='ocrx_word' id='word_1_375' title='bbox 2807 835 2861 881; x_wconf 92' lang='lat' dir='ltr'><strong>et</strong></span> <span class='ocrx_word' id='word_1_376' title='bbox 2891 828 2947 881; x_wconf 93' lang='lat' dir='ltr'><strong>in</strong></span> <span class='ocrx_word' id='word_1_377' title='bbox 2993 828 3306 899; x_wconf 78' lang='lat' dir='ltr'><strong>angelorum</strong></span> <span class='ocrx_word' id='word_1_378' title='bbox 3349 829 3431 884; x_wconf 87' lang='lat' dir='ltr'><strong>in-</strong></span> 
     </span>
    </p>
   </div>
   <div class='ocr_carea' id='block_1_53' title="bbox 1859 920 3428 992">
    <p class='ocr_par' dir='ltr' id='par_1_53' title="bbox 1859 920 3428 992">
     <span class='ocr_line' id='line_1_53' title="bbox 1859 920 3428 992; baseline 0 -16"><span class='ocrx_word' id='word_1_379' title='bbox 1859 923 2182 989; x_wconf 86' lang='lat' dir='ltr'><strong>tellectibus,</strong></span> <span class='ocrx_word' id='word_1_380' title='bbox 2207 921 2260 976; x_wconf 92' lang='lat' dir='ltr'><strong>in</strong></span> <span class='ocrx_word' id='word_1_381' title='bbox 2284 929 2540 992; x_wconf 87' lang='lat' dir='ltr'><strong>quantum</strong></span> <span class='ocrx_word' id='word_1_382' title='bbox 2564 920 2846 975; x_wconf 81' lang='lat' dir='ltr'><strong>animabus</strong></span> <span class='ocrx_word' id='word_1_383' title='bbox 2871 929 3054 989; x_wconf 88' lang='lat' dir='ltr'><strong>aptum</strong></span> <span class='ocrx_word' id='word_1_384' title='bbox 3070 929 3125 974; x_wconf 90' lang='lat' dir='ltr'><strong>et</strong></span> <span class='ocrx_word' id='word_1_385' title='bbox 3147 920 3428 990; x_wconf 89' lang='lat' dir='ltr'><strong>possibile,</strong></span> 
     </span>
    </p>
   </div>
   <div class='ocr_carea' id='block_1_54' title="bbox 1859 1010 3433 1083">
    <p class='ocr_par' dir='ltr' id='par_1_54' title="bbox 1859 1010 3433 1083">
     <span class='ocr_line' id='line_1_54' title="bbox 1859 1010 3433 1083; baseline 0.001 -17"><span class='ocrx_word' id='word_1_386' title='bbox 1859 1013 2051 1083; x_wconf 82' lang='lat' dir='ltr'><strong>dignae</strong></span> <span class='ocrx_word' id='word_1_387' title='bbox 2089 1012 2283 1067; x_wconf 88' lang='lat' dir='ltr'><strong>factae.</strong></span> <span class='ocrx_word' id='word_1_388' title='bbox 2333 1011 2438 1065; x_wconf 89' lang='lat' dir='ltr'><strong>Sed</strong></span> <span class='ocrx_word' id='word_1_389' title='bbox 2490 1018 2545 1065; x_wconf 90' lang='lat' dir='ltr'><strong>et</strong></span> <span class='ocrx_word' id='word_1_390' title='bbox 2593 1024 2786 1064; x_wconf 86' lang='lat' dir='ltr'><strong>sensus</strong></span> <span class='ocrx_word' id='word_1_391' title='bbox 2829 1010 2975 1078; x_wconf 88' lang='lat' dir='ltr'><strong>ipsos</strong></span> <span class='ocrx_word' id='word_1_392' title='bbox 3024 1025 3129 1065; x_wconf 89' lang='lat' dir='ltr'><strong>non</strong></span> <span class='ocrx_word' id='word_1_393' title='bbox 3185 1010 3433 1067; x_wconf 86' lang='lat' dir='ltr'><strong>fortassis</strong></span> 
     </span>
    </p>
   </div>
   <div class='ocr_carea' id='block_1_55' title="bbox 1858 1101 3432 1174">
    <p class='ocr_par' dir='ltr' id='par_1_55' title="bbox 1858 1101 3432 1174">
     <span class='ocr_line' id='line_1_55' title="bbox 1858 1101 3432 1174; baseline 0 -18"><span class='ocrx_word' id='word_1_394' title='bbox 1858 1103 1980 1173; x_wconf 92' lang='lat' dir='ltr'><strong>quis</strong></span> <span class='ocrx_word' id='word_1_395' title='bbox 2006 1102 2450 1174; x_wconf 88' lang='lat' dir='ltr'><strong>peccat,visionis</strong></span> <span class='ocrx_word' id='word_1_396' title='bbox 2479 1101 2774 1171; x_wconf 87' lang='lat' dir='ltr'><strong>sapientiae</strong></span> <span class='ocrx_word' id='word_1_397' title='bbox 2793 1101 3201 1156; x_wconf 88' lang='lat' dir='ltr'><strong>consonantiam</strong></span> <span class='ocrx_word' id='word_1_398' title='bbox 3225 1102 3432 1158; x_wconf 88' lang='lat' dir='ltr'><strong>dicens.</strong></span> 
     </span>
    </p>
   </div>
   <div class='ocr_carea' id='block_1_56' title="bbox 1858 1191 3436 1260">
    <p class='ocr_par' dir='ltr' id='par_1_56' title="bbox 1858 1191 3436 1260">
     <span class='ocr_line' id='line_1_56' title="bbox 1858 1191 3436 1260; baseline -0.001 -13"><span class='ocrx_word' id='word_1_399' title='bbox 1858 1194 1928 1247; x_wconf 87' lang='lat' dir='ltr'><strong>At</strong></span> <span class='ocrx_word' id='word_1_400' title='bbox 1954 1209 2082 1248; x_wconf 91' lang='lat' dir='ltr'><strong>vero</strong></span> <span class='ocrx_word' id='word_1_401' title='bbox 2108 1202 2162 1248; x_wconf 90' lang='lat' dir='ltr'><strong>et</strong></span> <span class='ocrx_word' id='word_1_402' title='bbox 2192 1192 2509 1246; x_wconf 89' lang='lat' dir='ltr'><strong>daemonius</strong></span> <span class='ocrx_word' id='word_1_403' title='bbox 2550 1192 2781 1256; x_wconf 90' lang='lat' dir='ltr'><strong>animus,</strong></span> <span class='ocrx_word' id='word_1_404' title='bbox 2826 1192 2869 1245; x_wconf 91' lang='lat' dir='ltr'><strong>si</strong></span> <span class='ocrx_word' id='word_1_405' title='bbox 2919 1191 3151 1258; x_wconf 86' lang='lat' dir='ltr'><strong>animus,</strong></span> <span class='ocrx_word' id='word_1_406' title='bbox 3201 1207 3270 1247; x_wconf 84' lang='lat' dir='ltr'><strong>ex</strong></span> <span class='ocrx_word' id='word_1_407' title='bbox 3318 1193 3436 1260; x_wconf 89' lang='lat' dir='ltr'><strong>ipsa</strong></span> 
     </span>
    </p>
   </div>
   <div class='ocr_carea' id='block_1_57' title="bbox 1859 1274 3435 1351">
    <p class='ocr_par' dir='ltr' id='par_1_57' title="bbox 1859 1274 3435 1351">
     <span class='ocr_line' id='line_1_57' title="bbox 1859 1274 3435 1351; baseline -0.002 -14"><span class='ocrx_word' id='word_1_408' title='bbox 1859 1290 1979 1337; x_wconf 89' lang='lat' dir='ltr'><strong>est:</strong></span> <span class='ocrx_word' id='word_1_409' title='bbox 2021 1290 2280 1351; x_wconf 90' lang='lat' dir='ltr'><strong>quantum</strong></span> <span class='ocrx_word' id='word_1_410' title='bbox 2316 1291 2496 1336; x_wconf 89' lang='lat' dir='ltr'><strong>autem</strong></span> <span class='ocrx_word' id='word_1_411' title='bbox 2523 1280 2737 1335; x_wconf 82' lang='lat' dir='ltr'><strong>animus</strong></span> <span class='ocrx_word' id='word_1_412' title='bbox 2765 1289 2868 1344; x_wconf 88' lang='lat' dir='ltr'><strong>est,</strong></span> <span class='ocrx_word' id='word_1_413' title='bbox 2905 1282 2949 1335; x_wconf 91' lang='lat' dir='ltr'><strong>si</strong></span> <span class='ocrx_word' id='word_1_414' title='bbox 2978 1274 3190 1336; x_wconf 78' lang='lat' dir='ltr'><strong>ratione</strong></span> <span class='ocrx_word' id='word_1_415' title='bbox 3217 1281 3435 1350; x_wconf 90' lang='lat' dir='ltr'><strong>quidem</strong></span> 
     </span>
    </p>
   </div>
   <div class='ocr_carea' id='block_1_58' title="bbox 1861 1370 3434 1442">
    <p class='ocr_par' dir='ltr' id='par_1_58' title="bbox 1861 1370 3434 1442">
     <span class='ocr_line' id='line_1_58' title="bbox 1861 1370 3434 1442; baseline -0.001 -16"><span class='ocrx_word' id='word_1_416' title='bbox 1861 1372 1940 1426; x_wconf 90' lang='lat' dir='ltr'><strong>sic</strong></span> <span class='ocrx_word' id='word_1_417' title='bbox 1964 1372 2220 1442; x_wconf 90' lang='lat' dir='ltr'><strong>consequi</strong></span> <span class='ocrx_word' id='word_1_418' title='bbox 2259 1387 2366 1426; x_wconf 93' lang='lat' dir='ltr'><strong>non</strong></span> <span class='ocrx_word' id='word_1_419' title='bbox 2392 1371 2617 1441; x_wconf 88' lang='lat' dir='ltr'><strong>appetit,</strong></span> <span class='ocrx_word' id='word_1_420' title='bbox 2648 1384 2754 1425; x_wconf 90' lang='lat' dir='ltr'><strong>non</strong></span> <span class='ocrx_word' id='word_1_421' title='bbox 2779 1370 2990 1434; x_wconf 87' lang='lat' dir='ltr'><strong>videns,</strong></span> <span class='ocrx_word' id='word_1_422' title='bbox 3022 1385 3198 1439; x_wconf 90' lang='lat' dir='ltr'><strong>neque</strong></span> <span class='ocrx_word' id='word_1_423' title='bbox 3226 1370 3434 1435; x_wconf 87' lang='lat' dir='ltr'><strong>volens,</strong></span> 
     </span>
    </p>
   </div>
   <div class='ocr_carea' id='block_1_59' title="bbox 1863 1462 3438 1534">
    <p class='ocr_par' dir='ltr' id='par_1_59' title="bbox 1863 1462 3438 1534">
     <span class='ocr_line' id='line_1_59' title="bbox 1863 1462 3438 1534; baseline -0.002 -15"><span class='ocrx_word' id='word_1_424' title='bbox 1863 1480 2045 1520; x_wconf 90' lang='lat' dir='ltr'><strong>casum</strong></span> <span class='ocrx_word' id='word_1_425' title='bbox 2072 1464 2334 1534; x_wconf 89' lang='lat' dir='ltr'><strong>sapientia</strong></span> <span class='ocrx_word' id='word_1_426' title='bbox 2361 1465 2542 1534; x_wconf 87' lang='lat' dir='ltr'><strong>potius</strong></span> <span class='ocrx_word' id='word_1_427' title='bbox 2583 1477 2704 1518; x_wconf 91' lang='lat' dir='ltr'><strong>eum</strong></span> <span class='ocrx_word' id='word_1_428' title='bbox 2735 1462 3106 1518; x_wconf 85' lang='lat' dir='ltr'><strong>asscrendum.</strong></span> <span class='ocrx_word' id='word_1_429' title='bbox 3155 1463 3263 1518; x_wconf 93' lang='lat' dir='ltr'><strong>Sed</strong></span> <span class='ocrx_word' id='word_1_430' title='bbox 3306 1463 3438 1534; x_wconf 85' lang='lat' dir='ltr'><strong>quia</strong></span> 
     </span>
    </p>
   </div>
   <div class='ocr_carea' id='block_1_60' title="bbox 1862 1552 3439 1624">
    <p class='ocr_par' dir='ltr' id='par_1_60' title="bbox 1862 1552 3439 1624">
     <span class='ocr_line' id='line_1_60' title="bbox 1862 1552 3439 1624; baseline 0 -17"><span class='ocrx_word' id='word_1_431' title='bbox 1862 1554 2079 1623; x_wconf 85' lang='lat' dir='ltr'><strong>quidem</strong></span> <span class='ocrx_word' id='word_1_432' title='bbox 2107 1553 2402 1624; x_wconf 87' lang='lat' dir='ltr'><strong>sapientiae</strong></span> <span class='ocrx_word' id='word_1_433' title='bbox 2434 1553 2601 1624; x_wconf 90' lang='lat' dir='ltr'><strong>ipsius</strong></span> <span class='ocrx_word' id='word_1_434' title='bbox 2635 1560 2690 1608; x_wconf 92' lang='lat' dir='ltr'><strong>et</strong></span> <span class='ocrx_word' id='word_1_435' title='bbox 2737 1552 2928 1618; x_wconf 85' lang='lat' dir='ltr'><strong>totius,</strong></span> <span class='ocrx_word' id='word_1_436' title='bbox 2963 1561 3018 1607; x_wconf 91' lang='lat' dir='ltr'><strong>et</strong></span> <span class='ocrx_word' id='word_1_437' title='bbox 3044 1553 3223 1607; x_wconf 91' lang='lat' dir='ltr'><strong>omnis</strong></span> <span class='ocrx_word' id='word_1_438' title='bbox 3269 1552 3439 1607; x_wconf 88' lang='lat' dir='ltr'><strong>animi</strong></span> 
     </span>
    </p>
   </div>
   <div class='ocr_carea' id='block_1_61' title="bbox 1865 1642 3446 1713">
    <p class='ocr_par' dir='ltr' id='par_1_61' title="bbox 1865 1642 3446 1713">
     <span class='ocr_line' id='line_1_61' title="bbox 1865 1642 3446 1713; baseline -0.001 -13"><span class='ocrx_word' id='word_1_439' title='bbox 1865 1655 1920 1701; x_wconf 89' lang='lat' dir='ltr'><strong>et</strong></span> <span class='ocrx_word' id='word_1_440' title='bbox 1961 1645 2208 1709; x_wconf 84' lang='lat' dir='ltr'><strong>rationis,</strong></span> <span class='ocrx_word' id='word_1_441' title='bbox 2256 1653 2311 1699; x_wconf 91' lang='lat' dir='ltr'><strong>et</strong></span> <span class='ocrx_word' id='word_1_442' title='bbox 2361 1659 2554 1699; x_wconf 88' lang='lat' dir='ltr'><strong>sensus</strong></span> <span class='ocrx_word' id='word_1_443' title='bbox 2600 1643 2799 1708; x_wconf 88' lang='lat' dir='ltr'><strong>omnis,</strong></span> <span class='ocrx_word' id='word_1_444' title='bbox 2856 1642 3039 1697; x_wconf 81' lang='lat' dir='ltr'><strong>divina</strong></span> <span class='ocrx_word' id='word_1_445' title='bbox 3079 1643 3346 1713; x_wconf 86' lang='lat' dir='ltr'><strong>sapientia</strong></span> <span class='ocrx_word' id='word_1_446' title='bbox 3388 1652 3446 1698; x_wconf 79' lang='lat' dir='ltr'><strong>et</strong></span> 
     </span>
    </p>
   </div>
   <div class='ocr_carea' id='block_1_62' title="bbox 1865 1733 3441 1806">
    <p class='ocr_par' dir='ltr' id='par_1_62' title="bbox 1865 1733 3441 1806">
     <span class='ocr_line' id='line_1_62' title="bbox 1865 1733 3441 1806; baseline -0.001 -16"><span class='ocrx_word' id='word_1_447' title='bbox 1865 1736 2186 1806; x_wconf 87' lang='lat' dir='ltr'><strong>principium</strong></span> <span class='ocrx_word' id='word_1_448' title='bbox 2213 1745 2267 1790; x_wconf 89' lang='lat' dir='ltr'><strong>et</strong></span> <span class='ocrx_word' id='word_1_449' title='bbox 2291 1741 2476 1800; x_wconf 88' lang='lat' dir='ltr'><strong>causa,</strong></span> <span class='ocrx_word' id='word_1_450' title='bbox 2503 1743 2559 1790; x_wconf 91' lang='lat' dir='ltr'><strong>et</strong></span> <span class='ocrx_word' id='word_1_451' title='bbox 2594 1735 2919 1800; x_wconf 85' lang='lat' dir='ltr'><strong>substantia,</strong></span> <span class='ocrx_word' id='word_1_452' title='bbox 2951 1743 3006 1790; x_wconf 89' lang='lat' dir='ltr'><strong>et</strong></span> <span class='ocrx_word' id='word_1_453' title='bbox 3025 1733 3441 1799; x_wconf 88' lang='lat' dir='ltr'><strong>consummatio,</strong></span> 
     </span>
    </p>
   </div>
   <div class='ocr_carea' id='block_1_63' title="bbox 2805 1819 3441 1894">
    <p class='ocr_par' dir='ltr' id='par_1_63' title="bbox 2805 1819 3441 1894">
     <span class='ocr_line' id='line_1_63' title="bbox 2805 1819 3441 1894; baseline 0.005 -17"><span class='ocrx_word' id='word_1_454' title='bbox 2805 1824 3074 1893; x_wconf 87' lang='lat' dir='ltr'><strong>quomodo</strong></span> <span class='ocrx_word' id='word_1_455' title='bbox 3116 1824 3232 1894; x_wconf 82' lang='lat' dir='ltr'><strong>ipse</strong></span> <span class='ocrx_word' id='word_1_456' title='bbox 3278 1819 3441 1889; x_wconf 86' lang='lat' dir='ltr'><strong>Deus.</strong></span> 
     </span>
    </p>
   </div>
   <div class='ocr_carea' id='block_1_64' title="bbox 1869 1914 3447 1986">
    <p class='ocr_par' dir='ltr' id='par_1_64' title="bbox 1869 1914 3447 1986">
     <span class='ocr_line' id='line_1_64' title="bbox 1869 1914 3447 1986; baseline -0.001 -16"><span class='ocrx_word' id='word_1_457' title='bbox 1869 1916 1960 1986; x_wconf 89' lang='lat' dir='ltr'><strong>qui</strong></span> <span class='ocrx_word' id='word_1_458' title='bbox 1995 1925 2076 1972; x_wconf 87' lang='lat' dir='ltr'><strong>est</strong></span> <span class='ocrx_word' id='word_1_459' title='bbox 2123 1916 2242 1986; x_wconf 86' lang='lat' dir='ltr'><strong>plus</strong></span> <span class='ocrx_word' id='word_1_460' title='bbox 2282 1929 2443 1984; x_wconf 89' lang='lat' dir='ltr'><strong>quam</strong></span> <span class='ocrx_word' id='word_1_461' title='bbox 2472 1914 2709 1984; x_wconf 88' lang='lat' dir='ltr'><strong>sapiens,</strong></span> <span class='ocrx_word' id='word_1_462' title='bbox 2756 1914 3018 1984; x_wconf 80' lang='lat' dir='ltr'><strong>sapientia</strong></span> <span class='ocrx_word' id='word_1_463' title='bbox 3054 1923 3111 1970; x_wconf 79' lang='lat' dir='ltr'><strong>et</strong></span> <span class='ocrx_word' id='word_1_464' title='bbox 3143 1915 3356 1970; x_wconf 89' lang='lat' dir='ltr'><strong>animus</strong></span> <span class='ocrx_word' id='word_1_465' title='bbox 3391 1925 3447 1969; x_wconf 90' lang='lat' dir='ltr'><strong>et</strong></span> 
     </span>
    </p>
   </div>
   <div class='ocr_carea' id='block_1_65' title="bbox 1872 2002 3446 2076">
    <p class='ocr_par' dir='ltr' id='par_1_65' title="bbox 1872 2002 3446 2076">
     <span class='ocr_line' id='line_1_65' title="bbox 1872 2002 3446 2076; baseline -0.001 -17"><span class='ocrx_word' id='word_1_466' title='bbox 1872 2005 2012 2059; x_wconf 90' lang='lat' dir='ltr'><strong>ratio</strong></span> <span class='ocrx_word' id='word_1_467' title='bbox 2045 2014 2101 2059; x_wconf 87' lang='lat' dir='ltr'><strong>et</strong></span> <span class='ocrx_word' id='word_1_468' title='bbox 2127 2004 2374 2075; x_wconf 79' lang='lat' dir='ltr'><strong>cognitor</strong></span> <span class='ocrx_word' id='word_1_469' title='bbox 2395 2003 2679 2058; x_wconf 84' lang='lat' dir='ltr'><strong>laudatur?</strong></span> <span class='ocrx_word' id='word_1_470' title='bbox 2708 2002 2988 2069; x_wconf 76' lang='lat' dir='ltr'><strong>Quomodo</strong></span> <span class='ocrx_word' id='word_1_471' title='bbox 3010 2005 3154 2059; x_wconf 85' lang='lat' dir='ltr'><strong>enim</strong></span> <span class='ocrx_word' id='word_1_472' title='bbox 3187 2004 3446 2076; x_wconf 89' lang='lat' dir='ltr'><strong>intelliget</strong></span> 
     </span>
    </p>
   </div>
   <div class='ocr_carea' id='block_1_66' title="bbox 1871 2081 3447 2167">
    <p class='ocr_par' dir='ltr' id='par_1_66' title="bbox 1871 2081 3447 2167">
     <span class='ocr_line' id='line_1_66' title="bbox 1871 2081 3447 2167; baseline 0.001 -18"><span class='ocrx_word' id='word_1_473' title='bbox 1871 2098 1998 2167; x_wconf 85' lang='lat' dir='ltr'><strong>quid</strong></span> <span class='ocrx_word' id='word_1_474' title='bbox 2026 2081 2395 2162; x_wconf 80' lang='lat' dir='ltr'><strong>invisibilium,</strong></span> <span class='ocrx_word' id='word_1_475' title='bbox 2445 2109 2550 2150; x_wconf 90' lang='lat' dir='ltr'><strong>non</strong></span> <span class='ocrx_word' id='word_1_476' title='bbox 2605 2095 2810 2150; x_wconf 83' lang='lat' dir='ltr'><strong>habens</strong></span> <span class='ocrx_word' id='word_1_477' title='bbox 2836 2096 3231 2152; x_wconf 85' lang='lat' dir='ltr'><strong>intellectuales</strong></span> <span class='ocrx_word' id='word_1_478' title='bbox 3255 2113 3447 2166; x_wconf 87' lang='lat' dir='ltr'><strong>opera-</strong></span> 
     </span>
    </p>
   </div>
   <div class='ocr_carea' id='block_1_67' title="bbox 1872 2185 3448 2257">
    <p class='ocr_par' dir='ltr' id='par_1_67' title="bbox 1872 2185 3448 2257">
     <span class='ocr_line' id='line_1_67' title="bbox 1872 2185 3448 2257; baseline 0.001 -15"><span class='ocrx_word' id='word_1_479' title='bbox 1872 2186 2078 2242; x_wconf 88' lang='lat' dir='ltr'><strong>tioues?</strong></span> <span class='ocrx_word' id='word_1_480' title='bbox 2130 2189 2239 2242; x_wconf 80' lang='lat' dir='ltr'><strong>Aut</strong></span> <span class='ocrx_word' id='word_1_481' title='bbox 2281 2185 2550 2255; x_wconf 91' lang='lat' dir='ltr'><strong>quomodo</strong></span> <span class='ocrx_word' id='word_1_482' title='bbox 2598 2191 2887 2257; x_wconf 81' lang='lat' dir='ltr'><strong>cognoscet</strong></span> <span class='ocrx_word' id='word_1_483' title='bbox 2936 2187 3250 2255; x_wconf 89' lang='lat' dir='ltr'><strong>sensibilia,</strong></span> <span class='ocrx_word' id='word_1_484' title='bbox 3299 2189 3448 2244; x_wconf 89' lang='lat' dir='ltr'><strong>omni</strong></span> 
     </span>
    </p>
   </div>
   <div class='ocr_carea' id='block_1_68' title="bbox 1871 2277 3454 2348">
    <p class='ocr_par' dir='ltr' id='par_1_68' title="bbox 1871 2277 3454 2348">
     <span class='ocr_line' id='line_1_68' title="bbox 1871 2277 3454 2348; baseline 0.002 -14"><span class='ocrx_word' id='word_1_485' title='bbox 1871 2278 2054 2334; x_wconf 86' lang='lat' dir='ltr'><strong>sensui</strong></span> <span class='ocrx_word' id='word_1_486' title='bbox 2104 2277 2602 2348; x_wconf 85' lang='lat' dir='ltr'><strong>supercollocatus?</strong></span> <span class='ocrx_word' id='word_1_487' title='bbox 2668 2277 2831 2348; x_wconf 85' lang='lat' dir='ltr'><strong>Atqui</strong></span> <span class='ocrx_word' id='word_1_488' title='bbox 2895 2278 3076 2334; x_wconf 91' lang='lat' dir='ltr'><strong>omnia</strong></span> <span class='ocrx_word' id='word_1_489' title='bbox 3130 2295 3255 2334; x_wconf 88' lang='lat' dir='ltr'><strong>eum</strong></span> <span class='ocrx_word' id='word_1_490' title='bbox 3309 2282 3454 2338; x_wconf 88' lang='lat' dir='ltr'><strong>scire</strong></span> 
     </span>
    </p>
   </div>
   <div class='ocr_carea' id='block_1_69' title="bbox 1872 2371 3447 2444">
    <p class='ocr_par' dir='ltr' id='par_1_69' title="bbox 1872 2371 3447 2444">
     <span class='ocr_line' id='line_1_69' title="bbox 1872 2371 3447 2444; baseline 0 -16"><span class='ocrx_word' id='word_1_491' title='bbox 1872 2375 2023 2429; x_wconf 90' lang='lat' dir='ltr'><strong>aiunt</strong></span> <span class='ocrx_word' id='word_1_492' title='bbox 2046 2373 2258 2444; x_wconf 89' lang='lat' dir='ltr'><strong>eloquia</strong></span> <span class='ocrx_word' id='word_1_493' title='bbox 2283 2371 2333 2440; x_wconf 74' lang='grc' dir='ltr'><strong>ά,</strong></span> <span class='ocrx_word' id='word_1_494' title='bbox 2361 2383 2415 2428; x_wconf 92' lang='lat' dir='ltr'><strong>et</strong></span> <span class='ocrx_word' id='word_1_495' title='bbox 2440 2373 2573 2428; x_wconf 89' lang='lat' dir='ltr'><strong>nihil</strong></span> <span class='ocrx_word' id='word_1_496' title='bbox 2600 2371 2838 2444; x_wconf 82' lang='lat' dir='ltr'><strong>effugere</strong></span> <span class='ocrx_word' id='word_1_497' title='bbox 2861 2374 3096 2429; x_wconf 78' lang='lat' dir='ltr'><strong>divinam</strong></span> <span class='ocrx_word' id='word_1_498' title='bbox 3119 2375 3400 2430; x_wconf 88' lang='lat' dir='ltr'><strong>scientiam</strong></span> <span class='ocrx_word' id='word_1_499' title='bbox 3433 2394 3447 2428; x_wconf 93' lang='lat'>:</span> 
     </span>
    </p>
   </div>
   <div class='ocr_carea' id='block_1_70' title="bbox 1873 2463 3455 2534">
    <p class='ocr_par' dir='ltr' id='par_1_70' title="bbox 1873 2463 3455 2534">
     <span class='ocr_line' id='line_1_70' title="bbox 1873 2463 3455 2534; baseline 0.001 -15"><span class='ocrx_word' id='word_1_500' title='bbox 1873 2465 1966 2520; x_wconf 89' lang='lat' dir='ltr'><strong>sed</strong></span> <span class='ocrx_word' id='word_1_501' title='bbox 2011 2465 2152 2534; x_wconf 88' lang='lat' dir='ltr'><strong>quod</strong></span> <span class='ocrx_word' id='word_1_502' title='bbox 2185 2464 2402 2534; x_wconf 89' lang='lat' dir='ltr'><strong>quidem</strong></span> <span class='ocrx_word' id='word_1_503' title='bbox 2453 2463 2686 2519; x_wconf 81' lang='lat' dir='ltr'><strong>diximus</strong></span> <span class='ocrx_word' id='word_1_504' title='bbox 2730 2478 2926 2533; x_wconf 87' lang='lat' dir='ltr'><strong>saepe,</strong></span> <span class='ocrx_word' id='word_1_505' title='bbox 2967 2465 3148 2519; x_wconf 88' lang='lat' dir='ltr'><strong>divina</strong></span> <span class='ocrx_word' id='word_1_506' title='bbox 3194 2465 3455 2521; x_wconf 85' lang='lat' dir='ltr'><strong>divinitus</strong></span> 
     </span>
    </p>
   </div>
   <div class='ocr_carea' id='block_1_71' title="bbox 1873 2554 3454 2626">
    <p class='ocr_par' dir='ltr' id='par_1_71' title="bbox 1873 2554 3454 2626">
     <span class='ocr_line' id='line_1_71' title="bbox 1873 2554 3454 2626; baseline -0.001 -15"><span class='ocrx_word' id='word_1_507' title='bbox 1873 2555 2302 2626; x_wconf 90' lang='lat' dir='ltr'><strong>intelligendum.</strong></span> <span class='ocrx_word' id='word_1_508' title='bbox 2348 2555 2466 2609; x_wconf 89' lang='lat' dir='ltr'><strong>Non</strong></span> <span class='ocrx_word' id='word_1_509' title='bbox 2512 2554 2870 2610; x_wconf 87' lang='lat' dir='ltr'><strong>intellectuale</strong></span> <span class='ocrx_word' id='word_1_510' title='bbox 2907 2556 3052 2610; x_wconf 87' lang='lat' dir='ltr'><strong>enim</strong></span> <span class='ocrx_word' id='word_1_511' title='bbox 3090 2564 3148 2610; x_wconf 88' lang='lat' dir='ltr'><strong>et</strong></span> <span class='ocrx_word' id='word_1_512' title='bbox 3189 2571 3296 2611; x_wconf 89' lang='lat' dir='ltr'><strong>non</strong></span> <span class='ocrx_word' id='word_1_513' title='bbox 3325 2570 3454 2610; x_wconf 89' lang='lat' dir='ltr'><strong>sen-</strong></span> 
     </span>
    </p>
   </div>
   <div class='ocr_carea' id='block_1_72' title="bbox 1871 2646 3453 2717">
    <p class='ocr_par' dir='ltr' id='par_1_72' title="bbox 1871 2646 3453 2717">
     <span class='ocr_line' id='line_1_72' title="bbox 1871 2646 3453 2717; baseline -0.001 -14"><span class='ocrx_word' id='word_1_514' title='bbox 1871 2647 2047 2713; x_wconf 90' lang='lat' dir='ltr'><strong>suale,</strong></span> <span class='ocrx_word' id='word_1_515' title='bbox 2075 2662 2172 2717; x_wconf 90' lang='lat' dir='ltr'><strong>per</strong></span> <span class='ocrx_word' id='word_1_516' title='bbox 2195 2646 2593 2713; x_wconf 76' lang='lat' dir='ltr'><strong>excellentiam,</strong></span> <span class='ocrx_word' id='word_1_517' title='bbox 2623 2661 2729 2701; x_wconf 91' lang='lat' dir='ltr'><strong>non</strong></span> <span class='ocrx_word' id='word_1_518' title='bbox 2775 2661 2875 2716; x_wconf 90' lang='lat' dir='ltr'><strong>per</strong></span> <span class='ocrx_word' id='word_1_519' title='bbox 2915 2647 3203 2712; x_wconf 88' lang='lat' dir='ltr'><strong>defectum,</strong></span> <span class='ocrx_word' id='word_1_520' title='bbox 3237 2647 3290 2702; x_wconf 93' lang='lat' dir='ltr'><strong>in</strong></span> <span class='ocrx_word' id='word_1_521' title='bbox 3340 2649 3453 2702; x_wconf 88' lang='lat' dir='ltr'><strong>Deo</strong></span> 
     </span>
    </p>
   </div>
   <div class='ocr_carea' id='block_1_73' title="bbox 1872 2735 3454 2810">
    <p class='ocr_par' dir='ltr' id='par_1_73' title="bbox 1872 2735 3454 2810">
     <span class='ocr_line' id='line_1_73' title="bbox 1872 2735 3454 2810; baseline 0 -18"><span class='ocrx_word' id='word_1_522' title='bbox 1872 2737 2231 2792; x_wconf 90' lang='lat' dir='ltr'><strong>ordinandum</strong></span> <span class='ocrx_word' id='word_1_523' title='bbox 2263 2757 2275 2790; x_wconf 91' lang='lat'><strong>:</strong></span> <span class='ocrx_word' id='word_1_524' title='bbox 2308 2735 2450 2793; x_wconf 91' lang='lat' dir='ltr'><strong>sicut</strong></span> <span class='ocrx_word' id='word_1_525' title='bbox 2472 2745 2530 2792; x_wconf 88' lang='lat' dir='ltr'><strong>et</strong></span> <span class='ocrx_word' id='word_1_526' title='bbox 2561 2737 2872 2792; x_wconf 87' lang='lat' dir='ltr'><strong>irrationale</strong></span> <span class='ocrx_word' id='word_1_527' title='bbox 2899 2738 3236 2809; x_wconf 90' lang='lat' dir='ltr'><strong>reposuimus</strong></span> <span class='ocrx_word' id='word_1_528' title='bbox 3258 2737 3330 2803; x_wconf 90' lang='lat' dir='ltr'><strong>ei,</strong></span> <span class='ocrx_word' id='word_1_529' title='bbox 3355 2738 3454 2810; x_wconf 84' lang='lat' dir='ltr'><strong>qui</strong></span> 
     </span>
    </p>
   </div>
   <div class='ocr_carea' id='block_1_74' title="bbox 1872 2828 3453 2900">
    <p class='ocr_par' dir='ltr' id='par_1_74' title="bbox 1872 2828 3453 2900">
     <span class='ocr_line' id='line_1_74' title="bbox 1872 2828 3453 2900; baseline -0.001 -14"><span class='ocrx_word' id='word_1_530' title='bbox 1872 2838 1956 2886; x_wconf 88' lang='lat' dir='ltr'><strong>est</strong></span> <span class='ocrx_word' id='word_1_531' title='bbox 1985 2843 2148 2900; x_wconf 89' lang='lat' dir='ltr'><strong>super</strong></span> <span class='ocrx_word' id='word_1_532' title='bbox 2178 2829 2462 2894; x_wconf 91' lang='lat' dir='ltr'><strong>rationem,</strong></span> <span class='ocrx_word' id='word_1_533' title='bbox 2518 2837 2574 2883; x_wconf 89' lang='lat' dir='ltr'><strong>et</strong></span> <span class='ocrx_word' id='word_1_534' title='bbox 2608 2828 3074 2898; x_wconf 91' lang='lat' dir='ltr'><strong>imperfectionem</strong></span> <span class='ocrx_word' id='word_1_535' title='bbox 3129 2829 3250 2900; x_wconf 91' lang='lat' dir='ltr'><strong>plus</strong></span> <span class='ocrx_word' id='word_1_536' title='bbox 3291 2845 3453 2900; x_wconf 90' lang='lat' dir='ltr'><strong>quam</strong></span> 
     </span>
    </p>
   </div>
   <div class='ocr_carea' id='block_1_75' title="bbox 1873 2917 3449 2991">
    <p class='ocr_par' dir='ltr' id='par_1_75' title="bbox 1873 2917 3449 2991">
     <span class='ocr_line' id='line_1_75' title="bbox 1873 2917 3449 2991; baseline -0.001 -16"><span class='ocrx_word' id='word_1_537' title='bbox 1873 2919 2117 2991; x_wconf 88' lang='lat' dir='ltr'><strong>perfecto</strong></span> <span class='ocrx_word' id='word_1_538' title='bbox 2145 2927 2199 2975; x_wconf 88' lang='lat' dir='ltr'><strong>et</strong></span> <span class='ocrx_word' id='word_1_539' title='bbox 2220 2928 2347 2975; x_wconf 89' lang='lat' dir='ltr'><strong>ante</strong></span> <span class='ocrx_word' id='word_1_540' title='bbox 2373 2917 2636 2990; x_wconf 80' lang='lat' dir='ltr'><strong>perfecto,</strong></span> <span class='ocrx_word' id='word_1_541' title='bbox 2665 2929 2720 2974; x_wconf 90' lang='lat' dir='ltr'><strong>et</strong></span> <span class='ocrx_word' id='word_1_542' title='bbox 2746 2921 3002 2975; x_wconf 86' lang='lat' dir='ltr'><strong>intactam</strong></span> <span class='ocrx_word' id='word_1_543' title='bbox 3029 2929 3085 2975; x_wconf 90' lang='lat' dir='ltr'><strong>et</strong></span> <span class='ocrx_word' id='word_1_544' title='bbox 3123 2921 3449 2977; x_wconf 79' lang='lat' dir='ltr'><strong>invisibilem</strong></span> 
     </span>
    </p>
   </div>
   <div class='ocr_carea' id='block_1_76' title="bbox 1873 3011 3461 3082">
    <p class='ocr_par' dir='ltr' id='par_1_76' title="bbox 1873 3011 3461 3082">
     <span class='ocr_line' id='line_1_76' title="bbox 1873 3011 3461 3082; baseline 0 -14"><span class='ocrx_word' id='word_1_545' title='bbox 1873 3011 2159 3082; x_wconf 86' lang='lat' dir='ltr'><strong>caliginem</strong></span> <span class='ocrx_word' id='word_1_546' title='bbox 2209 3011 2316 3067; x_wconf 90' lang='lat' dir='ltr'><strong>luci</strong></span> <span class='ocrx_word' id='word_1_547' title='bbox 2355 3011 2711 3066; x_wconf 90' lang='lat' dir='ltr'><strong>inaccessibili</strong></span> <span class='ocrx_word' id='word_1_548' title='bbox 2740 3026 2835 3082; x_wconf 89' lang='lat' dir='ltr'><strong>per</strong></span> <span class='ocrx_word' id='word_1_549' title='bbox 2871 3011 3244 3067; x_wconf 83' lang='lat' dir='ltr'><strong>excellentiam</strong></span> <span class='ocrx_word' id='word_1_550' title='bbox 3272 3013 3461 3068; x_wconf 87' lang='lat' dir='ltr'><strong>invisi-</strong></span> 
     </span>
    </p>
   </div>
   <div class='ocr_carea' id='block_1_77' title="bbox 1876 3102 3452 3174">
    <p class='ocr_par' dir='ltr' id='par_1_77' title="bbox 1876 3102 3452 3174">
     <span class='ocr_line' id='line_1_77' title="bbox 1876 3102 3452 3174; baseline 0.002 -15"><span class='ocrx_word' id='word_1_551' title='bbox 1876 3105 1997 3160; x_wconf 83' lang='lat' dir='ltr'><strong>bilis</strong></span> <span class='ocrx_word' id='word_1_552' title='bbox 2022 3102 2258 3159; x_wconf 91' lang='lat' dir='ltr'><strong>Iuminis.</strong></span> <span class='ocrx_word' id='word_1_553' title='bbox 2302 3104 2486 3174; x_wconf 89' lang='lat' dir='ltr'><strong>Itaque</strong></span> <span class='ocrx_word' id='word_1_554' title='bbox 2507 3105 2720 3160; x_wconf 83' lang='lat' dir='ltr'><strong>divinus</strong></span> <span class='ocrx_word' id='word_1_555' title='bbox 2751 3105 2963 3160; x_wconf 89' lang='lat' dir='ltr'><strong>animus</strong></span> <span class='ocrx_word' id='word_1_556' title='bbox 2985 3107 3168 3160; x_wconf 91' lang='lat' dir='ltr'><strong>omnia</strong></span> <span class='ocrx_word' id='word_1_557' title='bbox 3191 3107 3452 3171; x_wconf 75' lang='lat' dir='ltr'><strong>continet,</strong></span> 
     </span>
    </p>
   </div>
   <div class='ocr_carea' id='block_1_78' title="bbox 1799 3167 3454 3265">
    <p class='ocr_par' dir='ltr' id='par_1_78' title="bbox 1799 3167 3454 3265">
     <span class='ocr_line' id='line_1_78' title="bbox 1799 3167 3454 3265; baseline -0.001 -12"><span class='ocrx_word' id='word_1_558' title='bbox 1799 3167 1844 3231; x_wconf 79' lang='lat' dir='ltr'>C</span> <span class='ocrx_word' id='word_1_559' title='bbox 1875 3197 2128 3253; x_wconf 91' lang='lat' dir='ltr'><strong>omnibus</strong></span> <span class='ocrx_word' id='word_1_560' title='bbox 2155 3205 2363 3252; x_wconf 85' lang='lat' dir='ltr'><strong>remota</strong></span> <span class='ocrx_word' id='word_1_561' title='bbox 2394 3197 2644 3262; x_wconf 86' lang='lat' dir='ltr'><strong>scientia,</strong></span> <span class='ocrx_word' id='word_1_562' title='bbox 2668 3194 2822 3265; x_wconf 83' lang='lat' dir='ltr'><strong>juxta</strong></span> <span class='ocrx_word' id='word_1_563' title='bbox 2854 3196 3096 3250; x_wconf 89' lang='lat' dir='ltr'><strong>omnium</strong></span> <span class='ocrx_word' id='word_1_564' title='bbox 3123 3212 3366 3262; x_wconf 88' lang='lat' dir='ltr'><strong>causam,</strong></span> <span class='ocrx_word' id='word_1_565' title='bbox 3400 3197 3454 3252; x_wconf 91' lang='lat' dir='ltr'><strong>in</strong></span> 
     </span>
    </p>
   </div>
   <div class='ocr_carea' id='block_1_79' title="bbox 1872 3287 3455 3360">
    <p class='ocr_par' dir='ltr' id='par_1_79' title="bbox 1872 3287 3455 3360">
     <span class='ocr_line' id='line_1_79' title="bbox 1872 3287 3455 3360; baseline -0.001 -14"><span class='ocrx_word' id='word_1_566' title='bbox 1872 3289 2052 3359; x_wconf 83' lang='lat' dir='ltr'><strong>seipse</strong></span> <span class='ocrx_word' id='word_1_567' title='bbox 2074 3289 2316 3344; x_wconf 82' lang='lat' dir='ltr'><strong>omnium</strong></span> <span class='ocrx_word' id='word_1_568' title='bbox 2345 3287 2628 3344; x_wconf 89' lang='lat' dir='ltr'><strong>scientiam</strong></span> <span class='ocrx_word' id='word_1_569' title='bbox 2663 3289 3061 3359; x_wconf 90' lang='lat' dir='ltr'><strong>praeambiens,</strong></span> <span class='ocrx_word' id='word_1_570' title='bbox 3105 3290 3256 3360; x_wconf 91' lang='lat' dir='ltr'><strong>prius</strong></span> <span class='ocrx_word' id='word_1_571' title='bbox 3291 3305 3455 3360; x_wconf 89' lang='lat' dir='ltr'><strong>quam</strong></span> 
     </span>
    </p>
   </div>
   <div class='ocr_carea' id='block_1_80' title="bbox 1874 3377 3454 3452">
    <p class='ocr_par' dir='ltr' id='par_1_80' title="bbox 1874 3377 3454 3452">
     <span class='ocr_line' id='line_1_80' title="bbox 1874 3377 3454 3452; baseline 0 -18"><span class='ocrx_word' id='word_1_572' title='bbox 1874 3380 2048 3452; x_wconf 89' lang='lat' dir='ltr'><strong>angeli</strong></span> <span class='ocrx_word' id='word_1_573' title='bbox 2083 3378 2296 3444; x_wconf 82' lang='lat' dir='ltr'><strong>flerent,</strong></span> <span class='ocrx_word' id='word_1_574' title='bbox 2328 3377 2506 3434; x_wconf 90' lang='lat' dir='ltr'><strong>sciens</strong></span> <span class='ocrx_word' id='word_1_575' title='bbox 2527 3387 2583 3433; x_wconf 89' lang='lat' dir='ltr'><strong>et</strong></span> <span class='ocrx_word' id='word_1_576' title='bbox 2606 3377 2876 3434; x_wconf 88' lang='lat' dir='ltr'><strong>adducens</strong></span> <span class='ocrx_word' id='word_1_577' title='bbox 2916 3379 3155 3451; x_wconf 86' lang='lat' dir='ltr'><strong>angelos,</strong></span> <span class='ocrx_word' id='word_1_578' title='bbox 3183 3388 3238 3434; x_wconf 90' lang='lat' dir='ltr'><strong>et</strong></span> <span class='ocrx_word' id='word_1_579' title='bbox 3271 3379 3454 3434; x_wconf 90' lang='lat' dir='ltr'><strong>omnia</strong></span> 
     </span>
    </p>
   </div>
   <div class='ocr_carea' id='block_1_81' title="bbox 1873 3469 3464 3542">
    <p class='ocr_par' dir='ltr' id='par_1_81' title="bbox 1873 3469 3464 3542">
     <span class='ocr_line' id='line_1_81' title="bbox 1873 3469 3464 3542; baseline 0 -16"><span class='ocrx_word' id='word_1_580' title='bbox 1873 3471 1978 3526; x_wconf 90' lang='lat' dir='ltr'><strong>alia</strong></span> <span class='ocrx_word' id='word_1_581' title='bbox 2007 3472 2074 3527; x_wconf 89' lang='lat' dir='ltr'><strong>ab</strong></span> <span class='ocrx_word' id='word_1_582' title='bbox 2095 3470 2240 3525; x_wconf 87' lang='lat' dir='ltr'><strong>intus</strong></span> <span class='ocrx_word' id='word_1_583' title='bbox 2266 3479 2323 3525; x_wconf 88' lang='lat' dir='ltr'><strong>et</strong></span> <span class='ocrx_word' id='word_1_584' title='bbox 2349 3472 2418 3525; x_wconf 89' lang='lat' dir='ltr'><strong>ab</strong></span> <span class='ocrx_word' id='word_1_585' title='bbox 2441 3485 2526 3537; x_wconf 87' lang='lat' dir='ltr'><strong>eo,</strong></span> <span class='ocrx_word' id='word_1_586' title='bbox 2549 3478 2610 3525; x_wconf 93' lang='lat' dir='ltr'><strong>ut</strong></span> <span class='ocrx_word' id='word_1_587' title='bbox 2635 3469 2714 3526; x_wconf 87' lang='lat' dir='ltr'><strong>sic</strong></span> <span class='ocrx_word' id='word_1_588' title='bbox 2735 3470 2936 3535; x_wconf 89' lang='lat' dir='ltr'><strong>dicam,</strong></span> <span class='ocrx_word' id='word_1_589' title='bbox 2962 3472 3230 3542; x_wconf 90' lang='lat' dir='ltr'><strong>principio</strong></span> <span class='ocrx_word' id='word_1_590' title='bbox 3253 3472 3464 3536; x_wconf 72' lang='lat' dir='ltr'><strong>sciens,</strong></span> 
     </span>
    </p>
   </div>
   <div class='ocr_carea' id='block_1_82' title="bbox 1872 3562 3458 3629">
    <p class='ocr_par' dir='ltr' id='par_1_82' title="bbox 1872 3562 3458 3629">
     <span class='ocr_line' id='line_1_82' title="bbox 1872 3562 3458 3629; baseline 0.001 -10"><span class='ocrx_word' id='word_1_591' title='bbox 1872 3564 2002 3619; x_wconf 89' lang='lat' dir='ltr'><strong>etin</strong></span> <span class='ocrx_word' id='word_1_592' title='bbox 2018 3563 2310 3619; x_wconf 88' lang='lat' dir='ltr'><strong>essentiam</strong></span> <span class='ocrx_word' id='word_1_593' title='bbox 2331 3563 2552 3618; x_wconf 82' lang='lat' dir='ltr'><strong>ducens.</strong></span> <span class='ocrx_word' id='word_1_594' title='bbox 2583 3562 2649 3616; x_wconf 83' lang='lat' dir='ltr'><strong>Et</strong></span> <span class='ocrx_word' id='word_1_595' title='bbox 2682 3562 2805 3628; x_wconf 89' lang='lat' dir='ltr'><strong>hoc,</strong></span> <span class='ocrx_word' id='word_1_596' title='bbox 2829 3563 3084 3629; x_wconf 84' lang='lat' dir='ltr'><strong>arbitror,</strong></span> <span class='ocrx_word' id='word_1_597' title='bbox 3105 3563 3316 3620; x_wconf 88' lang='lat' dir='ltr'><strong>tradere</strong></span> <span class='ocrx_word' id='word_1_598' title='bbox 3343 3564 3458 3620; x_wconf 90' lang='lat' dir='ltr'><strong>elo-</strong></span> 
     </span>
    </p>
   </div>
   <div class='ocr_carea' id='block_1_83' title="bbox 1874 3652 3457 3726">
    <p class='ocr_par' dir='ltr' id='par_1_83' title="bbox 1874 3652 3457 3726">
     <span class='ocr_line' id='line_1_83' title="bbox 1874 3652 3457 3726; baseline 0.001 -17"><span class='ocrx_word' id='word_1_599' title='bbox 1874 3655 2081 3725; x_wconf 88' lang='lat' dir='ltr'><strong>quium,</strong></span> <span class='ocrx_word' id='word_1_600' title='bbox 2126 3670 2249 3709; x_wconf 91' lang='lat' dir='ltr'><strong>cum</strong></span> <span class='ocrx_word' id='word_1_601' title='bbox 2272 3655 2346 3708; x_wconf 90' lang='lat' dir='ltr'><strong>ait</strong></span> <span class='ocrx_word' id='word_1_602' title='bbox 2371 3672 2384 3708; x_wconf 93' lang='lat'><strong>:</strong></span> <span class='ocrx_word' id='word_1_603' title='bbox 2410 3652 2590 3709; x_wconf 80' lang='lat' dir='ltr'><strong>Sciens</strong></span> <span class='ocrx_word' id='word_1_604' title='bbox 2615 3657 2791 3708; x_wconf 87' lang='lat' dir='ltr'><strong>omnia</strong></span> <span class='ocrx_word' id='word_1_605' title='bbox 2811 3665 2934 3709; x_wconf 87' lang='lat' dir='ltr'><strong>ante</strong></span> <span class='ocrx_word' id='word_1_606' title='bbox 2956 3657 3341 3726; x_wconf 84' lang='lat' dir='ltr'><strong>generationem</strong></span> <span class='ocrx_word' id='word_1_607' title='bbox 3369 3673 3457 3710; x_wconf 86' lang='lat' dir='ltr'><strong>eo-</strong></span> 
     </span>
    </p>
   </div>
   <div class='ocr_carea' id='block_1_84' title="bbox 1874 3747 3457 3805">
    <p class='ocr_par' dir='ltr' id='par_1_84' title="bbox 1874 3747 3457 3805">
     <span class='ocr_line' id='line_1_84' title="bbox 1874 3747 3457 3805; baseline 0 -2"><span class='ocrx_word' id='word_1_608' title='bbox 1874 3765 1990 3803; x_wconf 88' lang='lat' dir='ltr'><strong>rum</strong></span> <span class='ocrx_word' id='word_1_609' title='bbox 2013 3760 2058 3802; x_wconf 78' lang='grc' dir='ltr'><strong>ο.</strong></span> <span class='ocrx_word' id='word_1_610' title='bbox 2082 3747 2197 3802; x_wconf 83' lang='grc' dir='ltr'>Νοιι</span> <span class='ocrx_word' id='word_1_611' title='bbox 2211 3748 2354 3802; x_wconf 91' lang='lat' dir='ltr'><strong>enim</strong></span> <span class='ocrx_word' id='word_1_612' title='bbox 2377 3761 2442 3802; x_wconf 88' lang='lat' dir='ltr'><strong>ex</strong></span> <span class='ocrx_word' id='word_1_613' title='bbox 2455 3747 2810 3802; x_wconf 82' lang='lat' dir='ltr'><strong>existentibus</strong></span> <span class='ocrx_word' id='word_1_614' title='bbox 2824 3748 3108 3803; x_wconf 81' lang='lat' dir='ltr'><strong>existentia</strong></span> <span class='ocrx_word' id='word_1_615' title='bbox 3131 3749 3347 3805; x_wconf 89' lang='lat' dir='ltr'><strong>discens</strong></span> <span class='ocrx_word' id='word_1_616' title='bbox 3363 3766 3457 3804; x_wconf 88' lang='lat' dir='ltr'><strong>no-</strong></span> 
     </span>
    </p>
   </div>
   <div class='ocr_carea' id='block_1_85' title="bbox 1873 3838 3458 3904">
    <p class='ocr_par' dir='ltr' id='par_1_85' title="bbox 1873 3838 3458 3904">
     <span class='ocr_line' id='line_1_85' title="bbox 1873 3838 3458 3904; baseline 0 -10"><span class='ocrx_word' id='word_1_617' title='bbox 1873 3841 1952 3895; x_wconf 85' lang='lat' dir='ltr'><strong>vit</strong></span> <span class='ocrx_word' id='word_1_618' title='bbox 1971 3840 2182 3894; x_wconf 87' lang='lat' dir='ltr'><strong>divinus</strong></span> <span class='ocrx_word' id='word_1_619' title='bbox 2206 3839 2439 3902; x_wconf 88' lang='lat' dir='ltr'><strong>animus,</strong></span> <span class='ocrx_word' id='word_1_620' title='bbox 2471 3839 2564 3894; x_wconf 84' lang='lat' dir='ltr'><strong>sed</strong></span> <span class='ocrx_word' id='word_1_621' title='bbox 2590 3854 2658 3893; x_wconf 82' lang='lat' dir='ltr'><strong>ex</strong></span> <span class='ocrx_word' id='word_1_622' title='bbox 2682 3854 2761 3903; x_wconf 91' lang='lat' dir='ltr'><strong>se,</strong></span> <span class='ocrx_word' id='word_1_623' title='bbox 2779 3838 2904 3894; x_wconf 86' lang='lat' dir='ltr'><strong>etin</strong></span> <span class='ocrx_word' id='word_1_624' title='bbox 2930 3854 3008 3904; x_wconf 87' lang='lat' dir='ltr'><strong>se,</strong></span> <span class='ocrx_word' id='word_1_625' title='bbox 3033 3841 3458 3895; x_wconf 86' lang='lat' dir='ltr'><strong>secuudumcau-</strong></span> 
     </span>
    </p>
   </div>
   <div class='ocr_carea' id='block_1_86' title="bbox 1875 3931 3460 4002">
    <p class='ocr_par' dir='ltr' id='par_1_86' title="bbox 1875 3931 3460 4002">
     <span class='ocr_line' id='line_1_86' title="bbox 1875 3931 3460 4002; baseline -0.002 -14"><span class='ocrx_word' id='word_1_626' title='bbox 1875 3948 1988 3989; x_wconf 88' lang='lat' dir='ltr'><strong>sam</strong></span> <span class='ocrx_word' id='word_1_627' title='bbox 2005 3933 2243 3987; x_wconf 91' lang='lat' dir='ltr'><strong>omnium</strong></span> <span class='ocrx_word' id='word_1_628' title='bbox 2264 3931 2566 3998; x_wconf 87' lang='lat' dir='ltr'><strong>scientiam,</strong></span> <span class='ocrx_word' id='word_1_629' title='bbox 2583 3941 2638 3986; x_wconf 90' lang='lat' dir='ltr'><strong>et</strong></span> <span class='ocrx_word' id='word_1_630' title='bbox 2656 3931 3038 4002; x_wconf 84' lang='lat' dir='ltr'><strong>cognitionem,</strong></span> <span class='ocrx_word' id='word_1_631' title='bbox 3055 3941 3109 3987; x_wconf 89' lang='lat' dir='ltr'><strong>et</strong></span> <span class='ocrx_word' id='word_1_632' title='bbox 3132 3932 3420 3986; x_wconf 89' lang='lat' dir='ltr'><strong>essentiam</strong></span> <span class='ocrx_word' id='word_1_633' title='bbox 3437 3935 3460 3966; x_wconf 88' lang='grc'><strong><em>⁸</em></strong></span> 
     </span>
    </p>
   </div>
   <div class='ocr_carea' id='block_1_87' title="bbox 1873 4023 3458 4098">
    <p class='ocr_par' dir='ltr' id='par_1_87' title="bbox 1873 4023 3458 4098">
     <span class='ocr_line' id='line_1_87' title="bbox 1873 4023 3458 4098; baseline -0.002 -17"><span class='ocrx_word' id='word_1_634' title='bbox 1873 4025 2110 4098; x_wconf 88' lang='lat' dir='ltr'><strong>praefert</strong></span> <span class='ocrx_word' id='word_1_635' title='bbox 2140 4031 2196 4080; x_wconf 89' lang='lat' dir='ltr'><strong>et</strong></span> <span class='ocrx_word' id='word_1_636' title='bbox 2229 4023 2682 4088; x_wconf 89' lang='lat' dir='ltr'><strong>antecoambivit,</strong></span> <span class='ocrx_word' id='word_1_637' title='bbox 2722 4037 2828 4078; x_wconf 89' lang='lat' dir='ltr'><strong>non</strong></span> <span class='ocrx_word' id='word_1_638' title='bbox 2891 4025 3183 4078; x_wconf 90' lang='lat' dir='ltr'><strong>secundum</strong></span> <span class='ocrx_word' id='word_1_639' title='bbox 3224 4025 3458 4094; x_wconf 89' lang='lat' dir='ltr'><strong>speciem</strong></span> 
     </span>
    </p>
   </div>
   <div class='ocr_carea' id='block_1_88' title="bbox 1874 4113 3458 4186">
    <p class='ocr_par' dir='ltr' id='par_1_88' title="bbox 1874 4113 3458 4186">
     <span class='ocr_line' id='line_1_88' title="bbox 1874 4113 3458 4186; baseline -0.002 -14"><span class='ocrx_word' id='word_1_640' title='bbox 1874 4115 2082 4186; x_wconf 88' lang='lat' dir='ltr'><strong>singula</strong></span> <span class='ocrx_word' id='word_1_641' title='bbox 2131 4113 2534 4182; x_wconf 89' lang='lat' dir='ltr'><strong>contemplans,</strong></span> <span class='ocrx_word' id='word_1_642' title='bbox 2587 4113 2681 4168; x_wconf 78' lang='lat' dir='ltr'><strong>sed</strong></span> <span class='ocrx_word' id='word_1_643' title='bbox 2721 4113 3016 4168; x_wconf 87' lang='lat' dir='ltr'><strong>secundum</strong></span> <span class='ocrx_word' id='word_1_644' title='bbox 3049 4129 3214 4168; x_wconf 92' lang='lat' dir='ltr'><strong>unam</strong></span> <span class='ocrx_word' id='word_1_645' title='bbox 3260 4130 3458 4170; x_wconf 88' lang='lat' dir='ltr'><strong>causae</strong></span> 
     </span>
    </p>
   </div>
   <div class='ocr_carea' id='block_1_89' title="bbox 1876 4203 3460 4268">
    <p class='ocr_par' dir='ltr' id='par_1_89' title="bbox 1876 4203 3460 4268">
     <span class='ocr_line' id='line_1_89' title="bbox 1876 4203 3460 4268; baseline -0.001 -7"><span class='ocrx_word' id='word_1_646' title='bbox 1876 4206 2342 4261; x_wconf 86' lang='lat' dir='ltr'><strong>circumstantiam</strong></span> <span class='ocrx_word' id='word_1_647' title='bbox 2384 4203 2564 4258; x_wconf 85' lang='lat' dir='ltr'><strong>omnia</strong></span> <span class='ocrx_word' id='word_1_648' title='bbox 2587 4204 2765 4258; x_wconf 90' lang='lat' dir='ltr'><strong>sciens</strong></span> <span class='ocrx_word' id='word_1_649' title='bbox 2799 4213 2854 4258; x_wconf 94' lang='lat' dir='ltr'><strong>et</strong></span> <span class='ocrx_word' id='word_1_650' title='bbox 2901 4205 3201 4268; x_wconf 90' lang='lat' dir='ltr'><strong>continens,</strong></span> <span class='ocrx_word' id='word_1_651' title='bbox 3236 4206 3376 4260; x_wconf 90' lang='lat' dir='ltr'><strong>sicut</strong></span> <span class='ocrx_word' id='word_1_652' title='bbox 3404 4217 3460 4260; x_wconf 85' lang='lat' dir='ltr'><strong>et</strong></span> 
     </span>
    </p>
   </div>
   <div class='ocr_carea' id='block_1_90' title="bbox 1878 4295 3461 4366">
    <p class='ocr_par' dir='ltr' id='par_1_90' title="bbox 1878 4295 3461 4366">
     <span class='ocr_line' id='line_1_90' title="bbox 1878 4295 3461 4366; baseline -0.001 -14"><span class='ocrx_word' id='word_1_653' title='bbox 1878 4298 1967 4352; x_wconf 83' lang='lat' dir='ltr'><strong>lux</strong></span> <span class='ocrx_word' id='word_1_654' title='bbox 2010 4297 2303 4352; x_wconf 88' lang='lat' dir='ltr'><strong>secundum</strong></span> <span class='ocrx_word' id='word_1_655' title='bbox 2347 4310 2564 4351; x_wconf 88' lang='lat' dir='ltr'><strong>causam</strong></span> <span class='ocrx_word' id='word_1_656' title='bbox 2607 4295 2660 4350; x_wconf 93' lang='lat' dir='ltr'><strong>in</strong></span> <span class='ocrx_word' id='word_1_657' title='bbox 2707 4296 2883 4366; x_wconf 91' lang='lat' dir='ltr'><strong>seipsa</strong></span> <span class='ocrx_word' id='word_1_658' title='bbox 2919 4297 3279 4361; x_wconf 81' lang='lat' dir='ltr'><strong>cognitionem</strong></span> <span class='ocrx_word' id='word_1_659' title='bbox 3314 4307 3461 4352; x_wconf 91' lang='lat' dir='ltr'><strong>tene-</strong></span> 
     </span>
    </p>
   </div>
   <div class='ocr_carea' id='block_1_91' title="bbox 1876 4387 3459 4458">
    <p class='ocr_par' dir='ltr' id='par_1_91' title="bbox 1876 4387 3459 4458">
     <span class='ocr_line' id='line_1_91' title="bbox 1876 4387 3459 4458; baseline 0 -15"><span class='ocrx_word' id='word_1_660' title='bbox 1876 4389 2097 4444; x_wconf 88' lang='lat' dir='ltr'><strong>brarum</strong></span> <span class='ocrx_word' id='word_1_661' title='bbox 2142 4387 2515 4458; x_wconf 83' lang='lat' dir='ltr'><strong>praeambivit,</strong></span> <span class='ocrx_word' id='word_1_662' title='bbox 2557 4403 2661 4442; x_wconf 91' lang='lat' dir='ltr'><strong>non</strong></span> <span class='ocrx_word' id='word_1_663' title='bbox 2709 4388 2925 4441; x_wconf 90' lang='lat' dir='ltr'><strong>aliunde</strong></span> <span class='ocrx_word' id='word_1_664' title='bbox 2961 4389 3150 4442; x_wconf 82' lang='lat' dir='ltr'><strong>videns</strong></span> <span class='ocrx_word' id='word_1_665' title='bbox 3186 4390 3459 4454; x_wconf 89' lang='lat' dir='ltr'><strong>tenebras,</strong></span> 
     </span>
    </p>
   </div>
   <div class='ocr_carea' id='block_1_92' title="bbox 195 4475 3464 4569">
    <p class='ocr_par' dir='ltr' id='par_1_92' title="bbox 195 4475 3464 4569">
     <span class='ocr_line' id='line_1_92' title="bbox 195 4475 3464 4569; baseline 0 -36"><span class='ocrx_word' id='word_1_666' title='bbox 195 4486 252 4533; x_wconf 84' lang='lat' dir='ltr'><strong>et</strong></span> <span class='ocrx_word' id='word_1_667' title='bbox 281 4478 621 4534; x_wconf 91' lang='lat' dir='ltr'><strong>multitudine</strong></span> <span class='ocrx_word' id='word_1_668' title='bbox 663 4487 939 4550; x_wconf 86' lang='lat' dir='ltr'><strong>purgatae,</strong></span> <span class='ocrx_word' id='word_1_669' title='bbox 985 4491 1137 4548; x_wconf 88' lang='lat' dir='ltr'><strong>pure,</strong></span> <span class='ocrx_word' id='word_1_670' title='bbox 1169 4478 1612 4542; x_wconf 85' lang='lat' dir='ltr'><strong>immaterialitcr,</strong></span> <span class='ocrx_word' id='word_1_671' title='bbox 1650 4479 1770 4532; x_wconf 89' lang='lat' dir='ltr'><strong>uni-</strong></span> <span class='ocrx_word' id='word_1_672' title='bbox 1797 4510 1849 4569; x_wconf 68' lang='grc' dir='ltr'><strong>υ</strong></span> <span class='ocrx_word' id='word_1_673' title='bbox 1879 4495 2042 4550; x_wconf 92' lang='lat' dir='ltr'><strong>quam</strong></span> <span class='ocrx_word' id='word_1_674' title='bbox 2072 4495 2102 4534; x_wconf 91' lang='lat' dir='ltr'><strong>a</strong></span> <span class='ocrx_word' id='word_1_675' title='bbox 2149 4478 2369 4533; x_wconf 91' lang='lat' dir='ltr'><strong>lumine.</strong></span> <span class='ocrx_word' id='word_1_676' title='bbox 2412 4477 2596 4532; x_wconf 88' lang='lat' dir='ltr'><strong>Semet</strong></span> <span class='ocrx_word' id='word_1_677' title='bbox 2635 4477 2809 4548; x_wconf 87' lang='lat' dir='ltr'><strong>igitur_</strong></span> <span class='ocrx_word' id='word_1_678' title='bbox 2834 4475 3014 4531; x_wconf 87' lang='lat' dir='ltr'><strong>divina</strong></span> <span class='ocrx_word' id='word_1_679' title='bbox 3057 4478 3321 4546; x_wconf 87' lang='lat' dir='ltr'><strong>sapientia</strong></span> <span class='ocrx_word' id='word_1_680' title='bbox 3371 4497 3464 4534; x_wconf 79' lang='lat' dir='ltr'><strong>co-</strong></span> 
     </span>
    </p>
   </div>
   <div class='ocr_carea' id='block_1_93' title="bbox 198 4568 1770 4639">
    <p class='ocr_par' dir='ltr' id='par_1_93' title="bbox 198 4568 1770 4639">
     <span class='ocr_line' id='line_1_93' title="bbox 198 4568 1770 4639; baseline 0.001 -17"><span class='ocrx_word' id='word_1_681' title='bbox 198 4568 447 4624; x_wconf 89' lang='lat' dir='ltr'><strong>formiter</strong></span> <span class='ocrx_word' id='word_1_682' title='bbox 474 4570 758 4626; x_wconf 82' lang='lat' dir='ltr'><strong>invisibilia</strong></span> <span class='ocrx_word' id='word_1_683' title='bbox 787 4569 1090 4624; x_wconf 88' lang='lat' dir='ltr'><strong>divinorum</strong></span> <span class='ocrx_word' id='word_1_684' title='bbox 1114 4568 1437 4639; x_wconf 85' lang='lat' dir='ltr'><strong>intelligunt,</strong></span> <span class='ocrx_word' id='word_1_685' title='bbox 1477 4577 1532 4622; x_wconf 90' lang='lat' dir='ltr'><strong>et</strong></span> <span class='ocrx_word' id='word_1_686' title='bbox 1565 4577 1650 4623; x_wconf 88' lang='lat' dir='ltr'><strong>est</strong></span> <span class='ocrx_word' id='word_1_687' title='bbox 1689 4569 1770 4624; x_wconf 89' lang='lat' dir='ltr'><strong>eis</strong></span> 
     </span>
    </p>
   </div>
   <div class='ocr_carea' id='block_1_94' title="bbox 197 4659 1778 4732">
    <p class='ocr_par' dir='ltr' id='par_1_94' title="bbox 197 4659 1778 4732">
     <span class='ocr_line' id='line_1_94' title="bbox 197 4659 1778 4732; baseline 0 -16"><span class='ocrx_word' id='word_1_688' title='bbox 197 4659 579 4718; x_wconf 79' lang='lat' dir='ltr'><strong>intellectualis</strong></span> <span class='ocrx_word' id='word_1_689' title='bbox 603 4661 845 4732; x_wconf 87' lang='lat' dir='ltr'><strong>operatio</strong></span> <span class='ocrx_word' id='word_1_690' title='bbox 874 4661 895 4693; x_wconf 85' lang='grc'>⁸</span> <span class='ocrx_word' id='word_1_691' title='bbox 921 4661 1088 4727; x_wconf 91' lang='lat' dir='ltr'><strong>clara,</strong></span> <span class='ocrx_word' id='word_1_692' title='bbox 1117 4669 1172 4714; x_wconf 89' lang='lat' dir='ltr'><strong>et</strong></span> <span class='ocrx_word' id='word_1_693' title='bbox 1194 4661 1616 4716; x_wconf 87' lang='lat' dir='ltr'><strong>incontaminata</strong></span> <span class='ocrx_word' id='word_1_694' title='bbox 1634 4663 1778 4730; x_wconf 89' lang='lat' dir='ltr'><strong>puri-</strong></span> 
     </span>
    </p>
   </div>
   <div class='ocr_carea' id='block_1_95' title="bbox 198 4753 1773 4826">
    <p class='ocr_par' dir='ltr' id='par_1_95' title="bbox 198 4753 1773 4826">
     <span class='ocr_line' id='line_1_95' title="bbox 198 4753 1773 4826; baseline 0 -16"><span class='ocrx_word' id='word_1_695' title='bbox 198 4765 312 4812; x_wconf 80' lang='lat' dir='ltr'><strong>tate</strong></span> <span class='ocrx_word' id='word_1_696' title='bbox 348 4753 644 4826; x_wconf 87' lang='lat' dir='ltr'><strong>splendida,</strong></span> <span class='ocrx_word' id='word_1_697' title='bbox 675 4755 850 4809; x_wconf 89' lang='lat' dir='ltr'><strong>sciens</strong></span> <span class='ocrx_word' id='word_1_698' title='bbox 893 4761 946 4808; x_wconf 90' lang='lat' dir='ltr'><strong>et</strong></span> <span class='ocrx_word' id='word_1_699' title='bbox 991 4754 1327 4823; x_wconf 86' lang='lat' dir='ltr'><strong>conspiciens</strong></span> <span class='ocrx_word' id='word_1_700' title='bbox 1354 4753 1657 4808; x_wconf 84' lang='lat' dir='ltr'><strong>divinarum</strong></span> <span class='ocrx_word' id='word_1_701' title='bbox 1689 4756 1773 4810; x_wconf 89' lang='lat' dir='ltr'><strong>in-</strong></span> 
     </span>
    </p>
   </div>
   <div class='ocr_carea' id='block_1_96' title="bbox 199 4843 1774 4918">
    <p class='ocr_par' dir='ltr' id='par_1_96' title="bbox 199 4843 1774 4918">
     <span class='ocr_line' id='line_1_96' title="bbox 199 4843 1774 4918; baseline 0.001 -18"><span class='ocrx_word' id='word_1_702' title='bbox 199 4845 618 4918; x_wconf 79' lang='lat' dir='ltr'><strong>tclligentiarum</strong></span> <span class='ocrx_word' id='word_1_703' title='bbox 684 4843 1038 4913; x_wconf 90' lang='lat' dir='ltr'><strong>impartibiles</strong></span> <span class='ocrx_word' id='word_1_704' title='bbox 1103 4851 1159 4898; x_wconf 86' lang='lat' dir='ltr'><strong>et</strong></span> <span class='ocrx_word' id='word_1_705' title='bbox 1228 4844 1648 4911; x_wconf 87' lang='lat' dir='ltr'><strong>immateriales,</strong></span> <span class='ocrx_word' id='word_1_706' title='bbox 1721 4855 1774 4902; x_wconf 88' lang='lat' dir='ltr'><strong>el</strong></span> 
     </span>
    </p>
   </div>
   <div class='ocr_carea' id='block_1_97' title="bbox 198 4931 1772 5004">
    <p class='ocr_par' dir='ltr' id='par_1_97' title="bbox 198 4931 1772 5004">
     <span class='ocr_line' id='line_1_97' title="bbox 198 4931 1772 5004; baseline 0 -12"><span class='ocrx_word' id='word_1_707' title='bbox 198 4934 550 4992; x_wconf 80' lang='lat' dir='ltr'><strong>conforiniter</strong></span> <span class='ocrx_word' id='word_1_708' title='bbox 579 4940 600 4975; x_wconf 74' lang='grc'>⁸</span> <span class='ocrx_word' id='word_1_709' title='bbox 628 4934 719 4988; x_wconf 83' lang='grc' dir='ltr'>ιιιιὶ</span> <span class='ocrx_word' id='word_1_710' title='bbox 742 4933 808 4988; x_wconf 89' lang='lat' dir='ltr'><strong>ad</strong></span> <span class='ocrx_word' id='word_1_711' title='bbox 835 4931 1192 4988; x_wconf 88' lang='lat' dir='ltr'><strong>intellectuale</strong></span> <span class='ocrx_word' id='word_1_712' title='bbox 1219 4935 1683 5004; x_wconf 86' lang='lat' dir='ltr'><strong>supersapientem</strong></span> <span class='ocrx_word' id='word_1_713' title='bbox 1722 4945 1772 4992; x_wconf 89' lang='lat' dir='ltr'><strong>et</strong></span> 
     </span>
    </p>
   </div>
   <div class='ocr_carea' id='block_1_98' title="bbox 199 5025 1775 5097">
    <p class='ocr_par' dir='ltr' id='par_1_98' title="bbox 199 5025 1775 5097">
     <span class='ocr_line' id='line_1_98' title="bbox 199 5025 1775 5097; baseline 0.001 -14"><span class='ocrx_word' id='word_1_714' title='bbox 199 5029 443 5084; x_wconf 87' lang='lat' dir='ltr'><strong>animum</strong></span> <span class='ocrx_word' id='word_1_715' title='bbox 472 5038 526 5083; x_wconf 92' lang='lat' dir='ltr'><strong>et</strong></span> <span class='ocrx_word' id='word_1_716' title='bbox 553 5028 834 5094; x_wconf 82' lang='lat' dir='ltr'><strong>rationem,</strong></span> <span class='ocrx_word' id='word_1_717' title='bbox 855 5035 1118 5097; x_wconf 87' lang='lat' dir='ltr'><strong>quantum</strong></span> <span class='ocrx_word' id='word_1_718' title='bbox 1139 5025 1415 5095; x_wconf 88' lang='lat' dir='ltr'><strong>possibile,</strong></span> <span class='ocrx_word' id='word_1_719' title='bbox 1445 5026 1775 5084; x_wconf 86' lang='lat' dir='ltr'><strong>reformatae</strong></span> 
     </span>
    </p>
   </div>
   <div class='ocr_carea' id='block_1_99' title="bbox 1878 4569 3456 4644">
    <p class='ocr_par' dir='ltr' id='par_1_99' title="bbox 1878 4569 3456 4644">
     <span class='ocr_line' id='line_1_99' title="bbox 1878 4569 3456 4644; baseline -0.001 -17"><span class='ocrx_word' id='word_1_720' title='bbox 1878 4585 2161 4644; x_wconf 88' lang='lat' dir='ltr'><strong>gnoscens,</strong></span> <span class='ocrx_word' id='word_1_721' title='bbox 2181 4570 2456 4638; x_wconf 84' lang='lat' dir='ltr'><strong>cognoscit</strong></span> <span class='ocrx_word' id='word_1_722' title='bbox 2477 4570 2656 4624; x_wconf 91' lang='lat' dir='ltr'><strong>omnia</strong></span> <span class='ocrx_word' id='word_1_723' title='bbox 2679 4569 3108 4625; x_wconf 89' lang='lat' dir='ltr'><strong>immaterialitcr</strong></span> <span class='ocrx_word' id='word_1_724' title='bbox 3130 4571 3456 4637; x_wconf 87' lang='lat' dir='ltr'><strong>materialia,</strong></span> 
     </span>
    </p>
   </div>
   <div class='ocr_carea' id='block_1_100' title="bbox 1883 4661 3462 4735">
    <p class='ocr_par' dir='ltr' id='par_1_100' title="bbox 1883 4661 3462 4735">
     <span class='ocr_line' id='line_1_100' title="bbox 1883 4661 3462 4735; baseline 0 -16"><span class='ocrx_word' id='word_1_725' title='bbox 1883 4673 1938 4720; x_wconf 87' lang='lat' dir='ltr'><strong>et</strong></span> <span class='ocrx_word' id='word_1_726' title='bbox 1967 4680 2072 4718; x_wconf 91' lang='lat' dir='ltr'><strong>non</strong></span> <span class='ocrx_word' id='word_1_727' title='bbox 2101 4663 2300 4732; x_wconf 89' lang='lat' dir='ltr'><strong>partite</strong></span> <span class='ocrx_word' id='word_1_728' title='bbox 2339 4662 2559 4732; x_wconf 88' lang='lat' dir='ltr'><strong>partita,</strong></span> <span class='ocrx_word' id='word_1_729' title='bbox 2583 4671 2639 4716; x_wconf 90' lang='lat' dir='ltr'><strong>et</strong></span> <span class='ocrx_word' id='word_1_730' title='bbox 2684 4661 2848 4715; x_wconf 90' lang='lat' dir='ltr'><strong>multa</strong></span> <span class='ocrx_word' id='word_1_731' title='bbox 2901 4662 3299 4729; x_wconf 87' lang='lat' dir='ltr'><strong>universaliter,</strong></span> <span class='ocrx_word' id='word_1_732' title='bbox 3344 4665 3462 4735; x_wconf 90' lang='lat' dir='ltr'><strong>ipso</strong></span> 
     </span>
    </p>
   </div>
   <div class='ocr_carea' id='block_1_101' title="bbox 1881 4757 3458 4830">
    <p class='ocr_par' dir='ltr' id='par_1_101' title="bbox 1881 4757 3458 4830">
     <span class='ocr_line' id='line_1_101' title="bbox 1881 4757 3458 4830; baseline -0.001 -16"><span class='ocrx_word' id='word_1_733' title='bbox 1881 4777 1988 4816; x_wconf 90' lang='lat' dir='ltr'><strong>uno</strong></span> <span class='ocrx_word' id='word_1_734' title='bbox 2013 4761 2192 4816; x_wconf 90' lang='lat' dir='ltr'><strong>omnia</strong></span> <span class='ocrx_word' id='word_1_735' title='bbox 2223 4769 2278 4814; x_wconf 90' lang='lat' dir='ltr'><strong>et</strong></span> <span class='ocrx_word' id='word_1_736' title='bbox 2343 4773 2674 4830; x_wconf 85' lang='lat' dir='ltr'><strong>cognoscens</strong></span> <span class='ocrx_word' id='word_1_737' title='bbox 2712 4767 2767 4812; x_wconf 90' lang='lat' dir='ltr'><strong>et</strong></span> <span class='ocrx_word' id='word_1_738' title='bbox 2808 4757 3101 4813; x_wconf 88' lang='lat' dir='ltr'><strong>adducens.</strong></span> <span class='ocrx_word' id='word_1_739' title='bbox 3153 4757 3362 4813; x_wconf 86' lang='lat' dir='ltr'><strong>Etenim</strong></span> <span class='ocrx_word' id='word_1_740' title='bbox 3410 4758 3458 4813; x_wconf 93' lang='lat' dir='ltr'><strong>si</strong></span> 
     </span>
    </p>
   </div>
   <div class='ocr_carea' id='block_1_102' title="bbox 1880 4848 3462 4910">
    <p class='ocr_par' dir='ltr' id='par_1_102' title="bbox 1880 4848 3462 4910">
     <span class='ocr_line' id='line_1_102' title="bbox 1880 4848 3462 4910; baseline -0.004 -1"><span class='ocrx_word' id='word_1_741' title='bbox 1880 4853 2172 4910; x_wconf 89' lang='lat' dir='ltr'><strong>secundum</strong></span> <span class='ocrx_word' id='word_1_742' title='bbox 2223 4867 2384 4906; x_wconf 91' lang='lat' dir='ltr'><strong>unam</strong></span> <span class='ocrx_word' id='word_1_743' title='bbox 2438 4864 2658 4904; x_wconf 90' lang='lat' dir='ltr'><strong>causam</strong></span> <span class='ocrx_word' id='word_1_744' title='bbox 2709 4848 2850 4904; x_wconf 87' lang='lat' dir='ltr'><strong>Deus</strong></span> <span class='ocrx_word' id='word_1_745' title='bbox 2888 4849 3137 4904; x_wconf 88' lang='lat' dir='ltr'><strong>omnibus</strong></span> <span class='ocrx_word' id='word_1_746' title='bbox 3185 4849 3462 4903; x_wconf 80' lang='lat' dir='ltr'><strong>existenti-</strong></span> 
     </span>
    </p>
   </div>
   <div class='ocr_carea' id='block_1_103' title="bbox 1878 4941 3456 5004">
    <p class='ocr_par' dir='ltr' id='par_1_103' title="bbox 1878 4941 3456 5004">
     <span class='ocr_line' id='line_1_103' title="bbox 1878 4941 3456 5004; baseline -0.004 -4"><span class='ocrx_word' id='word_1_747' title='bbox 1878 4944 1978 5000; x_wconf 88' lang='lat' dir='ltr'><strong>bus</strong></span> <span class='ocrx_word' id='word_1_748' title='bbox 2015 4957 2137 4998; x_wconf 91' lang='lat' dir='ltr'><strong>esse</strong></span> <span class='ocrx_word' id='word_1_749' title='bbox 2174 4943 2358 5004; x_wconf 86' lang='lat' dir='ltr'><strong>tradit,</strong></span> <span class='ocrx_word' id='word_1_750' title='bbox 2394 4941 2686 4996; x_wconf 87' lang='lat' dir='ltr'><strong>secundum</strong></span> <span class='ocrx_word' id='word_1_751' title='bbox 2729 4942 2954 4995; x_wconf 90' lang='lat' dir='ltr'><strong>eandem</strong></span> <span class='ocrx_word' id='word_1_752' title='bbox 2983 4941 3194 4994; x_wconf 89' lang='lat' dir='ltr'><strong>unicam</strong></span> <span class='ocrx_word' id='word_1_753' title='bbox 3236 4954 3456 4994; x_wconf 90' lang='lat' dir='ltr'><strong>causam</strong></span> 
     </span>
    </p>
   </div>
   <div class='ocr_carea' id='block_1_104' title="bbox 1879 5030 3461 5100">
    <p class='ocr_par' dir='ltr' id='par_1_104' title="bbox 1879 5030 3461 5100">
     <span class='ocr_line' id='line_1_104' title="bbox 1879 5030 3461 5100; baseline -0.004 -9"><span class='ocrx_word' id='word_1_754' title='bbox 1879 5032 2038 5091; x_wconf 87' lang='lat' dir='ltr'><strong>scivit</strong></span> <span class='ocrx_word' id='word_1_755' title='bbox 2074 5032 2254 5088; x_wconf 90' lang='lat' dir='ltr'><strong>omnia</strong></span> <span class='ocrx_word' id='word_1_756' title='bbox 2301 5039 2360 5086; x_wconf 90' lang='lat' dir='ltr'><strong>ut</strong></span> <span class='ocrx_word' id='word_1_757' title='bbox 2395 5046 2461 5087; x_wconf 87' lang='lat' dir='ltr'><strong>ex</strong></span> <span class='ocrx_word' id='word_1_758' title='bbox 2503 5031 2620 5100; x_wconf 85' lang='lat' dir='ltr'><strong>ipso</strong></span> <span class='ocrx_word' id='word_1_759' title='bbox 2663 5031 2968 5095; x_wconf 76' lang='lat' dir='ltr'><strong>existentia,</strong></span> <span class='ocrx_word' id='word_1_760' title='bbox 2997 5039 3052 5085; x_wconf 89' lang='lat' dir='ltr'><strong>et</strong></span> <span class='ocrx_word' id='word_1_761' title='bbox 3082 5030 3136 5085; x_wconf 93' lang='lat' dir='ltr'><strong>in</strong></span> <span class='ocrx_word' id='word_1_762' title='bbox 3176 5030 3295 5100; x_wconf 90' lang='lat' dir='ltr'><strong>ipso</strong></span> <span class='ocrx_word' id='word_1_763' title='bbox 3333 5038 3461 5086; x_wconf 81' lang='lat' dir='ltr'><strong>ante</strong></span> 
     </span>
    </p>
   </div>
   <div class='ocr_carea' id='block_1_105' title="bbox 1496 5135 2186 5198">
    <p class='ocr_par' dir='ltr' id='par_1_105' title="bbox 1496 5135 2186 5198">
     <span class='ocr_line' id='line_1_105' title="bbox 1496 5135 2186 5198; baseline 0.003 -7"><span class='ocrx_word' id='word_1_764' title='bbox 1496 5135 1749 5196; x_wconf 80' lang='lat' dir='ltr'><strong>VARIAE</strong></span> <span class='ocrx_word' id='word_1_765' title='bbox 1786 5138 2186 5198; x_wconf 83' lang='lat' dir='ltr'><strong>LECTIONES.</strong></span> 
     </span>
    </p>
   </div>
   <div class='ocr_carea' id='block_1_106' title="bbox 273 5225 3460 5302">
    <p class='ocr_par' dir='ltr' id='par_1_106' title="bbox 273 5225 3460 5302">
     <span class='ocr_line' id='line_1_106' title="bbox 273 5225 3460 5302; baseline 0.001 -23"><span class='ocrx_word' id='word_1_766' title='bbox 273 5233 294 5266; x_wconf 83' lang='grc' dir='ltr'><strong>ι</strong></span> <span class='ocrx_word' id='word_1_767' title='bbox 332 5232 419 5286; x_wconf 85' lang='lat' dir='ltr'><strong>Bll</strong></span> <span class='ocrx_word' id='word_1_768' title='bbox 457 5247 594 5302; x_wconf 77' lang='lat' dir='ltr'><strong>quae</strong></span> <span class='ocrx_word' id='word_1_769' title='bbox 623 5239 747 5302; x_wconf 73' lang='lat' dir='ltr'><strong>sunt</strong></span> <span class='ocrx_word' id='word_1_770' title='bbox 775 5230 1056 5284; x_wconf 73' lang='lat' dir='ltr'><strong>secundum</strong></span> <span class='ocrx_word' id='word_1_771' title='bbox 1085 5243 1175 5302; x_wconf 58' lang='lat' dir='ltr'><strong>nos</strong></span> <span class='ocrx_word' id='word_1_772' title='bbox 1201 5225 1392 5302; x_wconf 68' lang='lat' dir='ltr'><strong>adjecti</strong></span> <span class='ocrx_word' id='word_1_773' title='bbox 1416 5243 1585 5302; x_wconf 77' lang='lat' dir='ltr'><strong>super</strong></span> <span class='ocrx_word' id='word_1_774' title='bbox 1631 5247 1771 5302; x_wconf 69' lang='lat' dir='ltr'><strong>nos.</strong></span> <span class='ocrx_word' id='word_1_775' title='bbox 1827 5235 1846 5264; x_wconf 82' lang='grc'>²</span> <span class='ocrx_word' id='word_1_776' title='bbox 1889 5232 1974 5288; x_wconf 85' lang='lat' dir='ltr'><strong>BlI</strong></span> <span class='ocrx_word' id='word_1_777' title='bbox 2011 5231 2305 5287; x_wconf 88' lang='lat' dir='ltr'><strong>secundum</strong></span> <span class='ocrx_word' id='word_1_778' title='bbox 2362 5244 2462 5285; x_wconf 89' lang='lat' dir='ltr'><strong>nos</strong></span> <span class='ocrx_word' id='word_1_779' title='bbox 2508 5230 2729 5302; x_wconf 78' lang='lat' dir='ltr'><strong>adjeeti</strong></span> <span class='ocrx_word' id='word_1_780' title='bbox 2765 5231 3088 5302; x_wconf 69' lang='lat' dir='ltr'><strong>seducimur.</strong></span> <span class='ocrx_word' id='word_1_781' title='bbox 3163 5228 3301 5302; x_wconf 25' lang='lat' dir='ltr'><strong>&#39;AA“</strong></span> <span class='ocrx_word' id='word_1_782' title='bbox 3329 5245 3460 5284; x_wconf 82' lang='lat' dir='ltr'><strong>con-</strong></span> 
     </span>
    </p>
   </div>
   <div class='ocr_carea' id='block_1_107' title="bbox 201 5300 1065 5358">
    <p class='ocr_par' dir='ltr' id='par_1_107' title="bbox 201 5300 1065 5358">
     <span class='ocr_line' id='line_1_107' title="bbox 201 5300 1065 5358; baseline -0.007 0"><span class='ocrx_word' id='word_1_783' title='bbox 201 5307 438 5358; x_wconf 78' lang='lat' dir='ltr'><strong>vertitur.</strong></span> <span class='ocrx_word' id='word_1_784' title='bbox 478 5300 536 5333; x_wconf 54' lang='lat'><strong><em>&quot;</em></strong></span> <span class='ocrx_word' id='word_1_785' title='bbox 574 5301 664 5355; x_wconf 79' lang='lat' dir='ltr'><strong>Eli</strong></span> <span class='ocrx_word' id='word_1_786' title='bbox 693 5302 758 5355; x_wconf 88' lang='lat' dir='ltr'><strong>ad</strong></span> <span class='ocrx_word' id='word_1_787' title='bbox 787 5314 1065 5354; x_wconf 81' lang='lat' dir='ltr'><strong>summam.</strong></span> 
     </span>
    </p>
   </div>
   <div class='ocr_carea' id='block_1_108' title="bbox 202 5365 1440 5428">
    <p class='ocr_par' dir='ltr' id='par_1_108' title="bbox 202 5365 1440 5428">
     <span class='ocr_line' id='line_1_108' title="bbox 202 5365 1440 5428; baseline -0.005 0"><span class='ocrx_word' id='word_1_788' title='bbox 202 5375 222 5406; x_wconf 84' lang='lat'>&#39;</span> <span class='ocrx_word' id='word_1_789' title='bbox 264 5375 348 5428; x_wconf 81' lang='lat' dir='ltr'><strong>BE</strong></span> <span class='ocrx_word' id='word_1_790' title='bbox 386 5372 690 5426; x_wconf 81' lang='lat' dir='ltr'><strong>multarum.</strong></span> <span class='ocrx_word' id='word_1_791' title='bbox 765 5373 786 5403; x_wconf 77' lang='grc'>⁸</span> <span class='ocrx_word' id='word_1_792' title='bbox 823 5381 868 5422; x_wconf 93' lang='lat' dir='ltr'><strong>et</strong></span> <span class='ocrx_word' id='word_1_793' title='bbox 892 5369 1165 5423; x_wconf 77' lang='lat' dir='ltr'><strong>essentiam</strong></span> <span class='ocrx_word' id='word_1_794' title='bbox 1191 5381 1299 5422; x_wconf 88' lang='lat' dir='ltr'><strong>om.</strong></span> <span class='ocrx_word' id='word_1_795' title='bbox 1329 5365 1440 5422; x_wconf 78' lang='grc' dir='ltr'><strong>ΒΗ.</strong></span> 
     </span>
    </p>
   </div>
   <div class='ocr_carea' id='block_1_109' title="bbox 1142 5295 3454 5370">
    <p class='ocr_par' dir='ltr' id='par_1_109' title="bbox 1142 5295 3454 5370">
     <span class='ocr_line' id='line_1_109' title="bbox 1142 5295 3454 5370; baseline 0.003 -21"><span class='ocrx_word' id='word_1_796' title='bbox 1142 5297 1163 5328; x_wconf 79' lang='grc'>⁸</span> <span class='ocrx_word' id='word_1_797' title='bbox 1201 5295 1291 5350; x_wconf 92' lang='lat' dir='ltr'><strong>Sic</strong></span> <span class='ocrx_word' id='word_1_798' title='bbox 1328 5295 1507 5370; x_wconf 64' lang='lat' dir='ltr'><strong>codd,</strong></span> <span class='ocrx_word' id='word_1_799' title='bbox 1543 5301 1589 5354; x_wconf 81' lang='grc' dir='ltr'><strong>Α</strong></span> <span class='ocrx_word' id='word_1_800' title='bbox 1631 5301 2006 5359; x_wconf 86' lang='lat' dir='ltr'><strong>intellectualis</strong></span> <span class='ocrx_word' id='word_1_801' title='bbox 2035 5303 2196 5356; x_wconf 82' lang='lat' dir='ltr'><strong>virtus</strong></span> <span class='ocrx_word' id='word_1_802' title='bbox 2229 5309 2285 5355; x_wconf 90' lang='lat' dir='ltr'><strong>et</strong></span> <span class='ocrx_word' id='word_1_803' title='bbox 2311 5301 2572 5370; x_wconf 88' lang='lat' dir='ltr'><strong>operatio.</strong></span> <span class='ocrx_word' id='word_1_804' title='bbox 2594 5295 2608 5300; x_wconf 63' lang='grc'>⁷</span> <span class='ocrx_word' id='word_1_805' title='bbox 2649 5301 2672 5332; x_wconf 89' lang='grc'>⁶</span> <span class='ocrx_word' id='word_1_806' title='bbox 2710 5301 2800 5355; x_wconf 92' lang='lat' dir='ltr'><strong>Sic</strong></span> <span class='ocrx_word' id='word_1_807' title='bbox 2822 5299 2937 5366; x_wconf 82' lang='grc' dir='ltr'><strong>ΑΕ,</strong></span> <span class='ocrx_word' id='word_1_808' title='bbox 2963 5299 3052 5353; x_wconf 87' lang='lat' dir='ltr'><strong>BH</strong></span> <span class='ocrx_word' id='word_1_809' title='bbox 3093 5299 3454 5370; x_wconf 77' lang='lat' dir='ltr'><strong>uniformi:er.</strong></span> 
     </span>
    </p>
   </div>
   <div class='ocr_carea' id='block_1_110' title="bbox 1683 5489 1938 5547">
    <p class='ocr_par' dir='ltr' id='par_1_110' title="bbox 1683 5489 1938 5547">
     <span class='ocr_line' id='line_1_110' title="bbox 1683 5489 1938 5547; baseline 0.008 -3"><span class='ocrx_word' id='word_1_810' title='bbox 1683 5489 1938 5547; x_wconf 81' lang='lat' dir='ltr'><strong>NOTAE.</strong></span> 
     </span>
    </p>
   </div>
   <div class='ocr_carea' id='block_1_111' title="bbox 335 5590 1058 5655">
    <p class='ocr_par' dir='ltr' id='par_1_111' title="bbox 335 5590 1058 5655">
     <span class='ocr_line' id='line_1_111' title="bbox 335 5590 1058 5655; baseline 0.003 -9"><span class='ocrx_word' id='word_1_811' title='bbox 335 5593 351 5646; x_wconf 88' lang='grc' dir='ltr'><strong>Ι</strong></span> <span class='ocrx_word' id='word_1_812' title='bbox 377 5594 502 5646; x_wconf 67' lang='grc' dir='ltr'><strong>(ζον.</strong></span> <span class='ocrx_word' id='word_1_813' title='bbox 535 5591 576 5651; x_wconf 81' lang='grc' dir='ltr'><strong>Ι,</strong></span> <span class='ocrx_word' id='word_1_814' title='bbox 601 5591 713 5655; x_wconf 76' lang='lat'><strong>‘25;</strong></span> <span class='ocrx_word' id='word_1_815' title='bbox 747 5590 766 5644; x_wconf 90' lang='lat' dir='ltr'><strong>I</strong></span> <span class='ocrx_word' id='word_1_816' title='bbox 796 5592 934 5647; x_wconf 85' lang='lat' dir='ltr'><strong>Tim.</strong></span> <span class='ocrx_word' id='word_1_817' title='bbox 970 5593 1058 5648; x_wconf 67' lang='lat' dir='ltr'><strong>Vl.</strong></span> 
     </span>
    </p>
   </div>
   <div class='ocr_carea' id='block_1_112' title="bbox 346 5661 588 5716">
    <p class='ocr_par' dir='ltr' id='par_1_112' title="bbox 346 5661 588 5716">
     <span class='ocr_line' id='line_1_112' title="bbox 346 5661 588 5716; baseline -0.008 0"><span class='ocrx_word' id='word_1_818' title='bbox 346 5664 360 5716; x_wconf 92' lang='lat' dir='ltr'><strong>I</strong></span> <span class='ocrx_word' id='word_1_819' title='bbox 388 5663 512 5714; x_wconf 72' lang='lat' dir='ltr'><strong>(lor.</strong></span> <span class='ocrx_word' id='word_1_820' title='bbox 545 5661 588 5714; x_wconf 95' lang='lat' dir='ltr'><strong>I.</strong></span> 
     </span>
    </p>
   </div>
   <div class='ocr_carea' id='block_1_113' title="bbox 346 5731 559 5787">
    <p class='ocr_par' dir='ltr' id='par_1_113' title="bbox 346 5731 559 5787">
     <span class='ocr_line' id='line_1_113' title="bbox 346 5731 559 5787; baseline -0.019 0"><span class='ocrx_word' id='word_1_821' title='bbox 346 5731 458 5787; x_wconf 75' lang='lat' dir='ltr'><strong>Col.</strong></span> <span class='ocrx_word' id='word_1_822' title='bbox 499 5731 559 5784; x_wconf 89' lang='lat' dir='ltr'><strong>Il.</strong></span> 
     </span>
    </p>
   </div>
   <div class='ocr_carea' id='block_1_114' title="bbox 638 5824 1182 5887">
    <p class='ocr_par' dir='ltr' id='par_1_114' title="bbox 638 5824 1182 5887">
     <span class='ocr_line' id='line_1_114' title="bbox 638 5824 1182 5887; baseline 0.009 -5"><span class='ocrx_word' id='word_1_823' title='bbox 638 5824 908 5885; x_wconf 66' lang='grc' dir='ltr'>Ριιτιισι..</span> <span class='ocrx_word' id='word_1_824' title='bbox 933 5824 1182 5887; x_wconf 79' lang='lat' dir='ltr'><strong>CXXII.</strong></span> 
     </span>
    </p>
   </div>
   <div class='ocr_carea' id='block_1_115' title="bbox 278 5665 304 5702">
    <p class='ocr_par' dir='ltr' id='par_1_115' title="bbox 278 5665 304 5702">
     <span class='ocr_line' id='line_1_115' title="bbox 278 5665 304 5702; baseline 0 0"><span class='ocrx_word' id='word_1_825' title='bbox 278 5665 304 5702; x_wconf 82' lang='lat' dir='ltr'><strong>b</strong></span> 
     </span>
    </p>
   </div>
   <div class='ocr_carea' id='block_1_116' title="bbox 1957 5594 3012 5655">
    <p class='ocr_par' dir='ltr' id='par_1_116' title="bbox 1957 5594 3012 5655">
     <span class='ocr_line' id='line_1_116' title="bbox 1957 5594 3012 5655; baseline -0.007 0"><span class='ocrx_word' id='word_1_826' title='bbox 1957 5600 1984 5640; x_wconf 70' lang='grc' dir='ltr'><em>δ</em></span> <span class='ocrx_word' id='word_1_827' title='bbox 2025 5599 2159 5655; x_wconf 84' lang='lat' dir='ltr'><strong>Heb.</strong></span> <span class='ocrx_word' id='word_1_828' title='bbox 2190 5599 2278 5653; x_wconf 83' lang='lat' dir='ltr'><strong>IV.</strong></span> <span class='ocrx_word' id='word_1_829' title='bbox 2307 5599 2506 5655; x_wconf 79' lang='lat' dir='ltr'><strong>IJoan.</strong></span> <span class='ocrx_word' id='word_1_830' title='bbox 2534 5598 2619 5654; x_wconf 90' lang='lat' dir='ltr'><strong>III.</strong></span> <span class='ocrx_word' id='word_1_831' title='bbox 2651 5597 2794 5654; x_wconf 81' lang='lat' dir='ltr'><strong>Eccl.</strong></span> <span class='ocrx_word' id='word_1_832' title='bbox 2828 5594 3012 5650; x_wconf 79' lang='lat' dir='ltr'><strong>XXIII.</strong></span> 
     </span>
    </p>
   </div>
   <div class='ocr_carea' id='block_1_117' title="bbox 1964 5669 2513 5738">
    <p class='ocr_par' dir='ltr' id='par_1_117' title="bbox 1964 5669 2513 5738">
     <span class='ocr_line' id='line_1_117' title="bbox 1964 5669 2513 5738; baseline -0.004 -14"><span class='ocrx_word' id='word_1_833' title='bbox 1964 5682 1988 5710; x_wconf 75' lang='grc' dir='ltr'>α</span> <span class='ocrx_word' id='word_1_834' title='bbox 2026 5669 2158 5726; x_wconf 88' lang='lat' dir='ltr'><strong>Dan.</strong></span> <span class='ocrx_word' id='word_1_835' title='bbox 2191 5669 2327 5738; x_wconf 86' lang='lat' dir='ltr'><strong>xm,</strong></span> <span class='ocrx_word' id='word_1_836' title='bbox 2367 5671 2454 5724; x_wconf 73' lang='lat'><strong>49..</strong></span> <span class='ocrx_word' id='word_1_837' title='bbox 2511 5698 2513 5700; x_wconf 85' lang='lat'><em>-</em></span> 
     </span>
    </p>
   </div>
   <div class='ocr_carea' id='block_1_118' title="bbox 2999 5833 3077 5892">
    <p class='ocr_par' dir='ltr' id='par_1_118' title="bbox 2999 5833 3077 5892">
     <span class='ocr_line' id='line_1_118' title="bbox 2999 5833 3077 5892; baseline 0 0"><span class='ocrx_word' id='word_1_838' title='bbox 2999 5833 3077 5892; x_wconf 86' lang='lat'><strong>37</strong></span> 
     </span>
    </p>
   </div>
  </div>
