4004 6290
663 299 808 358 H55

2039 298 2323 358 JOANNIS
2360 300 2559 358 SCOTI
3711 314 3795 372 “Si

665 413 973 473 substituta,
999 418 1053 465 et
1078 425 1181 464 non
1222 408 1579 465 existentibus
1605 411 1833 481 accipiet
1860 425 2049 468 eorum
2071 411 2248 466 scien-
2278 414 2325 476 Α
2352 410 2584 479 plicatur
2608 412 2747 468 ratio
2767 453 2782 479 ,
2819 421 2873 471 et
2898 413 2967 469 ab
2993 413 3245 470 omnibus
3267 421 3349 471 est
3372 429 3521 485 super
3557 419 3722 483 omnia,
3740 438 3795 477 κ.

667 507 817 568 tiam,
841 503 934 559 sed
973 501 1183 572 et'ipsis
1209 501 1435 571 singulis
1459 516 1648 557 eorum
1672 502 1933 558 scientiae
1952 501 2061 557 erit
2087 500 2250 572 largi-

668 610 768 651 tor.
794 594 911 649 Non
944 594 1134 648 videns
1159 594 1302 648 Deus
1336 592 1610 663 propriam
1646 592 1811 648 habet
1834 593 1915 649 sui
1939 591 2247 659 scientiam,

664 690 1098 744 alteramautem
1138 698 1501 749 communem,
1539 684 1832 739 existentia
1878 682 2061 738 omnia
2102 695 2250 736 com-

665 781 1023 852 prehendens.
1045 779 1162 849 Ipsa
1184 776 1328 834 enim
1360 776 1591 846 seipsam
1616 776 1856 830 onmium
1882 790 2047 830 causa
2060 787 2249 844 cogno-

667 886 850 938 scens,
894 872 1108 928 vacatio
1149 872 1238 927 ubi
1286 884 1496 932 eorum,
1549 882 1687 938 quae
1740 868 1808 922 ab
1848 866 1963 936 ipsa
2009 878 2153 929 sunt,
2195 873 2250 919 et

668 979 901 1035 quarunt
963 972 1048 1020 est
1091 976 1276 1026 causa,
1326 960 1681 1030 ignorantiae.
1742 957 1855 1013 Hae
1903 958 2068 1029 igitur
2109 956 2250 1010 Deus

674 1056 964 1110 existentia
993 1053 1291 1124 cognoscit,
1325 1065 1428 1107 non
1474 1050 1699 1106 scientia
1744 1049 2110 1110 existentium,
2152 1046 2248 1102 sed

666 1148 793 1215 ipsa
824 1160 940 1201 sua.
984 1143 1195 1199 Etenim
1240 1150 1295 1197 et
1339 1139 1559 1211 angelos
1586 1140 1727 1195 scire
1765 1138 1917 1194 aiunt
1960 1137 2171 1206 eloquia
2197 1147 2246 1202 ι,

674 1250 817 1308 quae
845 1243 972 1291 sunt
1012 1250 1175 1304 super
1200 1242 1420 1298 terram,
1453 1247 1560 1287 non
1602 1229 1851 1287 sensibus
1892 1229 2029 1284 haec
2049 1242 2248 1297 cogno-

671 1338 887 1383 scentes
930 1322 1206 1381 sensibilia
1259 1332 1492 1384 terrena,
1530 1335 1624 1390 per
1665 1319 1939 1390 propriam
1966 1332 2095 1372 vero
2131 1316 2247 1371 dei-

668 1418 856 1473 formis
902 1414 1065 1471 animi
1109 1414 1363 1468 virtutem
1408 1420 1464 1466 et
1514 1407 1795 1466 naturam}
1830 1408 1886 1462 In
1934 1407 2020 1462 bis
2065 1416 2245 1461 autem

659 1521 931 1576 quaerere
955 1513 1193 1575 oportet,
1216 1502 1490 1575 quomodo
1521 1516 1619 1558 nos
1654 1500 1821 1554 Deum
1850 1498 2246 1570 cognoscimus,

658 1594 1276 1667 mequeintelligibilem,
1327 1607 1502 1662 neque
1532 1590 1864 1654 sensibilem,
1912 1603 2087 1659 neque
2120 1587 2248 1657 quid

660 1687 1041 1743 nnivcrsaliter
1071 1684 1418 1741 existentium
1462 1683 1803 1738 existentem.
1841 1680 2112 1751 Numquid
2147 1680 2248 1733 ita-

2350 505 2585 560 cundum
2608 505 3061 576 superessentiale
3084 506 3343 561 absoluta.
3364 506 3473 576 Ipsa
3499 509 3617 563 ratio
3635 512 3796 568 estsin-

2348 593 2432 663 pla
2462 602 2518 650 et
2541 610 2669 650 vere
2693 596 2940 653 existens
2968 597 3177 652 veritas
3197 635 3213 661 ,
3243 596 3383 653 circa
3409 612 3555 665 quam
3574 638 3588 661 ,
3610 609 3656 653 ut
3675 615 3796 669 puram

2348 700 2405 743 et
2448 702 2556 743 non
2598 696 2871 744 errantem
2915 689 3154 744 omnium
3194 689 3500 773 scientiam,
3542 689 3685 744 divina
3717 690 3797 746 ﬁdes

2352 787 2444 833 est
2484 778 2705 839 unicum
2745 778 3084 834 credentium
3134 778 3557 843 fundamentum,
3593 795 3666 834 eos
3692 782 3796 835 collo-

2352 881 2484 922 cans
2513 866 2750 933 veritati,
2774 875 2829 922 et
2854 867 2935 922 eis
2961 866 3265 932 veritatem,
3293 864 3569 921 incredibili
3595 866 3797 922 incommu-

2352 958 2618 1014 tabilitate
2659 959 2911 1029 simplam
2965 959 3217 1015 veritatis
3267 959 3535 1015 scientiam
3577 960 3799 1016 habentibus

2352 1050 2606 1105 credulis.
2650 1049 2768 1119 Ipsa
2812 1050 2957 1105 enim
2999 1059 3084 1106 est
3119 1050 3346 1106 scientia
3387 1052 3639 1105 adunatrix
3672 1065 3799 1122 cogno-

2353 1141 2621 1196 scentium
2650 1148 2703 1196 et
2743 1141 3085 1212 cognitorum
3113 1157 3128 1197 :
3155 1141 3449 1215 ignorantia
3475 1156 3589 1198 vero
3627 1152 3799 1196 nam

2350 1231 2533 1286 tabilis
2561 1245 2795 1301 semper,
2824 1239 2879 1286 et
2922 1246 2990 1286 ex
3034 1232 3212 1303 seipse
3258 1233 3513 1303 ignoranti
3553 1234 3799 1303 separati-nis

2348 1336 2531 1377 causa.
2561 1320 2617 1376 In
2640 1321 2868 1377 veritate
2892 1321 3200 1377 credentem
3218 1364 3233 1389 ,
3253 1331 3405 1391 juxta
3424 1338 3610 1378 sacrum
3631 1323 3798 1383 rerbun,

2349 1410 2482 1465 nihil
2508 1410 2805 1465 removebit
2828 1424 2912 1475 ea,
2938 1426 3078 1481 quae
3098 1420 3183 1466 est
3203 1410 3488 1465 secundum
3510 1425 3658 1464 verant
3677 1409 3798 1471 ﬁdem,

2347 1501 2571 1564 laetitia,
2604 1501 2657 1556 in
2682 1516 2786 1571 qua
2814 1501 3146 1556 mansionem
3175 1500 3391 1555 habebit
3411 1500 3571 1554 stabili
3588 1510 3633 1555 et
3652 1500 3799 1553 intrans

2348 1591 2590 1647 mutabili
2641 1589 3012 1647 uniformitate
3058 1602 3106 1644 ο.
3142 1590 3353 1645 Etenim
3396 1590 3493 1645 scit
3527 1588 3584 1643 ad
3613 1589 3799 1643 veritates

2349 1686 2561 1754 unitus,
2600 1690 2689 1745 ubi
2720 1688 2917 1755 habet,
2966 1698 3021 1744 et
3045 1687 3089 1744 si
3118 1687 3273 1744 multi
3300 1686 3613 1757 corripiendo
3632 1692 3801 1739 eumue

671 1794 778 1851 que
807 1788 889 1834 est
918 1792 1103 1833 verum
1128 1777 1329 1840 dicere,
1351 1774 1476 1843 quia
1521 1774 1685 1828 Deum
1738 1772 2112 1843 cognoscimus
2155 1783 2260 1824 non
2292 1756 2334 1815 Β
2363 1798 2524 1853 quam
2554 1794 2736 1841 meum
2761 1787 3135 1843 excedentem.
3160 1786 3317 1841 Lam
3342 1784 3544 1855 quidem
3566 1782 3678 1837 wh“
3696 1780 3801 1848 imp

675 1887 744 1928 ex
782 1886 878 1925 sua
910 1877 1185 1924 natura—
1208 1865 1622 1937 incoguoscibile
1650 1863 1793 1919 enim
1821 1863 2012 1927 hoc,et
2038 1875 2250 1916 omnem

676 1963 948 2017 rationem
974 1968 1037 2015 et
1071 1956 1397 2013 intellectum
1427 1970 1691 2024 superans
1713 1983 1780 1995 -
1804 1954 1897 2009 sed
1920 1968 1985 2008 ex
2012 1951 2250 2007 onmium

674 2051 1020 2109 existentium
1075 2048 1437 2111 ordinatione,
1466 2062 1532 2103 ex
1568 2046 1685 2116 ipso
1704 2054 2005 2116 praetenta,
2036 2052 2090 2099 et
2118 2042 2252 2097 ima-

650 2145 823 2217 igines
864 2141 1123 2214 quasdam
1166 2147 1222 2198 et
1256 2138 1636 2196 similitudines
1670 2137 1972 2193 divinorum
2001 2135 2118 2203 ejus
2153 2150 2249 2204 pa-

664 2236 1029 2304 radigmatum
1078 2231 1331 2296 habente,
1364 2230 1433 2287 ~in
1466 2244 1736 2284 summum
1767 2228 2007 2282 omnium
2038 2225 2148 2280 vita
2196 2232 2253 2279 et

650 2326 864 2381 ordine
916 2322 1211 2380 semiudum
1277 2320 1534 2377 virtutem
1603 2317 1934 2374 redeundum
2007 2315 2249 2370 omnium

670 2414 963 2477 ablatione,
1004 2421 1061 2468 et
1096 2410 1421 2474 eminentia,
1462 2408 1518 2463 in
1542 2409 1783 2464 omnium
1807 2422 1989 2463 causa.
2019 2405 2251 2461 Proinde

675 2504 806 2561 etin
846 2502 1098 2558 omnibus
1139 2501 1283 2556 Deus
1318 2499 1682 2569 cognoscitur,
1722 2506 1779 2554 et
1820 2498 1941 2555 sine
1977 2497 2248 2563 omnibus,

670 2602 724 2648 et
756 2606 853 2662 per
895 2590 1176 2647 scientiam
1210 2589 1353 2645 Deus
1389 2588 1755 2659 cognoscitur,
1793 2595 1850 2642 et
1888 2601 1985 2658 per
2022 2585 2250 2642 inscien-

672 2684 802 2741 tiam
817 2685 834 2716 ⁸
852 2701 867 2737 :
884 2691 939 2738 et
961 2690 1042 2738 est
1061 2682 1181 2754 ejus
1202 2692 1256 2737 et
1278 2681 1654 2752 intelligentia,
1671 2690 1732 2763 et
1745 2679 1905 2744 ratio,
1924 2688 1979 2733 et
1998 2677 2247 2743 scientia,

667 2784 725 2832 et
778 2783 976 2841 tactus,
1028 2782 1086 2830 et
1129 2787 1341 2841 sensus,
1374 2783 1430 2828 et
1474 2771 1680 2842 opinio,
1741 2779 1798 2826 et
1848 2769 2154 2839 phantasia,
2193 2776 2250 2825 et

667 2874 963 2932 nomen,et
1003 2864 1107 2921 alia
1131 2863 1334 2921 omnia.
1378 2863 1445 2919 Et
1479 2877 1653 2933 neque
1693 2859 2031 2931 intelligitur,
2073 2873 2250 2931 neque

672 2960 894 3025 dicitur,
918 2973 1095 3030 neque
1135 2958 1466 3023 nominatur,
1489 2964 1547 3012 et
1570 2970 1673 3011 non
1704 2961 1790 3010 est
1843 2953 1971 3023 quid
2005 2953 2246 3009 existen-

672 3050 835 3116 tium,
881 3063 1055 3119 neque
1101 3049 1153 3104 in
1196 3050 1430 3119 quodam
1487 3045 1834 3103 existentium
1881 3043 2243 3116 cognoscitur,

667 3141 805 3197 etin
846 3105 1099 3195 omn-ibus
1130 3105 1314 3195 omnia
1354 3147 1457 3206 est,
1481 3147 1537 3194 et
1564 3137 1618 3193 in
1639 3136 1788 3193 nullo
1828 3105 2053 3199 nullum,
2093 3143 2147 3191 et
2177 3105 2245 3189 ett
2274 3105 2320 3168 Ο

661 3230 923 3286 omnibus
966 3229 1018 3284 in
1059 3229 1311 3286 omnibus
1343 3227 1707 3299 cognoscitur,
1746 3234 1803 3283 et
1848 3226 1869 3256 '
1911 3240 1977 3282 ex
2002 3223 2151 3281 nullo
2189 3223 2242 3285 in

668 3323 836 3379 nullo.
869 3322 937 3378 Et
965 3323 1100 3378 haec
1126 3331 1273 3378 recte
1295 3321 1362 3377 de
1383 3320 1492 3377 Deo
1515 3320 1763 3386 dicimus,
1798 3328 1855 3374 et
1890 3317 2242 3375 existentibus

668 3414 920 3469 ouantibus
968 3412 1221 3468 laudatur
1279 3412 1573 3468 secundum
1632 3411 1871 3467 omnium
1922 3409 2240 3481 analogiam,

662 3522 900 3577 quorum
935 3512 1019 3560 est
1054 3502 1305 3559 causalis.
1346 3502 1412 3557 Et
1438 3511 1521 3559 est
1561 3502 1758 3557 iterum
1782 3500 2116 3556 divinissima
2150 3497 2243 3553 Dei

662 3596 917 3661 scientia,
942 3608 1037 3665 per
1078 3591 1495 3663 incugnitionem
1519 3591 1541 3623 ³
1569 3604 1900 3662 cognoscens
1950 3588 2243 3645 secundum

669 3705 835 3760 super
863 3688 1100 3745 animum
1155 3686 1437 3749 unitatem,
1468 3697 1589 3739 cum
1635 3681 1847 3737 animus
1887 3677 2245 3736 existentibus

669 3782 921 3838 omnibus
966 3778 1240 3844 recedens,
1284 3775 1478 3831 deinde
1524 3783 1581 3831 et
1623 3773 1862 3843 seipsum
1910 3772 2241 3841 relinquens,

670 3880 856 3933 nnitur
884 3868 1432 3944 stqierapparentibus
1456 3866 1643 3933 radiis,
1671 3865 1795 3921 inde
1821 3872 1877 3920 et
1903 3864 1997 3928 ibi,
2040 3863 2245 3917 inseru-

671 3966 852 4022 tabilis
874 3963 1140 4035 profundo
1164 3958 1464 4029 sapientiae
1487 3955 1841 4011 illuminatus.
1862 3954 1931 4009 Et
1953 3952 2169 4023 quidem
2193 3960 2248 4006 et

664 4074 738 4111 ex
772 4053 1045 4118 omnibus,
1076 4048 1218 4122 quod
1246 4047 1463 4119 quidem
1492 4044 1627 4111 dixi,
1649 4046 1763 4117 ipsa
1790 4040 2242 4115 cognoscendum.

668 4149 788 4219 Ipsa
817 4146 962 4203 enim
987 4151 1091 4208 est,
1121 4139 1417 4197 secundum
1441 4136 1740 4208 eloquium,
1772 4134 2011 4191 omnium
2030 4131 2243 4196 facti-ix,

668 4252 723 4297 et
788 4251 1002 4307 semper
1075 4232 1255 4290 omnia
1323 4229 1747 4301 compaginans,
1815 4234 1870 4283 et
1948 4222 2248 4280 insolubilis

669 4331 915 4387 onmium
983 4323 1374 4396 congruentiae
1419 4328 1475 4377 et
1530 4317 1889 4375 ordinationis
1944 4331 2129 4381 causa,
2192 4322 2246 4369 et

667 4439 883 4493 semper
934 4420 1070 4475 lines
1135 4417 1374 4488 priorum
1435 4420 1762 4468 connectens
1810 4408 2090 4479 principiis
2153 4420 2242 4462 se-

668 4514 992 4576 cundorum,
1032 4518 1088 4564 et
1130 4494 1291 4563 unam
1318 4502 1691 4561 universitatis
1721 4499 2143 4571 conspirantiam
2189 4504 2245 4553 et

666 4601 1011 4660 harmoniam
1064 4598 1344 4671 pulchram
1408 4593 1634 4650 faciens.
1690 4591 1850 4647 Ratio
1907 4605 2037 4647 vero
2103 4588 2245 4646 Deus

669 4694 923 4749 laudatur
988 4707 1018 4746 a
1069 4690 1241 4747 sacris
1296 4688 1554 4758 eloquiis,
1622 4700 1727 4741 non
1786 4684 1959 4740 solum
2010 4685 2135 4756 quia
2190 4693 2245 4739 et

672 4784 899 4840 rationis
927 4791 983 4837 et
1014 4782 1324 4838 intellectus
1352 4789 1409 4835 et
1437 4777 1733 4849 sapientiae
1761 4786 1845 4832 est
1874 4776 2116 4847 largitor,
2148 4774 2243 4831 sed

672 4876 801 4946 quia
829 4885 885 4931 et
913 4875 1153 4931 omnium
1186 4888 1380 4928 causas
1408 4872 1459 4926 in
1485 4870 1663 4940 seipso
1707 4866 2050 4923 uniformiter
2090 4881 2244 4936 prae—

664 4967 930 5033 ambivit,
961 4976 1015 5020 et
1042 4964 1168 5035 quia
1198 4956 1295 5035 per
1321 4963 1501 5018 unmia
1547 4959 1735 5031 implet
1772 4958 2092 5030 perveniens
2114 4997 2129 5023 ,
2176 4966 2233 5011 ut

669 5056 880 5128 eloquia
925 5058 1076 5111 aiunt
1107 5056 1157 5119 δ,
1189 5069 1361 5124 usque
1401 5052 1467 5107 ad
1493 5052 1734 5106 omnium
1784 5050 1964 5104 linem.
2006 5048 2074 5103 Et
2113 5056 2240 5104 ante

662 5151 885 5220 quidem
916 5151 1051 5205 haec
1080 5150 1134 5205 in
1176 5147 1323 5204 omni
1362 5143 1708 5215 simplicitate
1737 5143 1918 5198 divina
1946 5143 2239 5213 supersim-

2352 1891 2447 1932 eos
2472 1878 2678 1933 erroris
2700 1893 2734 1932 a
2762 1879 2995 1934 veritate
3020 1895 3116 1949 per
3145 1893 3328 1933 veram
3371 1876 3521 1932 ﬁdem
3546 1882 3686 1928 mente
3702 1885 3798 1926 eroe-

2351 1970 2503 2027 dens.
2532 1970 2650 2041 Ipse
2674 1980 2854 2026 autem
2876 1987 3009 2029 vere
3030 1972 3135 2026 scit
3158 1972 3393 2040 seipsum
3409 2008 3424 2033 ,
3449 1983 3572 2028 non,
3591 1962 3801 2033 quolaiut

2351 2060 2471 2127 illi,
2503 2061 2901 2128 insanientem,
2930 2061 3023 2116 sed
3066 2059 3424 2116 instabilitate
3461 2065 3511 2112 et
3549 2052 3799 2110 mutabilitate

2350 2152 2495 2207 circa
2539 2151 2902 2222 largissimum
2965 2151 3173 2206 erroris
3221 2149 3432 2203 varium
3480 2144 3716 2201 ambitum,
3746 2153 3801 2207 pa

2351 2242 2678 2298 immobilem
2733 2248 2790 2298 et
2836 2256 3050 2311 semper
3094 2240 3390 2296 secundum
3440 2236 3606 2292 eadem
3636 2242 3677 2287 et
3707 2227 3801 2285 sicsic

2350 2335 2644 2391 habentem
2699 2334 2986 2389 veritatem
3045 2332 3358 2387 liberatum.
3407 2329 3492 2383 Sic
3531 2327 3663 2397 igitur
3689 2334 3800 2375 secun-

2356 2427 2484 2482 dum
2513 2440 2615 2482 nos
2644 2424 2861 2480 divinae
2904 2423 3201 2494 sapientiae
3246 2416 3561 2491 principales
3598 2415 3719 2469 duces
3747 2419 3801 2476 μω

2350 2518 2582 2573 veritate
2600 2516 2908 2572 moriuntur
2934 2513 3083 2569 omni
3109 2513 3223 2579 die,
3251 2508 3595 2567 testimonium
3617 2499 3802 2573 perhihtlr

2338 2616 2463 2673 tes,
2503 2614 2562 2663 ut
2599 2615 2684 2665 est
2720 2619 3089 2673 consequens,
3125 2611 3181 2659 et
3208 2604 3376 2657 verbo
3402 2599 3801 2661 omninoetopett.

2350 2697 2543 2753 unicae
2564 2703 2798 2766 propter
2827 2694 3165 2749 Christianos
3191 2706 3360 2746 verae
3381 2687 3629 2746 scientiae,
3650 2684 3720 2736 hoc
3736 2684 3803 2733 est.

2346 2786 2591 2844 omnium
2620 2787 2793 2856 ipsam
2817 2798 2941 2839 esse
2967 2792 3022 2839 et
3059 2782 3446 2852 simpliciorem
3469 2788 3519 2833 et
3550 2772 3802 2831 diviniorem.

2349 2880 2522 2952 magis
2543 2886 2723 2935 autem
2744 2917 2759 2943 ,
2787 2878 2961 2949 ipsam
2986 2891 3107 2932 esse
3131 2875 3151 2906 "
3168 2874 3352 2930 solam
3367 2913 3384 2939 ,
3408 2885 3604 2931 veram,
3624 2875 3666 2920 et
3683 2873 3803 2919 until.

2347 2979 2405 3027 et
2429 2969 2678 3041 simplam
2703 2968 2940 3025 divinam
2966 2967 3274 3023 scientiam.

2839 3097 3239 3157 CAPITULUM
3304 3096 3435 3153 VIII.

2345 3218 2424 3289 De
2460 3215 2880 3289 virtutejustitia,
2917 3213 3104 3289 salute,
3146 3212 3515 3289 redemptione,
3549 3206 3593 3259 in
3628 3192 3804 3273 quarti:

2950 3282 3345 3354 inaequalitate.

2412 3423 2517 3481 Sed
2533 3421 2786 3492 quoniam
2799 3419 3035 3480 diVinam
3050 3418 3358 3480 veritatem,
3370 3422 3424 3469 et
3434 3410 3667 3484 plusquam
3677 3397 3805 3492 sapies

2347 3522 2455 3570 tem
2480 3488 2826 3584 sapientiam,
2848 3498 2904 3566 et
2924 3517 2983 3564 ut
2997 3508 3247 3562 virtutem
3276 3505 3506 3567 laudant,
3520 3506 3621 3555 etut
3632 3488 3805 3584 justitiam

2348 3575 2602 3676 theologi,
2622 3612 2675 3659 et
2697 3575 2925 3658 salutem
2948 3600 3116 3671 ipsam
3141 3604 3406 3653 vocantet
3419 3575 3804 3660 redemptionem”

2346 3711 2448 3768 age
2490 3704 2547 3752 et
2593 3694 2753 3760 haec,
2792 3699 3053 3763 quantum
3080 3687 3339 3760 possibile
3362 3684 3526 3745 nobis,
3553 3676 3689 3734 divina
3709 3678 3807 3721 γοα·

2346 3767 2470 3845 bula
2496 3785 2834 3857 replicemus.
2883 3782 2951 3837 Et
2995 3781 3122 3850 quia
3158 3779 3378 3850 quidem
3418 3768 3650 3831 thearcbia
3667 3767 3805 3818 omnem

2346 3877 2562 3935 excellit
2585 3885 2640 3933 et
2666 3882 2885 3946 superat
2918 3880 3210 3940 utcumque
3235 3862 3295 3924 et
3321 3867 3614 3923 existentem
3643 3858 3806 3946 etest?

2346 3971 2567 4041 gitatam
2591 3941 2867 4031 virtutem,
2894 3978 3001 4019 non
3033 3961 3273 4017 arbitror
3302 3966 3600 4029 quemquam
3623 3949 3662 4041 in

2346 4028 2575 4131 cloquiis
2600 4028 2987 4129 possidentium
3013 4053 3282 4124 ignorare.
3324 4028 3538 4116 iUbiqne
3568 4040 3678 4131 enini

2346 4118 2484 4222 logia
2523 4157 2580 4205 et
2601 4118 2890 4203 'dominam
2929 4118 3124 4214 ipsam,
3166 4148 3221 4194 et
3282 4136 3414 4208 ipsis
3449 4118 3805 4222 ευραωθιςδιίξιίιξ

2349 4205 2637 4295 viantibus
2671 4205 2969 4306 segregans
3004 4229 3183 4285 tradit.
3216 4205 3491 4294 Quomodo
3525 4234 3621 4275 eam

2348 4339 2404 4386 et
2444 4338 2504 4384 ut
2548 4294 2798 4382 νὶτιιιιᾶη
2826 4294 3068 4387 laudant,
3098 4320 3243 4375 omni
3280 4324 3531 4373 remotam
3550 4294 3802 4389 virtutcll‘t‘

2348 4416 2617 4491 quomodo
2643 4416 2698 4472 in
2726 4415 2842 4487 ipsa
2866 4381 3082 4468 virtutis
3121 4407 3438 4464 vocabulum
3465 4381 3800 4491 accipimusl

2348 4480 2534 4569 eamus
2562 4480 2764 4579 igitur;
2776 4504 2905 4574 quia
2927 4502 3098 4557 virtus
3128 4507 3211 4555 est
3239 4498 3404 4561 Deus,
3434 4503 3490 4547 ut
3510 4497 3683 4545 Ollillelll

2350 4568 2459 4659 tem
2501 4598 2557 4654 in
2582 4568 2813 4666 -δθίρὲιί
2853 4591 3235 4664 praebabens,
3289 4595 3345 4641 et
3391 4594 3447 4639 ut
3495 4576 3641 4636 omnis
3672 4568 3806 4668 νίξιυξί

2346 4705 2530 4756 causa,
2580 4696 2637 4745 et
2680 4664 2861 4744 omnia
2901 4698 2999 4755 per
3030 4681 3285 4737 virtutem
3315 4664 3806 4732 inﬂexibilemetiwt-

2346 4780 2681 4839 cumtinitam
2708 4778 3028 4851 producens,
3068 4782 3124 4831 et
3160 4782 3220 4830 ut
3249 4787 3279 4826 a
3308 4786 3367 4827 se
3393 4763 3587 4825 essendi
3621 4757 3806 4851 virtutem:

2347 4874 2463 4930 sive
2496 4878 2686 4937 totam,
2717 4870 2833 4926 sive
2868 4866 3109 4939 singulas
3151 4874 3393 4934 quasque
3434 4840 3807 4939 causalisensnt“

2347 4926 2713 5034 multipotens,
2730 4976 2836 5017 non
2858 4926 3029 5015 solum
3051 4926 3268 5013 omnem
3288 4926 3531 5007 virtutem
3550 4926 3806 5034 producendi

2348 5056 2443 5112 sed
2472 5018 2529 5111 et
2561 5069 2722 5125 super
2746 5067 2961 5108 omnem
2989 5066 3086 5120 per
3125 5048 3358 5117 δείρείιηι
3398 5041 3627 5125 Vinum"!

2346 5155 2401 5200 et
2440 5108 2779 5215 supera-udo,
2821 5148 2880 5197 et
2918 5108 3287 5209 multipliciter
3318 5131 3512 5203 “multas
3558 5108 3807 5181 existetllib“s

1974 5256 2224 5313 VARIAE
2260 5254 2658 5313 LECTIONES.

741 5379 758 5406 ¹
790 5375 830 5429 Β
867 5376 1126 5428 inscitiam
1207 5374 1226 5403 ⁸
1267 5374 1321 5425 in
1362 5369 1596 5424 nullo—
1620 5371 1950 5440 cognoscitur
2000 5380 2046 5424 et
2076 5384 2183 5424 om.
2216 5369 2328 5424 BH.
2403 5368 2424 5400 '
2462 5367 2596 5423 BElI
2621 5366 2985 5439 cognitionem.
3059 5362 3083 5397 ⁵
3121 5372 3171 5418 et
3198 5344 3803 5431 simplicium—MM

664 5445 825 5500 ΒΕΗ.
900 5452 923 5483 ι
963 5442 1047 5497 ΒΗ
1080 5443 1470 5513 redemptorem.

2195 5528 2446 5585 NOTAE.

781 5635 947 5699 APO?"
972 5628 1033 5699 "9

738 5691 871 5772 0_P§.
892 5696 1229 5763 XXXIMIS.
1245 5696 1367 5754 Isai.
1386 5695 1498 5752 XL.
1512 5694 1668 5752 Joan.
1686 5693 1726 5753 Ι.
1744 5691 2050 5760 Jer.XXlll,
2069 5691 2328 5763 bap.VIll.

2440 5629 2464 5660 ε
2497 5617 2653 5674 Rom.
2690 5615 2813 5672 Vlll.
