4004 6290
218 406 353 493 nsi

837 424 1081 482 VERSIO
1120 424 1400 481 OPERUM
1439 426 1500 480 S.
1547 397 1861 482 OIONYSH.
1903 450 1971 459 —
2001 419 2088 473 DE
2129 418 2374 475 DIVINIS
2413 418 2803 474 NOMINIBUS.

3336 410 3474 473 1158

213 550 505 606 virtutibus
533 515 666 601 alias
691 546 1022 607 adducenda,
1053 554 1108 598 et
1147 560 1251 597 non
1296 543 1459 596 etiam
1504 521 1789 612 aliquando
1820 533 1862 601 Ᾱ
1894 526 2000 589 non
2036 526 2236 606 posse?
2283 530 2328 586 Α
2368 548 2475 603 quo
2504 534 2700 588 'nosti'o
2732 533 2985 602 theologo'
3032 533 3369 588 maledic-itur
3396 534 3476 587 div

216 640 444 696 valendo
485 637 709 702 multas,
757 645 812 689 et
863 636 915 688 in
967 635 1191 688 multum
1239 632 1527 703 productas
1564 633 1793 687 virtutes

215 744 376 799 super
415 727 635 781 multam
682 739 809 779 suae
847 724 1132 793 pontiﬁcae
1176 710 1439 778 factt‘iram
1476 730 1532 777 et
1559 716 1796 776 ineﬂ'abié

215 821 346 876 lium
390 827 446 873 et
490 816 885 885 incognitorum
930 824 985 869 et
1025 812 1564 883 superinvisibilium,
1614 812 1792 865 omnia

215 919 503 981 superante
544 906 659 977 ejus
687 907 902 962 virtute.
945 904 1156 961 Inﬁnita
1196 914 1377 960 autem
1422 904 1651 960 essentia
1701 919 1796 974 po-

216 1002 400 1065 tentis,
428 1007 486 1061 et
523 998 890 1053 inﬁrmitatem
931 997 1129 1051 virtute
1165 1006 1221 1050 et
1264 994 1557 1050 novissima
1600 1007 1792 1048 conso-

215 1092 457 1146 nantium
491 1089 593 1145 sibi
634 1088 1042 1159 comprehendit
1074 1095 1129 1143 et
1166 1095 1406 1157 superat,
1455 1086 1595 1149 sicut
1639 1093 1694 1141 et
1743 1085 1794 1138 in

214 1185 322 1255 his,
356 1197 495 1252 quae
529 1180 823 1236 secundum
848 1193 1064 1233 sensum
1091 1179 1324 1248 potentia
1354 1187 1497 1243 sunt,
1533 1176 1793 1236 videmus,

212 1274 340 1343 quia
375 1269 769 1342 superlueentia
814 1267 1098 1322 luminaria
1138 1276 1192 1321 et
1234 1279 1404 1336 usque
1433 1262 1676 1319 inﬁrmas
1720 1265 1799 1316 vi-

214 1364 397 1418 siones
429 1360 744 1429 anticipant,
782 1368 838 1413 et
874 1356 1267 1429 magnitudines
1296 1356 1480 1410 dicunt
1525 1355 1797 1410 sonituum

218 1453 272 1507 in
327 1465 430 1506 non
488 1448 641 1504 valde
690 1447 847 1503 lacile
899 1461 1153 1502 sonorum
1209 1445 1529 1515 recipientes
1584 1443 1798 1497 auditus

216 1543 416 1599 subire.
459 1541 693 1596 Omnino
731 1540 875 1597 enim
915 1554 1018 1593 non
1051 1539 1294 1602 audiens,
1327 1552 1433 1591 non
1463 1537 1712 1590 auditus:
1745 1545 1800 1588 et

216 1633 596 1690 universaliter
655 1648 761 1687 non
803 1631 988 1686 videns
1014 1671 1030 1695 ,
1072 1644 1246 1700 neque
1286 1628 1443 1683 visio.
1489 1627 1608 1697 ipsa
1655 1627 1800 1692 clare

218 1726 565 1797 multipotens
606 1725 700 1780 Dei
739 1723 1048 1779 distributio
1071 1723 1251 1779 omnia
1278 1721 1561 1777 existentia
1593 1720 1799 1790 implet,

214 1828 274 1875 et
299 1817 431 1873 nibil
456 1826 541 1872 est
568 1816 945 1882 existentium,
977 1815 1118 1886 quod
1146 1813 1366 1868 omnino
1397 1812 1671 1882 privetur,
1701 1811 1798 1865 ha-

1894 628 2021 680 vino
2059 626 2241 689 Paulo,
2272 625 2470 681 dicenti
2496 637 2544 685 α.
2584 641 2688 679 non
2721 641 2876 695 posse
2901 626 3063 680 Deum
3102 624 3337 694 seipsum
3384 639 3478 680 ne-

1897 731 2042 786 gare.
2060 715 2286 770 -Addens
2314 724 2491 768 autem
2523 715 2643 775 hoc,
2682 714 2835 769 valde
2866 728 3186 784 expavesco,
3220 714 3477 784 numquid

1897 819 1951 864 et
1990 808 2330 879 insipientiae
2373 806 2564 864 debeo.
2610 808 2794 868 Rideo,
2846 822 3135 876 puerorum
3181 807 3478 863 ludentium

1899 899 2140 955 aediﬁcia
2165 909 2219 955 et
2249 915 2410 969 super
2444 911 2663 954 arenam
2705 909 2760 952 ct
2798 898 3071 953 inﬁrmum
3113 899 3324 955 solvere
3359 908 3478 955 ten-

1899 1003 2050 1058 tans,
2105 1001 2160 1047 et
2212 990 2369 1047 veluti
2429 991 2659 1060 quadam
2700 991 3232 1062 incomprehensibili
3280 992 3483 1048 visione

1898 1084 2242 1139 considerare
2288 1082 2515 1139 festinus
2555 1084 2621 1138 de
2659 1083 2761 1139 hoc
2801 1083 3153 1154 theologicam
3199 1084 3479 1139 virtutem.

1901 1174 2110 1230 Suimet
2163 1174 2308 1230 enim
2357 1175 2571 1244 negatio
2616 1189 2775 1230 casus
2817 1174 3061 1231 veritatis
3105 1185 3215 1231 est.
3272 1173 3482 1231 Veritas

1900 1277 2080 1324 autem
2109 1264 2165 1326 ὂν
2221 1277 2346 1325 est:
2378 1277 2433 1323 et
2458 1268 2703 1325 veritatis
2739 1284 2921 1336 casus,
2973 1270 3040 1324 ab
3087 1270 3356 1328 existente
3396 1269 3486 1327 .la-

1900 1376 2028 1429 psus
2066 1358 2108 1414 ⁸.
2151 1360 2208 1415 Si
2249 1360 2411 1431 igitur
2449 1361 2649 1416 veritas
2686 1361 2709 1393 ⁸
2747 1360 2803 1417 ὃν
2834 1369 2951 1427 est,
2992 1355 3313 1434 negatioqne
3349 1359 3488 1419 veri-

1903 1460 1985 1505 tas
2020 1452 2164 1507 ontis
2193 1466 2350 1506 casus
2370 1493 2384 1516 ,
2415 1467 2482 1506 ex
2510 1461 2636 1507 onte
2658 1444 2857 1508 cadere
2894 1453 3037 1508 Deus
3063 1469 3169 1510 non
3201 1463 3402 1525 potest,
3432 1464 3490 1510 et

1901 1556 2006 1595 non
2038 1556 2159 1597 esse
2184 1557 2289 1596 non
2314 1551 2391 1598 est
2419 1556 2434 1595 :
2460 1551 2713 1614 tanquam
2743 1544 2786 1599 si
2811 1544 2934 1614 quis
2961 1546 3178 1612 dixerit,
3201 1562 3307 1602 non
3331 1562 3490 1619 posse

1901 1645 2007 1684 non
2036 1640 2234 1702 potest,
2268 1640 2325 1687 et
2348 1632 2559 1688 nescire
2590 1635 2883 1689 secundum
2907 1636 3269 1706 privationem
3293 1640 3486 1694 nescit.
3558 1684 3567 1691 .

1902 1719 2053 1786 Quod
2083 1722 2300 1791 quidem
2336 1723 2533 1793 sophos
2571 1726 3040 1798 non-intelligens,
3091 1728 3335 1784 imitatur
3374 1745 3491 1786 cer-

1904 1812 2132 1867 tantium
2191 1814 2467 1884 imperitos
2514 1816 2841 1885 luctatores,
2900 1821 2995 1890 qui
3043 1836 3205 1891 saepe
3247 1823 3491 1881 inﬁrmos

215 1909 347 1964 bere
373 1909 642 1977 quandam
678 1907 968 1973 virtutem,
997 1905 1091 1961 sed
1118 1910 1210 1958 aut
1241 1903 1678 1968 intellectualem,
1710 1910 1804 1956 aut
1838 1893 1880 1951 B
1908 1916 2029 1957 esse
2070 1912 2534 1961 contracertantes
2573 1908 2864 1977 opinando,
2901 1910 3193 1967 secundum
3229 1914 3375 1984 quod
3408 1915 3491 1968 vi-

215 1996 563 2063 ‘rationalcm,
587 2006 680 2053 aut
715 1997 1038 2062 sensualem,
1062 2007 1155 2052 aut
1179 1995 1393 2051 vitalem
1425 1999 1466 2061 ί,
1503 2004 1598 2050 aut
1618 2011 1805 2051 essen-

219 2091 403 2146 tialem
432 2091 687 2145 virtutem
716 2090 880 2144 habet
908 2106 920 2141 :
949 2098 1005 2143 et
1034 2088 1232 2157 ipsum,
1281 2087 1327 2142 si
1370 2085 1574 2157 justum
1607 2085 1807 2150 dicere,

216 2196 341 2238 esse
360 2181 634 2245 virtutem,
663 2179 716 2233 in
737 2193 858 2235 esse
878 2177 1042 2234 habet
1066 2194 1096 2233 a
1127 2175 1563 2248 superessentiali
1588 2175 1804 2230 virtute.

220 2273 300 2328 Ex
316 2290 421 2344 qua
439 2271 868 2329 suntdeiformes
887 2271 1254 2344 angelicarum
1275 2271 1685 2340 dispositionum
1705 2270 1808 2325 vir-

216 2374 382 2428 tutes,
397 2379 461 2418 ex
478 2364 589 2434 ipsa
603 2371 657 2419 et
668 2378 787 2419 csse
802 2362 1145 2418 ineasualiter
1158 2364 1179 2393 ¹
1195 2361 1409 2425 habent,
1420 2369 1473 2415 et
1484 2377 1671 2416 mnnes
1684 2376 1809 2417 suos

218 2454 611 2511 intellectuales
633 2464 690 2510 et
714 2455 1047 2510 immortales
1070 2469 1279 2524 semper
1301 2462 1501 2517 motus,
1523 2463 1577 2507 et
1596 2452 1808 2509 fortitu-

216 2545 402 2599 dinem
449 2544 641 2615 ipsam,
688 2552 744 2600 et
797 2545 1173 2599 indiminutum
1218 2544 1541 2600 desiderium
1578 2545 1700 2599 boni
1740 2561 1806 2599 ex

222 2635 455 2715 multum
486 2635 692 2707 Optima
717 2634 916 2690 virtute
942 2643 1286 2706 acceperunt,
1318 2635 1432 2706 ipsa
1460 2636 1809 2706 permittente

219 2727 302 2781 eis
345 2742 504 2798 posse
544 2736 600 2782 et
643 2742 762 2782 esse
791 2727 925 2782 hace
946 2768 961 2792 ,
991 2735 1045 2783 et
1070 2736 1323 2797 appetere
1352 2743 1564 2799 semper
1587 2742 1726 2794 esse,
1755 2738 1809 2783 et

222 2817 327 2871 hoc
373 2831 532 2887 posse
568 2825 820 2887 appetere
865 2832 1022 2887 posse
1063 2832 1294 2888 semper.
1334 2817 1661 2873 Proveniant
1709 2834 1805 2873 au-

222 2918 331 2964 tem
357 2910 489 2964 haec
520 2909 794 2964 inﬂexibili
838 2910 1031 2966 virtute
1052 2920 1109 2967 et
1131 2911 1183 2966 in
1214 2912 1460 2966 homines
1480 2953 1496 2977 ,
1524 2922 1578 2966 et
1604 2913 1809 2967 anima-

222 3000 316 3066 lia,
354 3009 409 3055 et
446 3001 714 3070 germina,
747 3010 801 3056 et
843 3010 1008 3057 totam
1050 3004 1418 3058 universitatis
1448 3015 1717 3070 naturam,
1755 3015 1811 3060 et

223 3091 426 3145 virtute
465 3092 613 3146 unita
653 3102 778 3147 sunt
812 3094 877 3148 ad
911 3093 1053 3148 inter
1078 3109 1147 3149 se.
1172 3095 1403 3152 invicem
1432 3097 1726 3151 amicitiam
1754 3106 1809 3152 et

210 3176 557 3249 societatem,
590 3192 645 3239 et
671 3185 929 3252 discreta,
956 3187 1023 3240 ad
1052 3201 1173 3242 esse
1212 3190 1506 3242 secundum
1536 3188 1806 3259 propriam

1912 1996 2069 2050 detur
2104 1997 2231 2063 sibi,
2272 2007 2327 2054 et
2372 2000 2438 2053 ad
2482 2016 2670 2056 omues
2706 2017 2799 2057 cos
2825 2003 3052 2059 viriliter
3075 2006 3368 2061 umbratim
3397 2024 3490 2078 pu-

1910 2096 2153 2157 gnantes,
2180 2099 2236 2142 et
2278 2086 2402 2144 aéra
2429 2091 2583 2146 vanis
2617 2091 2811 2148 ictibus
2841 2094 3162 2151 ﬁducialiter
3186 2099 3491 2167 percutien-

1913 2184 2014 2241 tes,
2072 2180 2361 2236 aestimant
2401 2183 2906 2241 contraluctantium
2948 2202 3166 2244 suorum
3205 2190 3493 2256 dominari,

1908 2277 1964 2323 et
1988 2272 2195 2342 seipsos
2222 2273 2553 2341 praedicant,
2605 2278 2910 2333 nescientes
2956 2279 3170 2336 illorum
3216 2283 3493 2339 virtutem.

1909 2357 2018 2415 Nos
2068 2370 2247 2416 autem
2296 2364 2634 2436 theologum,
2689 2369 2984 2424 secundum
3029 2371 3171 2442 quod
3220 2374 3496 2443 possibile,

1906 2452 2333 2521 considerantes,
2367 2454 2486 2525 plus
2509 2473 2671 2527 quam
2699 2468 2969 2529 potentem
3008 2463 3176 2518 Deum
3215 2465 3496 2522 laudamus

1909 2549 1968 2595 ut
1992 2543 2437 2614 omnipotentem,
2476 2555 2536 2601 ut
2561 2548 2795 2614 beatmn,
2835 2559 2894 2605 ut
2922 2551 3094 2607 solum
3122 2562 3415 2623 potentem,
3446 2567 3503 2612 et

1909 2632 2277 2690 dominantem
2315 2636 2366 2690 in
2405 2639 2641 2706 potentia
2690 2654 2787 2695 sua
2837 2644 3038 2702 seculi.
3089 2654 3151 2699 ut
3201 2650 3499 2704 secundum

1909 2723 2112 2778 nullum
2154 2725 2500 2782 existentium
2547 2730 2829 2786 cadentem
2860 2749 2874 2786 :
2906 2734 3079 2805 magis
3117 2743 3297 2791 autem
3326 2747 3381 2792 et
3408 2754 3503 2793 su-

1910 2824 2188 2884 perantem
2217 2819 2398 2873 omnia
2429 2821 2713 2878 existentia
2753 2840 2850 2895 per
2874 2827 3127 2884 virtutem
3154 2844 3503 2901 superessen-

1912 2907 2116 2975 tialem,
2155 2920 2208 2966 et
2242 2912 2493 2970 omnibus
2529 2915 2883 2975 existentibus
2908 2934 3066 2989 posse
3087 2937 3231 2987 esse,
3277 2932 3336 2979 et
3378 2940 3501 2982 esse

1896 3000 2202 3054 secundum
2232 3004 2658 3074 magnitudinem
2687 3011 2991 3077 superantis
3030 3011 3247 3067 virtutis
3284 3014 3500 3085 copiosa

1910 3088 2173 3147 effusione
2197 3093 2506 3151 donantem.
2546 3096 2762 3153 Justitia
2789 3110 2968 3157 autem
3001 3104 3191 3160 iterum
3215 3105 3377 3173 Deus,
3404 3118 3505 3165 ve-

1913 3180 1990 3235 lut
2016 3184 2269 3241 omnibus
2297 3201 2436 3256 quae
2468 3201 2612 3256 sunt,
2652 3195 2947 3249 secundum
2972 3196 3288 3268 dignitatem
3319 3204 3506 3261 distri-

224 3275 432 3344 singnla
469 3291 714 3347 quaeque
742 3278 1005 3333 rationem
1043 3288 1097 3334 et
1129 3280 1415 3334 terminum
1446 3281 1723 3338 iuconfusa
1751 3291 1805 3338 et

1909 3274 2082 3330 buens
2122 3276 2395 3347 laudatur,
2440 3289 2497 3336 et
2536 3286 3018 3356 mensurationem,
3050 3298 3105 3346 et
3147 3292 3400 3362 formam,
3445 3310 3501 3355 et

226 3364 614 3434 imperturbata
634 3408 647 3433 ,
675 3377 732 3423 et
759 3369 1127 3427 universitatis
1152 3373 1371 3429 ordines
1404 3382 1458 3428 et
1487 3374 1810 3431 cumulatio-

225 3470 322 3509 nes
365 3456 416 3509 in
457 3459 732 3527 proprium
760 3460 1023 3530 Optimum
1049 3462 1340 3530 persalvat,
1385 3472 1440 3520 et
1475 3465 1811 3523 immortales

225 3545 589 3615 angelicamm
631 3549 896 3604 unitatum
938 3550 1077 3607 vitas
1126 3553 1499 3631 immaculatas
1546 3556 1810 3623 custodit,

226 3630 283 3689 et
302 3635 587 3713 caelestes,
617 3647 672 3692 et
698 3638 1108 3697 illuminatrices
1128 3683 1143 3708 ,
1175 3653 1230 3696 et
1262 3630 1502 3699 sidereas
1522 3647 1809 3712 essentias,

225 3734 277 3779 et
305 3727 674 3785 ordinationes
704 3731 1087 3798 immutabilcs,
1115 3742 1169 3788 et
1191 3735 1487 3790 secundum
1512 3752 1669 3805 posse
1691 3752 1814 3791 csse

228 3814 357 3870 facit
383 3834 394 3869 :
423 3827 479 3872 et
506 3821 761 3889 temporis
796 3821 1032 3877 ambitus
1068 3823 1329 3879 discernit
1355 3825 1572 3895 quidem
1605 3841 1817 3895 proces-

227 3906 489 3976 sionibus,
519 3910 721 3983 colligit
753 3927 881 3968 vero
915 3915 1315 3971 reversionibus
1351 3935 1363 3969 :
1389 3924 1444 3970 ct
1475 3917 1612 3986 ignis
1647 3917 1815 3970 virtu-

229 4012 315 4058 tes
341 4002 772 4075 inextinguibiles
808 4006 955 4072 facit,
999 4016 1053 4062 et
1082 4022 1254 4079 aquae
1298 4006 1494 4063 ﬂuenta
1537 4023 1642 4063 non
1686 4008 1817 4064 deﬁ-

227 4093 446 4159 cientia,
493 4104 548 4151 et
580 4099 793 4152 aéream
841 4097 1155 4154 eﬂ‘usionem
1198 4099 1467 4163 terminat,
1515 4108 1571 4156 et
1616 4109 1815 4154 terram

229 4187 284 4240 in
316 4187 483 4242 nihilo
517 4188 761 4253 collocat,
790 4188 1048 4245 fecundos
1077 4188 1194 4259 ejus
1222 4199 1411 4261 partus
1440 4191 1819 4260 incorruptibi-

225 4276 308 4335 les
338 4280 595 4344 custodit,
628 4291 682 4335 et
713 4282 765 4336 in
797 4294 855 4336 se
898 4281 1126 4336 invicem
1165 4280 1553 4337 elementorum
1604 4282 1816 4335 harmo«

227 4374 374 4427 niam
400 4381 454 4426 et
486 4373 892 4444 temperantiam
919 4364 1253 4428 inconfusam
1297 4383 1353 4427 et
1400 4373 1814 4444 inseparabilem

196 4446 422 4527 salvat,
466 4471 521 4519 et
563 4464 727 4518 animi
780 4473 834 4518 et
875 4465 1117 4534 corporis
1161 4465 1406 4537 capulam
1451 4467 1711 4534 continet,
1765 4479 1820 4525 et

227 4552 533 4623 germinum
564 4552 849 4608 nutritivas
876 4563 932 4609 et
970 4555 1210 4610 auctivas
1248 4556 1474 4612 virtutes
1519 4567 1717 4624 movet,
1763 4569 1819 4615 et

226 4653 450 4713 superat
487 4644 802 4699 essentiales
838 4647 1074 4700 omnium
1103 4646 1349 4712 virtutes,
1377 4653 1430 4700 et
1456 4648 1818 4707 universitatis

228 4738 568 4795 insolubilem
594 4740 924 4795 mansionem
952 4742 1156 4808 munit,
1182 4752 1240 4796 et
1265 4741 1655 4798 deiﬁcationem
1699 4744 1812 4814 ipsa

230 4827 419 4895 donat,
453 4830 706 4885 virtutem
734 4831 786 4885 in
814 4829 916 4885 hoc
941 4831 1252 4886 deiﬁcandis
1277 4824 1576 4902 praestans.
1604 4833 1671 4887 Et
1699 4851 1811 4891 ouu-

230 4919 361 4973 nino
399 4918 599 4973 nullum
627 4929 710 4976 est
736 4920 1112 4975 universalitcr
1144 4921 1523 4988 existentium,
1570 4924 1811 4992 omnipo-

231 5008 362 5063 tenti
388 5010 682 5066 munimine
709 5019 763 5066 et
788 5010 1192 5066 circumstantia
1220 5012 1430 5066 divinae
1460 5013 1672 5069 virtutis
1699 5016 1809 5084 pri-

227 5090 439 5152 vatum.
487 5098 638 5164 Quod
690 5100 833 5154 enim
887 5101 1263 5156 universaliter
1311 5101 1508 5158 nullam
1555 5105 1807 5158 virtutem

1911 3365 2329 3436 ordinationem,
2355 3380 2411 3427 et
2433 3372 2862 3445 dispositionem,
2896 3389 2951 3434 et
2985 3394 3175 3439 omnes
3198 3385 3427 3444 virtutes
3447 3400 3504 3444 et

1912 3456 2132 3513 ordines
2156 3474 2446 3532 segregans
2471 3466 2762 3537 unicuique
2803 3466 2957 3537 juxta
3009 3487 3139 3529 vere
3179 3478 3503 3536 existentem

1908 3544 2268 3617 justissimum
2308 3553 2618 3621 terminum,
2657 3568 2711 3612 et
2755 3562 3008 3616 omnibus
3049 3580 3236 3622 eorum
3270 3569 3505 3642 singulo-
3542 3572 3554 3581 ’

1915 3654 2036 3694 rum
2067 3656 2163 3711 per
2197 3645 2427 3714 seipsam
2464 3649 2693 3704 actionis
2716 3653 2950 3709 causalis
2976 3670 3090 3711 eas.
3135 3658 3328 3717 Omnia
3359 3664 3501 3719 enim

1917 3733 2096 3789 divina
2116 3733 2326 3803 justitia
2352 3738 2589 3807 ordinat,
2622 3750 2675 3796 et
2699 3745 2969 3819 terminat,
2998 3757 3051 3801 et
3075 3752 3257 3806 omnia
3289 3753 3358 3807 ab
3378 3768 3500 3809 om-

1917 3824 2077 3879 nibus
2098 3825 2246 3881 clara
2275 3835 2329 3881 et
2367 3828 2646 3886 inconfusa
2678 3833 2911 3900 salvaas,
2958 3840 3248 3910 unicuique
3278 3857 3504 3915 cognata

1916 3916 2169 3972 omnibus
2217 3918 2573 3975 existentibus
2616 3923 2813 3992 donat,
2868 3933 3163 3986 secundum
3212 3935 3505 4007 unicuique

1917 4011 2262 4068 existentium
2314 4013 2530 4069 insitam
2581 4016 2917 4086 dignitatem.
2972 4024 3036 4078 Et
3081 4027 3125 4080 si
3172 4028 3306 4084 haec
3359 4040 3504 4087 recte

1918 4100 2182 4169 dicimus,
2230 4104 2539 4175 quicunque
2575 4108 2771 4165 divinis
2803 4113 3150 4183 maledicunt,
3180 4120 3385 4188 justitia
3409 4132 3504 4180 eds

1916 4189 2087 4258 latet,
2135 4208 2285 4248 suam
2350 4193 2667 4264 injustitiam
2717 4200 2769 4254 in
2802 4213 3008 4275 .aperto
3060 4208 3501 4268 condemnantes.

1918 4282 2083 4337 Aiunt
2126 4284 2293 4351 enim,
2331 4284 2528 4342 debere
2572 4288 2748 4346 inesse
2775 4294 3090 4350 mortalibus
3122 4297 3499 4357 immortalita-

1919 4384 2050 4442 tem,
2079 4388 2133 4446 et
2157 4376 2489 4447 imperfectis
2514 4380 2830 4451 perfectum,
2873 4394 2928 4439 et
2960 4402 3056 4456 per
3093 4391 3298 4460 seipsos
3344 4399 3503 4453 motis

1920 4462 2145 4528 alteram
2170 4484 2470 4530 moventem
2504 4480 2909 4548 necessitatem,
2942 4494 2997 4539 et
3033 4486 3377 4547 mutabilibus
3403 4492 3504 4549 im-

1922 4564 2352 4630 mutabilitatem,
2395 4575 2449 4621 et
2487 4567 2724 4637 perfecte
2758 4575 2993 4640 potentia
3027 4577 3274 4647 inrmis,
3323 4590 3378 4637 et
3413 4599 3503 4640 ae-

1923 4664 2074 4709 terna
2111 4671 2231 4711 esse
2289 4658 2624 4728 temporalia,
2675 4670 2728 4716 et
2772 4662 3256 4726 intmnsmutabilia
3305 4684 3499 4731 natura

1919 4746 2161 4811 mobilia,
2192 4755 2246 4801 et
2276 4750 2598 4818 temporales
2626 4751 2845 4808 delicias
2879 4766 3142 4827 aeternas,
3192 4772 3246 4817 et
3278 4766 3500 4821 omnino

1919 4850 2057 4905 quae
2093 4848 2221 4892 sunt
2255 4838 2507 4905 aliorum,
2555 4841 2674 4897 aliis
2720 4845 3020 4918 porrigunt.
3069 4851 3291 4922 Oportet
3335 4858 3495 4923 scire,

1915 4925 2148 4982 divinam
2172 4928 2437 4996 justitiam
2467 4930 2518 4985 in
2547 4931 2649 4987 hoc
2688 4948 2813 4989 vere
2841 4938 3160 4996 cxistentem
3193 4958 3375 5000 verum
3407 4947 3497 5016 jn-

1916 5018 2139 5082 stitiam,
2179 5020 2302 5087 quia
2345 5019 2594 5076 omnibus
2650 5025 2896 5081 retribuit
2938 5033 3153 5102 prepria
3197 5038 3495 5095 secundum

1913 5109 2333 5182 uniuscujusque
2360 5112 2701 5169 existentium
2747 5116 3083 5189 dignitatem,
3132 5134 3188 5179 et
3230 5120 3493 5183 uniuscu-

232 5186 416 5254 habet,
447 5203 620 5259 neque
646 5198 728 5245 est
758 5204 932 5261 neque
961 5191 1090 5261 quid
1116 5200 1220 5255 est,
1247 5208 1418 5260 neque
1441 5192 1619 5263 aliqua
1645 5194 1666 5225 ⁸
1694 5192 1809 5262 ejus
1906 5197 2101 5269 jusque
2129 5209 2374 5256 naturam
2407 5202 2458 5256 in
2483 5205 2695 5275 propria
2727 5186 2898 5262 salvat
2924 5186 3264 5269 ordinatione
3291 5226 3346 5271 et
3386 5220 3493 5273 vir-

229 5278 540 5334 omnimodo
573 5282 791 5349 positio.
834 5281 896 5335 Et
937 5282 1150 5351 quidem
1201 5282 1276 5335 ait
1325 5280 1537 5354 Elymas
1577 5300 1803 5354 magus:

198 5364 288 5420 'Si
332 5368 672 5439 omnipotens
717 5379 803 5425 est
841 5372 1013 5437 Deus,
1060 5373 1328 5440 quomodo
1370 5373 1564 5428 dicitur
1602 5375 1805 5445 aliquid

1910 5299 2042 5345 tute.
2098 5289 2202 5346 Sed
2246 5292 2368 5362 quis
2414 5293 2610 5349 dixerit
2650 5314 2664 5351 :
2704 5296 2817 5353 Non
2875 5310 2958 5355 est
2998 5299 3242 5370 justitiae
3288 5308 3490 5376 forsan,

1910 5391 2130 5452 agentes
2156 5394 2372 5441 sanctos
2403 5387 2542 5441 inter
2582 5403 2687 5443 non
2716 5388 3027 5458 adjuvantes
3049 5409 3077 5446 a
3114 5395 3493 5455 deludentihm

1422 5488 1427 5491 ’
1509 5490 1760 5545 VARIAE
1799 5491 2202 5563 LECTIONES.

302 5575 317 5608 ¹
357 5585 448 5628 aut
474 5576 679 5631 vitalem
707 5592 816 5633 om.
852 5577 960 5633 ΒΗ.
1072 5590 1092 5618 ί
1133 5578 1266 5635 AEll
1296 5580 1649 5636 incausaliter.

228 5641 404 5712 lapsus
426 5661 535 5700 om.
564 5647 722 5702 codd.
798 5645 823 5680 ⁸
853 5649 938 5704 ΒΕ
964 5651 1193 5704 veritate.

1751 5580 1773 5614 ³
1810 5582 1944 5639 ΒΕΠ
1963 5602 2135 5658 neque
2158 5599 2260 5656 est,
2291 5607 2453 5662 neque
2470 5603 2545 5647 est
2571 5592 2772 5665 aliqua.

2878 5596 2900 5629 ⁸
2928 5597 3019 5657 Sic
3045 5601 3120 5668 A;
3150 5619 3216 5658 ex
3241 5606 3490 5665 existente

1747 5747 1997 5804 NOTAE.

310 5816 336 5842 ⁸
369 5804 409 5859 ll
450 5804 588 5861 Tim.
632 5808 671 5863 ll
706 5796 731 5821 ⁸
