4004 6290
638 322 776 378 "59

2025 323 2310 387 BOANNIS
2348 328 2540 392 SCOTI

3655 364 3740 425 uno

630 457 1044 526 extorquendos.
1105 457 1184 512 Ad
1223 473 1383 527 quem
1416 458 1702 514 dicendum
1745 457 1826 512 sic
1857 473 1871 511 :
1899 455 1956 512 Si
1991 456 2206 528 quidem
2233 459 2281 520 Α
2310 459 2377 512 ad
2401 465 2514 513 tota
2542 455 2895 527 differentias,
2927 467 2981 517 et
3011 460 3148 532 ejus,
3177 477 3308 533 quae
3332 474 3406 521 est
3419 464 3606 539 justitia,
3628 493 3744 536 ειηιο.

626 547 874 618 diligunt,
902 564 1036 618 quos
1061 549 1194 605 dicis
1216 558 1450 615 sanctos,
1485 550 1537 604 in
1580 557 1725 604 terra
1766 563 1796 603 a
1831 547 2204 603 materialibus

628 637 872 701 aelanda,
897 639 1076 695 divino
1103 641 1312 709 penitus
1339 640 1648 696 ceciderunt
1673 653 1856 695 amore
1884 659 1898 694 :
1922 647 1977 694 et
2020 638 2202 694 nescio

625 727 894 794 quomodo
939 728 1110 782 sancti
1162 737 1418 784 vocentur
1466 729 1484 760 ⁸
1542 729 1738 799 injuste
1771 737 1994 799 agentes
2019 767 2034 791 ,
2075 740 2201 782 vere

625 816 877 872 amabilia
912 826 967 873 et
993 817 1172 873 divina
1201 834 1303 874 non
1334 818 1650 883 zelantibus,
1685 827 1741 874 et
1767 835 1871 874 non
1899 819 2203 874 amantibus

626 904 697 960 ab
723 905 853 974 ipsis
876 921 980 961 non
1010 915 1196 962 sancte
1237 909 1555 978 approbata.
1605 907 1662 964 Si
1696 918 1875 962 autem
1922 924 2047 964 vere
2086 909 2198 964 exi-

623 995 821 1050 stentia
857 1005 1062 1061 amant,
1105 996 1293 1053 laetari
1335 1007 1546 1068 oportet
1587 1013 1815 1068 quorum
1847 999 2198 1069 appetitores,

621 1085 836 1154 quando
876 1085 1110 1156 appetita
1156 1096 1538 1158 assequuntur.
1588 1087 1685 1144 Vel
1727 1103 1832 1143 non
1879 1098 2004 1144 tunc
2031 1089 2204 1159 magis

619 1177 1049 1248 appropinquant
1085 1177 1109 1212 ³
1155 1180 1409 1250 angelicis
1443 1179 1750 1245 virtutibus,
1780 1195 1925 1246 cum,
1979 1189 2036 1233 ut
2078 1196 2198 1249 pos-

618 1270 775 1327 sibile
801 1278 887 1327 est
911 1309 927 1335 ,
955 1269 1220 1326 desiderio
1249 1271 1549 1327 divinorum
1581 1272 1806 1327 redeunt
1838 1269 2195 1325 materialium

618 1361 966 1432 perpessione
1007 1361 1311 1417 exercitati.
1360 1362 1439 1417 Ad
1483 1362 1587 1416 hoc
1633 1360 1782 1416 valde
1825 1360 2054 1415 viriliter
2100 1375 2197 1430 pro

615 1453 757 1508 bono
785 1453 1004 1507 instant.
1040 1451 1224 1522 Itaque
1260 1465 1442 1506 verum
1483 1451 1682 1517 dicere,
1719 1439 1843 1521 quia
1888 1451 1989 1505 hoc
2026 1450 2198 1521 magis

615 1554 697 1601 est
725 1546 934 1602 divinae
955 1542 1200 1612 justitiae
1220 1543 1512 1614 proprium,
1539 1542 1678 1599 nolle
1699 1543 1924 1612 perdere
1953 1552 2198 1612 potenter

607 1637 884 1707 agentium
925 1634 1291 1690 fortitudinem
1335 1634 1692 1689 matcrialium
1731 1634 1974 1689 vinculis.
2033 1633 2196 1688 Num-

611 1727 740 1796 quid
780 1725 1003 1798 vero,\si
1036 1724 1156 1793 quis
1181 1733 1407 1779 conatus
1453 1724 1615 1779 fuerit
1656 1725 1757 1780 hoc
1804 1724 2005 1790 facere,
2054 1724 2194 1778 inter

2303 544 2445 611 dem,
2477 559 2614 616 quae
2638 561 2742 602 non
2766 549 3011 605 concedit
3037 551 3316 608 commixta
3350 565 3446 610 tota
3471 559 3514 612 in
3537 564 3632 618 totis
3656 568 3743 623 facta

2301 634 2630 702 perturbari,
2686 638 2997 694 custodiens
3025 653 3174 706 vero,
3211 657 3341 711 quae
3368 656 3477 700 sunt
3509 653 3660 718 omnia,
3686 672 3744 724 per

2301 723 2510 791 species
2550 725 2812 796 singulas,
2844 727 2896 781 in
2930 728 3124 798 quibus
3153 736 3639 807 unumquodqueesse
3670 723 3744 800 sub

2300 811 2497 866 stituit.

2825 884 3221 944 CAPITULUM
3255 889 3343 945 IX.

2690 1013 2871 1078 paruo,
2913 998 3114 1064 eodem,
3154 999 3333 1078 altera,
3371 1004 3526 1072 simili,
3566 1008 3745 1078 dissimili,

2721 1077 2885 1133 statu,
2921 1080 3086 1134 metu,
3118 1072 3436 1140 aequalitate.

2300 990 2377 1046 De
2429 1009 2640 1098 magno,

2371 1172 2632 1240 Quoniam
2669 1185 2848 1230 autem
2887 1187 2942 1232 et
2986 1193 3237 1249 magnnnt
3285 1189 3337 1236 et
3377 1197 3571 1251 parvum
3603 1189 3746 1256 ponitur

2299 1263 2352 1317 in
2382 1264 2623 1318 omnium
2645 1267 2946 1332 causali,et
2968 1269 3220 1339 idipsum,
3250 1281 3303 1327 et
3329 1273 3604 1342 alterum,et
3620 1280 3746 1345 simile,

2302 1363 2358 1408 et
2386 1354 2668 1421 dissimile,
2703 1365 2758 1411 et
2780 1366 2975 1424 status,
3011 1369 3065 1414 ct
3097 1371 3277 1416 motus
3307 1381 3320 1416 :
3347 1364 3430 1429 da,
3467 1378 3514 1420 et
3554 1367 3619 1422 his
3643 1371 3747 1424 ditini

2298 1445 2644 1501 nominativis
2663 1447 2682 1478 ³
2705 1449 2987 1518 agalmatis
3024 1466 3385 1523 quaecumque
3407 1456 3539 1509 nobis
3557 1458 3747 1512 manifesta

2296 1544 2434 1594 sunt.
2454 1551 2553 1590 con
2563 1538 2961 1608 templabimur.
2979 1539 3200 1612 Magnus
3217 1541 3376 1613 igitur
3398 1543 3522 1599 Deus
3543 1545 3585 1598 in
3602 1546 3750 1616 eloquiis

2294 1624 2560 1692 laudatur,
2587 1638 2639 1682 et
2671 1628 2723 1682 in
2749 1631 3140 1699 magnitudine,
3168 1644 3218 1688 et
3247 1635 3297 1689 in
3328 1651 3448 1689 aura
3477 1635 3564 1689 leni
3590 1637 3748 1690 divinam

2298 1716 2678 1773 tnanil'cstante
2707 1722 3027 1789 parvitatem
3064 1741 3076 1777 :
3112 1733 3162 1778 et
3210 1725 3348 1781 idem
3380 1727 3500 1796 ipse,
3526 1744 3621 1782 cum
3657 1729 3752 1782 aiunt

612 1833 718 1874 non
757 1817 1092 1887 atljuvantes,
1122 1814 1216 1870 sed
1239 1814 1564 1870 collocantes
1586 1829 1679 1870 eos
1710 1815 1762 1868 in
1798 1813 1936 1869 bona
1975 1825 2028 1868 et
2059 1815 2185 1870 irre-
2217 1803 2261 1862 Β
2289 1804 2532 1874 eloquia:
2553 1806 2630 1860 Tu
2660 1820 2832 1863 autem
2864 1811 2996 1865 idem
3024 1813 3132 1882 ipse
3157 1831 3210 1868 es
3251 1827 3296 1878 ι,
3339 1826 3389 1870 et
3437 1817 3572 1880 alter,
3612 1818 3752 1887 quando

600 1907 956 1976 prehensibili
992 1906 1244 1972 statione,
1268 1917 1321 1961 et
1351 1905 1708 1962 retribnentcs
1741 1906 1934 1961 talibus
1959 1906 2194 1961 existen~

612 1997 774 2063 tibus,
803 2011 940 2066 quae
967 1996 1261 2051 secundmn
1295 1997 1609 2068 dignitatem
1641 2007 1784 2052 sunt.
1847 1997 1990 2052 llaec
2029 1997 2193 2068 igitur

608 2086 790 2140 divina
830 2084 1036 2156 justitia
1069 2097 1122 2140 et
1152 2086 1296 2141 salus
1342 2088 1580 2142 omnium
1611 2087 1891 2154 laudatur,
1921 2088 2188 2162 prppriam

610 2176 1028 2248 uniuscujusque
1054 2187 1106 2232 et
1141 2193 1328 2247 puram
1366 2178 1432 2232 ab
1456 2177 1576 2232 aliis
1615 2180 1906 2234 essentiam
1956 2189 2010 2234 et
2049 2180 2191 2234 ordi-

598 2285 738 2338 nem
769 2269 982 2324 salvans
1002 2280 1055 2322 ct
1077 2269 1402 2326 custodiens.
1429 2277 1484 2322 et
1509 2268 1706 2323 foetida
1735 2286 1970 2340 purgans
1995 2269 2046 2323 in
2077 2285 2194 2324 om-

596 2358 768 2420 nibus
804 2359 1053 2428 propriae
1085 2358 1332 2412 actionis.
1375 2358 1431 2412 Si
1463 2369 1640 2413 autem
1670 2360 1790 2429 quis
1822 2361 2045 2417 salutem
2075 2361 2187 2416 lau-

609 2449 838 2514 davcrit,
874 2459 928 2504 et
965 2450 1043 2504 sic
1075 2466 1140 2504 cx
1171 2450 1324 2504 malis
1352 2450 1600 2505 omnibus
1630 2466 1818 2507 omnes
1847 2453 1989 2508 velut
2015 2463 2192 2523 partu«

609 2538 845 2594 rientem
877 2540 1216 2610 eripientem,
1252 2539 1471 2595 omnino
1503 2540 1572 2595 ibi
1598 2550 1653 2595 et
1684 2543 1826 2598 hunc
1866 2542 2187 2600 laudabilem

607 2630 938 2687 laudatorem
970 2631 1300 2704 largissimae
1329 2633 1520 2688 salutis
1547 2634 1886 2705 recipiemus.
1938 2637 2003 2692 Et
2050 2639 2188 2694 hanc

607 2733 786 2778 autem
809 2725 966 2779 etiam
1000 2725 1225 2794 primatu
1259 2725 1484 2780 salutem
1511 2727 1749 2780 omnium
1792 2728 2009 2798 dignum
2048 2730 2188 2799 judi-

609 2817 851 2872 cahimus
893 2833 1015 2872 eum
1055 2818 1304 2873 deﬁnisse
1350 2819 1526 2873 omnia
1561 2820 1614 2875 in
1643 2820 1835 2891 seipsis
1864 2821 2187 2878 intransmu-

607 2909 810 2974 tabilia,
839 2919 892 2965 et
926 2909 1160 2976 stabilia,
1190 2922 1244 2964 et
1276 2908 1584 2965 inllexibilia
1611 2912 1675 2966 ad
1706 2910 1945 2980 subjecta
1969 2914 2183 2969 salvan-

605 3015 738 3070 tcm,
779 3015 833 3060 et
878 3005 1054 3059 omnia
1100 3004 1488 3060 custodientem
1535 3019 1639 3059 non
1685 3007 1971 3077 pugnantia
1999 3019 2052 3063 et
2078 3025 2184 3065 non

605 3095 882 3162 bellantia,
906 3095 1126 3166 suisque
1164 3095 1373 3166 singula
1398 3109 1643 3166 quaeque
1686 3097 1985 3154 rationibus
2008 3099 2187 3168 dispo-

600 3188 731 3254 sita,
759 3195 814 3242 et
837 3201 1052 3242 omnem
1092 3185 1427 3256 iniquitatem
1465 3197 1520 3243 et
1561 3195 1875 3244 extraneam
1918 3192 2184 3246 actionem

602 3295 673 3332 ex
733 3277 984 3332 omnibus
1045 3277 1491 3352 exterminantem
1535 3318 1549 3340 ,
1615 3287 1670 3334 et
1721 3279 2186 3337 corrationalitate

603 3367 1025 3436 uniuscujusque
1071 3369 1488 3422 constituentem
1541 3367 1984 3427 irrationalitates
2030 3380 2184 3426 extra

603 3459 858 3514 cadentes
882 3459 934 3513 in
958 3458 1251 3524 contraria,
1272 3466 1329 3512 et
1352 3473 1456 3512 non
1481 3461 1958 3530 transgredientes.
1984 3461 2186 3519 Deinde

599 3559 658 3605 et
695 3551 833 3605 hanc
861 3549 1087 3606 salutem
1137 3564 1242 3603 non
1289 3559 1533 3618 respectu
1576 3551 1697 3621 quis
1723 3551 1954 3607 laudarit
1996 3569 2185 3610 sacrae

603 3643 928 3713 theologiae,
962 3642 1104 3697 velut
1132 3642 1312 3698 omnia
1340 3643 1627 3698 existentia
1671 3644 1895 3699 salutari
1940 3647 2181 3700 omnium

598 3736 839 3792 bonitate
879 3736 1216 3806 propriorum
1260 3735 1583 3804 optimorum
1632 3753 1759 3792 casu
1808 3739 2180 3806 redimentem,

599 3835 859 3896 quantum
887 3822 1303 3894 uniuscujusque
1333 3823 1710 3879 salvandorum
1749 3828 1940 3897 recipit
1965 3838 2177 3882 natura.

592 3919 830 3975 Proinde
863 3927 918 3972 et
957 3917 1377 3987 redemptionem
1403 3916 1577 3986 ipsam
1616 3919 1898 3974 nominant
1926 3920 2180 3991 theologi,

597 4019 858 4080 quantum
902 4024 1006 4062 non
1051 4008 1180 4063 sinit
1226 4023 1351 4061 vere
1381 4007 1666 4062 existentia
1700 4010 1765 4062 ad
1801 4025 1906 4064 non
1943 4026 2062 4066 esse
2091 4026 2184 4080 ca-

598 4101 748 4166 dere,
777 4109 831 4154 et
863 4108 1118 4168 quantum
1154 4107 1210 4152 et
1237 4097 1280 4152 si
1309 4097 1435 4168 quid
1466 4096 1531 4150 ad
1563 4098 1812 4152 delictum
1853 4108 1948 4154 aut
1982 4102 2182 4156 inordi-

599 4173 784 4246 natum
811 4191 1094 4259 deceptum
1123 4189 1212 4253 sit,
1245 4197 1300 4242 et
1325 4187 1732 4244 diminutionem
1779 4191 2046 4258 quandam
2088 4207 2182 4262 pa-

598 4284 766 4338 tiatur
816 4281 1154 4351 propriorum
1210 4279 1471 4333 bonorum
1530 4280 1916 4348 perfectionis,
1970 4291 2025 4336 et
2081 4283 2182 4338 hoc

587 4375 848 4445 passione
895 4383 949 4428 ct
995 4373 1186 4426 inertia
1220 4381 1274 4425 et
1315 4370 1613 4442 privatione
1654 4372 1906 4438 redimit,
1954 4373 2179 4443 intplens

2213 3146 2256 3204 C

2295 1905 2353 1949 ut
2388 1897 2612 1952 mullttm
2636 1899 2898 1970 ﬁguratus
2929 1912 2983 1956 et
3006 1903 3349 1961 multiformis
3389 1908 3450 1962 ab
3475 1908 3584 1977 ipsis
3603 1908 3752 1976 eloquiis

2290 1986 2608 2058 plasmatur,
2635 2000 2692 2045 et
2736 1990 2950 2059 similis,
3005 2003 3064 2047 ttt
3097 1994 3352 2049 similium
3398 2006 3448 2050 et
3489 1997 3752 2051 similitudinis

2291 2079 2634 2148 substitutor,
2666 2090 2722 2136 et
2750 2083 3025 2139 dissimilis
3050 2084 3322 2150 omnibus,
3354 2095 3411 2140 ut
3436 2101 3526 2141 non
3546 2096 3642 2142 ente
3655 2088 3687 2140 ei
3707 2086 3752 2140 si-

2292 2171 2404 2226 mili
2435 2170 2476 2236 ⁸,
2495 2181 2548 2226 et
2575 2182 2743 2239 stans,
2767 2187 2821 2229 et
2845 2191 3086 2242 movens,
3109 2186 3163 2232 et
3185 2190 3246 2233 ut
3270 2179 3456 2234 sedens
3474 2179 3521 2233 in
3543 2186 3751 2242 aeternum,

2290 2272 2342 2320 et
2374 2273 2569 2330 motus,
2599 2274 2657 2319 ut
2689 2266 2740 2320 in
2783 2269 2962 2322 omnia
2986 2271 3192 2324 vadens
3225 2289 3240 2324 :
3274 2281 3326 2326 et
3349 2288 3649 2342 quaecunque
3669 2272 3755 2324 aliae

2291 2353 2496 2408 eisdem
2530 2355 2935 2426 aequipotentes
2973 2357 3184 2414 divinae
3230 2361 3589 2414 nominationes
3620 2360 3668 2413 ab
3685 2359 3754 2412 τις).

2288 2446 2429 2515 quiis
2451 2445 2759 2501 laudantur.
2792 2447 3018 2519 Magnus
3053 2450 3219 2520 igitur
3260 2451 3398 2506 Deus
3427 2451 3689 2512 nominatur,
3706 2462 3758 2499 ςδ-

2288 2539 2521 2592 cundum
2551 2538 2692 2608 quod
2725 2539 2828 2594 scit
2879 2555 3033 2595 suum
3069 2557 3327 2613 magnum
3376 2543 3592 2596 onmibus
3622 2537 3757 2607 magnis

2289 2630 2402 2684 suis
2453 2633 2690 2697 tradens,
2719 2641 2772 2686 et
2805 2647 3023 2688 omnem
3065 2635 3484 2703 magnitudinem
3519 2633 3758 2688 extrinsecus

2287 2719 2739 2790 superexcellens,
2774 2731 2829 2777 et
2859 2734 3308 2794 superextentum
3347 2721 3756 2779 universalissimum

2285 2812 2462 2867 locum
2483 2815 2787 2880 continens,
2816 2831 3030 2870 onmem
3047 2832 3314 2886 superans
3333 2825 3757 2879 numerum,0tnuem

2291 2905 2690 2960 multitudinem
2725 2909 3152 2978 transgrediens,
3183 2918 3241 2963 et
3270 2910 3541 2964 secundum
3568 2902 3759 2974 superplc-

2287 2996 2582 3051 nitudinem
2606 3013 2757 3052 suam
2779 3008 2833 3053 ct
2864 3014 3112 3068 magnam
3136 3000 3518 3070 operationem,
3543 3007 3586 3052 et
3605 3007 3758 3049 manau-

2292 3093 2372 3141 tes
2418 3103 2544 3142 suas
2597 3081 2936 3152 donationes,
2982 3098 3036 3144 et
3063 3099 3327 3159 quantum
3358 3091 3493 3160 ipsae
3516 3088 3571 3141 ab
3590 3082 3762 3139 omnibus

2285 3178 2640 3247 participatae
2669 3179 2964 3234 secundum
2993 3173 3217 3234 tnultam
3243 3191 3298 3236 et
3323 3181 3512 3252 largam
3538 3175 3761 3234 ell'usimtent

2287 3269 2640 3325 indiminutae
2665 3272 2884 3326 omnino
2915 3283 3060 3337 sunt,
3089 3281 3143 3326 et
3193 3273 3420 3327 eandem
3462 3270 3628 3325 habent
3656 3276 3762 3332 super

2283 3359 2691 3430 plenitudinem,
2725 3369 2778 3416 et
2823 3378 2929 3416 non
2972 3363 3293 3417 minuuntur
3335 3355 3758 3433 participationiliusi

2283 3452 2376 3506 sed
2416 3461 2471 3506 et
2495 3453 2664 3523 magis
2687 3463 3093 3523 supermanant.
3124 3452 3437 3524 Magnitudo
3456 3453 3571 3506 haec
3590 3458 3632 3502 et
3653 3442 3762 3498 multa

2283 3552 2383 3606 est,
2416 3553 2470 3598 et
2515 3542 2899 3609 inl‘ormabilis,
2930 3554 2984 3599 et
3014 3544 3425 3599 innumerabilis
3457 3552 3541 3596 :et
3576 3539 3678 3593 haec
3709 3541 3763 3587 εει

2282 3634 2785 3704 super-excellentia,
2821 3635 3114 3689 secundum
3138 3634 3445 3690 absolutam
3475 3642 3522 3689 et
3543 3623 3765 3700 superonli-

2281 3737 2464 3780 natam
2506 3725 2896 3795 inacceplibilis
2936 3726 3330 3796 magnitudinis
3359 3724 3648 3780 effusionem.
3675 3715 3761 3770 Par-

2281 3833 2408 3871 vum
2451 3827 2629 3872 autetn
2671 3819 2786 3873 sive
2816 3819 3082 3872 minutum
3122 3819 3175 3872 in
3218 3819 3343 3874 ipso
3383 3818 3563 3874 dicitur
3584 3811 3693 3868 omni
3727 3805 3767 3859 li-

2281 3911 2396 3965 nito
2417 3910 2592 3981 spatio
2612 3911 2884 3966 emunitus
2901 3919 2944 3978 ⁸,
2961 3919 3014 3965 et
3037 3926 3134 3982 per
3157 3912 3344 3966 omnia
3368 3914 3698 3978 consequenter
3713 3899 3764 3952 lo-

2281 4013 2454 4059 catus.
2485 4004 2548 4058 Et
2575 4006 2792 4074 quidem
2822 4004 3060 4060 omnium
3089 4007 3315 4062 causale
3340 4015 3424 4062 est
3443 4017 3650 4076 parvum.
3672 3995 3764 4051 Nus-

2279 4113 2438 4166 quam
2480 4099 2622 4152 enim
2654 4095 2895 4152 invenies
2933 4096 3082 4166 parvi
3110 4096 3344 4152 formam
3377 4113 3477 4153 non
3505 4091 3764 4164 participans.

2282 4167 2566 4257 Sir-figitur
2603 4187 2656 4241 in
2687 4186 2798 4242 Deo
2824 4201 3049 4256 parvum
3073 4187 3450 4256 accipiendum
3490 4195 3579 4248 est,
3610 4175 3764 4234 velutin

2228 4262 2246 4309 ἶ
2280 4277 2460 4332 omnia
2487 4287 2541 4331 et
2564 4291 2665 4346 per
2691 4276 2872 4331 omnia
2900 4275 3128 4330 ﬁrmiter
3149 4275 3413 4341 locatum,
3443 4285 3493 4331 et
3517 4285 3712 4344 operaest
3733 4271 3768 4317 εί

597 4465 992 4537 indigentiam,
1042 4471 1097 4517 et
1151 4458 1370 4532 paterne
1423 4461 1788 4516 inﬁrmitatem
1839 4464 2173 4533 despiciens,
2205 4504 2250 4567 Ο

591 4567 653 4612 et
678 4559 970 4613 restituens
1000 4570 1030 4609 a
1067 4555 1227 4619 tnalo,
1257 4552 1424 4623 magis
1453 4562 1630 4608 autem
1659 4563 1900 4609 statuens
1934 4555 1984 4608 in
2015 4556 2174 4620 bono,

571 4647 1012 4720 .supertimidmn
1057 4646 1259 4701 bonum
1299 4644 1531 4714 replens,
1577 4654 1633 4700 et
1676 4645 1953 4710 ordinans,
2000 4656 2054 4702 et
2090 4663 2180 4703 or-

600 4755 736 4795 nans
765 4737 1128 4793 inordinatum
1159 4733 1275 4803 ejus
1295 4744 1349 4788 et
1375 4735 1700 4800 inornatum,
1729 4747 1784 4790 et
1817 4735 2178 4808 integritatem

584 4830 906 4902 .pcrﬁcicns,
936 4839 991 4884 et
1018 4827 1258 4883 omnium
1296 4826 1508 4882 solvens
1550 4827 1807 4882 maculas.

668 4920 776 4977 Sed
809 4920 878 4976 de
914 4919 998 4975 his
1025 4919 1242 4990 quidem
1278 4927 1332 4972 et
1366 4917 1432 4972 de
1463 4916 1672 4985 justitia
1704 4919 1904 4974 dictum
1948 4930 2051 4988 est,
2090 4937 2178 4979 se-

599 5013 830 5068 cundum
883 5025 1044 5082 quam
1100 5009 1338 5063 onmium
1415 5008 1658 5077 aequitas
1731 5021 2075 5066 mensuratur
2127 5023 2182 5069 et

589 5105 942 5167 terminatur,
981 5111 1035 5157 et
1071 5100 1249 5156 ontnis
1287 5098 1562 5168 iniquitas,
1599 5114 1737 5168 quae
1760 5109 1843 5155 est
1871 5092 1970 5170 per
2000 5103 2178 5173 priva.

599 5200 856 5270 tionem,
888 5199 940 5251 in
989 5196 1118 5266 ipsis
1166 5191 1392 5264 singulis
1435 5191 1722 5261 aequitatis
1767 5196 2174 5253 exterminatur.

2279 4369 2648 4440 pervestigans
2678 4383 2847 4438 usque
2887 4367 2952 4422 ad
2993 4367 3318 4423 divisionem
3343 4368 3546 4422 animae
3574 4373 3620 4420 et
3643 4370 3772 4426 corpo-

2282 4461 2377 4525 ris,
2401 4458 2885 4528 compaginumque
2902 4465 2956 4511 et
2979 4457 3337 4512 medullarum
3357 4467 3412 4512 et
3435 4458 3670 4511 nationum
3690 4459 3770 4500 cor-

2281 4549 2384 4614 dis,
2417 4549 2588 4619 magis
2614 4556 2793 4601 autem
2818 4546 3167 4602 existentium
3190 4549 3457 4603 omnium.
3481 4545 3586 4600 Non
3605 4541 3706 4597 enim
3722 4541 3771 4589 est

2279 4648 2522 4693 creatura
2559 4654 2661 4691 non
2688 4653 2945 4707 apparens
2984 4639 3039 4690 in
3071 4649 3351 4708 conspectu
3385 4639 3497 4708 ejus
3533 4636 3575 4687 δ.
3609 4633 3770 4687 Parrum

2281 4738 2488 4785 tantum
2515 4738 2620 4794 est,
2637 4738 2689 4783 et
2713 4739 2974 4800 quantum
3007 4727 3566 4801 incaniprehensibile,
3592 4722 3770 4781 multum.

2279 4821 2572 4886 inﬁnitum,
2610 4821 3071 4892 comprehendens
3097 4822 3277 4876 omnia
3308 4841 3322 4877 :
3356 4823 3526 4892 ipsum
3557 4825 3698 4872 autem
3721 4811 3772 4862 in-

2280 4913 2788 4984 comprehensibile.
2845 4912 3079 4983 ldipsum
3135 4928 3265 4968 vero
3332 4901 3772 4983 superessentialitrr

2282 5017 2582 5070 aeternum,
2610 5000 3042 5066 inconversibilc,
3074 5004 3124 5058 in
3173 5005 3357 5075 seipso
3399 5015 3606 5058 manens
3625 5003 3775 5060 semp?-r

2283 5096 2576 5152 sccundum
2601 5093 2792 5150 eadem
2815 5102 2871 5149 et
2897 5093 3149 5148 similiter
3176 5093 3410 5159 habens,
3430 5091 3653 5147 omnibus
3669 5078 3772 5136 siuti.

2281 5191 2409 5248 liter
2453 5205 2736 5263 praesens,
2767 5197 2826 5245 et
2873 5187 3107 5260 idipsum
3143 5205 3242 5260 per
3293 5190 3529 5259 scipsum
3569 5201 3595 5238 a
3637 5180 3775 5246 seipsoi

583 5267 938 5362 -Acqnitatem
973 5264 1116 5350 enim
1155 5285 1200 5339 si
1238 5283 1358 5354 quis
1389 5282 1628 5339 auferret
1667 5282 1720 5338 in
1763 5291 1894 5350 toto,
1944 5294 2176 5343 totorum
2260 5281 2511 5354 [ﬁrmiter
2531 5289 2587 5335 et
2624 5279 3044 5335 incontaminate
3088 5279 3142 5334 in
3172 5277 3574 5334 formosissimis
3598 5264 3775 5328 summa.

2002 5397 2258 5458 VARIAE
2293 5393 2696 5456 LECTIONES.

663 5494 689 5522 “
727 5491 818 5548 ΛΕ
847 5499 1167 5546 vocarentur.
1244 5490 1263 5519 '
1300 5485 1390 5540 Vel
1419 5503 1524 5542 non
1543 5514 1603 5526 -
1641 5487 2053 5561 appropinquant
2086 5506 2196 5546 om.
2224 5489 2379 5553 codd.
2457 5488 2478 5520 ³
2501 5487 2591 5542 ΑΕ
2623 5485 2812 5542 divinis
2840 5485 3191 5549 nominativis.
3263 5482 3290 5516 ⁸
3315 5483 3414 5540 ΑΗ
3441 5479 3628 5539 similis.
3685 5469 3702 5502 '
3721 5461 3778 5520 θη

596 5564 878 5618 eminutus.

2114 5653 2366 5712 NOTAE.

672 5747 798 5803 ⁸111.
827 5748 958 5818 Reg.
998 5743 1135 5800 XIX.
1167 5743 1307 5799 l‘sal.
1333 5743 1412 5799 Cl.

2366 5741 2588 5817 b_llcbr.
2624 5741 2710 5797 tv.
