4004 6290
1595 278 1650 296 ν’-

235 380 364 438 1161

876 382 1120 445 VERSIO
1158 387 1443 445 OPERUM
1485 387 1542 444 S.
1583 333 1900 444 DlONYSH.
1927 412 1998 427 -—
2029 383 2122 441 DE
2158 384 2403 444 DIVINIS
2439 384 2827 446 NOMINIBUS.

3319 414 3324 418 -
3342 385 3472 441 1162

231 470 1804 544 magnaimmutabilitate,etnaturalicollocatumsocietate
1829 475 1880 536 Α
1905 473 2010 530 lem
2045 491 2058 528 :
2092 474 2265 544 ipsum
2292 475 2314 507 ⁸
2343 489 2472 532 vero
2494 478 2896 533 similitudinem
2924 474 3250 531 venatricem
3275 474 3474 530 donare

236 562 726 632 intransmutabile,
769 567 1060 634 iucasuale,
1085 568 1394 634 inﬂexibile,
1430 569 1800 638 inalienatum,

234 667 428 720 purum
447 693 462 716 ,
491 653 651 710 imma
660 656 846 714 teriale
865 659 906 724 ί,
923 658 1402 730 simplicissimum,
1417 677 1524 717 non
1538 661 1805 732 indigens,

233 762 342 802 non
369 762 646 816 crescens,
671 767 775 806 non
806 752 1148 819 diminutum,
1180 772 1288 812 non
1309 758 1569 829 genitum,
1584 774 1690 828 non
1705 759 1805 825 sic,

235 854 341 894 non
384 842 656 910 quomodo
695 852 790 899 aut
838 845 1038 901 factum
1075 857 1168 903 aut
1197 849 1594 921 imperfectum,
1621 861 1716 909 aut
1737 855 1807 911 ab

231 927 338 984 hoc
390 938 488 986 aut
541 930 642 988 hoc
691 947 799 988 non
847 933 1072 1000 factum,
1137 938 1286 994 nullo
1331 941 1490 997 modo
1531 957 1806 1012 nunquam

233 1033 497 1089 nusquam
539 1019 614 1090 ὃν,
656 1024 750 1078 sed
795 1026 936 1081 sicut
959 1042 1120 1084 omne
1157 1029 1456 1102 ingenitum
1482 1041 1538 1086 et
1565 1034 1809 1093 absolute

231 1107 554 1178 ingenitum,
589 1121 644 1168 et
670 1128 883 1186 semper
918 1114 1004 1182 ὅν,
1027 1127 1082 1173 et
1111 1119 1285 1189 ipsum
1308 1121 1606 1192 perfectum
1636 1123 1726 1191 ὃν,
1755 1133 1810 1182 et

231 1195 463 1267 idipsum
505 1197 561 1256 ὅν
597 1217 695 1270 per
721 1203 980 1274 seipsam,
1013 1217 1072 1261 et
1103 1210 1346 1279 aseipse
1376 1213 1719 1270 uniformiter
1755 1224 1812 1270 et

232 1286 644 1356 aequil‘ormiter
669 1301 1038 1364 segregatum,
1061 1305 1118 1350 et
1147 1297 1377 1368 idipsum
1399 1315 1468 1356 ex
1487 1302 1668 1372 seipse
1696 1317 1810 1357 om-

232 1377 393 1433 nibus
422 1381 735 1451 participari
761 1387 1077 1455 opportunis
1125 1391 1534 1460 superillucens,
1557 1404 1611 1450 et
1641 1395 1810 1452 altera

231 1467 418 1526 alteris
431 1485 779 1540 componens,
793 1475 1101 1546 magnitudo
1111 1486 1166 1534 et
1177 1494 1338 1535 causa
1352 1483 1610 1538 naturalis
1626 1483 1812 1540 immu-

233 1559 415 1614 tabilis
425 1560 700 1618 societatis
712 1563 766 1617 in
790 1563 988 1634 scipso,
1003 1577 1059 1626 et
1072 1571 1346 1626 contraria
1361 1572 1612 1628 similiter
1622 1589 1811 1645 super-

231 1649 478 1705 eminens
499 1651 794 1708 secundmn
821 1670 981 1708 uuam
1004 1658 1398 1730 etsingularem
1415 1662 1580 1718 totius
1594 1672 1812 1719 natura-

231 1739 299 1794 lis
312 1739 660 1796 immutabilis
673 1743 953 1801 societatis
969 1751 1454 1827 supereminentem
1469 1769 1710 1814 causam.
1725 1757 1811 1812 Al-

1906 565 1973 620 ad
2008 580 2067 622 se
2094 567 2392 634 conversis,
2437 583 2502 623 ea
2543 571 2837 626 secundum
2881 569 3136 623 virtutem
3188 566 3477 622 medietate

1903 668 2112 722 eorum,
2145 671 2282 725 quae
2313 666 2438 712 sunt
2473 672 2636 729 super
2657 673 2868 714 omnem
2905 667 2961 712 et
2997 657 3256 711 visionem
3290 665 3346 711 et
3391 671 3476 710 ra~

1905 743 2130 799 tionem.
2172 745 2240 800 Et
2283 758 2367 802 est
2415 746 2629 802 divinae
2657 745 3023 802 similitudinis
3069 745 3265 810 virtus,
3313 745 3474 798 adve-

1907 832 2110 888 nientia
2141 836 2323 891 omnia
2366 838 2432 892 ad
2467 837 2685 894 causale
2728 847 3073 892 convertens.
3127 836 3273 891 Haec
3318 836 3481 904 igitur

1907 921 2191 978 dicendum
2228 925 2429 982 similia
2475 927 2605 994 Dee,
2651 935 2709 982 et
2735 927 3028 982 secundum
3059 927 3293 982 divinam
3346 927 3486 980 imae

1907 1013 2084 1084 ginem
2121 1022 2178 1069 et
2204 1015 2630 1073 similitudinem.
2667 1017 2779 1072 Non
2811 1018 2954 1072 enim
2979 1017 3110 1086 ipsis
3138 1017 3303 1072 Deum
3333 1016 3484 1071 simi-

1907 1103 2032 1169 lem,
2064 1105 2189 1174 quia
2227 1120 2403 1176 neque
2433 1108 2594 1164 homo
2619 1110 2868 1178 propriae
2917 1109 3133 1178 imagini
3176 1107 3384 1163 similis.
3425 1106 3485 1162 In

1910 1208 2079 1265 aeque
2109 1197 2420 1266 potentibus
2443 1199 2586 1254 enim
2612 1200 2869 1269 possibile
2886 1215 3026 1266 esse,
3051 1207 3109 1255 et
3126 1198 3320 1255 similia
3348 1199 3485 1253 haec

1909 1285 2051 1340 inter
2084 1301 2302 1355 seesse,
2345 1297 2400 1344 et
2440 1291 2680 1346 converti
2728 1291 2782 1345 in
2815 1291 3129 1345 alterutram
3179 1289 3486 1345 similitudi—

1910 1390 2032 1430 nem
2067 1377 2108 1442 ',
2137 1385 2192 1432 et
2222 1391 2340 1433 esse
2370 1380 2528 1435 ambo
2558 1380 2658 1436 sibi
2688 1381 2914 1436 invicem
2941 1381 3162 1446 similia,
3190 1381 3485 1437 secundum

1909 1467 2319 1536 praecedentem
2347 1470 2542 1525 similis
2585 1471 2818 1542 speciem
2857 1489 2870 1526 :
2898 1473 2953 1527 in
2990 1473 3194 1528 causali
3226 1481 3405 1527 autem
3432 1482 3489 1527 et

1911 1558 2202 1613 causativis
2229 1565 2335 1615 non
2366 1561 2654 1631 recipinms
2675 1563 3174 1634 reciprocatienem.
3197 1563 3312 1618 Non
3340 1562 3486 1617 enim
3551 1590 3568 1648 ιι

1911 1647 2084 1703 solum
2132 1649 2217 1705 bis
2266 1659 2359 1705 aut
2399 1652 2482 1707 his
2516 1651 2690 1708 simile
2736 1668 2856 1710 esse
2911 1654 3194 1709 donatur:
3239 1654 3491 1709 erunibus

1912 1747 2092 1794 autem
2122 1740 2526 1797 similitudinem
2552 1744 2574 1774 ⁸
2589 1744 3034 1814 participantibus
3050 1745 3265 1800 essendi
3296 1743 3490 1800 simili-

233 1839 409 1886 terum
425 1839 624 1897 autem,
638 1837 893 1904 quoniam
907 1840 1160 1896 omnibus
1170 1845 1391 1913 provide
1405 1820 1548 1904 Deus
1562 1849 1737 1916 adest,
1754 1858 1810 1907 et

1915 1830 2010 1886 bus
2032 1829 2175 1886 Deus
2198 1847 2361 1888 causa
2392 1831 2470 1897 lit,
2505 1842 2557 1888 et
2584 1844 2667 1889 est
2695 1843 2750 1889 et
2782 1835 2896 1906 ipsa
2919 1851 3015 1906 per
3042 1837 3275 1906 seipsam
3305 1833 3491 1889 simili-

232 1921 412 1976 omnia
434 1922 484 1976 in
499 1923 752 1980 omnibus
771 1931 1241 1997 propteromnium
1259 1934 1487 1990 salutem
1500 1937 1573 1992 sit
1594 1940 1810 2009 quidem
1837 1931 1870 1954 ί

234 2007 307 2068 ἵν.
348 2026 414 2066 ex
449 2012 626 2083 seipse
659 2023 715 2070 et
759 2018 978 2086 propria
1005 2021 1238 2077 naturali
1268 2007 1706 2084 immutabilitate
1734 2029 1814 2084 in-

234 2100 665 2158 cenversibiliter
684 2119 780 2170 per
793 2108 1158 2175 operationem
1177 2126 1338 2169 unam
1359 2122 1417 2168 et
1440 2115 1813 2179 incessabilem

233 2199 408 2257 stans,
433 2201 488 2247 et
514 2194 748 2265 seipsum
775 2199 1056 2269 porrigens
1077 2201 1353 2260 inﬂexibili
1381 2207 1582 2264 virtute
1607 2209 1676 2265 ad
1695 2211 1812 2267 dei-

237 2283 543 2341 licatienem
592 2304 1014 2360 converserum,
1056 2302 1111 2350 et
1167 2296 1493 2358 alteritatetn
1544 2303 1813 2360 variarum

235 2376 333 2432 Dei
360 2393 458 2448 per
482 2381 837 2440 multiformes
861 2384 1097 2442 visiones
1124 2388 1438 2460 ﬁgurarum,
1462 2393 1632 2450 altera
1653 2411 1816 2466 quae;

237 2468 364 2523 dam
401 2470 700 2529 visibilibus
733 2475 1017 2544 perlucens
1049 2477 1356 2549 signiﬁcare
1394 2485 1810 2542 aestimandum.

239 2556 517 2624 Quomodo
561 2562 742 2627 enim,
786 2564 833 2618 si
889 2566 1126 2622 animam
1169 2568 1340 2639 ipsam
1385 2575 1648 2644 corporali
1691 2585 1814 2646 Spe-

240 2648 324 2702 cie
353 2649 490 2706 ratio
513 2649 805 2722 eﬂingeret,
853 2665 908 2712 et
937 2667 1116 2728 partes
1151 2663 1463 2731 corporales
1502 2665 1816 2737 impartihili

242 2737 764 2810 circumplasmaret,
803 2743 964 2804 aliter
1006 2749 1425 2822 intelligeremus
1463 2757 1516 2812 in
1559 2759 1674 2828 ipsa
1711 2761 1818 2816 cir-

242 2832 570 2901 compositas
591 2843 772 2904 partes
796 2837 1387 2915 impartibilitati,quae
1406 2856 1491 2902 est
1518 2851 1814 2907 secundum

241 2920 476 2978 animam
501 2926 734 2995 proprie.
766 2929 829 2983 Et
849 2941 1009 3000 caput
1029 2934 1244 3003 quidem
1274 2937 1816 3005 animum,cervieem

243 3019 423 3066 autem
470 3015 811 3086 opinionem,
857 3029 916 3073 ut
945 3023 1120 3078 medio
1170 3025 1189 3055 ³
1241 3027 1466 3084 rationis
1499 3039 1555 3087 et
1595 3032 1815 3090 irratio-

243 3102 502 3169 nalitatis,
557 3118 746 3177 pectus
780 3126 909 3167 vero
946 3111 1208 3183 furerem,
1237 3127 1476 3176 ventrem
1504 3131 1590 3178 ast
1621 3138 1818 3182 concu-

241 3193 596 3269 piscentiam,
648 3214 809 3256 crura
851 3217 1066 3274 quoque
1099 3214 1157 3261 et
1195 3208 1359 3276 pedes
1387 3220 1634 3268 naturam
1674 3215 1819 3273 dice-

241 3301 448 3352 remus,
486 3291 722 3357 partium
754 3294 1058 3352 nominibus
1085 3298 1348 3355 virtutum‘
1380 3303 1638 3374 symbolis
1662 3318 1818 3364 uten-

240 3377 404 3438 tibus.
449 3380 615 3458 Multo
658 3385 830 3456 magis
869 3386 920 3441 in
951 3390 1206 3450 omnium.
1239 3408 1450 3450 summa
1490 3396 1816 3455 alteritatem

241 3466 535 3525 formarum
563 3482 618 3526 et
641 3473 936 3543 ﬁgurarum
967 3481 1140 3536 sacris
1164 3490 1219 3536 et
1263 3483 1462 3540 divinis
1487 3496 1543 3542 et
1571 3490 1818 3560 mysticis

241 3560 677 3630 replicationihus
711 3567 922 3625 solvere
968 3581 1200 3641 oportet.
1243 3575 1312 3630 Et
1346 3579 1632 3634 consilium
1675 3582 1815 3639 trina

239 3663 526 3720 corporum
557 3655 835 3711 schemata
867 3658 1069 3716 intacto
1097 3671 1153 3717 et
1187 3679 1292 3718 non
1321 3664 1552 3736 ﬁgurato
1574 3669 1685 3725 Deo
1709 3671 1816 3726 cir-

241 3743 552 3813 curuligavit
595 3760 610 3799 :
661 3747 997 3805 latitudinem
1037 3753 1252 3822 quidem
1304 3756 1540 3811 divinam
1590 3759 1817 3819 dicendo

239 3832 726 3901 superlatissimam
778 3841 828 3893 in
861 3842 1040 3896 omnia
1072 3843 1165 3899 Dei
1217 3848 1645 3915 processionem,
1701 3851 1819 3908 lon-

240 3919 536 3991 gitudinem
562 3941 692 3981 vero
727 3939 1165 3999 superextentam
1203 3935 1260 3990 in
1308 3937 1488 3992 omnia
1515 3939 1770 3996 virtutem
1799 3960 1812 3996 :

239 4007 564 4084 profundum
618 4026 743 4080 ast,
797 4019 1048 4078 omnibus
1094 4025 1448 4082 existentibus
1512 4029 1816 4101 incompre-

241 4100 560 4159 hensibilem
621 4107 1011 4167 obscuritatem
1071 4121 1124 4169 et
1180 4115 1558 4182 ignorantiam.
1599 4100 1708 4176 Sed
1757 4130 1816 4176 ut

240 4191 375 4246 nihil
407 4194 572 4252 lateat
619 4199 865 4270 nosipsos
899 4217 964 4260 ex
995 4203 1284 4261 alterarum
1328 4207 1621 4279 ﬁgurarum
1649 4221 1709 4284 et
1735 4214 1815 4268 in-

241 4283 495 4342 formium
525 4290 898 4360 replicatione,
927 4310 1020 4350 eas
1041 4296 1257 4368 quidem
1286 4299 1653 4371 incorporales
1672 4289 1834 4372 divi-,-

238 4389 338 4436 nas
360 4379 755 4438 nominationes
783 4383 890 4450 his,
918 4400 1056 4455 quae
1080 4395 1204 4442 sunt
1229 4403 1326 4458 per
1361 4392 1604 4461 symbola
1642 4395 1816 4450 sensi-

1917 1920 2116 1975 tudinis
2153 1922 2512 1988 substitutrix,
2562 1934 2614 1978 et
2655 1923 2708 1979 in
2755 1926 3002 1981 omnibus
3048 1927 3221 1983 simile
3266 1925 3493 1995 vestigio

1914 2014 2147 2082 quodam
2177 2013 2391 2072 divinae
2416 2015 2784 2072 similitudinis
2811 2016 2986 2072 simile
3014 2027 3117 2082 est,
3151 2028 3206 2072 et
3230 2017 3491 2072 unitatem

1913 2120 2099 2161 eorum
2143 2106 2394 2176 complet.
2450 2107 2513 2160 Et
2567 2107 2694 2176 quid
2751 2118 2965 2179 oportet
3007 2108 3075 2164 de
3121 2109 3224 2164 hoc
3273 2106 3495 2163 dicere?

1914 2200 2031 2271 Ipsa
2051 2201 2194 2256 enim
2222 2201 2482 2273 theologia
2504 2201 2818 2258 dissimilem
2844 2218 2966 2258 eum
2989 2217 3108 2258 esse
3129 2201 3414 2273 praecipit,
3439 2210 3494 2256 et

1913 2291 2165 2348 omnibus
2200 2291 2628 2363 incompactum,
2679 2303 2738 2348 ut
2783 2294 2804 2326 "
2845 2292 3096 2348 omnibus
3129 2293 3360 2348 alterum
3395 2308 3409 2346 :
3440 2297 3496 2346 et

1916 2384 2058 2454 quod
2093 2393 2176 2439 est
2193 2384 2521 2452 mirabilius,
2565 2386 2690 2456 quia
2722 2385 2867 2440 nihil
2895 2400 3016 2442 esse
3055 2384 3229 2441 simile
3258 2383 3306 2439 ei
3342 2384 3494 2438 dicit.

1917 2473 1984 2529 Et
2017 2473 2233 2543 quidem
2273 2489 2380 2528 non
2409 2483 2492 2530 est
2519 2475 2792 2530 contraria
2824 2477 2962 2530 ratio
2989 2475 3057 2530 ad
3102 2475 3275 2545 ipsum
3307 2473 3498 2529 simili-

1921 2565 2110 2620 tudini.
2149 2563 2348 2620 Eadem
2390 2566 2627 2620 enim...et
2667 2565 2864 2620 similia
2891 2566 3022 2632 Deo,
3063 2574 3120 2622 et
3155 2563 3436 2622 dissimilia
3480 2583 3492 2618 :

1919 2659 2046 2716 illud
2094 2659 2312 2730 quidem
2344 2660 2638 2715 secundum
2663 2668 2942 2731 acceptam
2970 2659 3138 2729 ipsius
3163 2657 3498 2714 inimitabilis

1919 2755 2273 2812 imitationem
2296 2795 2310 2820 ,
2364 2757 2466 2811 hoc
2503 2771 2635 2812 vero
2664 2756 2957 2813 secundum
2996 2755 3307 2810 distantiam
3364 2769 3494 2810 cau-

1919 2847 2211 2901 sativorum
2235 2861 2266 2899 a
2288 2845 2514 2911 causali,
2542 2854 2598 2901 et
2627 2846 2898 2902 mensuris
2927 2845 3110 2900 multis
3135 2854 3190 2900 et
3216 2847 3494 2914 incompa-

1921 2936 2202 2992 rabilibus.
2236 2935 2521 3005 Reliquum
2566 2945 2768 3003 autem,
2798 2946 2853 2991 et
2881 2936 2949 2990 de
2989 2935 3172 2992 divino
3202 2943 3347 2990 statu
3382 2935 3496 2989 sive

1921 3026 2048 3082 sede
2075 3024 2335 3080 dicamus.
2390 3023 2530 3090 Quid
2579 3033 2758 3079 autem
2803 3023 2966 3089 aliud,
3014 3033 3233 3094 praeter
3277 3038 3496 3079 manere

1921 3119 2096 3189 ipsum
2129 3117 2182 3172 in
2208 3117 2383 3186 seipse
2414 3116 2604 3180 Deum,
2640 3125 2695 3170 et
2720 3116 2979 3170 immobili
3020 3115 3252 3171 naturali
3301 3116 3496 3170 immo.

1925 3210 2185 3266 tabilitate
2260 3207 2515 3264 nuimode
2576 3207 2741 3262 ﬁxum
2789 3222 2931 3273 esse,
2981 3217 3036 3263 et
3081 3206 3498 3276 supercollocari

1921 3299 2218 3356 secundum
2249 3300 2461 3367 eadem,
2489 3310 2544 3354 et
2569 3301 2716 3356 circa
2741 3299 2970 3371 idipsum
2998 3309 3053 3355 et
3083 3299 3331 3355 similiter
3363 3313 3494 3369 epe-

1921 3393 2052 3456 rari,
2098 3402 2149 3448 et
2187 3393 2482 3448 secundum
2534 3392 2940 3448 stabilissimum
2994 3393 3166 3463 ipsum
3219 3407 3284 3447 ex
3317 3392 3498 3461 seipse

1917 3482 2231 3552 omnimodo
2295 3483 2632 3549 subsistere,
2681 3492 2736 3537 et
2782 3483 3076 3538 secundum
3135 3481 3366 3551 idipsum
3410 3480 3494 3534 in-

1921 3574 2406 3637 transmutabilem,
2453 3581 2508 3629 et
2557 3573 2934 3628 universaliter
2984 3571 3391 3636 immutabilem,
3443 3579 3501 3626 et

1919 3662 2056 3718 haec
2111 3661 2655 3733 superessentialiter.
2697 3661 2907 3718 Etenim
2965 3661 3078 3732 ipse
3126 3669 3211 3716 est
3254 3661 3498 3715 omnium

1920 3754 2170 3810 stationis
2210 3763 2267 3810 et
2307 3753 2702 3809 aediﬁcatiouis
2740 3753 2996 3816 causalis,
3066 3753 3156 3822 qui
3203 3761 3287 3808 est
3333 3767 3497 3821 super

1918 3856 2132 3897 omnem
2182 3843 2611 3898 aediﬁcationem
2654 3853 2710 3898 et
2763 3842 3052 3898 stationem
3077 3880 3093 3907 ,
3145 3851 3199 3897 et
3234 3843 3286 3897 in
3323 3843 3500 3913 seipse

1918 3933 2099 3987 omnia
2129 3934 2410 3989 constituit
2458 3951 2524 3990 ex
2581 3935 2920 4005 propriorum
2974 3935 3238 3990 bonorum
3267 3933 3498 3988 statione

1920 4023 2211 4094 immobilia
2243 4033 2298 4079 et
2331 4026 2619 4080 custodita.
2647 4024 2785 4092 Quid
2824 4033 3002 4080 autem
3046 4032 3102 4078 et
3138 4037 3258 4078 cum
3301 4023 3495 4076 iterum

1920 4115 2151 4187 theologi
2184 4125 2242 4172 et
2279 4117 2331 4170 in
2367 4117 2549 4172 omnia
2589 4118 2991 4188 provenientem
3015 4156 3030 4181 ,
3082 4122 3139 4172 et
3182 4115 3495 4169 mutabilem

1919 4205 2105 4260 dicunt
2131 4205 2561 4260 immutabilem?
2591 4205 2780 4262 Nonne
2820 4205 3081 4262 divinitus
3110 4211 3166 4260 et
3207 4203 3310 4260 hoc
3340 4202 3496 4259 iutel:

1918 4296 2230 4368 ligendum?
2285 4296 2486 4354 Meveri
2541 4299 2686 4352 enim
2737 4299 2910 4369 ipsum
2961 4297 3050 4366 pie
3099 4294 3494 4359 arbitrantium,

1918 4405 2023 4447 non
2054 4390 2346 4450 secundum
2371 4389 2717 4456 delationem,
2750 4399 2842 4444 aut
2863 4389 3265 4452 alienationem,
3296 4396 3390 4441 aut
3415 4387 3492 4440 at»

236 4465 367 4522 bilia
393 4508 408 4533 ,
456 4472 870 4532 commiscentes
896 4493 910 4530 :
935 4487 1218 4549 propterea
1263 4480 1330 4536 de
1381 4482 1466 4538 his
1497 4484 1712 4554 quidem
1762 4487 1815 4545 in
1842 4514 1896 4575 D
1925 4481 2303 4547 ternationem,
2333 4489 2425 4537 aut
2447 4482 2876 4546 conversionem,
2904 4479 3237 4536 autlocalem
3269 4487 3495 4540 motum,

238 4558 534 4626 symbolice
565 4562 846 4636 theologia.
879 4566 1034 4624 Nunc
1060 4585 1190 4624 vero
1225 4571 1328 4627 hoc
1356 4573 1593 4630 divinam
1631 4576 1813 4634 alteri-

240 4655 431 4713 tatem,
462 4666 566 4704 non
593 4652 972 4712 alienationem
1017 4661 1286 4729 quandam
1317 4665 1817 4733 superincouversi-

237 4736 364 4830 bilis
408 4740 869 4818 immutabilisque
915 4753 1179 4829 naturalis
1241 4756 1518 4812 societatis
1565 4761 1812 4830 suspica-

239 4827 443 4898 bimur,
471 4833 565 4890 sed
599 4836 873 4909 singulare
902 4827 1072 4909 ipsius
1102 4843 1380 4913 multiplex
1419 4856 1474 4902 et
1519 4827 1816 4907 uniformes

237 4919 294 4973 iu
322 4923 501 4978 omnia
533 4926 733 4983 multae
762 4927 1107 4987 fecunditatis
1128 4936 1520 5002 processiones.
1568 4937 1810 4996 Similem

239 5021 420 5068 autem
461 5017 655 5084 Deum,
709 5021 978 5092 siquidem
1024 5040 1190 5079 unum
1241 5034 1297 5081 et
1341 5027 1574 5099 idipsum
1616 5031 1815 5089 dixerit

237 5105 381 5171 quis,
410 5107 550 5165 sicut
577 5120 747 5167 totum
770 5129 868 5182 per
899 5123 1071 5170 totum
1099 5116 1153 5171 in
1178 5118 1358 5189 seipse
1379 5120 1732 5191 singulariter
1760 5135 1814 5181 et

235 5193 512 5265 impar-tite
577 5202 898 5260 existentem
962 5206 1234 5273 similem,
1289 5224 1394 5265 non
1455 5215 1814 5281 spernendum

239 5287 402 5344 nobis
449 5292 644 5349 similis
679 5295 920 5354 divinum
953 5299 1292 5355 vocabulum.
1339 5300 1591 5374 Theologi
1635 5315 1816 5361 autem

235 5391 398 5450 super
415 5385 592 5439 omnia
621 5387 809 5455 Deum,
830 5400 921 5445 aut
944 5391 1116 5461 ipsum
1144 5391 1166 5423 ⁸
1189 5392 1318 5448 nulli
1344 5393 1495 5448 aiunt
1516 5410 1637 5452 esse
1657 5397 1808 5452 simi-

1922 4587 2027 4628 nou
2057 4579 2284 4638 rectum,
2314 4588 2422 4628 non
2452 4572 2793 4629 circulariter
2827 4570 3110 4635 ferentem,
3151 4585 3258 4626 non
3287 4585 3356 4624 ex
3383 4585 3496 4623 επις

1920 4661 2111 4726 bobus,
2136 4676 2240 4716 non
2271 4661 2680 4732 intelligibilem,
2714 4675 2820 4718 non
2861 4658 3172 4724 animalem,
3203 4675 3314 4715 non
3345 4667 3514 4714 natu-.

1924 4743 2242 4819 ralem,sed
2267 4753 2319 4808 in
2354 4753 2644 4809 essentiam
2681 4753 2880 4809 ducere
2909 4752 3098 4816 Deum,
3137 4761 3193 4806 et
3219 4753 3497 4807 cmitiuere

1918 4843 2122 4908 omnia,
2174 4850 2229 4898 et
2274 4843 2668 4900 universaliter.
2699 4844 2950 4899 onmibus
2989 4842 3292 4913 providere,
3321 4849 3376 4894 et
3405 4843 3498 4894 adv
3533 4872 3539 4879 -

1919 4948 2041 4990 esse
2092 4933 2342 4990 omnibus
2399 4932 2422 4965 ⁸
2485 4932 3213 4990 omnium,inuueusurabili
3265 4931 3496 4987 cireume

1920 5023 2135 5087 stantia,
2163 5022 2294 5078 etin
2325 5021 2615 5082 cxistentia
2641 5023 2820 5081 omnia
2863 5018 3493 5092 providis.processioni-

1918 5120 2018 5176 bus
2042 5127 2098 5174 et
2125 5117 2547 5188 Operationibus.
2585 5116 2692 5174 Sed
2720 5128 2774 5173 et
2817 5126 2996 5173 metus
3035 5115 3085 5154 ’-
3109 5116 3202 5170 Dei
3241 5115 3496 5169 immuta-

1919 5213 2043 5270 bilis
2070 5211 2113 5244 ¹⁰
2139 5210 2399 5266 divinitus
2442 5213 2667 5266 ratione.
2708 5210 3114 5264 concedendum
3152 5207 3394 5261 laudare.
3435 5205 3501 5259 Et

1920 5312 2102 5359 rectus
2125 5302 2358 5371 quidem.
2381 5301 2688 5358 inﬂexibilis
2710 5299 3118 5371 intelligendus,
3147 5307 3201 5354 et
3231 5299 3500 5360 irrevoca-
3553 5320 3558 5325 ε

1917 5397 2041 5452 bilis
2097 5394 2374 5465 processio
2418 5393 2814 5465 Operationum,
2868 5403 2922 5447 et
2977 5407 3043 5446 ex
3092 5391 3207 5461 ipso
3259 5387 3499 5444 omnium

1517 5508 1767 5564 VARIAE
1803 5505 2198 5567 LECTIONES.

311 5607 326 5638 ³
359 5608 642 5679 inﬂexibile
669 5643 737 5658 ~—
770 5615 1110 5670 immateriale
1137 5631 1244 5670 om.
1271 5617 1377 5673 BH.

237 5675 485 5743 (itm/ine;
519 5681 558 5734 E
596 5683 646 5735 iu
678 5683 928 5738 alterutra
961 5687 1318 5743 similitudine.

237 5758 450 5803 tmalum.
527 5751 569 5781 ¹⁰
599 5752 686 5808 [5H
715 5755 1058 5818 iiitiitulrtlzili.

1481 5621 1500 5650 ’
1538 5619 1627 5674 ΑΕ
1655 5620 1790 5674 utin
1822 5618 2016 5673 medio.
2095 5615 2116 5648 ⁸
2153 5615 2240 5670 ΑΒ
2270 5616 2396 5685 ipse.
2476 5615 2824 5682 δ-ΕΙΙὶρεαηι.

1407 5689 1426 5718 ⁶
1460 5690 1549 5744 ΛΕ
1582 5689 1939 5751 similitudine.

2916 5614 2938 5646 ⁸
2973 5613 3017 5670 Α
3056 5615 3107 5670 in
3132 5612 3322 5667 altiora
3351 5615 3503 5666 simi-

2028 5688 2046 5719 ⁷
2087 5686 2128 5741 Ε
2167 5696 2233 5738 et.
2289 5681 2343 5720 ’⁸
2376 5681 2736 5757 providere—
2759 5685 2996 5740 erunibus
3022 5700 3129 5741 om.
3165 5683 3271 5738 Bll.
3347 5683 3367 5713 °
3407 5681 3516 5744 Bll,
