4004 6290
615 317 752 390 nos

1957 343 2238 401 JOANNIS
2273 346 2470 403 SCO'I'I

3652 362 3741 427 lltil

611 434 918 502 generatio:
940 437 1227 496 elicoeidcs
1253 458 1399 511 vero,
1434 447 1484 501 id
1510 457 1592 506 cst
1619 453 1886 524 obliquus,
1919 461 2188 516 stateralis
2218 463 2260 522 Α
2294 464 2411 518 nire
2457 466 2722 522 docente:
2760 477 2873 531 aut,
2912 477 2968 522 ut
3015 470 3226 526 divinus
3258 483 3428 527 noster
3467 492 3593 532 sacer
3623 486 3742 550 perte.

611 524 880 550 -ι-Αηιιηηζιι
922 535 968 550 ,ι
1003 527 1189 550 f._.2|2_
1242 544 1280 550 λ-
1328 543 1339 550 .
1466 537 1503 550 Α
1599 541 1614 550 .

609 524 883 591 processio
917 535 973 580 et
1002 527 1192 585 fertilis
1237 543 1428 590 status.
1463 537 1614 605 Quod
1652 551 1830 599 autem
1884 552 2178 605 secundum

609 611 841 681 cyclmn,
875 616 1104 687 idipsum
1136 629 1192 675 et
1220 625 1392 679 media
1435 634 1488 682 ct
1519 639 1760 688 extrema
1812 639 2097 695 continens
2125 651 2180 696 et

525 733 532 738 -
607 704 929 762 continenda
971 712 1268 778 continere,
1307 725 1362 771 et
1397 719 1446 773 in
1499 721 1668 792 ipsum
1711 725 1777 779 ab
1826 728 1942 798 ipso
1988 747 2177 800 perve-

607 793 869 850 uiantium
882 804 1182 856 conversio.
1206 805 1261 860 Si
1279 817 1455 862 autem
1478 813 1598 880 quis
1619 793 1864 872 similiter
1880 821 1929 872 in
1953 793 2180 891 eloquiis

605 885 777 954 ipsam
797 886 1042 955 justitiae
1068 893 1299 951 divinam
1315 901 1728 959 nominationem
1759 907 1810 961 in
1832 925 2003 978 aequo
2038 917 2180 970 acci-

605 976 737 1043 piat,
757 978 1062 1047 dicendum,
1087 999 1313 1055 aequum
1330 991 1514 1057 Deum,
1537 1011 1640 1049 non
1657 999 1826 1054 solum
1850 976 2028 1058 innon
2051 1023 2176 1076 par-

606 1068 758 1122 titam
773 1079 826 1124 et
839 1071 1359 1143 irreprehensibilem
1370 1125 1382 1148 ,
1399 1087 1491 1142 sed
1505 1089 1665 1144 etiam
1685 1094 1801 1146 utin
1819 1098 1994 1151 omnia
2013 1109 2064 1154 et
2083 1116 2178 1170 per

602 1164 781 1216 omnia
806 1179 870 1218 ex
904 1171 1174 1238 aequitate
1198 1179 1617 1248 pervenientem,
1649 1194 1702 1239 ct
1730 1196 1781 1240 ut
1823 1203 1919 1256 per
1945 1164 2176 1262 seips-am

601 1252 940 1318 aequalitatis
979 1259 1402 1331 substitutorem,
1446 1268 1600 1336 juxta
1634 1290 1792 1342 quam
1823 1252 1999 1349 aeque
2026 1252 2174 1353 ὀρθ-

602 1349 753 1394 ratur
779 1356 879 1411 per
910 1361 971 1402 se
1007 1349 1234 1407 invicem
1264 1359 1502 1413 omnium
1534 1362 1761 1420 similem
1800 1349 2174 1440 capacitatem,

597 1438 654 1484 et
682 1433 1060 1504 accipientium
1083 1455 1149 1495 ex
1175 1448 1446 1514 aequitate
1471 1454 1961 1524 participationem,
1986 1476 2175 1517 secuno

598 1522 722 1574 dum
793 1527 1123 1595 singulorum
1186 1522 1682 1610 opportunitatem,
1737 1560 1792 1603 et
1847 1553 2172 1621 aequitatem

595 1619 888 1674 secundum
913 1622 1250 1693 dignitatem,
1268 1631 1384 1684 etin
1401 1636 1576 1688 omnia
1605 1619 1945 1696 distributum
1967 1645 2172 1713 datum,

593 1715 649 1759 ct
685 1723 782 1776 per
814 1716 993 1769 omnia
1038 1721 1416 1790 aequalitatem
1460 1728 1802 1798 invisibilem,
1835 1735 2170 1793 intellectua-

593 1801 722 1865 iem,
751 1805 1084 1874 rationalem,
1112 1816 1436 1881 sensualem,
1459 1823 1817 1888 essentialem,
1845 1829 2165 1895 naturalem,
2199 1807 2244 1866 Β

591 1891 952 1951 voluntariam
993 1901 1010 1931 ί
1049 1904 1372 1961 excellenter
1414 1917 1469 1964 et
1502 1913 1876 1972 univcrsaliter
1907 1919 1958 1972 in
1991 1921 2168 1991 seipso

592 1980 957 2051 anticipando,
997 1993 1288 2050 secundum
1323 2012 1484 2068 super
1513 2003 1694 2058 omnia
1743 2006 1906 2063 totius
1931 2011 2168 2080 aequali-

595 2071 722 2128 tatis
754 2072 1028 2134 factricem
1064 2083 1346 2141 virtutem.

1122 2215 1517 2280 CAPITULUSI
1557 2224 1624 2279 Χ.

658 2315 738 2370 De
773 2322 1132 2392 omnipotente,
1177 2330 1390 2399 antiquo
1429 2335 1663 2401 dierum,
1713 2340 1766 2392 in
1805 2357 1904 2412 quo
1938 2353 1986 2396 et
2034 2344 2098 2397 de

1081 2406 1290 2452 aeterno
1327 2413 1374 2455 et
1435 2414 1679 2475 tempore.

659 2521 806 2578 Hora
834 2537 1015 2583 autem
1044 2539 1158 2597 est,
1201 2548 1448 2592 sermone
1496 2540 1842 2598 multivocum
1897 2546 2060 2601 Deum
2109 2560 2167 2605 ut

588 2615 1038 2685 omnipotentem,
1068 2628 1126 2675 et
1155 2631 1214 2677 ut
1244 2626 1520 2696 arttiquum
1551 2631 1756 2687 dierum
1789 2634 2027 2690 laudare.
2057 2639 2166 2694 Hoc

588 2705 806 2774 quidem
842 2709 998 2800 enim
1043 2712 1269 2781 dicitur,
1309 2728 1532 2788 propter
1576 2725 1720 2791 quod
1773 2729 2010 2782 onmium
2054 2731 2167 2800 ipse

589 2795 666 2852 sit
705 2799 1046 2870 omnipozens
1078 2805 1379 2864 aediﬁcatio
1405 2850 1419 2874 ,
1482 2808 1764 2870 continens
1806 2826 1861 2871 et
1923 2795 2168 2877 ambiens

589 2893 729 2954 tota,
771 2899 826 2946 et
866 2893 1158 2962 collocans,
1207 2907 1262 2952 et
1303 2899 1556 2968 fundans,
1599 2913 1653 2960 et
1690 2909 2084 2981 constringens.
2115 2923 2168 2966 et

589 2977 870 3036 inﬁrmum
927 2983 982 3038 in
1035 3000 1102 3041 se
1141 3003 1304 3044 omne
1357 2992 1686 3062 perﬁciens,
1743 3007 1798 3052 et
1859 2977 1957 3053 cx-
1987 3003 2168 3072 scipso

585 3073 788 3139 omnia,
817 3073 957 3130 sicut
981 3091 1052 3132 ex.
1090 3079 1272 3135 radice
1296 3085 1476 3138 omnia
1505 3089 1730 3154 tenenti,
1771 3091 1992 3158 ducens,
2025 3107 2078 3150 ct
2113 3098 2164 3150 in

2285 565 2404 609 ctor
2457 556 2550 622 ait,
2583 567 2810 628 utroque
2852 559 3224 630 antiquitatem
3255 564 3472 619 divinam
3499 569 3742 638 declaratur,

2281 647 2496 704 seniore
2535 651 2771 719 quidem,
2818 653 2957 720 quod
2988 651 3217 723 primum
3247 655 3297 709 in
3321 664 3555 725 tempore,
3595 661 3744 728 juniorc

2282 751 2442 801 vero,
2500 739 2642 806 quod
2699 740 2992 795 secundum
3061 758 3342 798 numerant
3401 756 3478 799 cst
3529 752 3742 819 antiquius,

2281 827 2539 892 habente,
2583 829 2839 898 quoniam
2881 830 3080 896 unitas,
3122 840 3176 886 et
3210 848 3346 900 quae
3384 844 3496 888 sunt
3529 838 3642 890 circa
3669 844 3746 895 uni-

2283 925 2471 983 tatem,
2508 919 2560 973 in
2606 919 2834 974 multum
2875 921 3331 992 progredientium
3369 941 3660 983 numerorum
3686 947 3746 988 an-

2280 1008 2501 1077 tiquior.
2542 1008 2764 1081 Oportet
2801 1019 2998 1076 autem,
3050 1021 3108 1066 ut
3160 1015 3410 1079 arbitror,
3459 1023 3681 1088 temporis,
3711 1032 3744 1077 et

2280 1100 2486 1154 aeterni
2518 1107 2766 1154 naturam
2795 1116 2860 1156 ex
2887 1102 3113 1171 eloquiis
3139 1103 3297 1158 scire.
3338 1103 3529 1159 Etenim
3552 1125 3635 1162 non
3658 1127 3746 1178 quae

2279 1197 2408 1244 sunt
2449 1191 2671 1247 omnino
2708 1199 2763 1246 et
2807 1192 3054 1248 absolute
3088 1193 3326 1264 ingenita
3355 1205 3408 1250 et
3443 1213 3556 1252 vere
3579 1209 3744 1260 actem.

2279 1281 2479 1351 ubique
2547 1283 2699 1337 aiunt
2755 1294 2994 1351 aeterna,
3062 1295 3116 1340 et
3157 1287 3747 1357 incorruptibilia,etim-

2278 1371 2547 1436 mortalia,
2606 1381 2660 1426 et
2722 1373 3019 1429 immobilia
3050 1417 3064 1440 ,
3118 1385 3173 1430 et
3230 1377 3504 1433 existentia
3553 1382 3745 1444 similiter,

2278 1466 2546 1533 quomodo
2591 1465 2874 1520 existentia
2923 1466 3066 1521 dicta
3105 1476 3232 1522 sunt
3274 1487 3286 1520 :
3333 1467 3592 1524 Elevamiui
3629 1485 3748 1540 portae

2277 1553 2563 1609 aeternales
2601 1567 2649 1620 α,
2690 1563 2746 1610 et
2781 1556 3000 1611 similia.
3050 1557 3225 1628 Saepe
3257 1569 3430 1615 autem
3473 1573 3521 1616 et
3565 1566 3748 1633 antiquis-

2276 1643 2412 1699 sima
2483 1647 2688 1700 aeterni
2750 1649 3218 1718 cognominatione
3289 1652 3680 1718 cbaracterizaut,
3715 1666 3749 1710 cl

2275 1743 2446 1788 totum
2483 1747 2672 1790 verum
2703 1746 2812 1802 est,
2853 1739 3067 1807 quando
3118 1740 3408 1794 secundum
3448 1757 3535 1795 nos
3568 1745 3748 1812 temporis

2271 1831 2472 1878 statum
2526 1833 2806 1880 aeternum
2859 1828 3172 1898 appellant,
3237 1839 3486 1898 quantum
3533 1833 3748 1901 proprietas

2271 1914 2478 1968 aeterni
2512 1922 2595 1969 est
2647 1915 2926 1984 antiquunm
2973 1925 3028 1972 et
3069 1919 3402 1973 immutabile
3438 1929 3490 1974 et
3531 1921 3750 1974 universale

2269 2019 2390 2060 esse
2433 2006 2704 2061 metiendo
2726 2008 2768 2060 δ.
2811 2009 3045 2078 Tempus
3087 2018 3266 2064 autem
3303 2020 3488 2065 vocant
3521 2011 3566 2064 in
3591 2025 3748 2080 genera-

2270 2094 2413 2148 tione
2451 2106 2505 2149 et
2535 2097 2883 2166 corruptione
2914 2108 2968 2152 et
3012 2099 3392 2165 mutabilitate,
3423 2109 3473 2155 et
3503 2101 3622 2154 aliud
3643 2100 3752 2155 aliter

2269 2186 2496 2242 habens.
2542 2186 2705 2243 Proin
2730 2189 2776 2243 fe
2798 2177 2853 2244 et
2899 2203 2996 2245 nos
3037 2189 3126 2244 hic
3165 2190 3455 2246 secundum
3493 2198 3661 2259 tempus
3685 2197 3748 2242 ter;

2270 2277 2551 2333 minandos
2593 2280 2800 2334 aeterni
2865 2271 3339 2351 participationem
3387 2282 3619 2352 theologia
3649 2282 3748 2342 dicit,

2268 2383 2390 2422 cum
2421 2370 2828 2440 incorruptibile
2858 2380 2912 2427 et
2943 2387 3155 2442 semper
3211 2373 3373 2430 sicsic
3413 2375 3609 2438 habens,
3631 2382 3747 2426 acleo

2269 2475 2396 2516 nam
2447 2462 2816 2532 intelligimus.
2850 2463 3090 2532 Eloquiis
3137 2479 3269 2520 vero
3298 2474 3398 2530 est,
3439 2464 3623 2535 quando
3646 2471 3686 2516 et
3714 2462 3746 2513 in

2268 2553 2598 2621 temporibus
2671 2561 2950 2609 aeternum
3017 2554 3388 2626 glorificatur,
3447 2565 3496 2610 et
3548 2565 3748 2609 aeternum

2268 2651 2498 2712 tempus,
2541 2652 2597 2699 et
2629 2644 2673 2698 si
2723 2645 2894 2716 magis
2941 2647 2991 2699 in
3032 2647 3161 2716 ipsis
3196 2647 3416 2716 quidem
3465 2654 3515 2701 et
3556 2643 3748 2715 potentius

2266 2733 2552 2788 existentia
2593 2743 2814 2790 aeterna
2841 2776 2856 2800 ,
2911 2746 2966 2792 et
3003 2752 3142 2806 quae
3185 2740 3235 2800 in
3285 2739 3597 2809 generatione
3633 2741 3748 2793 sunt.

2269 2831 2510 2893 tempore
2549 2826 2688 2880 dicta
2732 2836 2787 2882 et
2847 2828 3116 2884 declarata
3166 2840 3317 2885 sunt.
3374 2831 3576 2900 Oportet
3624 2826 3748 2894 itaque

2269 2929 2377 2968 non
2416 2916 2735 2986 simpliciter
2763 2927 3045 2974 coaeterna
3081 2921 3206 2985 Deo,
3237 2922 3334 2990 qui
3373 2930 3449 2976 est
3488 2927 3593 2973 ante
3623 2925 3744 2970 aeter-

2268 3021 2415 3068 num,
2461 3008 2760 3073 aestimari,
2789 3027 2927 3080 quae
2953 3021 3170 3067 aeterna
3199 3014 3349 3068 dicta
3385 3021 3516 3068 sunt.
3542 3007 3748 3066 Pretiosis-

2269 3098 2404 3150 sima
2463 3106 2641 3154 autem
2708 3101 2921 3170 eloquia
2997 3103 3434 3160 inconvcrsibilia
3493 3110 3744 3171 sequentes.

587 3162 821 3233 seipsam
861 3166 1042 3220 omnia
1073 3169 1222 3224 velut
1256 3171 1307 3225 in
1352 3175 1654 3230 consultum
1698 3181 2160 3250 omnipotentissi-
2192 3170 2234 3231 (ἶ
2271 3197 2487 3243 aeterna
2529 3191 2744 3260 quidem
2779 3202 2832 3247 et
2878 3195 3221 3264 temporalia,
3271 3195 3544 3250 secundum
3573 3189 3746 3261 cognitos

585 3267 736 3307 mum
776 3263 1136 3323 convertens,
1187 3268 1239 3313 et
1285 3264 1567 3320 continens
1621 3276 1680 3321 ut
1726 3271 1964 3324 omnium
2017 3275 2164 3329 aedi-

586 3341 768 3398 ficatio
794 3383 810 3409 ,
851 3347 1194 3417 omnipotens
1219 3390 1233 3416 ,
1279 3357 1665 3424 comprehensa
1729 3363 1911 3416 omnia
1971 3379 2165 3420 secun-

585 3433 712 3487 dum
735 3450 893 3489 unam
915 3441 1256 3508 superantem
1277 3447 1456 3500 omnia
1483 3449 1866 3506 continentiam
1894 3456 2159 3521 muniens,

584 3531 641 3577 et
667 3538 772 3578 non
803 3526 984 3582 sinens
1011 3542 1075 3583 ea
1101 3532 1348 3588 cadentia
1371 3536 1568 3605 seipsa,
1591 3547 1650 3592 ut
1677 3555 1744 3594 ex
1773 3543 2158 3611 perfectissima

587 3612 882 3670 refectione
929 3627 1154 3687 mutata,
1185 3623 1386 3691 perire.
1437 3626 1644 3683 Dicitur
1696 3641 1876 3686 autem
1917 3637 2161 3706 omnipo-

589 3717 710 3776 tens
752 3709 1052 3778 tliearcbia,
1077 3722 1132 3768 et
1174 3723 1234 3770 ut
1275 3719 1514 3774 omnium
1558 3733 1766 3792 potens,
1797 3735 1851 3780 et
1890 3743 2023 3798 pure
2052 3731 2154 3784 mi-

585 3799 938 3857 nistrantibus
975 3818 1037 3859 ea
1068 3818 1366 3876 praestans,
1391 3821 1468 3876 et,
1493 3822 1552 3868 ut
1584 3816 1832 3872 omnibus
1863 3821 2155 3890 praecepit,

588 3889 840 3946 amabilis
866 3900 972 3959 est,
1006 3896 1306 3954 immittens
1339 3903 1590 3958 omnibus
1635 3905 1963 3963 voluntarias
1996 3889 2156 3980 copu-

584 3981 813 4038 lationes
839 4023 853 4048 ,
895 3993 952 4039 et
1019 3986 1206 4043 dulccs
1241 4000 1429 4060 partus
1468 3995 1630 4050 divini
1678 4005 1732 4050 et
1777 3999 2157 4068 omnipotentis

582 4081 638 4127 et
689 4073 1066 4134 immaterialis
1121 4080 1379 4137 bonitatis
1435 4085 1602 4154 ipsius
1661 4089 1880 4143 amoris.
1938 4090 2154 4146 Dierum

587 4173 771 4221 autem
821 4169 1075 4239 antiquus
1116 4171 1258 4228 Deus
1299 4173 1568 4242 laudatur,
1602 4188 1823 4248 propter
1865 4182 2006 4251 quod
2039 4198 2154 4239 om-

587 4255 734 4309 nium
771 4257 790 4287 ³
831 4258 944 4328 ipse
993 4260 1062 4315 sit
1095 4271 1152 4317 et
1192 4271 1502 4329 aeternum,
1545 4276 1599 4321 et
1649 4277 1882 4339 tempus,
1929 4279 1984 4326 et
2029 4282 2153 4328 ante

583 4343 720 4410 dies,
759 4355 812 4400 et
855 4357 982 4403 ante
1024 4359 1332 4418 aeternum,
1379 4361 1433 4408 et
1485 4363 1693 4426 tempus
1723 4358 1764 4410 ³.
1821 4355 1885 4413 Et
1937 4361 2153 4430 quidem

583 4445 814 4505 tempus,
845 4448 900 4493 et
927 4439 1092 4506 diem,
1121 4450 1176 4496 et
1201 4445 1432 4512 spatium
1467 4447 1741 4516 temporis,
1783 4458 1838 4504 et
1872 4459 2148 4506 aeternum

2267 3281 2412 3350 ipsos
2441 3282 2507 3336 ad
2535 3285 2928 3340 obaudicndum
2961 3289 3168 3351 modos,
3219 3290 3396 3343 media
3433 3301 3548 3341 vero
3577 3286 3746 3338 existen-

2267 3375 2398 3429 tittm
2441 3383 2495 3429 et
2536 3375 2801 3431 factorum
2845 3393 3232 3448 quaecunque,
3265 3380 3392 3434 alibi
3414 3378 3602 3450 quidem
3624 3381 3744 3426 aeterc

2265 3479 2422 3530 num,
2465 3465 2595 3520 alibi
2628 3480 2756 3522 vero
2793 3477 3004 3537 tempus
3044 3470 3396 3539 participant.
3443 3469 3585 3522 Deum
3619 3470 3680 3516 ast
3711 3468 3747 3512 et

2263 3563 2321 3607 ut
2365 3565 2678 3623 aeternum,
2723 3567 2777 3614 et
2821 3568 2880 3613 ut
2923 3570 3132 3629 tempus
3175 3561 3429 3625 laudare,
3470 3569 3523 3614 ut
3559 3552 3746 3624 temporis

2262 3648 2425 3702 totius
2476 3657 2529 3702 et
2587 3649 2790 3702 aeterni
2825 3651 3114 3718 causalcm,
3147 3659 3201 3704 et
3251 3653 3522 3721 antiquum
3561 3648 3743 3703 dierum,

2259 3749 2318 3794 ut
2347 3750 2473 3794 ante
2503 3749 2730 3810 tempus,
2763 3751 2817 3794 et
2857 3741 3137 3810 plusquam
3176 3750 3409 3812 tempus,
3439 3749 3488 3794 et
3519 3741 3744 3792 moventem

2259 3832 2431 3900 spatia
2457 3841 2753 3901 temporum
2776 3840 2829 3886 et
2859 3840 3120 3902 tempora,
3144 3839 3199 3885 et
3228 3832 3425 3887 iterum
3454 3839 3564 3884 ante
3587 3833 3744 3879 aeterm

2258 3922 2668 3988 subsistentem,
2713 3931 2972 3991 quantum
3021 3931 3075 3977 et
3108 3932 3234 3978 ante
3287 3933 3551 3978 aeternum
3589 3923 3676 3978 est,
3709 3918 3747 3962 el

2255 4012 2537 4083 plusquam
2560 4022 2857 4079 aeternum,
2881 4022 2936 4069 et
2963 4028 3186 4083 regnum
3207 4013 3329 4084 ejus
3351 4027 3556 4083 regnum
3573 4002 3746 4064 omnium

2256 4105 2558 4158 seculorum
2580 4104 2628 4158 δ.

2777 4173 3167 4230 CAPITULUM
3207 4173 3298 4229 X1.

2252 4281 2330 4336 De
2363 4299 2520 4352 pace,
2550 4290 2598 4335 et
2631 4281 2762 4352 quid
2791 4281 2899 4336 vult
2929 4282 3029 4336 sibi
3053 4282 3150 4335 hoc
3174 4297 3269 4348 per
3282 4283 3500 4350 seipsum
3520 4293 3637 4338 esse,
3656 4285 3749 4340 qm

2319 4369 2412 4422 per
2438 4353 2663 4431 seipsam
2688 4353 2815 4418 vita,
2851 4368 2984 4422 quae
3019 4367 3112 4422 per
3147 4352 3376 4406 scivsam
3403 4354 3569 4413 virtus,
3600 4355 3638 4399 et
3657 4354 3750 4414 qm

2227 4432 2231 4435 '
2324 4424 2398 4476 sic
2429 4424 2591 4476 dicta.

583 4527 842 4582 divinitus
882 4544 1004 4584 eum
1040 4545 1160 4587 esse
1190 4511 1497 4601 dicendum,
1530 4511 1592 4591 ut
1617 4541 1938 4594 existentem
1968 4556 2154 4598 secun-
2183 4511 2229 4570 θ
2322 4536 2436 4606 Age
2461 4551 2603 4591 nunc
2628 4535 2862 4590 di'inam
2894 4546 2948 4591 ει
2975 4535 3456 4606 archisynasosam
3478 4544 3638 4604 Pacem
3670 4525 3750 4577 ¹²¹¹⁸

585 4617 712 4671 dum
742 4631 957 4672 omnem
996 4631 1198 4676 motum
1236 4624 1760 4682 intransmutabilem
1805 4637 1858 4682 et
1902 4629 2151 4686 immobi-

583 4709 718 4774 lem,
752 4717 806 4764 et
840 4709 893 4763 in
933 4726 1145 4780 semper
1191 4716 1454 4771 movendo
1499 4727 1802 4774 manentem
1836 4735 1905 4775 ex
1949 4722 2149 4790 seipse,

583 4809 638 4854 et
679 4812 738 4854 ut
775 4803 1004 4870 aeterni,
1053 4813 1108 4859 et
1161 4809 1440 4876 temporis,
1492 4816 1546 4863 et
1593 4810 1803 4865 dierum
1857 4813 2148 4868 causalem.

581 4892 814 4949 Proinde
858 4903 912 4949 et
959 4895 1014 4949 in
1069 4897 1238 4953 sacris
1299 4899 1647 4969 mysticorum
1693 4901 1957 4958 visionum
2004 4904 2151 4959 tbeo-

582 4981 794 5052 pbaniis
837 4993 892 5038 et
937 4993 1094 5040 vetus
1137 4994 1192 5039 et
1223 5001 1395 5043 novus
1442 4987 1722 5054 formatur,
1776 4992 1989 5047 seniore
2034 4993 2151 5063 qui-

584 5073 704 5128 dem
750 5074 1034 5146 antiquum
1077 5085 1132 5132 et
1165 5079 1484 5134 existentem
1534 5095 1566 5134 a
1611 5083 1892 5152 principio,
1938 5085 2152 5154 juniore

584 5175 710 5217 vero
769 5179 873 5218 non
923 5177 1292 5222 senescentem
1348 5169 1699 5239 significante,
1751 5171 2048 5229 clarissime
2119 5191 2148 5228 a

580 5249 846 5320 principio
886 5267 981 5322 per
1037 5257 1218 5312 omnia
1267 5273 1438 5326 usque
1489 5259 1555 5313 ad
1593 5260 1754 5316 tinem
1797 5279 1917 5318 eum
1961 5279 2151 5333 prove-

2255 4626 2416 4681 dibus
2438 4625 3090 4695 pacilicisfavorabimus.
3128 4625 3248 4696 Ipsa
3283 4636 3370 4682 est
3395 4625 3534 4681 enim
3569 4615 3749 4708 ornniuul

2255 4717 2574 4780 adunatrix,
2615 4726 2669 4771 et
2705 4718 2943 4772 omnium
2988 4731 3314 4783 consensus,
3365 4727 3420 4770 et
3455 4701 3746 4769 connaturalt-

2256 4809 2382 4863 tatis
2415 4808 2646 4878 geniti-ix
2675 4817 2729 4862 et
2749 4806 3043 4877 operatrix.
3073 4806 3307 4861 Proinde
3342 4815 3399 4863 et
3435 4802 3595 4858 omnia
3628 4798 3750 4863 il’sa'"

2254 4908 2538 4970 appetunt,
2578 4898 2880 4967 partibilem
2929 4910 3116 4952 eorum
3156 4894 3547 4950 multitudinem
3585 4895 3752 4982 comer-

2259 5003 2457 5047 tcutem
2503 4994 2556 5047 in
2603 5003 2768 5047 totam
2811 4993 3106 5057 uilitatem,
3155 5002 3211 5047 et
3255 4991 3414 5048 civile
3457 4982 3752 5042 universitatis

2258 5083 2453 5138 bellum
2479 5084 2797 5138 adunantem
2829 5084 2882 5136 in
2917 5083 3302 5152 aequiformem
3345 5075 3749 5137 cohabitatiouem.

2258 5175 2670 5245 Participatione
2689 5175 2901 5229 divinae
2920 5175 3066 5244 pacis
3100 5177 3362 5243 primores
3381 5170 3751 5240 congregalﬂm'“

2256 5268 2513 5321 virtutum
2564 5267 2739 5336 ipsae,
2790 5276 2844 5320 et
2897 5267 2964 5321 ad
3006 5266 3243 5336 seipsas,
3289 5274 3344 5320 et
3397 5265 3461 5319 ad
3502 5257 3751 5316 seiuriceut

1789 5381 2041 5454 VA'RIAE
2081 5399 2478 5454 LECTIONES.

657 5488 671 5517 '
713 5487 800 5542 BH
836 5488 1146 5542 voluntaria.
1223 5491 1242 5519 ²
1276 5489 1340 5542 Α·
1372 5493 1881 5562 onmt_tempore_sit.
1957 5493 1976 5523 ’
2006 5493 2045 5544 A
2079 5502 2132 5547 ct
2162 5502 2281 5546 ante
2322 5501 2559 5562 tempus;
2594 5493 2633 5546 E
2660 5502 2711 5547 et
2747 5505 2865 5547 ante
2893 5494 3000 5546 dies
3030 5502 3076 5546 et
3112 5502 3379 5546 ueternum
3413 5497 3458 5542 et
3487 5492 3685 5552 temp”;
3715 5481 3748 5524 δ

584 5567 700 5610 ante
723 5568 986 5613 aeternum
1014 5589 1081 5618 —-,-
1105 5569 1301 5630 tempus
1334 5575 1441 5615 om.
1479 5560 1586 5615 BH.
1663 5561 1679 5590 ⁵
1713 5559 1800 5615 EII
1836 5564 2143 5620 mentiendo.

659 5754 682 5782 ι
723 5742 858 5796 Psal.
909 5744 1090 5809 XXIII,
1118 5745 1166 5809 7,
1201 5747 1254 5800 9.

2060 5658 2306 5714 NOTAE.

2322 5754 2346 5790 ι)
2385 5751 2516 5803 Dan.
2565 5747 2669 5800 V'II.
2751 5744 2889 5798 l‘sal.
2934 5742 3158 5798 CXLIV.
