4004 6290
191 370 335 429 “65

832 362 1081 424 VERSIO
1119 362 1408 421 OPERUM
1445 363 1506 420 S.
1546 359 1869 422 NONYSII.
1909 390 1982 402 --
2023 360 2112 421 DE
2152 359 2401 418 DIVINIS
2434 360 2827 421 NOMINIBUS.

3339 364 3477 422 “66

191 484 487 548 uniuntnr,
516 489 572 537 et
612 480 679 536 ad
707 494 868 535 unam
894 479 1136 536 omnium
1164 493 1355 550 pacem
1384 478 1693 549 pristinam,
1725 484 1782 531 et
1811 477 1857 536 Α
1885 490 1993 532 uno
2026 476 2211 533 omnia
2258 477 2581 535 ostendente
2603 518 2619 542 ,
2652 487 2710 533 et
2738 493 2835 549 per
2878 478 3061 535 omnia
3107 480 3334 535 veniens
3356 522 3370 547 ,
3415 490 3484 539 eti

193 588 335 643 quae
362 573 466 629 sibi
495 571 739 641 subjecta
788 571 1003 635 uuiunt,
1044 571 1267 641 ipsaque
1295 569 1364 627 ad
1389 570 1565 641 seipsa
1588 609 1605 636 ,
1635 578 1693 625 et
1714 569 1781 623 ad

192 681 253 722 se
281 665 534 728 invicem,
563 674 620 719 et
647 663 717 717 ad
748 677 914 718 unum
941 670 996 718 et
1022 660 1320 733 perfectum
1353 660 1594 717 omnium
1632 659 1783 731 pacis

193 754 518 824 principium
558 761 616 809 et
648 766 871 808 causam
911 768 925 806 :
970 765 1111 821 quae
1160 750 1561 822 impartibilitcr
1589 765 1783 820 super—

194 846 414 901 tirmata
461 843 612 909 totis,
657 841 806 898 velut
849 840 1171 911 quibusdam
1209 839 1462 897 claustris
1488 839 1783 899 diviserunt

193 933 628 991 convenientium
671 932 854 990 omnia
882 932 1167 999 terminat,
1214 941 1271 988 et
1314 938 1684 995 consummat,
1733 938 1789 985 et

195 1026 458 1094 tutiiieat,
482 1034 536 1080 et
555 1040 661 1080 non
688 1024 821 1097 sinit
849 1032 1101 1095 separata
1124 1021 1271 1078 fundi
1287 1022 1355 1078 ad
1376 1022 1601 1077 multum
1625 1028 1681 1077 et
1700 1021 1785 1075 in-

195 1115 430 1182 finitum,
445 1115 773 1179 inordinata,
796 1121 853 1169 et
872 1111 1220 1178 incollocata,
1241 1111 1459 1167 deserta
1484 1112 1595 1166 Deo
1619 1110 1785 1176 facta,

192 1218 247 1265 et
275 1224 372 1266 sua
401 1210 611 1266 unitate
645 1207 902 1265 exeuntia
922 1248 936 1273 ,
965 1214 1021 1262 et
1060 1206 1203 1262 inter
1235 1220 1297 1261 se
1328 1204 1560 1260 invicem
1600 1205 1789 1259 turbu-

194 1301 496 1358 lentissime
539 1300 785 1358 confusa.
824 1298 902 1355 De
956 1299 1060 1354 hac
1101 1296 1267 1370 igitur
1309 1296 1436 1367 quia
1480 1304 1565 1353 est
1603 1295 1785 1350 divina

194 1407 328 1463 pace
354 1400 411 1462 et
441 1391 661 1448 silentio
680 1432 695 1456 ,
726 1390 870 1459 quod
907 1403 1062 1445 sacer
1086 1387 1274 1445 Justus
1311 1388 1575 1461 ἀφθιγξξαν
1606 1392 1785 1452 vocat,

194 1482 323 1539 etin
348 1478 854 1550 omnem;cognitam
882 1477 1303 1548 proccssionem,
1331 1474 1785 1542 immobilitatem,

194 1581 255 1628 ut
286 1583 343 1627 et
374 1571 535 1639 silet,
573 1579 628 1627 et
657 1569 933 1626 silentium
963 1567 1115 1624 ducit
1138 1607 1153 1633 ,
1198 1576 1253 1623 et
1282 1574 1343 1621 ut
1381 1566 1435 1621 in
1479 1566 1690 1635 seipsa,
1734 1573 1788 1620 et

195 1664 341 1718 intra
366 1660 602 1732 seipsam
629 1668 747 1725 est,
775 1666 830 1716 et
873 1659 941 1714 ad
976 1658 1210 1728 seipsam
1249 1665 1414 1713 totam
1447 1665 1557 1713 tota
1601 1671 1788 1726 super-

197 1750 408 1816 unitur,
435 1757 491 1805 et
519 1762 693 1819 neque
720 1747 774 1803 in
806 1748 1040 1819 seipsam
1070 1747 1314 1813 intrans,
1340 1754 1395 1803 et
1424 1745 1787 1817 multiplicans

1884 570 2101 641 propria
2145 571 2384 628 naturali
2433 582 2491 628 et
2540 572 2865 629 immutabili
2919 574 3180 630 societate
3224 576 3468 631 veniens.
3506 584 3516 594 ‘

1884 658 2141 716 Provenit
2178 661 2324 716 enim
2367 661 2420 719 in
2453 663 2669 728 omnia,
2700 671 2759 719 et
2786 664 2953 719 tradit
2980 665 3231 722 matribus
3257 667 3480 734 proprie

1886 744 2017 814 ipsis
2061 759 2128 800 ex
2176 745 2354 815 seipsa
2402 760 2795 815 supermanans
2849 749 3159 818 magnitudo
3217 750 3477 818 pacificae

1886 836 2283 906 generationis,
2320 849 2377 894 et
2424 846 2609 894 manet
2682 852 2780 907 per
2826 839 3200 903 excellentiam
3252 841 3481 899 unitatis

1888 934 2000 980 tota
2028 927 2095 982 ad
2123 934 2312 995 totam,
2358 938 2415 982 et
2460 943 2558 997 per
2604 936 2771 985 totam
2800 929 3045 999 seipsam-
3079 931 3475 1001 supertluitam.

1887 1017 2168 1086 Quomodo
2196 1025 2399 1084 autem,
2429 1018 2628 1073 dixerit
2668 1018 2812 1089 quis,
2861 1028 3121 1089 appetunt
3165 1022 3346 1077 contria
3380 1038 3478 1092 pa.-

1887 1108 2041 1164 cem?
2087 1107 2252 1164 Multa
2294 1110 2440 1165 enim
2480 1110 2753 1166 alteritate
2778 1119 2834 1166 et
2858 1110 3189 1171 discretione
3215 1114 3477 1183 gaudent.

1887 1210 1943 1256 et
1973 1216 2243 1272 nunquam
2267 1202 2557 1273 aliquando
2584 1203 2872 1261 habentem
2903 1204 3067 1261 silere
3093 1205 3383 1261 voluerint.-
3415 1208 3481 1263 Et

1887 1293 1932 1350 si
1984 1292 2201 1364 quidem
2243 1293 2568 1351 alteritatem
2623 1304 2678 1350 et
2719 1296 3146 1360 discretionem,
3198 1297 3291 1365 qui
3343 1299 3479 1354 hace

1888 1386 2042 1453 dicit,
2072 1387 2147 1442 ait
2189 1386 2614 1459 uniuscujusque
2659 1389 3007 1449 existentium
3058 1392 3483 1460 proprietatem.

1886 1485 1940 1532 et
1965 1476 2092 1548 quia
2122 1477 2262 1535 hanc
2301 1478 2647 1536 existentium
2692 1479 2895 1535 nullum
2938 1477 2994 1537 ὅν
3017 1520 3033 1544 ,
3079 1482 3222 1550 quod
3256 1481 3482 1551 quidem

1887 1574 1989 1631 est,
2022 1566 2149 1622 velit
2178 1567 2464 1638 aliquando
2491 1569 2740 1640 perdere,
2771 1585 2877 1629 non
2904 1570 3151 1627 fortassis
3178 1586 3354 1641 neque
3381 1588 3484 1628 nos

1887 1658 1955 1715 ad
1986 1659 2087 1714 hoc
2132 1660 2567 1716 eontradicemns
2592 1702 2606 1726 ,
2656 1661 2751 1718 scd
2800 1663 2946 1721 hunc
2988 1663 3139 1733 pacis
3181 1664 3482 1734 appetitum

1890 1750 2375 1808 manifestabimus.
2416 1751 2608 1809 Omnia
2638 1754 2782 1809 enim
2828 1754 3003 1823 diligit
3027 1755 3096 1810 ad
3124 1756 3301 1826 seipse
3331 1756 3483 1825 paci.

195 1843 462 1914 seipsam,
492 1817 694 1897 deserit
731 1817 1197 1903 suamvunitatem,
1231 1840 1327 1896 sed
1367 1849 1421 1895 et
1452 1840 1697 1910 provenit
1730 1840 1783 1894 in
1820 1817 1861 1876 Β
1891 1838 2057 1896 fleam
2085 1848 2140 1896 et
2167 1841 2333 1907 nniri,
2363 1851 2418 1898 et
2447 1858 2476 1896 a
2507 1841 2622 1898 suis
2649 1850 2704 1898 et
2745 1857 2776 1898 a
2817 1817 3014 1913 seipsis
3040 1817 3397 1903 immutabilia
3426 1853 3486 1901 et

114 1946 128 1953 ‘
204 1937 409 2002 omnia,
446 1936 592 1991 intus
642 1933 716 1989 ibi
764 1947 991 1989 manens
1033 1947 1132 2004 per
1181 1931 1559 1988 excellentiam
1605 1930 1787 1986 omnia

197 2026 508 2097 superantis
551 2025 797 2082 unitatis.
844 2023 1031 2094 Neque
1080 2024 1301 2091 dicere,
1355 2039 1531 2095 neque
1594 2021 1791 2078 intelli-

196 2134 326 2193 gere
355 2119 570 2176 cuidam
614 2117 961 2174 existentium
989 2124 1095 2173 'est
1135 2116 1217 2172 fas
1237 2157 1252 2184 ,
1282 2131 1456 2187 neque
1490 2116 1746 2188 possibile
1769 2157 1782 2181 ,

200 2214 327 2279 sed,
377 2219 440 2269 ut
489 2211 761 2268 iuetfabile
806 2219 864 2267 et
908 2211 1140 2281 idipsum
1186 2220 1242 2266 et
1282 2209 1703 2281 incognoseibile
1730 2209 1785 2264 in

199 2303 372 2374 ipsam
430 2309 791 2374 reponentes,
849 2310 1108 2373 tanquam
1164 2303 1405 2358 omnium
1459 2302 1787 2359 existentem

197 2399 606 2464 summitatem,
658 2397 963 2455 intellectas
1008 2398 1125 2468 eius
1172 2404 1227 2453 et
1269 2397 1444 2453 dictas
1489 2397 1785 2467 participa—

199 2491 396 2555 tioncs,
425 2500 479 2546 et
516 2491 642 2556 hoc,
694 2498 754 2546 ut
798 2488 1055 2562 possibile
1092 2488 1224 2544 viris
1268 2497 1325 2546 et
1370 2488 1578 2545 nobisa
1603 2489 1788 2547 multis

197 2583 418 2653 optimis
474 2582 679 2640 relictis
720 2581 1287 2654 superspcculabimur
1342 2574 1500 2638 ‘."Et
1550 2581 1785 2652 primum

198 2673 419 2743 quidem
456 2674 561 2729 hoc
591 2674 875 2730 dicendurm
894 2715 908 2735 .
939 2673 1066 2745 quia
1110 2687 1207 2744 per
1255 2672 1490 2743 seipsam
1518 2672 1704 2744 pacis',
1733 2683 1789 2728 ct

205 2765 389 2827 totius,
424 2775 477 2821 et
509 2779 605 2835 per
648 2765 1091 2836 unumquodque,
1122 2772 1208 2819 est
1231 2763 1556 2830 substantia,
1579 2772 1634 2820 et
1659 2763 1786 2834 quia

201 2856 383 2912 omnia
412 2858 483 2912 ad
527 2872 589 2914 se
616 2857 845 2928 invicem
876 2864 1250 2928 contemperat
1300 2870 1398 2928 per
1448 2856 1784 2913 inconfusam

201 2960 389 3001 eorum
419 2947 703 3012 unitatem,
740 2963 838 3018 per
862 2963 1022 3016 quam
1060 2945 1494 3017 inseparabiliter
1520 2948 1666 3001 unita
1694 2986 1708 3013 ,
1732 2954 1787 3002 et

203 3038 528 3095 indistanter
556 3054 728 3111 aeque
754 3038 1014 3111 perfecta,
1047 3039 1341 3095 secundum
1371 3040 1646 3109 propriam
1676 3039 1787 3093 sin-

200 3127 322 3198 gula
401 3128 637 3200 speciem
706 3129 935 3193 statuit,
993 3144 1100 3184 non
1183 3127 1633 3199 superobscurata
1692 3145 1788 3201 per

202 3219 494 3274 mixturam
543 3219 611 3275 ad
675 3220 921 3292 opposita
971 3220 1267 3290 quidquam
1325 3218 1622 3275 obcaecant
1669 3220 1789 3275 uni-

202 3309 355 3366 tricis
398 3310 709 3382 diligentiae
752 3319 807 3366 et
847 3311 1120 3382 puritatis.
1172 3310 1346 3367 Unam
1396 3311 1562 3382 igitur
1611 3325 1785 3380 quan-

202 3400 322 3455 dam
354 3408 410 3456 et
446 3400 695 3471 simplam
734 3400 991 3471 pacificae
1036 3399 1261 3455 unitatis
1302 3398 1788 3470 contemplabimur

200 3499 473 3561 naturam,
524 3493 862 3563 copulantem
915 3506 1106 3547 omnes
1148 3492 1274 3557 sibi,
1302 3500 1358 3548 et
1397 3490 1781 3562 sibimetipsis,

201 3596 256 3646 et
283 3588 538 3655 invicem,
569 3597 624 3646 et
645 3588 940 3644 salvantem
962 3588 1142 3643 omnia
1166 3588 1219 3643 in
1243 3584 1524 3643 inconfusa
1545 3586 1786 3651 omnium

202 3679 564 3744 continentia,
617 3689 673 3735 et
713 3679 1037 3749 conspicua,
1091 3688 1146 3732 et
1205 3687 1628 3748 contemperata.
1682 3678 1788 3734 Per

202 3785 364 3839 quam
429 3769 593 3825 divini
658 3770 822 3825 animi
906 3768 1165 3825 intellecti
1246 3767 1609 3824 intcllcctibus
1673 3769 1788 3824 suis

203 3859 464 3914 Iniuntur
489 3899 506 3923 ,
531 3869 586 3915 et
616 3858 1037 3929 intclligentibus
1062 3900 1077 3926 ,
1122 3869 1179 3916 et
1207 3859 1403 3915 iterum
1445 3857 1500 3913 in
1542 3858 1786 3928 incogni-

204 3961 317 4008 tum
379 3954 680 4009 ascendunt
726 3969 890 4024 super
932 3955 1173 4010 anlmum
1215 3954 1599 4012 collocatorum
1652 3969 1784 4011 eon-

206 4052 432 4100 tactum.
467 4043 570 4100 Per
598 4061 762 4116 quam
789 4046 1003 4103 animae
1037 4046 1372 4117 largissimas
1398 4063 1526 4103 suas
1552 4048 1789 4106 rationes

202 4135 586 4210 iutelligentes,
613 4146 670 4194 et
696 4138 762 4194 ad
793 4153 954 4193 unam
993 4138 1404 4195 intellectualem
1429 4150 1789 4212 congregatae

200 4228 528 4299 puritatem,
569 4229 986 4303 progrediuntur
1014 4230 1229 4301 proprie
1256 4231 1475 4286 sibimet
1507 4232 1589 4286 via
1620 4240 1675 4286 ct
1699 4247 1788 4287 or-

200 4319 326 4377 dine
345 4334 442 4390 per
464 4320 872 4376 immaterialem
894 4330 951 4376 et
976 4321 1353 4393 impartibilem
1379 4323 1786 4396 intelligentiam

202 4411 261 4467 in
301 4412 559 4468 unitatem
589 4427 750 4485 super
778 4412 1127 4468 intellectam.
1157 4413 1261 4469 Per
1284 4428 1446 4484 quam
1477 4430 1582 4471 una
1613 4424 1668 4470 et
1701 4415 1785 4470 in-

1889 1929 2184 1986 incasualia
2215 1946 2335 1988 esse
2369 1951 2381 1987 :
2414 1941 2470 1989 et
2497 1943 2582 1989 est
2611 1948 2710 2004 per
2734 1936 3157 2006 unumquodque
3182 1936 3485 1995 commixta

1888 2020 2223 2090 proprietate
2270 2020 2664 2092 perfectissima
2715 2039 2818 2094 pax
2869 2024 3190 2079 custoditiva
3223 2064 3237 2091 ,
3290 2040 3486 2094 pacem

1889 2111 2217 2168 donantibus
2246 2113 2360 2167 suis
2387 2113 2762 2182 providentiis,
2794 2116 2975 2170 omnia
3007 2115 3399 2184 imperturbata
3425 2126 3483 2177 et

1890 2200 2170 2257 inconfusa
2222 2202 2289 2257 ad
2349 2211 2497 2261 tanta
2545 2212 2600 2275 et
2645 2204 2713 2259 ad
2764 2220 2822 2259 se
2871 2205 3100 2263 invicem
3152 2206 3390 2273 salvans,
3423 2215 3485 2261 et

1888 2291 2155 2371 omniain
2188 2290 2503 2369 fortitudine
2545 2302 2601 2350 et
2648 2294 2924 2351 inﬂexibili
2972 2297 3172 2361 virtute
3218 2298 3285 2363 ad
3321 2313 3475 2355 suam

1890 2398 2076 2453 pacem
2123 2392 2179 2440 et
2227 2386 2669 2456 tranquillitatem
2725 2396 2989 2443 statuens.
3059 2388 3264 2445 Deinde
3331 2397 3485 2447 mota.

1889 2479 2071 2535 omnia
2100 2493 2207 2535 non
2232 2479 2416 2547 silere,
2446 2480 2541 2537 sed
2569 2482 2775 2537 moveri
2805 2496 3026 2552 semper
3051 2496 3241 2537 eorum
3270 2492 3485 2538 motum

1889 2570 2023 2627 vult.
2072 2570 2141 2626 Et
2186 2570 2290 2627 hoc
2337 2573 2607 2643 appetitus
2655 2583 2742 2629 est
2788 2572 3007 2629 divinae
3032 2574 3273 2631 omnium
3303 2574 3487 2643 pacis,

1888 2664 2071 2723 omnia
2122 2665 2178 2720 in
2221 2664 2415 2735 seipsis
2463 2664 2760 2721 incasualia
2811 2664 3107 2731 salvantis,
3154 2676 3212 2722 et
3238 2666 3487 2720 omnium

1890 2768 2161 2817 motorum
2190 2758 2573 2830 proprietatem
2603 2767 2661 2814 et
2686 2757 2945 2815 motivam
2984 2759 3182 2823 vitam,
3222 2757 3479 2812 immuta-

1888 2852 2050 2909 bilem
2077 2860 2136 2909 et
2167 2850 2495 2908 incasualem
2525 2850 2903 2916 custodientis,
2935 2850 2990 2907 in
3020 2858 3169 2907 mota
3196 2849 3264 2904 ad
3295 2863 3356 2905 se
3385 2865 3487 2919 pa-a

1890 2942 2183 3011 cificantia,
2206 2951 2263 3000 et
2286 2943 2452 3000 sicsic
2499 2941 2778 3008 habentia,
2807 2941 3014 3014 agendo
3032 2956 3180 3012 quae
3208 2957 3305 2997 sua
3330 2952 3481 2997 sunt.

1893 3034 1951 3092 Si
1975 3043 2158 3092 autem
2191 3037 2487 3105 secundum
2515 3049 2700 3101 casum
2731 3035 2880 3106 pacis
2907 3036 3236 3091 alteritatem
3269 3034 3487 3098 dicens,

1893 3126 2179 3184 conﬁrmat
2198 3143 2304 3185 non
2336 3143 2456 3185 esse
2482 3128 2736 3184 omnibus
2758 3127 3049 3183 amabilem
3071 3142 3284 3198 pacem,
3308 3127 3485 3196 magis

1892 3219 2110 3289 quidem
2139 3218 2276 3275 nihil
2294 3220 2646 3276 existentium
2671 3232 2811 3285 esse,
2830 3217 2975 3289 quod
3001 3218 3071 3272 ab
3088 3217 3237 3287 omni
3265 3217 3483 3287 penitus

1891 3310 2099 3367 unitate
2148 3311 2365 3367 cecidit.
2438 3310 2590 3378 Quod
2644 3310 2792 3366 enim
2845 3310 3068 3365 omnino
3123 3308 3373 3365 instabile
3428 3317 3488 3363 ct

1890 3402 2145 3469 multum,
2167 3410 2225 3458 et
2245 3401 2644 3469 ineollocatum,
2674 3410 2734 3457 et
2761 3400 3053 3465 infinitum,
3081 3415 3256 3472 neque
3285 3398 3341 3456 ὅν
3368 3407 3473 3461 est,

1890 3507 2064 3563 neque
2109 3493 2163 3548 in
2214 3492 2594 3549 existentibus.
2641 3490 2700 3546 Si
2751 3500 2930 3546 autem
2978 3490 3112 3545 tales
3160 3490 3236 3544 ait
3273 3490 3393 3560 paci
3421 3500 3487 3545 et.

1887 3584 2039 3654 pacis
2059 3584 2217 3641 bonis
2235 3583 2462 3641 infestos
2489 3598 2635 3651 esse,
2666 3582 3103 3638 contentionibus
3126 3590 3181 3637 et
3206 3580 3485 3639 furoribus

1887 3685 1943 3731 et
1991 3675 2407 3732 alienationibus
2458 3682 2512 3732 et
2561 3673 3004 3731 iustabilitatibus
3046 3673 3380 3744 gaudentes,
3425 3683 3489 3739 et,

1889 3767 1990 3838 ipsi
2023 3767 2427 3847 obscurissimis
2469 3767 2677 3824 umbris
2714 3767 2865 3837 pacis
2893 3766 3360 3837 concupiscentiae
3385 3767 3483 3823 de-.

1889 3859 2150 3926 tinentur,
2182 3858 2249 3915 ad
2278 3874 2413 3931 quas
2436 3859 2782 3933 passionibus
2815 3858 3014 3914 turbati
3044 3858 3268 3913 multum
3296 3859 3485 3929 mobi—r

1888 3951 2068 4018 libus,
2112 3960 2168 4007 et
2212 3965 2307 4009 eas
2350 3951 2544 4008 sistere
2584 3950 2984 4021 indisciplinate
3019 3957 3335 4022 appetentes
3362 3988 3377 4015 ,
3423 3958 3480 4003 et

1888 4044 2241 4103 aestimantes
2290 4045 2624 4118 plenitudine
2657 4058 2874 4113 semper
2908 4040 3249 4099 retinentium
3287 4040 3476 4115 pacifi-

1888 4155 2016 4199 care
2070 4141 2279 4210 seipsos
2350 4138 2708 4194 instructione
2784 4137 3082 4192 tenentium
3138 4136 3479 4207 voluptatum

1888 4233 2253 4304 perturbatos.
2305 4231 2447 4300 Quid
2475 4231 2520 4287 si
2551 4232 2673 4302 quis
2701 4230 2900 4285 dixerit
2929 4228 2997 4284 de
3034 4228 3148 4299 ipsa
3177 4228 3473 4283 secundum

1887 4325 2164 4382 Christum
2194 4322 2416 4395 paciﬁua
2448 4322 2815 4397 humanitate,
2846 4320 3141 4376 secundum
3173 4332 3335 4388 quam
3367 4332 3472 4373 non

1887 4415 2149 4472 discimus
2191 4413 2369 4470 adhuc
2416 4426 2670 4484 pugnare,
2708 4424 2879 4489 neque
2906 4409 3080 4464 ~nobis
3116 4408 3266 4479 ipsis,
3302 4420 3478 4475 neque

198 4501 445 4559 solubilis
468 4502 708 4559 omnium
726 4503 1066 4573 complicatio
1092 4506 1383 4561 secundum
1411 4505 1648 4561 divinam
1669 4507 1786 4579 ejus
1816 4519 1867 4583 ι)
1890 4505 2146 4570 invicem,
2168 4518 2343 4574 neque
2370 4502 2595 4575 angelis,
2620 4501 2712 4557 sed
2742 4509 2797 4556 ct
2823 4500 2953 4571 ipsis
2979 4500 3161 4554 divina
3183 4513 3282 4568 per
3308 4497 3479 4552 virtu-

198 4593 539 4649 harmoniam
585 4596 930 4652 constituitur
958 4597 1000 4661 ’,
1037 4605 1092 4653 et
1139 4597 1549 4670 compaginatur
1591 4614 1784 4656 conso~

201 4684 385 4740 nantia
414 4684 670 4756 perfccta,
697 4694 752 4741 et
779 4702 1098 4753 consensus,
1120 4697 1175 4743 et
1204 4688 1629 4760 congerminatio
1655 4705 1784 4746 con-

199 4793 435 4850 gregans
473 4779 773 4846 inconfuse,
804 4781 1340 4851 inseparabiliterque
1381 4782 1625 4839 confusa.
1656 4783 1785 4840 Per-

202 4872 350 4926 venit
374 4872 516 4928 enim
542 4873 969 4943 perfectissimae
996 4873 1144 4942 pacis
1172 4874 1495 4929 universitas
1520 4873 1573 4929 in
1601 4875 1783 4930 omnia

202 4961 515 5029 existentia,
541 4963 833 5018 secundum
870 4962 1328 5033 simplicissimum
1356 4963 1474 5034 ejus
1496 4972 1552 5020 ct
1577 4962 1783 5020 clarum

205 5051 437 5108 unificae
464 5053 678 5110 virtutis
712 5054 1022 5121 adventum,
1055 5054 1319 5112 uniflcans
1343 5056 1546 5122 omnia,
1576 5065 1630 5112 et
1661 5072 1790 5113 con-

200 5141 433 5215 iungens
461 5160 670 5199 summa
703 5160 799 5215 per
829 5147 1006 5200 media
1033 5147 1262 5202 summis
1285 5187 1301 5213 ,
1350 5162 1447 5217 per
1475 5162 1634 5203 unam
1661 5163 1788 5203 con-

206 5235 503 5290 naturalem
535 5237 816 5306 conjttgata
852 5237 1168 5303 amicitiam,
1192 5246 1246 5292 et
1267 5238 1469 5308 perfrui
1500 5253 1559 5294 se
1583 5239 1790 5294 donans

204 5327 391 5409 etiam‘
423 5326 729 5382 novissimis
776 5328 1146 5383 universitatis
1204 5328 1676 5396 extremitatibus,
1735 5339 1790 5385 et

205 5419 387 5475 omnia
406 5430 633 5494 cognata
662 5420 863 5478 faciens
892 5422 1186 5478 unitatibus
1212 5421 1566 5487 naturalibus,
1592 5423 1784 5477 immu-

210 5512 462 5568 tabilibus
487 5498 858 5578 societatibus,
886 5511 1323 5578 adunationibus,
1351 5513 1781 5584 congregationi-

208 5603 330 5663 bus,
360 5601 790 5671 inseparabiliter
810 5603 1014 5658 scilicet
1045 5602 1222 5658 divina
1253 5616 1385 5673 pace
1413 5610 1611 5667 stante,
1642 5604 1783 5658 etab

1892 4604 1998 4652 tem
2025 4666 2030 4673 θ
2058 4593 2487 4664 cooperabimur,
2552 4593 2842 4648 secundum
2870 4586 2875 4592 ’
2902 4591 3294 4663 providentiam
3348 4588 3486 4653 Jcsu

1889 4688 2070 4743 omnia
2107 4688 2160 4742 in
2187 4687 2437 4743 omnibus
2466 4686 2739 4756 operantis
2754 4725 2771 4761 ,
2807 4692 2861 4740 et
2891 4683 3140 4741 facientis
3168 4684 3473 4757 paccnt.in-

1888 4777 2176 4845 eﬂ‘abilem,
2215 4787 2271 4834 et
2309 4793 2374 4834 ex
2424 4777 2606 4833 seculo
2635 4776 3198 4847 praedestinamm,_ct
3231 4778 3479 4833 reconci-

1891 4871 2073 4927 liantis
2106 4886 2203 4928 nos
2229 4870 2329 4926 sibi
2361 4869 2461 4940 ipsi
2510 4869 2562 4923 in
2592 4868 2803 4939 spiritu,
2834 4879 2889 4923 et
2932 4885 3030 4939 per
3060 4868 3294 4940 seipsam
3331 4878 3383 4923 et
3418 4869 3472 4923 in

1890 4965 2007 5033 ipso
2055 4963 2214 5034 patri.
2268 4963 2343 5018 De
2396 4960 2593 5033 quibus
2643 4960 3169 5031 superemincntibus
3214 4960 3369 5015 donis
3417 4960 3469 5014 in

1892 5054 2205 5126 theologicis
2230 5052 2639 5115 characteribus
2666 5050 2993 5109 sufﬁcienter
3019 5051 3223 5129 dictum
3250 5057 3356 5115 est,
3388 5060 3471 5105 at-

1892 5145 2206 5202 testantium
2258 5145 2413 5199 nobis
2475 5158 2630 5200 sacra
2690 5142 3026 5213 eloquiorum
3096 5141 3471 5211 intelligentia.

1891 5239 2154 5307 Quoniam
2184 5247 2237 5291 et
2284 5237 2428 5293 aliud
2477 5251 2563 5290 nte
2610 5251 2706 5307 per
2748 5234 3027 5305 epistolam
3078 5233 3471 5305 interrogamus,

1891 5328 2018 5400 quid
2068 5327 2250 5384 forsan
2279 5368 2292 5393 ,
2343 5327 2557 5397 quando
2605 5327 2726 5383 dico
2769 5340 2865 5396 per
2907 5325 3141 5394 seipsum
3188 5338 3341 5391 esse,
3379 5340 3475 5395 pcr

1892 5419 2127 5488 seipsam
2156 5418 2356 5482 vitam,
2395 5433 2492 5490 per
2515 5417 2746 5490 seipsam
2780 5415 3122 5486 sapientiam,
3184 5423 3238 5470 et
3274 5418 3340 5471 ad
3384 5432 3474 5477 se-

1891 5508 2061 5579 ipsam
2093 5508 2309 5565 dicebas
2337 5508 2605 5574 dubitare,
2655 5507 2923 5577 quomodo
2973 5508 3136 5563 Deum
3188 5509 3505 5579 aliquando,

1889 5602 2107 5672 quidem
2156 5601 2329 5673 ipsum
2356 5601 2528 5658 vitam
2564 5601 2718 5666 dico,
2750 5600 3037 5670 aliquando
3084 5617 3213 5659 vero
3254 5618 3349 5672 per
3384 5616 3473 5658 se-

1476 5712 1729 5771 VARIAE
1764 5713 2164 5774 LECTIONES.

287 5787 307 5817 ι
343 5782 431 5841 BH
465 5786 952 5856 snperspccnlnmur
1046 5788 1071 5821 '
1104 5787 1144 5842 Α
1174 5786 1217 5841 Ε
1244 5784 1601 5841 substituitur.
