4004 6290
330 1452 337 1511 3

482 324 625 387 "6?

1858 332 2147 393 IOANNIS
2184 329 2387 390 δίζοΠ

3641 325 3775 385 εισι

482 437 659 510 ίρσειμι
685 448 1280 509 Vitaesubstitutorem
1310 470 1326 507 :
1356 453 1721 509 necessarium
1754 451 2067 508 aestimavi—
2094 457 2142 512 Α
2171 450 2411 505 dentiam
2440 458 2495 505 et
2522 449 2819 506 bonitatem
2867 447 3221 519 participatas
3267 442 3338 502 ab
3380 445 3775 511 existumas,

482 545 635 605 Inus,
664 541 981 598 sancte‘Dei
1003 543 1170 599 homo
1192 583 1208 610 ,
1250 552 1318 600 'et
1350 544 1453 599 hac
1499 556 1553 599 te
1592 543 1649 599 in
1680 543 1835 599 nobis
1861 543 2076 598 dubita-

484 629 651 691 tione-
668 633 969 691 absolvere.
1019 634 1086 690 Et
1113 636 1345 706 primum
1389 635 1609 706 quidem
1632 676 1648 703 ,
1699 644 1760 689 ut
1802 633 2077 690 multoties

490 725 638 781 dicta
688 733 746 778 et
782 739 926 780 nunc
954 725 1302 796 recipiamus,
1334 741 1442 781 non
1469 735 1554 782 est
1580 725 1938 789 contrarium,
1976 738 2076 795 per

490 813 725 884 seipsam
768 815 1070 880 virtutem,
1116 824 1213 871 aut
1254 832 1355 888 per
1401 817 1634 887 seipsam
1680 818 1844 873 vitam
1891 815 2076 871 dicere

476 904 684 970 Deum,
738 914 795 962 et
819 920 917 977 per
951 907 1184 977 seipsam
1221 907 1381 972 vitae,
1413 916 1509 963 aut
1533 907 1706 977 pacis,
1734 914 1828 961 aut
1857 906 2076 963 virtutis

480 995 923 1055 .substitutorem.
939 996 1210 1064 Quaedam
1220 997 1437 1069 quidem
1457 998 1602 1053 enim
1616 1011 1683 1053 ex
1697 996 2073 1063 existentibus,

478 1095 550 1159 ζει
592 1088 830 1144 maxime
871 1102 940 1143 ex
985 1088 1219 1159 primum
1264 1089 1657 1151 existentibus,
1701 1097 1762 1144 ut
1804 1088 2071 1144 causalis”

452 1151 737 1236 -'omninm
786 1151 1134 1237 existentittm
1183 1182 1482 1238 dicuntur:
1514 1182 1780 1252 quaedam
1831 1194 1981 1245 vero,
2014 1188 2077 1234 ut

477 1251 662 1341 'super
683 1273 867 1327 omnia
897 1273 1063 1328 etiam
1092 1274 1270 1343 primo
1296 1251 1609 1339 existentia,
1638 1274 1850 1344 superis
1883 1287 2085 1343 super--

478 1346 874 1421 iessentialiter.
908 1365 1049 1432 Quid
1081 1376 1261 1423 autem
1296 1366 1540 1432 omnino,
1573 1366 1776 1437 inquis,
1806 1365 1949 1435 quod
1979 1379 2079 1436 per

491 1456 730 1526 seipsam
754 1472 877 1513 esse
900 1459 1103 1514 dictum
1124 1467 1228 1524 est,
1257 1468 1349 1514 aut
1378 1473 1477 1529 per
1499 1459 1733 1528 seipsam
1764 1457 1954 1523 vitam,
1982 1465 2077 1512 aut

491 1562 848 1620 quaecunque
875 1549 1121 1606 absolute
1170 1559 1228 1606 et
1277 1550 1648 1622 principaliter
1691 1562 1832 1615 esse,
1867 1566 1934 1605 ex
1966 1549 2077 1606 Deo

412 1646 449 1654 ‘“
492 1637 743 1708 primitus
770 1640 1152 1697 substituisse‘
1181 1643 1549 1713 exposuimus.
1590 1641 1703 1698 Hoc
1732 1653 1910 1696 autem
1939 1640 2077 1696 dici-

492 1744 637 1796 mus,
662 1746 769 1787 non
792 1741 878 1788 est
902 1748 1149 1804 pravum,
1188 1735 1283 1791 sed
1315 1743 1543 1800 rectum,
1575 1745 1630 1789 et
1657 1735 1954 1805 simplicem
1985 1735 2078 1790 de.

2170 557 2236 598 ex
2287 542 2397 598 Deo
2446 557 2553 598 non
2603 534 2963 613 participantc
3006 540 3391 610 provenientes
3422 538 3646 608 coriosa
3682 537 3775 593 fu-

2168 635 2344 699 simte,
2375 641 2920 706 et'superscatentes,
2958 642 3020 687 ut
3066 632 3299 705 diligens
3343 631 3597 687 omnium
3641 645 3777 685 cau-

2171 726 2304 782 salis
2326 727 2610 782 summitas
2631 726 2897 789 omnium,
2928 732 2983 780 et
3004 723 3485 794 superessentiale,
3507 732 3570 777 et
3589 736 3784 791 super-

2170 816 2423 872 naturale
2446 817 2671 872 omnino
2686 814 3083 885 supereth
3106 829 3195 880 ea,
3224 828 3375 884 quae
3408 820 3544 868 sunt
3578 826 3779 866 secun-

2172 905 2303 968 dum
2326 905 2764 976 qualemcunque
2792 905 3086 961 essentiam
3114 912 3181 959 et
3198 911 3484 958 matram.

2684 1007 2770 1064 CA
2780 1004 3107 1064 Ριτυι-υκι
3137 1004 3253 1061 Xﬂ.

2175 1102 2252 1157 De
2263 1111 2445 1158 sancto
2465 1109 2791 1164 sanctorum,
2808 1110 2927 1168 rege
2949 1114 3150 1167 regunt,
3175 1096 3389 1152 «taurino
3416 1095 3781 1157 dominorum,

2786 1170 2898 1225 Deo
2918 1169 3164 1224 deorum.
3516 1192 3519 1195 π

2248 1285 2355 1342 Sed
2398 1285 2655 1355 quoniam
2686 1284 2906 1354 quidem
2956 1282 3026 1337 de
3074 1280 3159 1337 bis
3187 1292 3560 1350 quaecunque
3604 1276 3790 1331 dicere

2176 1381 2482 1450 Oportebat,
2540 1383 2938 1447 competentem
2995 1383 3367 1444 acceperunt,
3412 1380 3477 1424 ut
3518 1370 3785 1432 arbitror.

2178 1472 2340 1526 finem
2366 1510 2382 1535 ,
2410 1468 2707 1523 laudandus
2746 1476 2833 1522 est
2866 1466 3024 1521 nobis
3061 1465 3422 1536 maguirocus
3462 1471 3524 1517 ut
3562 1468 3786 1516 sanctus

2179 1570 2514 1626 sanctorum,
2538 1570 2593 1616 et
2622 1575 2716 1616 rex
2750 1559 3119 1631 regnantium,
3140 1567 3195 1612 et
3223 1571 3465 1626 regnans
3489 1556 3548 1609 in
3578 1553 3785 1615 secula,

2178 1663 2234 1708 et
2253 1668 2416 1724 super
2435 1651 2639 1716 secula,
2661 1660 2717 1705 et
2737 1649 2934 1712 adhuc,
2957 1654 3092 1704 etut
3115 1646 3378 1702 Dominus
3405 1644 3786 1707 dominorum,

2182 1744 2406 1800 ctDeus
2459 1744 2681 1799 deorum
2711 1749 2759 1795 ³.
2815 1741 2879 1797 Et
2906 1739 3142 1811 primum
3190 1738 3412 1809 quidem
3472 1735 3784 1797 dicendum,

489 1820 841 1880 clarationem
884 1823 1064 1881 liabet.
1111 1825 1231 1881 Non
1275 1826 1422 1881 enim
1467 1828 1766 1882 essent-iam
1808 1828 2077 1899 quandam

2184 1839 2319 1909 quid
2345 1852 2443 1907 per
2472 1837 2705 1908 seipsam
2734 1808 3080 1890 sanctitatem
3257 1830 3632 1893 arbitramur,
3661 1826 3788 1896 quid

489 1911 729 1968 divinam
779 1924 875 1970 aut
918 1917 1216 1987 angelicam
1264 1933 1385 1974 esse
1430 1919 1691 1985 dicimus,
1722 1934 1819 1989 per
1847 1918 2083 1988 seipsam

489 2007 722 2062 esseudo
755 2010 968 2064 essendi
1011 2024 1154 2079 quae
1193 2019 1318 2066 sunt
1362 2011 1543 2066 omnia
1591 2027 1843 2077 causam;
1882 2011 2085 2066 solum—

492 2096 659 2151 modo
683 2097 827 2152 enim
858 2098 1077 2153 essendi
1105 2101 1286 2155 omnia
1318 2116 1458 2171 quae
1495 2109 1642 2165 sunt,
1677 2109 1732 2156 et
1764 2100 1935 2171 ipsum
1962 2115 2084 2156 esse

492 2189 945 2258 superessentiale
972 2191 1330 2262 principium,
1370 2202 1429 2248 et
1453 2194 1773 2259 essentiam,
1805 2205 1857 2248 et
1887 2208 2079 2249 causa-

492 2279 655 2335 lem'.
700 2279 885 2352 Neque
928 2283 1072 2338 vitae
1113 2293 1394 2354 parentem
1424 2283 1585 2339 aliam
1616 2285 1897 2350 deitatem,
1926 2299 2083 2356 prae-

491 2381 577 2428 ter
602 2375 1009 2444 superdirinam
1059 2376 1300 2431 omnium
1349 2392 1704 2449 quaecunque
1751 2378 1979 2443 vivunt,
2029 2387 2085 2433 et

492 2464 675 2521 editae
704 2465 855 2521 vitae
877 2480 1100 2521 causam
1138 2466 1327 2522 vitam.
1375 2465 1564 2538 Neque
1610 2467 1950 2538 colligentem
2000 2467 2083 2523 di-

492 2557 725 2613 cendum
754 2558 1084 2630 principales
1114 2560 1461 2616 existentium
1490 2568 1543 2616 et
1571 2561 1865 2618 ereatrices
1889 2575 2081 2616 essen-

494 2650 602 2705 tias
632 2660 688 2705 et
730 2653 1065 2709 substantias
1087 2692 1102 2719 ,
1150 2669 1288 2725 quas
1317 2653 1537 2724 quidam
1569 2662 1624 2709 et
1669 2653 1800 2709 deos
1846 2653 2083 2708 existen-

495 2742 629 2798 tium
654 2750 709 2799 et
735 2752 1012 2801 creatures
1052 2754 1332 2816 promptos
1378 2745 1665 2801 confestim
1711 2742 2078 2815 perfecerunt,

491 2840 783 2905 quos'vere
808 2843 863 2891 et
889 2835 1105 2905 proprie
1132 2835 1441 2900 dicendum,
1474 2849 1649 2905 neque
1675 2834 1774 2905 ipsi
1806 2833 2077 2889 formave-

488 2918 621 2982 runt
650 2943 754 2983 non
784 2928 1111 2994 existentes,
1161 2943 1339 2999 neque
1381 2926 1563 2999 patres
1592 2940 1803 2983 eorum.
1824 2924 1955 2981 'Sed
1985 2928 2082 2996 per

494 3021 731 3090 seipsntn
758 3036 898 3086 esse,
925 3029 980 3076 et
1004 3036 1102 3090 per
1130 3021 1367 3090 seipsam
1396 3020 1585 3082 vitam,
1612 3027 1669 3074 et
1714 3033 1815 3088 per
1844 3016 2080 3087 seipsam

494 3113 755 3169 deitatem
802 3115 1030 3169 dicnnus
1059 3110 1436 3184 principaliter
1474 3110 1689 3182 quidem
1717 3117 1772 3165 et
1799 3107 2080 3163 deiformi-

499 3215 584 3261 ter
612 3213 664 3261 et
714 3204 1018 3261 'causaliter
1048 3169 1213 3260 unum
1238 3169 1507 3260 .0mnium.
1534 3198 1999 3273 superprincipale
2026 3206 2083 3254 et
2108 3169 2153 3232 Ο

495 3298 951 3369 superesscntiale
980 3298 1303 3371 principium
1332 3308 1387 3354 et
1413 3313 1657 3354 causam.
1686 3293 2084 3366 Participaliter

496 3401 678 3447 autem
723 3389 898 3448 editas
942 3406 1010 3446 ex
1076 3391 1184 3447 Deo
1247 3405 1354 3445 non
1421 3389 1785 3461 participante
1828 3385 2088 3457 providas

494 3483 727 3538 virtutes
751 3523 766 3549 ,
808 3497 907 3554 per
946 3482 1180 3553 seipsam
1227 3480 1622 3537 deiﬁcationem
1650 3520 1664 3544 ,
1710 3493 1807 3548 per
1847 3478 2081 3547 seipsam

496 3571 955 3638 viviﬁcationem,
1007 3587 1106 3643 per
1148 3572 1380 3642 seipsam
1445 3568 1897 3634 deiﬁcationem‘,
1948 3582 2090 3638 quas

498 3666 787 3724 existentia
834 3667 1052 3738 proprie
1092 3664 1445 3734 sibimetipsis
1481 3663 1830 3735 participant,
1880 3670 1936 3715 ct
1969 3661 2084 3716 exi-

499 3759 721 3826 stentia,
739 3770 794 3815 et
816 3748 1077 3823 viventia,
1095 3765 1149 3815 et
1174 3757 1375 3824 divina,
1403 3765 1459 3814 et
1486 3763 1634 3823 sunt,
1660 3764 1712 3811 et
1737 3755 2010 3815 dicuntttr,
2029 3762 2084 3809 et

498 3850 606 3908 alia
636 3850 903 3907 similiter.
954 3850 1187 3906 Proinde
1219 3856 1275 3904 ct
1315 3849 1610 3920 primarum
1656 3849 1895 3918 ipsarum
1938 3846 2080 3917 opti«

500 3958 624 4002 mus
642 3944 966 4000 substitutor
988 3943 1187 3998 dicitur
1213 3958 1356 4008 esse,
1379 3940 1572 3998 deinde
1597 3949 1828 3996 totarum
1873 3953 2082 4005 earum,

500 4032 698 4091 deinde
731 4033 1140 4106 particularium
1171 4033 1429 4105 ipsarum,
1462 4032 1657 4088 deinde
1687 4039 1921 4087 totarum
1943 4030 2087 4100 ipsa-

498 4128 627 4184 rum
654 4125 1153 4199 participationum,
1182 4123 1381 4178 deinde
1411 4121 1815 4195 particulariter
1846 4135 2035 4176 earum
2062 4120 2085 4152 '

498 4217 966 4292 participantium.
986 4216 1053 4273 Et
1075 4217 1203 4290 quid
1216 4225 1431 4288 oportet
1449 4216 1516 4272 de
1534 4215 1620 4271 his
1641 4214 1846 4280 dicere,
1870 4213 2091 4286 quando

503 4315 727 4387 quidam
779 4314 1086 4370 divinorum
1109 4320 1426 4368 nostrorum
1476 4324 1757 4368 sacrorum
1804 4310 2089 4382 magistro.

504 4397 646 4469 rum.
705 4415 759 4463 et
798 4420 896 4476 per
931 4405 1162 4476 seipsam
1203 4402 1467 4459 bonitatis
1508 4407 1578 4479 et
1626 4400 1853 4457 deitatis
1890 4397 2090 4455 substi-

2184 1946 2440 2002 regnum,
2472 1928 2599 2000 quid
2637 1924 3058 1981 dominationem
3089 1964 3104 1990 ,
3137 1921 3263 1993 quid
3291 1920 3652 1975 divinitatem
3677 1959 3694 1981 ,
3736 1926 3788 1972 et

2184 2023 2312 2093 quid
2348 2021 2538 2078 volunt
2573 2019 2854 2076 declarare
2886 2015 3101 2086 eloquia
3136 2012 3511 2084 duplicatione
3548 2010 3789 2065 existen-

2187 2116 2321 2172 tium
2352 2117 2403 2170 ι).
2433 2113 2708 2170 Sanctitas
2731 2111 2896 2182 igitur
2928 2116 3032 2175 cst,
3060 2116 3322 2179 quantum
3353 2103 3668 2160 secundum
3696 2115 3788 2155 nos

2183 2208 2488 2269 dicendum,
2518 2205 2665 2261 omni
2700 2203 3083 2274 inquiuatione‘
3103 2195 3274 2255 libera
3302 2207 3357 2254 et
3379 2196 3786 2268 perfectissima

2183 2309 2238 2355 et
2262 2295 2840 2355 ineontaminatissima
2865 2293 3092 2363 puritas.
3115 2291 3364 2362 Regnum
3389 2296 3585 2342 autem
3614 2285 3788 2342 omnis

2184 2394 2308 2450 linis
2336 2400 2389 2448 et
2417 2399 2642 2448 ornatus
2667 2398 2724 2446 et
2748 2388 2886 2461 legis
2912 2395 2969 2465 et
2995 2386 3204 2442 ordinis
3227 2384 3580 2439 distributio.
3610 2380 3788 2436 Domi-

2184 2497 2348 2542 natus
2373 2500 2505 2541 vero
2556 2498 2660 2538 non
2691 2480 3029 2538 subditorum
3062 2476 3387 2535 excellentia
3422 2484 3673 2534 tantum,
3698 2474 3789 2527 sed

2183 2585 2238 2632 et
2266 2575 2443 2631 omnis
2480 2583 2533 2629 et
2579 2573 2847 2628 bonorum
2898 2577 2955 2625 et
3004 2566 3334 2638 optimorum
3383 2562 3785 2636 perfectissima

2184 2677 2239 2724 et
2265 2666 2573 2724 omnimoda
2617 2662 2894 2736 possessio
2918 2703 2933 2729 ,
2967 2667 3021 2716 et
3046 2675 3176 2715 vera
3206 2666 3261 2714 et
3302 2654 3669 2711 immutabilis
3699 2654 3787 2708 lir-

2184 2761 2344 2816 mitas
2382 2777 2394 2812 :
2428 2766 2649 2829 propter
2680 2754 2823 2826 quod
2881 2762 2937 2810 et
2980 2751 3291 2809 dominatus
3342 2764 3374 2803 a
3429 2747 3692 2812 Domino,
3735 2754 3790 2799 et

2183 2848 2514 2907 dominabile
2540 2890 2554 2914 ,
2587 2859 2643 2904 et
2690 2844 2980 2902 dominari.
3020 2841 3209 2898 Deitas
3262 2855 3396 2894 vero
3440 2837 3630 2893 omnia
3665 2851 3790 2890 con-

2185 2942 2431 2997 siderans
2457 2939 2799 3010 providentia
2836 2944 2891 2991 et
2937 2933 3182 2991 bonitate
3220 2928 3495 3002 perfecta,
3521 2926 3787 3013 etxomnia

2184 3030 2634 3101 circumspiciens
2676 3037 2732 3084 et
2775 3027 3084 3091 continens,
3110 3031 3168 3078 et
3209 3037 3239 3077 a
3285 3021 3463 3091 seipsa
3494 3019 3717 3089 replens
3736 3026 3790 3070 et

2185 3136 2447 3193 superans
2479 3118 2659 3175 omnia
2713 3115 3056 3189 providentia
3087 3127 3184 3168 sua
3208 3111 3469 3167 fruentia.
3511 3108 3666 3164 Ilaec
3696 3107 3792 3175 igi-

2188 3222 2273 3268 tur
2294 3214 2472 3267 omnia
2494 3212 2545 3266 in
2567 3206 3017 3282 superexcellenti
3032 3218 3199 3262 causa
3223 3201 3473 3258 absolute
3489 3198 3786 3253 laudanda.

2186 3302 2253 3362 Et
2283 3304 2585 3360 addendum
2607 3343 2623 3369 ,
2678 3302 2793 3371 ipsa
2844 3296 3255 3369 supereminens
3299 3302 3383 3348 est
3415 3291 3711 3352 sanctitas,
3736 3296 3790 3342 et

2184 3398 2494 3454 dominatus
2517 3436 2531 3462 ,
2572 3402 2628 3450 et
2658 3407 2883 3464 regnum
2910 3431 2927 3457 ,
2959 3399 3015 3446 et
3055 3384 3549 3459 superincumbens
3573 3392 3632 3436 et
3660 3383 3791 3435 sim-

2183 3490 2479 3565 plicissima
2513 3487 2706 3543 deitas.
2738 3483 2955 3539 Etenim
2981 3497 3046 3539 ex
3071 3481 3187 3552 ipsa
3211 3479 3264 3533 in
3291 3492 3402 3531 uno
3430 3482 3486 3530 et
3510 3473 3790 3530 cumulate

2188 3585 2430 3650 nascitur
2460 3591 2516 3637 et
2541 3577 2891 3636 distribuitur
2920 3575 3098 3631 omnis
3128 3573 3276 3628 clara
3302 3567 3589 3640 diligentia
3621 3565 3788 3621 totius

2183 3683 2436 3745 uincet-ae
2461 3671 2740 3746 puritatis,
2768 3668 2946 3726 omnis
2973 3665 3326 3722 existentium
3347 3671 3406 3716 et
3431 3658 3714 3715 ordinatio
3734 3666 3790 3711 et

2183 3767 2468 3838 dispositio
2491 3806 2505 3829 ,
2532 3760 3021 3819 iuconveni‘entiam
3044 3766 3098 3812 et
3124 3753 3575 3824 inaequalitatem
3598 3759 3658 3806 et
3692 3750 3789 3803 im-

2188 3857 2707 3914 mensurabilitatem
2752 3850 3159 3910 exterminans,
3201 3856 3257 3902 et
3295 3847 3348 3900 in
3401 3845 3543 3899 bene
3569 3843 3791 3898 ordina-

2160 3956 2297 4003 ‘tam
2350 3945 2759 4003 similitudinem
2790 3949 2846 3997 et
2883 3939 3259 3995 rectitudinem
3313 3934 3712 4015 resplendens,
3738 3941 3791 3986 et

2188 4037 2603 4095 circumducens
2626 4033 2956 4105 participare
2983 4045 3044 4085 se
3071 4028 3232 4099 digne
3263 4024 3644 4081 factazomnis
3670 4037 3789 4091 pcr-

2168 4124 2372 4199 ‘fectio,
2414 4137 2469 4186 et
2502 4128 2745 4184 omnium
2799 4126 3065 4181 bonorum
3116 4120 3433 4178 omnimoda
3484 4114 3785 4188 possessio,

2188 4203 2368 4280 omnis
2417 4219 2619 4291 optima
2671 4213 3055 4286 contemplatio
3098 4221 3155 4267 et
3190 4206 3535 4267 continuatio
3577 4219 3789 4269 eorum,

2189 4328 2329 4384 quae
2354 4309 2572 4384 provisa
2615 4316 2763 4372 sunt,
2801 4306 3035 4376 seipsam
3059 4302 3324 4359 divinitus
3346 4298 3555 4356 addens
3577 4296 3647 4351 ad
3672 4294 3785 4351 dei-

2191 4405 2497 4464 licationem
2529 4397 2975 4459 desiderantium.
3007 4394 3278 4464 Quoniam
3324 4406 3455 4446 vero
3502 4387 3784 4459 superple-

502 4496 755 4552 tutricem
822 4496 974 4551 aiunt
1015 4494 1295 4566 plusquam
1355 4493 1615 4564 optimam
1699 4499 1754 4547 et
1802 4491 2083 4561 plusquam

2192 4497 2381 4556 nitudo
2433 4494 2675 4551 omnium
2732 4497 2819 4546 est
2867 4487 3112 4544 omnium
3171 4481 3440 4547 causalis,
3487 4479 3785 4535 secundum

460 4653 473 4675 ι
501 4586 742 4644 divinam
788 4602 887 4658 per
915 4586 1144 4659 seipsam
1175 4586 1473 4642 bonitatem
1509 4578 1565 4640 et
1602 4583 1936 4641 divinitatem
1956 4624 1971 4650 ,
2004 4582 2086 4639 di-

499 4688 690 4737 centes
717 4694 837 4736 esse
864 4678 1161 4735 beneﬁcam
1189 4684 1245 4734 et
1273 4676 1520 4734 deiﬁ’cam
1551 4691 1616 4732 ex
1654 4676 1764 4731 Deo
1790 4676 2084 4745 procedeno

499 4772 609 4829 tem
632 4771 999 4837 donationem,
1016 4782 1071 4828 et
1096 4787 1192 4843 per
1210 4771 1443 4842 seipsam
1468 4769 1830 4843 formam,per
1853 4768 2083 4839 seipsam

499 4863 823 4920 formilicam
865 4862 1157 4924 fusionem,
1193 4858 1255 4917 οῖ
1272 4842 1733 4927 ῑόἶᾞῆῖῖὅῆτῖιιη,
1762 4866 1818 4916 et
1846 4856 2084 4933 particu-

499 4956 670 5012 larcm
701 4954 956 5021 formam,
985 4962 1041 5010 et
1066 4953 1449 5009 universaliter
1475 4953 1637 5019 bona,
1664 4960 1718 5006 et
1746 4950 2086 5023 particulati-

501 5057 586 5104 ter
610 5047 750 5104 bona
780 5047 803 5083 ⁸
833 5062 848 5103 :
881 5055 936 5104 et
964 5061 1318 5117 quaecunque
1354 5046 1458 5101 alia
1512 5045 1806 5101 secundum
1853 5044 2084 5099 eundem

497 5137 645 5197 dicta
696 5147 822 5196 sunt
866 5147 922 5195 et
968 5137 1217 5194 dicentur
1267 5136 1505 5202 modum,
1550 5134 1879 5192 declarantia
1907 5128 2091 5207 provi-

2192 4603 2355 4645 unam
2383 4585 2565 4642 omnia
2595 4587 2953 4653 superantem
2968 4573 3369 4638 excellentiam,
3401 4577 3630 4627 sanctus
3659 4581 3785 4623 sau-

2189 4688 2399 4736 ctorum
2430 4673 2702 4739 laudatur,
2742 4678 2797 4726 et
2835 4676 3038 4733 cetera,
3070 4664 3367 4721 secundum
3395 4670 3788 4731 supermanau—

2192 4779 2300 4826 tem
2331 4768 2354 4802 "
2388 4780 2609 4823 causam
2650 4771 2706 4818 et
2738 4759 3037 4816 exaltatam
3070 4751 3584 4827 supereminentiam
3613 4766 3630 4802 :
3671 4756 3789 4802 tau-

2193 4876 2354 4934 quam
2382 4859 2427 4915 si
2451 4857 2571 4928 quis
2598 4852 2795 4911 dixerit
2824 4868 2840 4906 :
2872 4848 3146 4918 Quantum
3174 4851 3399 4917 superat
3422 4857 3532 4898 non
3550 4840 3788 4934 existet).

2196 4928 2338 5010 tibus
2385 4946 2676 5006 existentia
2718 4951 2924 5005 sancta,
2969 4939 3172 5002 divina,
3223 4935 3480 4997 domina,
3536 4928 3739 5001 regalis
3769 4967 3786 4990 ,

2192 5058 2248 5103 et
2276 5046 2387 5116 ipsa
2421 5037 2796 5114 participantia
2825 5036 2853 5100 ,μ’
2888 5034 3038 5105 ipsae
3067 5045 3169 5107 per
3203 5043 3261 5084 se
3303 5022 3783 5116 participationcsf

2194 5106 2908 5202 tanium-supercollocatur
2956 5106 3210 5178 omnibus
3256 5113 3626 5174 existentibus
3649 5150 3671 5175 ,
3697 5106 3787 5178 qui

1802 5291 2057 5348 VABIAE
2090 5284 2497 5349 LECTIONES.

524 5424 527 5425 ν
574 5432 589 5463 ⁸
630 5430 718 5486 Bll
750 5400 1009 5485 causulas.

1098 5437 1118 5470 ²
1155 5445 1219 5483 cx
1263 5426 1371 5482 Deo
1393 5425 1634 5496 primitus
1658 5423 1984 5496 substituisse
2012 5438 2121 5478 om.
2152 5418 2265 5476 BH.

2362 5419 2383 5451 ³
2404 5416 2495 5474 ΛΕ
2521 5411 2752 5470 consule.
2830 5415 2854 5447 ι
2887 5423 2977 5479 per
3000 5406 3223 5479 seipsam
3249 5401 3678 5479 viviﬁcatiom,
3699 5411 3788 5479 ξεν

499 5466 721 5570 “ips-uni
750 5466 1137 5570 Hei/ignotarum
1155 5466 1489 5555 otium?
1532 5466 1582 5528 "
1599 5466 2163 5565 participati‘ovnn‘mu—
2192 5466 2372 5546 carum
2403 5466 2513 5544 om.
2540 5485 2696 5541 codd.
2774 5480 2803 5514 ι
2829 5466 3295 5550 αι’ρανιὶεὶιιαήιον
3317 5466 3452 5529 bona
3480 5486 3601 5527 om.
3628 5466 3784 5524 aadd.

500 5574 521 5605 '
538 5572 646 5629 'Ell
670 5582 1139 5643 supermunenmm.

1918 5726 1921 5727 ν
2006 5655 2267 5715 NOTAE.

576 5791 608 5823 ι·
642 5780 772 5836 Dan.
808 5777 897 5847 1X;
928 5778 1091 5850 Apoc.
1124 5777 1262 5834 XIX.

2264 5772 2293 5811 ι’
2332 5767 2574 5833 DanJV;
2603 5764 2722 5821 Ιδ.ιί.
2743 5761 2834 5830 1Χ;
2860 5761 3022 5818 Mich.
3045 5738 3400 5828 Vﬂa‘chX;
3424 5757 3592 5829 Apoc.
3625 5751 3789 5810 xm
