4004 6290
179 336 317 393 “73

838 337 1084 396 VERSIO
1123 339 1409 396 OPERUM
1451 341 1508 396 S.
1551 339 1872 398 DIONYSII.
1907 369 1978 382 —
2015 340 2314 397 MYSTICA
2352 340 2762 398 TllEOl.OGlA.

3304 339 3439 398 ΠΗ

175 454 401 510 duribus
435 454 910 526 superimplentem
943 455 1240 511 invisibiles
1268 455 1595 512 intellectus.
1628 455 1755 510 Mihi
1783 457 1834 515 Α
1863 455 2063 511 tatibus
2085 455 2700 524 sanctissimorum'cjus
2720 456 2960 511 locorum
2989 457 3436 526 supergrediens':

175 545 392 613 quidem
429 546 562 599 haec
589 553 734 614 opto.
779 543 858 599 Tu
905 553 1118 610 autem,
1167 562 1200 601 o
1239 546 1412 602 amice
1454 547 1758 609 Timotheo,

174 635 324 688 circa
363 634 622 704 mysticas
663 635 1060 704 speculationes
1099 637 1454 692 corroborato
1495 637 1685 692 itinere
1707 644 1762 690 et

174 738 370 780 sensus
393 725 598 789 desere,
633 734 688 780 et
717 725 1112 783 intellectuales
1137 730 1500 798 operationes,
1539 739 1593 784 et
1632 743 1759 784 seu-

173 813 377 878 sibilia,
409 822 463 870 et
498 815 813 880 invisibilia,
839 826 894 872 et
917 832 1078 872 omne
1109 835 1212 873 non
1237 835 1356 884 ens,
1385 828 1438 874 et
1461 835 1590 885 ens;
1618 827 1674 873 et
1693 818 1761 873 ad

174 903 462 971 unitatem,
509 913 569 960 ut
593 906 866 976 possibile,
902 907 1107 964 inscius
1137 910 1420 966 restituere
1450 910 1640 980 ipsius,
1670 910 1760 980 qui

174 1006 259 1052 est
282 1013 447 1068 super
471 1014 686 1055 omnem
724 1001 1016 1056 essentiam
1055 1010 1110 1057 et
1147 1003 1449 1058 scientiam.
1494 1003 1571 1058 Ea
1617 1003 1761 1057 enim

177 1086 350 1157 teipse
398 1097 454 1144 et
491 1090 743 1146 omnibus
781 1091 1206 1148 immensurabili
1244 1101 1299 1148 et
1343 1092 1590 1148 absoluto
1633 1107 1764 1162 pure

177 1177 377 1232 mentis
415 1193 644 1235 excessu
684 1180 752 1235 ad
792 1182 1301 1250 superessentialem
1350 1182 1656 1237 divinarum
1687 1191 1768 1237 te-

177 1269 468 1325 nebrarum
505 1273 735 1338 radium,
775 1275 957 1329 omnia
991 1277 1249 1331 deserens
1284 1284 1341 1330 et
1391 1275 1459 1329 ab
1511 1275 1765 1331 omnibus

176 1359 456 1416 absolutus
477 1362 757 1417 ascendes.
783 1363 879 1419 His
900 1373 1104 1432 autem,
1134 1365 1280 1428 vide,
1310 1365 1580 1434 quomodo
1610 1380 1766 1421 nemo

176 1451 517 1509 indoctorum
557 1457 841 1514 auscultet.
879 1458 1126 1515 ludoctos
1168 1467 1348 1514 autem
1385 1461 1536 1526 dico,
1575 1460 1626 1514 in
1658 1461 1765 1525 bis,

177 1561 320 1616 quae
346 1556 488 1610 sunt,
525 1549 914 1618 conformatos,
959 1560 1014 1606 et
1052 1553 1185 1607 nihil
1219 1568 1383 1622 super
1423 1554 1438 1584 ¹
1476 1552 1766 1608 existentia

177 1639 711 1707 superessentialiter
742 1657 862 1698 esse
897 1643 1273 1715 imaginantes.
1305 1642 1410 1699 Sed
1444 1643 1529 1698 his
1551 1643 1766 1712 quidem

180 1728 259 1792 hi,
304 1739 441 1798 Quos
496 1731 680 1786 videre
729 1747 826 1796 ea,
885 1749 1023 1804 quae
1075 1735 1368 1789 secundum
1409 1735 1618 1803 scipsos
1660 1741 1767 1795 est,

1863 555 1918 600 et
1945 547 2086 615 quod
2121 546 2250 616 ipsis
2275 545 2572 601 absolvitur
2600 546 2908 602 vlsibilibns'
2940 556 2997 603 et
3035 545 3364 608 videntibus,
3386 555 3442 601 et

1863 640 1917 694 in
1949 639 2232 710 caliginem
2261 639 2598 708 ignorantiae
2620 639 2816 693 Occidit
2840 653 2969 694 vere
3011 639 3324 710 mysticam,
3345 653 3443 707 per

1864 745 2027 800 quam
2079 727 2240 784 docet
2279 743 2470 783 omnes
2521 728 2798 798 gnosticas
2847 734 3202 797 receptiones,
3250 728 3305 782 in
3337 742 3443 796 qua

1864 834 2026 874 omne
2063 819 2286 884 relucet,
2315 826 2372 873 et
2401 817 2651 874 invisibili
2678 817 2978 873 innascitur
3004 817 3204 881 omnis,
3231 816 3320 886 qui
3362 824 3446 870 est

1868 909 1920 964 in
1947 911 2187 965 omnium
2217 909 2551 972 summitate,
2604 917 2662 962 et
2692 923 2723 962 a
2751 907 2921 972 nullo,
2951 921 3126 976 neque
3166 920 3197 960 a
3240 900 3444 974 seipso,

1866 1016 2040 1070 neque
2090 1000 2283 1064 altero,
2327 998 2548 1054 omnino
2589 1006 2770 1052 autem
2822 998 3008 1068 ignoto
3069 996 3218 1051 omni
3265 995 3446 1050 scien-

1870 1093 1939 1146 tia
1996 1093 2050 1146 in
2093 1094 2205 1147 otio
2236 1106 2332 1161 per
2377 1091 2430 1146 id
2472 1089 2616 1160 quod
2645 1089 2836 1144 melius
2884 1097 2969 1145 est
3016 1087 3341 1152 intellectus,
3393 1093 3451 1141 et

1867 1183 2000 1238 nihil
2027 1181 2458 1255 cognoscendum
2501 1194 2664 1250 super
2707 1180 2951 1234 animum
2997 1179 3077 1234 sic
3121 1189 3450 1247 cognoscen—

1870 1277 2000 1333 tium
2023 1279 2063 1331 ‘.

2411 1343 2809 1401 CAPITULUM
2847 1342 2909 1398 ll.

1873 1463 2147 1531 Quomodo
2191 1475 2390 1533 oportet
2419 1469 2469 1533 et
2494 1459 2635 1533 uniri
2663 1468 2712 1512 et
2753 1458 2972 1527 hymnos
2984 1452 3190 1533 _referre
3216 1451 3454 1507 omnium

2267 1531 2471 1586 causali
2507 1532 2529 1562 ⁸
2567 1540 2616 1585 et
2653 1526 2811 1598 super
2852 1526 3049 1580 omnia.
3451 1539 3458 1578 ξ

1942 1648 2102 1703 Juxta
2127 1647 2268 1702 hanc
2293 1662 2391 1701 nos
2419 1646 2534 1700 fieri
2557 1643 2992 1714 superlucentem
3022 1652 3244 1694 oramus
3269 1633 3456 1706 caligi-

1873 1750 2018 1805 nem,
2050 1749 2104 1794 et
2143 1755 2240 1810 per
2269 1737 2694 1794 invisibilitatem
2721 1745 2778 1790 et
2806 1733 3164 1806 ignorantiam
3186 1728 3373 1784 videre
3401 1736 3460 1782 et

181 1819 411 1874 scientia
441 1829 653 1891 Oportet
703 1824 954 1879 tenebras
995 1823 1273 1878 latibulum
1311 1824 1447 1894 ejus.
1490 1824 1547 1878 Si
1587 1832 1764 1878 autem
1801 1804 1842 1864 Β
1869 1804 2198 1904 cognoscere
2227 1830 2402 1899 ipsum
2420 1843 2584 1898 super
2605 1828 2772 1883 Deum
2794 1804 2849 1881 et
2875 1824 3178 1881 scientiam.
3205 1819 3321 1875 lloc
3346 1831 3454 1872 non

180 1925 346 1981 super
383 1911 482 1967 hos
529 1913 890 1970 suntdivinae
932 1915 985 1970 in
1021 1916 1280 1986 mysteria
1321 1914 1764 1978 introductiones,

183 2002 314 2073 quid
367 2005 489 2074 quis
541 2000 740 2061 dixerit
785 2008 852 2063 de
897 2007 1021 2063 aliis
1062 2008 1374 2064 ardentibus
1402 2049 1416 2072 ,
1464 2009 1773 2079 quicunque

185 2094 441 2150 omnibus
481 2097 877 2168 superpositam
905 2113 1124 2155 causam
1151 2114 1219 2154 ex
1247 2100 1379 2170 ipsis
1409 2101 1462 2154 in
1489 2101 1605 2166 his,
1632 2113 1774 2169 quae

189 2197 338 2255 sunt,
367 2191 676 2247 novissimis
705 2193 1162 2254 characterizant,
1194 2202 1248 2248 et
1294 2193 1426 2249 nihil
1457 2208 1576 2248 eam
1608 2208 1772 2262 supe-

190 2296 314 2337 rare
340 2280 492 2336 aiunt
523 2283 591 2337 ab
614 2282 746 2354 ipsis
770 2282 1018 2339 [letarum
1054 2283 1390 2354 impietatum
1423 2293 1478 2340 et
1511 2283 1774 2339 multifor-

192 2372 358 2425 mium
401 2371 831 2428 formationum?
857 2373 916 2429 ln
939 2374 1053 2444 ipsa
1081 2375 1244 2430 etiam
1274 2383 1485 2444 oportet
1533 2388 1722 2429 omnes
1753 2375 1774 2404 ²

189 2464 538 2520 existentium
588 2479 790 2536 ponere
828 2473 884 2520 et
930 2465 1202 2521 aliirmare
1247 2465 1566 2536 positiones,
1611 2464 1776 2518 veluti

187 2557 430 2611 omnium
472 2573 657 2624 causa,
688 2567 743 2614 et
759 2573 946 2614 omnes
977 2573 1070 2614 eas
1095 2559 1368 2630 potentius
1400 2572 1620 2628 negare,
1653 2565 1776 2612 tan-

191 2663 356 2718 quam
382 2664 546 2718 super
578 2649 759 2704 omnia
801 2649 1256 2720 superexistente,
1283 2657 1338 2704 et
1369 2665 1471 2703 non
1501 2648 1777 2703 aestimari

191 2739 537 2809 depulsiones
561 2741 838 2812 oppositas
873 2757 994 2798 esse
1024 2741 1441 2806 intentionibus,
1491 2741 1584 2796 sed
1611 2739 1781 2796 multo

194 2834 350 2902 prius
389 2833 559 2904 ipsam
606 2851 768 2905 super
808 2836 1140 2907 privationes
1166 2850 1312 2900 esse,
1343 2849 1484 2905 quae
1512 2842 1595 2890 est
1634 2833 1654 2864 ³
1693 2849 1782 2887 su-

194 2938 295 2993 per
318 2938 529 2979 omnem
558 2924 881 2981 ablationem
903 2933 958 2980 et
981 2925 1321 2996 positionem.
1345 2924 1437 2980 Sic
1461 2924 1624 2995 igitur
1649 2922 1782 2979 divi-

197 3030 300 3068 nus
329 3013 769 3072 Bartholomaeus
801 3015 897 3081 ait,
921 3023 977 3071 et
1018 3015 1239 3070 multam
1285 3004 1782 3085 theologiam'esse,

197 3111 254 3157 et
298 3103 602 3169 minimam,
640 3112 693 3159 et
730 3105 1068 3175 evangelium
1116 3105 1310 3170 latum,
1336 3112 1391 3160 et
1415 3119 1690 3174 magnum,
1731 3110 1786 3158 et
1816 3152 1854 3175 η

197 3191 396 3247 iterum
454 3204 783 3264 correptum.
855 3194 982 3249 Mihi
1022 3194 1237 3250 videtur
1296 3194 1784 3265 supernaturaliter

199 3282 523 3353 intelligens,
555 3285 680 3355 quia
728 3293 782 3340 et
817 3284 1131 3356 multiloqua
1178 3293 1262 3340 est
1308 3285 1514 3354 optima
1541 3283 1784 3338 omnium

198 3392 389 3443 causa,
413 3387 468 3433 et
486 3378 802 3448 breviloqua
827 3378 1009 3442 simul,
1035 3387 1091 3433 et
1123 3378 1240 3434 sine
1279 3378 1466 3442 verbo,
1517 3375 1788 3447 quomodo

203 3486 380 3540 neque
435 3471 696 3536 verbum,
762 3487 937 3542 neque
1003 3472 1415 3543 intelligentiam
1476 3472 1680 3536 habet,
1725 3485 1790 3525 eo

203 3564 348 3632 quod
397 3562 649 3617 omnibus
695 3563 810 3633 ipsa
869 3562 1392 3632 superessentialiler
1451 3562 1790 3632 superposita

203 3662 308 3717 est,
335 3661 389 3707 et
410 3651 538 3707 solis
561 3652 1001 3707 incircumvelate
1025 3661 1080 3706 ct
1101 3668 1228 3708 vere
1253 3651 1556 3714 manifesta,
1591 3652 1789 3720 polluta

204 3742 388 3796 omnia
411 3749 466 3796 et
494 3741 768 3796 imnmnda
799 3739 1335 3810 transgredientibus.
1357 3748 1412 3794 et
1434 3755 1650 3795 omnem
1673 3755 1790 3794 om-

207 3836 355 3888 nium
379 3842 688 3889 sanctarum
719 3833 1092 3889 summitatum
1129 3833 1505 3888 ascensionem
1543 3846 1792 3902 superas-

208 3923 588 3987 cendeutibus,
623 3932 677 3978 et
711 3924 892 3978 omnia
937 3923 1116 3977 divina
1160 3923 1362 3977 lumina
1417 3931 1472 3977 el
1525 3937 1686 3979 sonos
1743 3931 1797 3977 et

210 4016 375 4070 verba
418 4015 675 4070 caelestia
724 4015 1128 4086 superantibus,
1155 4015 1286 4069 etin
1312 4013 1595 4084 caliginem
1649 4013 1795 4068 occi-

211 4108 482 4172 dentibus,
538 4109 629 4162 ubi
681 4124 805 4163 vere
826 4116 931 4173 est,
973 4117 1030 4162 ut
1084 4107 1294 4178 eloquia
1335 4107 1509 4171 aiunt,
1554 4108 1796 4161 muniqu

212 4200 516 4255 summitas.
570 4199 780 4253 Etenim
851 4215 956 4254 non
1020 4199 1337 4268 simpliciter
1403 4198 1614 4252 divinus
1687 4198 1800 4266 ipse

213 4295 428 4366 Moyses
457 4296 669 4366 primus
697 4295 945 4350 mundari
991 4294 1235 4365 jubetur,
1281 4302 1335 4350 et
1378 4294 1571 4348 iterum
1601 4292 1798 4356 abhis,

212 4387 307 4456 qui
342 4387 477 4441 tales
510 4402 613 4440 non
646 4394 793 4448 sunt,
821 4384 1114 4455 segregari,
1143 4392 1199 4439 et
1219 4391 1339 4454 post
1367 4397 1582 4438 omnem
1607 4397 1801 4452 purga-

215 4479 418 4532 tionem
468 4477 617 4531 audit
664 4476 984 4548 mnltivocas
1015 4476 1190 4542 tubas,
1228 4483 1284 4528 et
1330 4473 1477 4528 videt
1516 4472 1800 4527 luminaria

219 4567 389 4621 multa
431 4579 618 4637 aperte
669 4565 1018 4637 fulgurantia,
1050 4575 1105 4620 et
1129 4565 1351 4620 multum
1397 4565 1544 4620 fusos
1598 4565 1798 4620 radios.

219 4659 426 4714 Deinde
472 4658 654 4713 multis
701 4667 1030 4730 segregatur,
1072 4666 1128 4714 et
1159 4673 1278 4712 cum
1320 4657 1506 4713 electis
1553 4657 1802 4712 sacerdo-

215 4750 364 4806 tibus
390 4750 441 4804 in
477 4750 839 4804 summitatem
881 4749 1184 4803 divinarum
1229 4748 1605 4802 ascensionum
1642 4762 1801 4815 praev

217 4842 433 4898 currit:
468 4849 524 4897 et
565 4842 610 4896 si
654 4842 733 4897 eis
776 4841 854 4895 sic
896 4839 1237 4893 manentibus
1285 4836 1343 4892 lit
1384 4838 1515 4898 Deo.
1568 4845 1806 4892 contem-

220 4934 402 5002 platur
445 4949 574 4989 vero
621 4949 726 4989 non
776 4933 969 5003 ipsum,
1007 4931 1292 4985 invisibilis
1316 4930 1478 4994 enim,
1505 4930 1598 4984 sed
1627 4929 1804 4984 locum

223 5027 314 5082 ubi
347 5027 515 5082 stetit.
540 5027 653 5082 l'loc
679 5036 857 5082 autem
885 5025 1120 5081 arbitror
1141 5023 1446 5096 significare
1473 5023 1806 5078 div-inissima

222 5125 281 5172 et
308 5118 689 5175 sublimissima
723 5119 1012 5173 visibilium
1039 5127 1094 5170 et
1123 5115 1558 5184 intelligibilium,
1588 5115 1817 5186 ypothe-

227 5210 366 5266 ticos
403 5214 662 5282 quosdam
711 5228 830 5267 esse
879 5225 1178 5275 sermones.
1225 5209 1585 5277 subiectorum
1632 5208 1810 5262 omnia

229 5305 506 5372 superanti
535 5345 550 5366 ,
599 5319 696 5374 per
741 5319 880 5374 quae
923 5318 1086 5372 super
1131 5315 1347 5355 omnem
1403 5299 1812 5367 intelligentiam

232 5393 400 5463 ipsius
422 5396 724 5466 praesentia
765 5394 1092 5459 ostenditur,
1135 5387 1556 5460 intclligihilibus
1585 5387 1811 5443 summi-

1868 1924 2054 1980 videre
2084 1932 2140 1978 et
2179 1923 2342 1986 scire,
2382 1921 2614 1988 idipsum
2663 1928 2746 1975 est
2783 1932 2914 1973 vere
2943 1914 3130 1969 videre
3163 1920 3220 1968 et
3256 1907 3456 1980 cegno-

1871 2026 2044 2076 scere,
2093 2008 2598 2080 superessentialem
2656 2001 3183 2076 superessentialiter
3233 1999 3460 2054 laudare

1874 2117 1971 2173 per
1997 2102 2234 2157 omnium
2262 2100 2610 2155 existentium
2653 2097 3000 2158 ablationem,
3030 2093 3168 2148 sicut
3194 2106 3293 2161 per
3317 2088 3460 2156 seip-

1874 2213 1993 2253 sum
2030 2194 2293 2251 naturale
2325 2193 2532 2265 agalma
2587 2192 2864 2254 facientes,
2899 2187 3155 2243 auferunt
3204 2199 3289 2249 ea,
3321 2195 3461 2251 quae

1876 2289 2250 2362 superadjecta
2290 2297 2436 2354 sunt,
2473 2301 2605 2358 pura
2631 2284 2830 2342 occulti
2865 2282 3073 2337 visione
3123 2277 3144 2312 ⁶
3192 2273 3460 2362 vetantia.

1876 2361 2132 2453 etipsam
2172 2382 2224 2435 in
2264 2379 2438 2450 seipsa
2473 2379 2495 2414 τ
2527 2377 2799 2433 ablatione
2851 2373 2963 2430 sola
2994 2369 3261 2426 occultam
3291 2361 3463 2419 mani-

1878 2477 2080 2534 festant
2129 2477 2379 2530 formam.
2413 2471 2640 2543 Oportet
2677 2475 2878 2530 autem,
2923 2471 2980 2519 ut
3013 2462 3271 2524 arbitror,
3310 2455 3462 2512 abla-

1879 2571 2056 2624 tiones
2097 2568 2151 2622 in
2187 2565 2518 2622 contrarium
2567 2558 2926 2632 positionibus
2975 2554 3214 2608 laudare.
3249 2546 3464 2604 Etenim

1882 2661 2002 2716 illas
2045 2659 2262 2728 quidem
2309 2671 2338 2710 a
2387 2650 2872 2724 praestantissimis
2907 2647 3244 2706 inchoantes,
3283 2648 3338 2696 et
3371 2655 3468 2708 per

1881 2753 2058 2808 media
2085 2752 2138 2806 in
2167 2749 2456 2806 novissima
2505 2743 2916 2814 descendentes,
2958 2737 3298 2808 opponimus.
3329 2732 3466 2787 Hinc

1883 2859 2010 2900 vero
2050 2859 2078 2898 a
2113 2841 2420 2897 novissimis
2468 2837 2534 2892 ad
2587 2831 3067 2906 principalissimas
3122 2825 3469 2882 ascensiones

1886 2934 2168 2996 facientes,
2219 2930 2399 2985 omnia
2439 2927 2756 2990 auferimus,
2801 2931 2861 2978 ut
2915 2916 3355 2976 incircnmvelate
3379 2928 3472 2968 co-

1886 3039 2208 3097 gnoscamus
2233 3022 2376 3076 illam
2402 3019 2788 3092 ignorantiam,
2813 3016 2881 3070 ab
2901 3012 3151 3069 omnibus
3174 3007 3472 3088 ignoranti—

1888 3117 1987 3171 bus
2015 3115 2066 3168 in
2090 3112 2340 3168 omnibus
2365 3108 2720 3166 existentibus
2753 3101 3198 3162 circnmvelatam
3220 3100 3265 3163 ³,
3306 3106 3362 3151 et
3382 3111 3472 3150 sn-

1886 3203 2327 3276 peresseutialem
2361 3202 2506 3256 illam
2534 3201 2812 3256 videamus
2831 3196 3141 3270 caliginem,
3161 3196 3228 3252 ab
3249 3193 3396 3251 omni
3418 3191 3472 3246 in

1886 3297 2244 3355 existentibus
2267 3296 2386 3351 luce
2413 3294 2762 3351 occultatam.

2415 3404 2816 3464 CAPITL‘LUM
2856 3402 2945 3460 Ill.

1893 3529 2041 3596 Quae
2081 3534 2202 3582 sunt
2236 3523 2578 3597 καταφατικαὶ
2631 3518 2942 3588 theologiae,
2970 3529 3104 3586 quae
3147 3511 3474 3583 ἆποφατικαε.

1963 3643 2020 3697 1η
2067 3638 2385 3709 theologicis
2431 3636 2597 3706 igitur
2647 3631 3057 3689 characteribus
3100 3624 3476 3698 potentissima

1894 3734 2250 3791 alIirmativae
2277 3727 2577 3797 theologiae
2613 3725 2970 3789 laudavimus,
3002 3719 3272 3793 quomodo
3297 3717 3479 3772 divina

1896 3835 1952 3881 et
1979 3824 2185 3894 optima
2226 3830 2415 3874 natura
2439 3817 2597 3872 unica
2622 3817 2821 3871 dicitur
2853 3818 2897 3880 θ,
2927 3812 3200 3883 quomodo
3231 3808 3479 3871 triadica,

1897 3934 2036 3989 quae
2081 3913 2375 3974 secundmn
2411 3912 2580 3979 ipsam
2610 3908 2752 3963 dicta
2776 3914 2832 3962 et
2875 3905 3195 3976 paternitas,
3223 3910 3278 3956 et
3306 3899 3483 3954 ﬁlioli-

1905 4019 2012 4073 tas,
2071 4005 2200 4078 quid
2231 4003 2346 4059 vult
2389 4001 2668 4056 declarare
2696 3999 2749 4053 in
2782 3997 2972 4067 spiritu
3025 3993 3316 4062 theologia,
3349 4005 3482 4060 quo-

1902 4103 2065 4159 modo
2103 4116 2168 4154 ex
2197 4093 2540 4154 immateriali
2564 4099 2619 4148 et
2657 4089 2967 4161 impartibili
2999 4088 3202 4158 optimo
3233 4085 3287 4139 in
3317 4082 3486 4139 corde

1902 4191 2161 4248 bonitatis
2182 4187 2482 4260 germinata
2515 4193 2641 4240 sunt
2665 4181 2866 4236 lumina
2888 4222 2901 4243 ,
2933 4191 2987 4234 et
3020 4177 3288 4250 quomodo
3315 4174 3486 4245 ipsius

1907 4287 1958 4340 in
1988 4285 2103 4354 ipso
2149 4290 2203 4338 et
2236 4281 2289 4335 in
2321 4277 2516 4348 seipsis
2553 4284 2607 4330 et
2635 4275 2777 4330 inter
2801 4288 2860 4328 se
2902 4271 3130 4326 invicem
3162 4277 3488 4324 coaeternae

1907 4375 1962 4428 in
2007 4369 2401 4445 germinatione
2450 4365 2748 4420 mansionis
2808 4368 3165 4416 servaverunt
3232 4357 3486 4416 reditum,

1908 4461 2179 4535 quomodo
2205 4454 2677 4530 superessentialis
2696 4451 2855 4508 Jesus
2881 4448 3134 4506 humanis
3153 4445 3489 4502 naturalibus

1835 4521 1880 4580 υ
1909 4521 2245 4626 ιῖεξιήιειιὶιιιιει
2272 4521 2513 4604 essentia
2545 4547 2721 4600 factus
2754 4550 2858 4604 est,
2901 4550 2954 4595 et
2991 4552 3346 4609 quaecunque
3385 4533 3488 4588 alia

1909 4647 1976 4702 ab
2026 4643 2254 4714 eloquiis
2297 4653 2556 4710 expressa
2625 4644 2752 4691 sunt
2811 4634 3107 4688 secundum
3162 4628 3492 4698 lheologicos

1909 4740 2276 4795 characteres.
2318 4731 2372 4786 lu
2412 4745 2478 4786 eo
2517 4737 2695 4782 autem
2722 4724 2919 4795 quiest
2945 4721 3012 4776 de
3040 4720 3238 4775 divinis
3264 4717 3492 4772 nomini-

1913 4831 2036 4894 bus,
2092 4824 2363 4896 qnomodo
2413 4819 2650 4888 optimus
2699 4815 3028 4877 nominatur,
3077 4810 3347 4882 quomodo
3402 4809 3490 4870 ὧν,

1912 4921 2184 4994 quomodo
2208 4919 2336 4979 vita,
2361 4925 2415 4970 et
2441 4913 2732 4984 sapientia,
2758 4919 2812 4964 et
2839 4909 3029 4971 virtus,
3050 4909 3112 4962 et
3139 4917 3494 4974 quaecunque

1915 5018 2017 5071 alia
2043 5010 2392 5081 intelligibilis
2419 5014 2542 5061 sunt
2573 5005 2786 5060 divinae
2814 4997 3218 5056 nominationis.
3269 4994 3322 5049 lu
3351 5009 3493 5064 sym-

1915 5109 2086 5164 bolica
2111 5120 2237 5159 vero
2279 5100 2569 5170 theologia,
2597 5112 2734 5166 quae
2758 5096 2866 5151 sint
2907 5109 2936 5146 a
2964 5089 3307 5146 scnsibilibus
3329 5087 3382 5140 in
3414 5085 3496 5139 di-

1915 5202 2038 5254 vina
2065 5187 2635 5255 transnominationes,
2652 5203 2794 5259 quae
2809 5186 3024 5241 divinae
3039 5183 3082 5214 ¹⁰
3101 5182 3327 5243 formae,
3353 5193 3494 5266 quae

1915 5291 2132 5344 divinae
2156 5287 2379 5357 figurae,
2411 5291 2464 5338 et
2491 5290 2694 5352 partes,
2722 5288 2777 5332 et
2819 5287 3046 5344 organa,
3081 5271 3172 5341 qui
3197 5267 3362 5323 divini
3387 5266 3492 5334 loci

1918 5379 2197 5446 etmundi,
2221 5377 2311 5449 qui
2337 5375 2563 5440 furores,
2587 5387 2726 5443 quae
2741 5367 2991 5424 tristitiae
3017 5373 3072 5419 ct
3103 5360 3336 5424 maniac,
3359 5370 3498 5428 quae

1513 5541 1770 5596 VAlllAE
1810 5537 2215 5598 LECTIONES.

311 5700 323 5728 ¹
354 5697 440 5751 BE
468 5715 642 5767 supra
699 5699 718 5727 ’
749 5696 811 5750 A'
850 5696 987 5748 enim
1017 5694 1515 5767 oportel__omnium._
1574 5691 1598 5723 ³
1624 5691 1709 5744 Bll
1733 5709 1859 5767 esse.
1889 5763 1897 5767 Α
1939 5691 1959 5722 ³
2149 5684 2581 5767 cognoscendum“.
2604 5683 2688 5767 m”.
2709 5680 2792 5734 BE
2816 5695 3022 5767 (mima.
3084 5673 3215 5767 “PBH
3241 5689 3496 5744 immuto,

243 5764 540 5821 risioncmf
577 5771 593 5798 ⁷
631 5766 713 5821 Bll
753 5769 802 5819 in
828 5768 1068 5833 stripsam.
1149 5765 1170 5798 ⁸
1205 5764 1243 5817 ll
1286 5764 1681 5818 circumdatum.

1762 5763 1781 5794 ⁹
1809 5763 1961 5815 unica
1989 5761 2182 5813 diritar
2205 5755 2313 5814 Om.
2346 5755 2452 5809 Bll.

2535 5754 2578 5786 ¹⁰
2601 5751 2688 5807 Bll
2718 5765 2854 5821 quae
2884 5750 3070 5820 [initae
3101 5745 3327 5802 formae.
