3954 5530
2743 319 2880 327 ’.ρ-ι-

575 343 714 405 ιηδ
1927 375 2127 436 JOANB

2248 385 2442 448 SCOT]

570 458 864 518 ebrietates
883 468 937 518 et
962 465 1233 536 crapulae,
1255 485 1396 543 quae
1414 473 1742 551 iuramenta,
1771 500 1908 556 quae
1929 503 2151 548 execra-

569 549 768 615 tiones,
789 551 884 620 qui
913 560 1111 622 somni,
1141 573 1283 629 quae
1303 563 1534 636 vigiliae,
1562 579 1617 626 et
1640 549 1992 648 quaecunque
2012 580 2150 641 aliae

3701 420 3817 478 “76

2178 503 2224 560 Α
2253 503 2713 569 perturbationem
2769 524 2798 565 a
2861 515 3199 582 passionibus
3248 524 3628 584 materialibns
3689 548 3816 589 ωει-

561 900 774 960 Etenim
801 908 1003 969 habere
1023 916 1352 990 theologicos
1377 925 1739 997 characteres,
1761 944 1817 988 et
1839 937 2143 998 divinorum

563 993 844 1052 nominum
875 1006 1263 1064 reserationem
1298 1013 1599 1074 breviorem
1631 1026 1812 1082 verbis
1840 1044 1961 1085 esse
1997 1048 2142 1104 sym-

563 1080 733 1104 μιεμ
782 1086 817 1104 ,.
849 1102 861 1104 ,
905 1089 922 1104 .
999 1093 1012 1104 .
1108 1095 1140 1104 Α
1262 1100 1274 1104 -

560 1080 740 1138 bolica
781 1086 1066 1163 theologia.
1101 1095 1364 1164 Quoniam
1389 1107 1602 1174 quidem
1635 1080 2142 1181 quantum‘ad-Js-u-

561 1177 779 1244 periora
806 1185 1144 1255 respicimus,
1172 1201 1379 1250 tantum
1401 1202 1564 1255 verba
1596 1177 2140 1278 contemplatinnibus

559 1265 910 1328 invisibilium
938 1287 1253 1337 coartantur
1303 1301 1316 1338 :
1350 1287 1492 1344 sicut
1520 1301 1574 1346 et
1599 1311 1743 1351 nunc
1771 1265 1827 1352 in
1846 1299 2016 1369 ipsam
2047 1319 2135 1358 su-

560 1367 658 1421 per
708 1355 1038 1419 intellectum
1085 1369 1406 1432 occidentes
1439 1380 1746 1452 caliginem,
1776 1355 1880 1443 non
1918 1391 2136 1448 brevem

559 1458 864 1506 sermonem
896 1453 936 1517 ¹.
988 1459 1084 1514 sed
1122 1467 1390 1523 sermonis
1412 1471 1681 1530 defectum
1712 1485 1767 1532 et
1811 1484 2138 1541 nominatio-

557 1531 644 1588 nis
673 1534 1029 1599 inveniemus.
1061 1547 1126 1602 Et
1153 1550 1226 1606 ibi
1263 1556 1478 1624 quidem
1508 1561 1792 1622 desursum
1815 1571 1881 1623 ad
1909 1573 2138 1631 novissi-

559 1638 646 1677 ma
673 1623 1008 1690 descendens
1035 1651 1237 1708 sermo,
1265 1643 1416 1712 iuxta
1439 1655 1792 1718 quantitatem
1822 1658 1958 1728 ejus,
1995 1678 2135 1733 quae

557 1721 642 1767 est
658 1716 1036 1778 universaliter
1061 1729 1128 1782 ad
1149 1716 1606 1804 proportionalem
1623 1746 2041 1818 multitudinem,
2059 1755 2134 1810 in-

558 1813 752 1862 ventus
774 1820 876 1866 est.
894 1811 1048 1872 Nunc
1069 1830 1250 1877 autem
1275 1826 1344 1882 ab
1364 1828 1470 1897 his,
1492 1847 1630 1902 quae

555 1897 625 1952 ad
667 1908 1065 1976 supezpositum
1097 1918 1414 1990 ascendens,
1472 1929 1765 1986 secundum
1815 1951 2127 1994 mensuram

557 1987 688 2045 invii
720 1997 1030 2067 corripitur,
1059 2014 1115 2060 et
1133 2017 1255 2078 post
1276 2027 1436 2071 omne
1458 2016 1660 2075 invium
1689 2031 1830 2082 totus
1855 2028 1972 2084 sine
1998 2045 2129 2088 voce

493 2129 496 2132 ,
555 2078 683 2144 erit,
716 2092 772 2136 et
793 2094 936 2145 totus
971 2092 1298 2155 adunabitur
1317 2117 1453 2159 sono
1477 2112 1707 2165 carenti.
1733 2114 1914 2180 Quare
1940 2129 2124 2178 autem

553 2171 793 2243 omnino,
822 2175 1019 2249 inquis,
1047 2199 1114 2240 ex
1137 2196 1600 2257 praestantissimo
1629 2215 1892 2272 ponentes
1915 2211 2128 2272 divinas

555 2262 874 2335 positiones,
901 2287 931 2325 a
953 2277 1264 2337 novissimis
1303 2262 1880 2356 inchoamnsdivinam
1903 2303 2127 2363 ablatio-

557 2352 723 2406 nem?
748 2355 1036 2462 Quiaquid
1063 2380 1228 2438 super
1253 2387 1469 2432 omnem
1500 2395 1760 2450 ponentes

551 2453 622 2494 ex
668 2445 841 2515 magis
894 2449 994 2518 ipsi
1034 2460 1330 2528 cognatiori
1363 2445 2120 2545 conditionalemlaﬂlrmatio:

550 2543 674 2642 nem
700 2540 938 2636 oportuit
981 2559 1228 2614 ponere:
1267 2561 1411 2626 quod
1465 2573 1644 2623 autem
1698 2585 1862 2642 super
1908 2592 2122 2637 omnem

550 2620 878 2732 ablationem
920 2634 1248 2709 auferentes,
1283 2620 1363 2712 ex
1407 2657 1579 2728 magis
1634 2620 2124 2732 ipsordistantibus

551 2710 791 2826 auferre.
829 2717 912 2774 An
935 2738 1041 2780 non
1073 2734 1242 2803 magis
1262 2746 1347 2793 est
1373 2743 1482 2799 vita
1497 2710 1563 2801 ξι
1589 2710 1820 2820 ὺοῖιίίειε,
1843 2772 2003 2826 quam
2029 2778 2123 2819 aer

546 2809 603 2855 et
652 2803 821 2876 lapis?
857 2810 925 2866 Et
975 2822 1145 2892 magis
1177 2841 1280 2883 non
1333 2837 1606 2906 crapulae,
1657 2851 1712 2898 et
1739 2803 2114 2920 nonimaniae,

545 2903 707 2960 quam
747 2913 855 2956 non
879 2903 1078 2965 dicitur
1099 2931 1275 2987 neque
1305 2903 1658 2999 intelligitur?

1071 3020 1470 3090 CAPITIZLUM
1507 3038 1593 3094 IV.

543 3089 683 3156 Quia
713 3097 848 3154 nihil
890 3109 1412 3206 sensibiliamomnis
1442 3089 1699 3206 seasihilis
1730 3153 1824 3206 per
1862 3143 2114 3201 exul/eae

1125 3194 1252 3240 (iam
1284 3198 1532 3254 causalis.

612 3251 865 3316 Dicamus
892 3261 1055 3334 igitur
1077 3272 1153 3328 sic
1179 3292 1193 3330 :
1223 3276 1472 3339 Omnium
1498 3304 1685 3360 causa,
1719 3305 1772 3352 et
1797 3312 1963 3369 super
1991 3317 2112 3360 om-

1507 3341 1685 3360 ππ,
1721 3341 1772 3352 -.
1797 3341 1951 3369 ..ηιμ
1991 3341 2112 3360 ν...-

538 3341 626 3444 nia
654 3359 786 3414 ens,
835 3369 1011 3425 neque
1051 3379 1243 3425 carens
1273 3380 1506 3434 essentia
1557 3395 1662 3450 est,
1703 3403 1877 3460 neque
1919 3409 2112 3454 carens

1440 3431 1505 3434 μ..
1559 3431 1662 3450 -..τ’
1703 3431 1877 3460 ..νῚΙΙν
1919 3431 2107 3454 ι-ιῦιιδ

535 3431 669 3498 vita.
723 3455 898 3532 neque
953 3451 1336 3520 irrationabilis
1377 3479 1483 3536 est,
1541 3490 1713 3546 neque
1767 3482 2107 3556 insensualis,

535 3534 708 3556 hanno
761 3544 948 3556 ΑΑ---υ-
1080 3553 1089 3556 λ

1469 3530 1480 3536 -
1767 3530 2106 3556 --.ηηνηηη

533 3534 708 3590 neque
759 3530 954 3604 corpus
1013 3553 1112 3607 est,
1173 3566 1348 3620 neque
1393 3558 1593 3630 figura,
1655 3583 1827 3640 neque
1881 3578 2106 3646 species,

538 3625 710 3646 nam...
760 3625 978 3646 ..-__...t.

535 3625 710 3725 {neque
757 3625 1093 3696 qualitatem,
1135 3650 1227 3695 aut
1255 3625 1636 3723 quantitatem,
1692 3625 1786 3717 aut
1839 3625 2102 3725 tumore";

533 3700 567 3753 h
607 3703 730 3772 bet,
779 3729 952 3783 neque
994 3721 1045 3777 in
1096 3726 1211 3785 loco
1237 3747 1356 3802 est,
1416 3757 1589 3813 neque

534 3800 736 3852 tactum
795 3809 1102 3870 sensibilem
1144 3800 1350 3891 habet,
1385 3800 1560 3901 neque
1614 3853 1672 3892 se

530 3886 804 3949 sensibilis
843 3907 954 3964 est,
993 3920 1164 3978 neque
1213 3913 1662 3981 iuordinationem

2246 857 2535 942 vationem,
2567 875 2663 919 aut
2687 866 2912 937 fluxum,
2945 888 3119 947 neque
3145 857 3291 936 aliud
3316 882 3448 951 quid
3494 857 3817 946 sensibilium

2242 957 2346 1013 est,
2376 965 2547 1022 neque
2578 955 2742 1016 habet

2765 1092 2850 1150 CA
2860 1095 3163 1157 PITULUM
3204 1104 3268 1159 V.

2239 1190 2379 1257 Quia
2410 1198 2542 1251 nihil
2569 1200 2966 1294 ilttelligi‘biliam
2994 1215 3161 1266 omnis
3183 1215 3534 1294 intelligibilis
3555 1241 3651 1294 per
3667 1231 3818 1282 mel-

2781 1276 2993 1332 lentiaut
3021 1286 3271 1341 causalis.

2308 1397 2503 1454 lterum
2559 1413 2736 1462 autem
2795 1413 3144 1474 ascendentes
3185 1419 3460 1489 dicamus,
3519 1426 3599 1485 ἂι
3655 1446 3815 1502 nequ

2235 1489 2411 1542 anima
2439 1502 2544 1555 est,
2569 1509 2742 1563 neque
2770 1499 3092 1570 intellectus,
3124 1524 3301 1578 neque
3325 1513 3716 1584 phantasiam,
3733 1534 3814 1576 aut

2233 1579 2564 1647 Opinionem,
2595 1598 2688 1641 aut
2717 1591 2958 1657 verbum,
2999 1607 3092 1652 aut
3136 1579 3569 1674 intelligentiam
3600 1608 3623 1639 ³
3650 1611 3814 1676 habet,

2233 1682 2408 1738 neque
2433 1672 2568 1727 ratio
2589 1684 2692 1741 est,
2724 1694 2895 1750 neque
2917 1682 3268 1758 intelligentia
3295 1672 3349 1758 ί,
3404 1709 3593 1765 neque
3613 1699 3812 1766 dicitur,

2236 1771 2410 1828 neque
2449 1760 2786 1836 intelligitur,
2818 1786 2994 1842 neque
3031 1791 3291 1834 numerus
3315 1789 3428 1848 est,
3465 1760 3654 1855 neque
3681 1790 3812 1856 ordo,

1653 1837 1672 1867 ²
1696 1838 1948 1896 deorsum
1977 1855 2128 1912 sunt,
2159 1857 2204 1918 Β
2234 1864 2406 1919 neque
2433 1855 2762 1922 magnitudo,
2797 1837 2970 1932 neque
3007 1867 3263 1935 parvitas,
3287 1837 3814 1947 nequeaequalitas:

2231 1955 2404 2010 neque
2431 1943 2724 2003 similitudo
2748 1959 2840 2005 aut
2861 1952 3264 2028 dissimilitudo,
3293 1979 3480 2034 neque
3504 1943 3640 2031 stat.
3666 1987 3815 2040 neque

2230 2041 2499 2099 movetur,
2533 2051 2704 2106 neque
2727 2040 3000 2098 silentium
3025 2047 3194 2115 ducit,
3231 2067 3417 2123 neque
3462 2057 3641 2114 habet
3669 2063 3815 2115 virm-

2230 2129 2358 2186 tem,
2404 2138 2578 2194 neque
2621 2127 2795 2186 virtus
2838 2142 2942 2199 est,
2984 2151 3161 2207 neque
3205 2139 3316 2206 lux,
3352 2160 3549 2215 neque
3592 2149 3695 2202 vita
3721 2159 3811 2214 est,

2228 2227 2402 2284 neque
2447 2215 2621 2272 hostia
2663 2229 2764 2287 est,
2815 2239 2990 2297 neque
3034 2231 3297 2300 seculum,
3351 2251 3548 2306 neque
3600 2251 3810 2312 tempus.

2227 2318 2402 2376 neque
2433 2315 2605 2366 tactus
2634 2320 2717 2367 est
2760 2313 2875 2384 ejus
2917 2318 3288 2394 intelligibilis,
3329 2343 3523 2398 neque
3578 2333 3806 2399 scientia,

2225 2407 2399 2466 neque
2425 2400 2623 2457 veritas
2663 2413 2770 2471 est,
2812 2423 2987 2478 neque
3023 2428 3271 2487 regnum,
3313 2435 3501 2490 neque
3534 2425 3804 2494 sapientia.

2223 2503 2396 2558 neque
2435 2507 2631 2560 unum,
2687 2513 2861 2570 neque
2911 2505 3124 2572 unitas,
3172 2526 3349 2582 neque
3394 2515 3583 2572 deitas
3625 2519 3679 2584 ⁸,
3726 2531 3806 2573 aut

2223 2577 2456 2648 bonitas,
2488 2599 2662 2656 neque
2691 2592 2912 2658 spiritus
2935 2604 3038 2661 est,
3066 2598 3207 2655 sicut
3229 2577 3330 2658 nos
3368 2606 3607 2673 scimus,
3644 2625 3803 2679 neque

2221 2667 2477 2739 ﬁliolitas,
2523 2690 2696 2746 neque
2739 2685 3055 2751 paternitas,
3104 2705 3278 2762 neque
3313 2693 3464 2749 aliud
3497 2667 3632 2767 quid

2218 2768 2312 2814 aut
2341 2762 2501 2819 alicui
2550 2769 2895 2828 existentium
2937 2779 3237 2847 cognitum,
3282 2800 3466 2856 neque
3515 2790 3648 2857 quid
3701 2808 3793 2846 non

2219 2849 2603 2920 existentium,
2661 2874 2834 2928 neque
2883 2865 3010 2932 quid
3061 2849 3428 2958 existentiut‘u'
3465 2849 3598 2939 esi,
3635 2894 3800 2948 neque

2217 2939 2502 2997 existentia
2538 2959 2658 3000 eam
2689 2963 3042 3021 cognoscunt,
3076 2974 3143 3011 an
3177 2959 3290 3029 ipsa
3317 2945 3428 3027 sit,
3478 2979 3658 3036 neque
3691 2968 3795 3036 ipsa

2215 3037 2493 3102 cognoscit
2533 3039 2847 3109 existentia,
2893 3061 2960 3100 an
3012 3048 3300 3106 existentia
3343 3061 3476 3110 sunt
3513 3055 3536 3086 '
3561 3097 3576 3119 ,
3633 3073 3796 3125 neque

2215 3127 2601 3198 verbumejus
2633 3141 2737 3197 est,
2769 3149 2942 3205 neque
2989 3155 3207 3208 nomen,
3259 3158 3445 3215 neque
3491 3149 3722 3204 scientia
3753 3151 3793 3210 ’.

2139 3210 2184 3274 C
2214 3231 2390 3286 neque
2424 3222 2677 3277 tenebrae
2735 3234 2847 3292 est,
2901 3244 3073 3299 neque
3122 3233 3328 3300 lumen,
3391 3251 3580 3307 neque
3628 3256 3790 3305 erm,

2212 3319 2388 3374 neque
2435 3311 2659 3378 veritas,
2701 3331 2873 3386 neque
2912 3329 2997 3374 est
3020 3322 3138 3392 ejus
3164 3325 3556 3385 universaliter
3583 3331 3790 3398 positio.

2211 3406 2385 3464 neque
2408 3397 2628 3466 ablatio,
2659 3403 2753 3458 sed
2782 3420 2988 3474 eorum,
3016 3426 3156 3480 quae
3179 3423 3300 3482 post
3331 3430 3458 3470 eam
3488 3427 3639 3482 sunt,
3659 3422 3789 3486 posi~

2211 3485 2385 3542 tiones
2415 3499 2471 3545 et
2499 3492 2794 3552 ablationes
2838 3498 3117 3566 facientes,
3149 3504 3318 3573 ipsam
3370 3523 3556 3577 neque
3605 3511 3792 3566 auferi-

2211 3593 2350 3644 mus,
2403 3595 2577 3653 neque
2625 3589 2895 3658 ponimus,
2951 3595 3204 3661 quoniam
3253 3606 3310 3652 et
3364 3615 3539 3669 super
3587 3618 3786 3657 ormnem

2205 3671 2526 3738 positionem
2551 3683 2635 3731 est
2677 3680 2914 3747 perfecta
2937 3691 2993 3736 et
3015 3683 3304 3755 singularis
3334 3691 3590 3745 omnium
3614 3707 3784 3757 causa,

1643 3750 1881 3819 videtur,
1929 3773 2103 3828 neque
2202 3775 2365 3832 super
2383 3779 2597 3820 omnem
2623 3768 2944 3827 ablationem
2973 3776 3291 3833 excellentia
3332 3781 3356 3813 ⁸
3390 3783 3642 3837 omnium
3669 3786 3782 3839 sin»

1678 3841 1872 3906 utitur.
1925 3863 2098 3922 neque
2199 3852 2411 3922 pliciter
2436 3857 2764 3926 perfectione
2785 3862 2827 3926 ’,
2859 3873 2915 3918 et
2943 3869 3228 3926 summitas
3253 3873 3533 3928 omnium.
3565 3873 3786 3946 Egilia

1693 3931 1878 3998 habet,
1919 3951 2093 4006 neque
2193 3943 2324 4000 liber
2353 3946 2417 4000 de
2447 3950 2668 4020 mystica
2701 3952 2960 4024 theologia
2987 3969 3038 4011 ι.

970 4102 1481 4235 SANCTI
1566 4128 2204 4256 DIONYSII
2293 4145 3268 4267 ABEOPAGITAE

812 4391 2065 4552 EPISTOLAE

513 4636 557 4722 ᾗ
581 4660 700 4722 Gaio
721 4669 968 4720 monacho.

513 4713 580 4777 ll.
614 4713 802 4777 Eidem.

511 4773 600 4832 ιιι.
639 4773 827 4838 mea.

510 4839 595 4907 tv.
609 4847 820 4907 auem.

507 4901 568 4964 Υ.
604 4901 852 4960 Dorotbeo
887 4913 1119 4964 ministro.

509 4963 594 5030 El:
613 4968 864 5030 Soslpatro
892 4963 1152 5027 sacerdoti.

505 5023 613 5077 νη.
648 5023 910 5096 Polyearpo
925 5023 1392 5095 summo—sacerdoti.

2308 4423 3494 4576 DIVERSAE.

2102 4711 2158 4771 ο
2187 4700 2322 4779 Vill.
2346 4704 2644 4779 EpemOphilo
2681 4710 2916 4759 monacho
2955 4712 3019 4764 de
3062 4717 3255 4779 propria
3291 4723 3682 4774 mannetudiae
3715 4729 3760 4772 et

2248 4767 2484 4816 bonitate.

2185 4822 2266 4873 IX.
2303 4825 2412 4876 Pho
2455 4840 2639 4904 summa
2679 4832 2918 4904 sacerdoti
2957 4833 3280 4904 interroganti
3333 4855 3426 4902 per
3463 4843 3750 4904 epistola.

2242 4898 2368 4996 quae
2392 4890 2492 4946 sani
2515 4893 2661 4940 -utiae
2682 4893 2870 4952 domus,
2887 4896 2997 4956 quis
3016 4890 3200 4960 crater,
3225 4890 3280 4951 et
3304 4890 3752 4968 (ιύὗάἰῖὶἶῇῖιῖεὶ

2242 4959 2302 4996 an
2351 4957 2511 4996 notus.

2238 4957 2327 5007 qui
2351 4957 2511 5009 polus.

2175 5003 2438 5084 X..'J9_a'n_ni
2484 5011 2950 5084 theologoapostolo
2972 5024 3024 5068 et
3057 5022 3402 5084 evangelistae
3439 5028 3748 5079 circumda

2230 5068 2279 5117 in
2299 5067 2524 5121 Pathmos
2547 5074 2595 5112 '°-
2615 5067 2832 5126 in'sula'm.

1771 5183 2018 5242 VARIAE
2054 5188 2452 5251 LECTIONES.

575 5263 592 5296 ‘
617 5281 904 5352 sermonem
925 5287 1032 5328 om.
1060 5274 1205 5352 liii."
1247 5281 1268 5312 ²
1285 5280 1371 5352 Bll
1387 5287 1492 5352 qui.
1570 5289 1591 5320 ³
1611 5289 1701 5345 Bll

503 5331 526 5363 '
563 5350 721 5421 neque
759 5338 930 5421 itaita;
965 5359 1076 5421 om.
1121 5346 1226 5401 BH.
1534 5373 1549 5421 ;
1576 5331 1720 5416 B-l’lue

501 5414 657 5446 M‘Im'
680 5416 770 5452 mﬂ
792 5409 1065 5460 ﬁxiuenlin
1097 5427 1234 5464 sum-
1251 5429 1325 5462 nl
1372 5409 1549 5470 ηρηηέ
1566 5409 1786 5484 vici-hum
1819 5409 1898 5474 μνη-ς

1725 5297 2002 5364 phantasia
2024 5331 2093 5341 —
2108 5303 2282 5372 Opinio
2301 5309 2759 5392 —.intell.igentia.
2836 5313 2858 5345 ⁸
2877 5315 3119 5392 habet—
3137 5320 3490 5392 intelligentia
3512 5342 3621 5381 om.
3642 5325 3735 5381 BH.

1721 5380 1805 5418 am
1833 5382 2166 5462 cognoscunt
2192 5387 2282 5428 aut
2311 5381 2583 5432 existenlia
2609 5390 2684 5432 μ’
2731 5398 2902 5428 neque
2929 5388 3151 5442 verbum
3179 5380 3378 5448 math
3399 5410 3529 5450 an:
3556 5412 3733 5464 cogno-
