4004 6290
171 324 305 377 ΗΠ

1030 316 1274 373 VEBSIO
1308 315 1590 372 OPERUM
1627 314 1684 371 S.
1727 314 2042 370 DIONYSIL
2077 347 2142 355 —-—
2171 314 2569 373 EPISTOLAE.

3270 321 3407 379 H78

1524 484 2072 564 INCIPIUNT

769 682 1293 786 EPISTOLAE
1366 681 1843 782 DIVERSAE
1918 680 2255 803 SANGTI
2326 683 2753 789 DIONYSII
2787 671 2813 724 ¹

170 1008 408 1083 Epistola
454 1007 618 1064 sancti
663 1004 901 1075 Dionysii
928 1000 1279 1085 .Areopagitae
1316 994 1450 1068 Gajo
1488 996 1741 1052 monacho

868 1088 1047 1126 ""880.

242 1170 521 1225 Tenebrae
552 1165 765 1237 quidem
796 1163 1054 1218 obscurae
1085 1160 1218 1213 ﬁunt
1243 1158 1463 1220 lumine,
1494 1164 1548 1210 et
1572 1154 1741 1224 magis

168 1260 338 1315 multo
377 1258 595 1313 lumine.
646 1253 1004 1325 lgnorantiam
1041 1251 1314 1307 occultant
1354 1248 1641 1312 scientiae,
1686 1257 1742 1302 et

169 1349 341 1418 magis
372 1347 571 1402 multae
612 1345 887 1400 scientiae.
930 1342 1075 1396 Haec
1110 1339 1604 1409 supereminenter,
1644 1336 1739 1393 sed

167 1457 276 1498 non
322 1439 612 1495 secundum
655 1435 1006 1507 privationem
1037 1432 1339 1501 accipiens,
1380 1430 1613 1501 approba
1644 1444 1736 1483 su-

167 1546 414 1603 pervere,
442 1530 565 1600 quia
599 1529 726 1583 latet
753 1527 1011 1582 habentes
1034 1523 1085 1579 ὃν
1111 1524 1315 1589 lumen,
1339 1531 1394 1577 et
1423 1536 1548 1576 vere
1571 1520 1741 1612 scien-

168 1622 244 1677 tia
296 1620 587 1676 secundum
639 1618 807 1672 Deum
861 1615 1159 1687 ignorantia
1190 1655 1205 1678 ,
1261 1622 1317 1668 et
1372 1610 1739 1682 superpositae

166 1713 334 1782 ipsius
362 1710 616 1766 tenebrae
646 1707 891 1761 velantur
914 1706 981 1760 ab
1005 1705 1150 1759 omni
1189 1703 1410 1767 lumine,
1436 1713 1490 1757 et
1517 1702 1741 1754 abscon-

164 1804 301 1860 dunt
357 1816 569 1857 omnem
613 1798 912 1854 scientiam.
962 1796 1028 1850 Et
1075 1794 1120 1850 si
1169 1794 1289 1865 quis
1334 1793 1520 1847 videns
1570 1791 1736 1844 Deum

164 1892 427 1949 intellexit
465 1892 608 1961 quod
651 1890 802 1953 vidit,
846 1902 950 1943 non
994 1886 1165 1957 ipsum
1213 1882 1605 1953 contemplatus
1631 1887 1737 1944 est,

158 1987 260 2042 sed
293 1986 419 2057 quid
451 2000 636 2040 eorum
674 1984 741 2038 ab
776 1984 891 2053 ipso
923 1980 1269 2037 existentium
1298 1987 1354 2033 et
1378 1978 1734 2049 cognitorum.

159 2077 284 2147 Ipse
311 2085 485 2131 autem
524 2090 687 2145 super
722 2074 960 2128 animum
996 2081 1051 2128 et
1088 2071 1374 2127 essentiam
1408 2066 1737 2139 supercollo-

159 2174 340 2229 catus,
367 2163 738 2220 universaliter
764 2178 868 2218 non
896 2161 1265 2233 cognoscendo
1290 2175 1465 2230 neque
1485 2157 1734 2223 videndo,

1762 884 1810 943 Λ
1841 883 1939 937 bus
1983 893 2067 939 est
2111 887 2417 944 hominibus
2465 892 2827 947 essentialiter
2873 897 3220 955 coordinatus
3264 896 3416 959 Non?

1842 976 1985 1029 enim
2016 985 2075 1030 ut
2116 980 2352 1034 causalis
2390 982 2696 1047 hominum,
2729 985 2817 1039 hic
2859 986 3057 1042 dicitur
3095 990 3287 1057 homo,
3322 997 3416 1049 sed

1842 1074 1902 1119 nt
1940 1066 2043 1121 hoc
2080 1071 2375 1124 secundum
2410 1086 2499 1126 ess
2532 1073 2719 1128 nliam'
2743 1084 2907 1131 totam
2948 1093 3075 1133 vere
3122 1082 3284 1139 homo
3324 1085 3412 1141 ὧν.

1840 1155 1950 1211 Nos
1988 1166 2165 1212 autem
2189 1158 2371 1215 Jesum
2408 1177 2510 1215 non
2550 1163 2863 1221 humanitus
2904 1183 3264 1240 segregamus.
3311 1173 3415 1228 Ne-

1839 1260 1945 1314 que
1990 1248 2134 1301 enim
2179 1250 2341 1304 homo
2386 1260 2614 1318 tantum,
2652 1269 2825 1324 neque
2854 1261 3317 1326 superessentialis
3345 1264 3417 1319 sit

1840 1336 1999 1391 homo
2030 1346 2236 1393 tantum
2265 1380 2279 1406 ,
2311 1342 2406 1395 sed
2431 1343 2590 1397 homo
2617 1359 2771 1410 vere,
2800 1345 3107 1402 differenter
3128 1351 3414 1419 humanus,

1839 1444 1999 1499 super
2026 1430 2291 1497 homines,
2320 1443 2375 1488 et
2402 1436 2696 1491 secundum
2725 1438 2991 1504 homines,
3016 1457 3079 1495 ex
3108 1442 3416 1501 hominibus

1837 1534 1900 1573 ex
1934 1522 2166 1575 essentia
2198 1526 2664 1593 superessentialis
2698 1530 3042 1585 essentiatus.
3090 1532 3187 1586 Est
3236 1543 3413 1590 autem

1838 1610 1972 1664 nihil
2005 1612 2182 1667 minus
2207 1617 2776 1683 superessentialitatis
2800 1620 3237 1689 superplenitudo
3266 1638 3415 1678 sem-

1837 1714 1936 1769 per
1976 1704 2467 1771 supcressentialis.
2511 1705 2698 1776 Itaque
2734 1708 2824 1763 tali
2867 1711 3231 1779 magnitudine
3269 1721 3323 1767 et
3359 1713 3413 1768 in

1837 1790 2128 1844 essentiam
2155 1807 2280 1846 vere
2307 1793 2559 1859 veniens,
2592 1802 2646 1850 et
2687 1811 2850 1866 super
2887 1799 3178 1853 essentiam
3223 1814 3408 1855 cssen-
3463 1802 3477 1817 ‘

1837 1878 2001 1934 tiatus
2047 1889 2157 1948 est,
2203 1891 2259 1937 et
2297 1899 2460 1953 super
2505 1884 2777 1941 hominem
2822 1900 3076 1958 operatur
3102 1905 3241 1959 quae
3288 1899 3414 1946 sunt

1838 1970 2070 2026 hominis
2098 1984 2145 2026 α.
2178 1972 2242 2026 Ει
2267 1973 2508 2030 declarat
2538 1976 2689 2045 virgo
2719 1980 3195 2046 supernaturaliter
3220 1993 3410 2049 partu-

1836 2062 2002 2127 riens,
2031 2070 2083 2116 et
2111 2078 2249 2133 aqua
2282 2065 2568 2129 instabilis,
2607 2068 2965 2124 materialium
2993 2079 3047 2124 et
3074 2079 3407 2127 terrenorqu

1836 2150 2028 2220 pedum
2052 2153 2323 2207 sustinens
2349 2156 2689 2224 gravitatem,
2712 2166 2766 2211 et
2790 2173 2895 2213 non
2927 2159 3291 2230 imaginatam,
3320 2163 3414 2218 sed

156 2267 222 2313 ει
253 2226 336 2312 est
364 2256 910 2328 superessentialiter,
958 2226 1014 2311 et
1060 2270 1220 2324 super
1258 2226 1494 2308 animum
1535 2265 1733 2319 eogno-
1767 2226 1811 2285 Β
1840 2244 2231 2312 supernaturali
2259 2247 2454 2301 virtute
2482 2248 2549 2303 ad
2576 2248 2859 2305 insolubile
2882 2226 3249 2306 constitutam.
3274 2251 3413 2319 Quid

154 2348 358 2404 scitur.
393 2350 460 2404 Et
489 2349 601 2421 ipsa
629 2348 922 2404 secundum
950 2347 1091 2419 quod
1126 2346 1317 2401 melius
1344 2345 1735 2416 perfectissima

154 2439 467 2509 ignorantia
495 2438 719 2495 scientia
747 2447 831 2494 est
868 2436 983 2505 ejus
1013 2452 1175 2507 super
1200 2436 1380 2491 omnia
1413 2434 1645 2506 c0gnita.

917 2546 982 2600 ll.

850 2659 1053 2714 Eidem.
1070 2651 1074 2656 ’

236 2770 513 2837 Quomodo
535 2770 773 2826 omnium
802 2771 1085 2825 summitas
1122 2776 1177 2823 et
1216 2780 1377 2839 super
1402 2767 1734 2822 divinitatem

158 2872 249 2918 est
277 2872 332 2917 et
373 2878 534 2933 super
559 2862 890 2918 bonitatem?
937 2861 995 2916 Si
1043 2861 1294 2916 deitatem
1344 2871 1397 2914 et
1443 2859 1735 2914 bonitatem

158 2952 430 3023 intelligas
472 2954 640 3023 ipsam
680 2967 793 3007 rem
824 2951 1047 3006 beneﬁci
1084 2958 1139 3004 et
1179 2950 1351 3006 deilici
1398 2950 1654 3010 muneris,
1682 2956 1737 3001 et

161 3056 271 3096 non
302 3041 615 3096 imitabilem
649 3040 894 3110 superdei
932 3047 987 3094 et
1022 3038 1367 3109 superoptimi
1390 3078 1405 3102 ,
1443 3037 1735 3092 secundum

160 3150 325 3204 quam
389 3134 702 3189 deiﬁcamur
742 3140 797 3187 et
858 3132 1230 3188 boniticamur.
1283 3130 1493 3195 Etenim
1540 3130 1584 3184 si
1636 3129 1738 3184 hoc

158 3224 485 3295 principium
516 3224 574 3279 tit
607 3224 911 3289 deiﬁcandi,
942 3233 997 3279 et
1029 3224 1231 3293 optime
1274 3223 1449 3294 agitur
1476 3221 1738 3277 dedicatis

159 3325 219 3370 et
246 3315 447 3385 optime
474 3314 653 3381 factis,
679 3315 855 3371 omnis
883 3313 1129 3386 principii
1159 3313 1649 3384 superprineipalis,
1684 3321 1737 3367 et

160 3400 242 3458 sic
270 3404 443 3459 dictae
468 3403 684 3458 deitatis
707 3412 762 3457 et
800 3403 1076 3466 bonitatis,
1101 3411 1160 3457 ut
1186 3403 1481 3457 divinitatis
1506 3409 1559 3455 et
1585 3401 1739 3456 boni-

162 3493 294 3548 tatis
319 3502 402 3547 est
436 3494 739 3560 summitas,
769 3502 1027 3563 quantum
1059 3493 1392 3549 inimitabilis
1421 3502 1476 3548 et
1510 3494 1734 3548 immen-

159 3583 438 3649 surabilis,
472 3593 691 3655 superat
720 3584 1049 3641 imitationes
1088 3592 1143 3640 et
1183 3584 1651 3654 participationes,

162 3674 436 3729 imitantes
475 3685 527 3730 et
557 3675 961 3746 participautes.

834 3874 1039 3932 Eidem.

235 3965 315 4021 Ex
349 3966 559 4023 occulto
586 3975 690 4032 est,
718 3966 859 4036 quod
887 3974 1076 4021 contra
1104 3980 1273 4037 spem,
1301 3975 1357 4023 et
1382 3982 1448 4023 ex
1478 3982 1542 4023 eo
1571 3980 1738 4037 usque

162 4059 454 4113 obscurum
502 4058 555 4112 in
592 4056 933 4111 manifestum
964 4058 1268 4112 deductum.
1314 4059 1411 4112 Ast
1445 4059 1736 4113 secundum

162 4147 441 4202 Christum
465 4147 797 4201 humanitate
824 4158 878 4201 et
908 4148 1010 4202 hoc
1042 4148 1275 4202 arbitror
1306 4149 1627 4219 theologiam
1652 4148 1739 4203 de—

162 4238 413 4300 clarare,
464 4252 531 4291 ex
581 4237 791 4292 occulto
842 4237 1345 4306 superessentialem
1401 4240 1453 4293 in
1500 4249 1738 4295 nostram

166 4325 654 4381 manifestationem
690 4328 997 4381 humanitus
1023 4329 1370 4383 essentiatum
1407 4331 1736 4400 provenisse.

164 4409 422 4471 Occultus
450 4425 629 4471 autem
656 4426 740 4472 est
772 4424 825 4471 et
860 4425 981 4486 post
1014 4417 1522 4485 manifestationem,
1553 4430 1644 4474 aut
1682 4428 1742 4475 ut

167 4507 274 4560 hoc
303 4506 534 4561 divinius
562 4507 774 4573 dicam,
818 4516 873 4562 et
919 4508 972 4562 in
1020 4508 1472 4565 manifestatione.
1525 4511 1593 4566 Et
1639 4511 1742 4568 hoc

164 4596 313 4653 enim
347 4595 473 4652 Jesu
516 4597 838 4664 occultatur,
864 4607 919 4654 et
946 4597 1092 4654 nullo
1114 4599 1312 4666 verbo,
1359 4616 1534 4674 neque
1576 4604 1740 4661 intel-

164 4687 313 4741 lectu
352 4686 642 4741 secundum
686 4687 860 4756 ipsum
902 4689 1254 4761 investigatur
1286 4694 1623 4764 mysterium,
1648 4697 1742 4753 sed

164 4784 224 4831 et
254 4774 451 4830 dictum
492 4773 757 4832 inell‘abile
798 4785 1011 4845 manet,
1040 4787 1097 4834 et
1131 4779 1458 4837 intellectum
1502 4783 1741 4856 incogni-

168 4873 226 4919 ιιι
234 4878 307 4918 ιη.

906 4933 993 4990 IV.

849 5044 1054 5101 Eidem.

242 5153 519 5223 Quomodo
539 5196 553 5222 ,
589 5157 766 5227 unquis
785 5198 799 5223 ,
829 5154 984 5214 Jesus
1008 5159 1247 5215 omnium
1276 5183 1537 5232 ιπικιινα,
1565 5169 1742 5224 omni-

1836 2333 1881 2388 si
1913 2334 2033 2403 quis
2074 2343 2255 2389 cetera
2298 2336 2527 2407 plurima
2574 2339 2857 2395 existentia
2906 2351 3279 2411 pertranseat,
3318 2359 3417 2413 per

1835 2439 1974 2494 quae
2005 2425 2261 2481 divinitus
2289 2428 2476 2483 videns
2520 2444 2681 2499 super
2722 2431 2958 2485 animum
3007 2443 3325 2503 cognoscet,
3356 2445 3413 2490 et

1837 2516 1891 2569 in
1935 2516 2270 2572 humanitate
2311 2517 2435 2573 Iesu
2479 2520 2804 2578 intentiones
2833 2523 3084 2579 virtutem
3121 2528 3416 2595 superemi-

1836 2606 2011 2660 nentis
2040 2607 2370 2677 depulsionis
2410 2609 2706 2665 habentes?
2753 2610 2960 2668 Etenim
3004 2622 3063 2668 ut
3104 2615 3417 2687 colligentes

1836 2695 2079 2751 dicamus
2105 2737 2120 2763 ,
2162 2715 2337 2769 neque
2382 2700 2542 2755 homo
2571 2712 2721 2768 erat,
2771 2719 2876 2758 non
2926 2712 2984 2759 ut
3024 2721 3128 2761 non
3176 2707 3413 2773 homine,

1836 2787 1931 2841 sed
1968 2795 2025 2841 ut
2059 2803 2126 2842 ex
2172 2789 2479 2845 hominibus
2524 2792 2799 2849 hominum
2848 2796 3101 2860 ἐπέκεινα,
3153 2805 3207 2850 ct
3256 2812 3419 2867 super

1837 2876 2107 2931 hominem
2137 2894 2264 2934 vere
2293 2881 2455 2937 homo
2486 2882 2679 2938 factus.
2716 2885 2784 2940 Et
2808 2894 3049 2941 ceterum
3081 2902 3187 2941 non
3223 2904 3417 2945 secun-

1836 2968 1962 3023 dum
1994 2969 2159 3024 Deum
2192 2972 2372 3027 divina
2401 2984 2652 3045 operatus
2680 2986 2797 3043 est,
2829 2992 3004 3046 neque
3048 2979 3281 3034 humana
3330 2995 3415 3036 se-

1837 3059 2069 3111 cundum
2104 3060 2396 3125 hominem,
2426 3063 2518 3118 sed
2549 3065 2839 3121 humanato
2876 3066 2987 3121 Deo
3022 3082 3214 3125 novam
3239 3084 3416 3138 quan—

1836 3147 1961 3202 dam
2007 3149 2388 3206 deihumanam
2439 3155 2807 3231 operationem
2860 3155 3016 3211 nobis
3063 3166 3418 3214 conversatus

1838 3250 1941 3295 est.

2600 3335 2665 3389 ν.

2347 3420 2609 3478 Dorotheo
2647 3425 2907 3482 minutro.

1681 3592 1736 3638 et
1762 3554 1808 3618 ο
1906 3548 2095 3604 Divina
2121 3549 2295 3621 caligo
2322 3560 2407 3607 est
2436 3553 2805 3609 inaccessibile
2835 3554 3044 3619 lumen,
3087 3554 3138 3609 in
3171 3570 3278 3637 quo
3310 3556 3412 3614 ha-

1833 3637 2006 3692 bitare
2035 3639 2176 3694 Deus
2202 3641 2431 3707 dicitur,
2473 3651 2528 3696 et
2574 3642 2831 3699 invisibili
2873 3646 3166 3709 existente,
3200 3656 3443 3718 propter.

1834 3730 2321 3797 Superemiuentcm
2353 3734 2374 3763 '
2419 3732 2741 3798 claritatem,
2764 3744 2819 3788 et
2849 3735 3202 3790 inaccessibili
3227 3739 3414 3792 eodem

1835 3831 1933 3886 per
2001 3818 2538 3885 superexcellenliam
2610 3822 3081 3889 supercssentialis
3147 3825 3408 3880 luminum

1836 3904 2175 3960 manationis.
2224 3904 2282 3959 ln
2316 3906 2417 3962 hoc
2448 3907 2508 3961 lit
2550 3909 2728 3963 omnis
2767 3909 2932 3965 Deum
2959 3914 3100 3968 scire
3145 3923 3200 3970 et
3237 3916 3417 3971 videre

1836 3995 2056 4066 dignus,
2098 4012 2163 4051 eo
2218 4014 2323 4052 non
2366 3998 2595 4054 videndo
2641 4014 2814 4069 neque
2857 4006 3249 4073 cognoscendo,
3288 4022 3418 4063 vere

1837 4085 1891 4140 in
1919 4102 2026 4157 quo
2058 4103 2220 4158 super
2254 4089 2511 4144 visionem
2563 4100 2618 4146 et
2660 4093 3019 4164 cognitionem
3054 4096 3228 4153 factus
3252 4139 3267 4165 ,
3307 4099 3411 4155 hoc

1839 4175 2012 4244 ipsum
2039 4192 2401 4247 cognoscens,
2439 4178 2564 4248 quia
2613 4196 2774 4250 super
2799 4185 2979 4239 omnia
3013 4195 3097 4240 est
3138 4187 3415 4243 sensibilia

1838 4274 1894 4322 et
1947 4266 2338 4337 intelligibilia,
2388 4278 2441 4324 et
2488 4271 2800 4340 prophetice
2848 4275 3036 4329 videns
3086 4293 3100 4330 :
3152 4277 3417 4335 Mirabilia

1839 4358 1983 4427 facta
2015 4367 2090 4410 est
2123 4359 2338 4413 scientia
2390 4370 2484 4414 tua
2530 4376 2595 4414 ea:
2632 4379 2731 4427 me,
2761 4365 3055 4432 confortata
3089 4376 3183 4432 est,
3238 4378 3284 4423 et
3314 4387 3420 4426 non

1838 4460 2016 4518 potero
2050 4449 2119 4502 ad
2147 4465 2262 4503 eam
2292 4449 2342 4503 ι’.
2379 4448 2471 4507 Sic
2495 4466 2623 4522 ergo
2645 4453 2855 4509 divinus
2879 4453 3074 4512 Paulus
3098 4462 3418 4529 cognovisse

1839 4535 2007 4592 Deum
2030 4537 2244 4604 dicitur,
2262 4554 2594 4612 cognoscens
2614 4555 2734 4609 eum
2760 4556 2925 4612 super
2947 4560 3160 4602 omnem
3182 4548 3415 4605 existene

1841 4634 1949 4682 tem
1978 4627 2307 4683 intellectum
2333 4638 2389 4683 ct
2411 4630 2688 4685 scientiam
2708 4632 2729 4662 ³
2753 4642 2800 4686 ο.
2833 4631 3057 4703 Propter
3080 4636 3222 4704 quod
3253 4644 3310 4691 et
3337 4637 3420 4691 in-

1840 4715 2182 4786 vestigabiles
2211 4732 2331 4773 esse
2354 4720 2470 4773 vias
2502 4720 2617 4789 ejus
2642 4721 2753 4788 ait,
2784 4732 2839 4777 et
2868 4722 3240 4780 inscrutabilia
3272 4725 3420 4795 judi-

1843 4806 1926 4862 cia
1955 4803 2090 4877 ejus,
2112 4817 2167 4863 et
2193 4810 2584 4867 inenarrabiles
2606 4813 2919 4869 donationes
2942 4814 3059 4883 ejus
3078 4815 3128 4881 δ,
3151 4827 3205 4873 et
3230 4832 3418 4888 pacem

1768 4877 1823 4939 D
1847 4897 1964 4967 ejus
1992 4908 2333 4969 superantem
2378 4904 2591 4956 omn’em
2639 4902 3000 4971 intellectum,
3038 4907 3116 4961 sic
3142 4908 3420 4969 inveniens

1848 5005 2011 5059 super
2051 4990 2257 5057 omnia,
2304 5000 2359 5046 et
2410 4991 2511 5047 hoc
2562 5008 2723 5065 super
2773 4994 3179 5066 intelligentiam
3227 5012 3401 5070 eogno

1847 5093 2035 5144 scens,
2065 5079 2191 5149 quia
2220 5081 2462 5149 omnium
2502 5091 2586 5137 est
2614 5085 2880 5151 ἐπέκεινα,
2914 5087 3154 5141 omnium
3192 5087 3421 5144 causalis

1847 5190 1963 5229 ens.

1449 5275 1704 5338 VARIAE
1739 5283 2139 5344 LECTIONES.

170 5428 329 5481 codd.

245 5358 273 5444 ί.
298 5356 569 5444 Incipiunt
594 5388 667 5398 —
694 5358 933 5430 Dionysii
969 5374 1078 5416 om.
1119 5360 1192 5428 E,
1234 5362 1396 5421 indici
1446 5367 1793 5438 epistolarum
1847 5373 2145 5444 praemittit
2190 5373 2253 5429 B.
2329 5381 2355 5414 ί
2391 5375 2433 5431 Ε
2464 5377 2790 5432 eminentem.

2922 5390 2969 5433 et
3005 5381 3270 5437 scientiam
3308 5396 3419 5437 om.

1725 5512 1975 5571 NOTAE.

248 5602 274 5627 ιι
313 5590 467 5644 Joan.
499 5591 552 5647 l:
594 5593 722 5647 an.
761 5593 821 5650 ΙΙ.

254 5659 281 5697 ι’
321 5659 456 5715 l’sal.
500 5661 825 5732 CXXXVIII,
859 5667 912 5722 6.

1922 5619 1944 5646 ο
1988 5608 2142 5662 Rom.
2176 5608 2267 5670 XI,
2297 5607 2386 5662 35.

1926 5677 1952 5717 δ
1989 5678 2218 5748 Philipp.
2248 5678 2330 5743 IV,
2360 5680 2409 5733 7.
