2002 3145
303 163 322 189 «1
332 161 379 190 I79
722 176 724 179 -

685 214 727 242 VI.
1112 213 1135 241 Λ

558 259 694 294 Sosipatro
713 258 852 285 sacerdoti.

344 306 403 333 Noli
415 306 467 333 hoc
480 304 626 332 aestimare
640 304 792 334 victoriam.
808 310 886 330 sacer
902 302 1049 337 Sosipater,
1070 302 1097 328 in

307 351 465 385 religionem
478 355 524 376 aut
536 348 649 385 gloriam
662 348 788 383 injuriam
802 348 890 375 facere
903 347 956 374 noli
969 347 1097 382 optimam

307 395 491 423 manifestam.
519 394 612 428 Neque
634 394 706 421 enim
732 397 838 429 oportet
862 392 1010 427 judicatam
1036 400 1097 419 eam

306 442 465 476 redarguas,
483 440 540 474 jam
554 439 686 475 Sosipatri
700 440 779 467 bona.
793 438 924 466 Possibile
938 438 1010 465 enim
1025 442 1052 464 et
1071 442 1097 464 te

303 490 332 512 et
345 485 412 512 alios
425 485 524 512 multos
538 484 614 512 falsis
634 488 661 511 et
679 483 830 511 manifestis
854 491 937 510 unum
957 481 983 509 ὅν
1002 487 1029 509 et
1049 489 1095 509 oc-

303 531 406 559 cultum
434 538 528 559 verum
557 531 654 558 latere:
683 529 775 565 Neque
799 530 871 556 enim
900 529 922 556 si
951 528 1014 562 quid
1043 536 1094 555 non

305 578 429 609 rubeum,
447 577 503 612 jam
519 577 620 609 album,
650 576 672 603 si
690 576 751 610 quis
765 583 818 602 non
836 582 937 610 equus,
952 582 984 601 ex
1002 581 1096 601 ncces-

301 623 383 649 sitate
399 622 490 649 homo.
514 622 560 649 Sic
572 626 661 649 autem
679 621 772 652 facies,
787 620 852 647 mihi
867 620 991 651 credens,
1009 619 1095 645 dimit-

302 671 344 694 tes
358 667 467 701 quidem
482 667 533 694 hoc
548 666 694 694 secundum
713 665 780 692 alios
800 665 901 695 dicere,
919 672 968 698 pro
981 664 1094 691 veritate

301 716 392 739 autem
406 719 468 739 vere
486 712 569 744 dices,
585 711 626 739 sic
639 711 712 738 omni
730 711 810 738 modo
823 718 884 738 esse
898 709 1094 744 inreprehensi-

300 759 363 787 bilia
384 767 454 794 quae
472 759 543 786 dicta
561 763 634 786 sunt.

673 803 728 831 VII.

482 851 630 885 Polycarpo
646 857 748 877 summo
766 849 907 877 sacerdoti.

334 895 391 931 Ego
405 897 514 932 quidem
529 897 620 923 nescio
635 896 668 923 ad
684 895 802 923 Graecos
817 900 864 922 aut
877 895 977 922 alteros
988 894 1090 927 dicens.

298 942 422 970 suilicere
443 942 579 969 arbitrans
602 941 712 976 optimis
729 941 811 973 viris,
832 941 854 968 si
868 948 962 969 verum
982 941 1017 968 ab
1035 941 1091 974 ipso

303 988 330 1015 in
347 987 436 1022 seipso
448 988 586 1022 potuerint
599 991 626 1015 et
640 994 804 1022 cognoscere
816 991 844 1014 et
856 987 955 1018 dicere,
970 993 1003 1013 an
1028 993 1091 1013 vere

299 1033 392 1060 habet.
402 1032 459 1060 Hoc
471 1033 554 1066 enim,
567 1033 745 1068 quodcunque
755 1033 880 1067 estjuxta
893 1033 979 1067 legem
992 1033 1091 1059 verita-

297 1078 342 1110 tis,
361 1081 434 1105 recte
449 1083 559 1106 ostenso
581 1083 608 1105 et
629 1085 697 1112 puro
719 1082 821 1109 stante,
843 1085 922 1105 omne
944 1078 1023 1105 aliter
1043 1078 1090 1105 lia-

295 1122 376 1156 bens,
390 1126 418 1150 et
430 1123 571 1150 veritatem
582 1122 724 1155 aﬂ'ectans,
736 1123 921 1158 redarguetur,
932 1127 961 1149 et
976 1123 1090 1150 alterum

297 1166 325 1194 ὂν
346 1175 410 1195 vere
423 1168 506 1201 ontis,
521 1171 548 1195 et
569 1167 712 1199 dissimile,
725 1172 753 1194 et
771 1167 906 1202 opinabile
924 1167 988 1194 illud
1003 1168 1090 1203 magis

294 1221 377 1248 quam
399 1212 437 1241 ἓν.
464 1213 634 1248 Supertluum
652 1213 734 1249 igitur
753 1218 810 1246 est,
834 1214 956 1241 veritatis
975 1214 1089 1242 manife-

294 1262 425 1285 statorem
439 1257 473 1285 ad
487 1258 536 1286 hos
549 1262 594 1285 aut
611 1258 669 1285 illos
684 1258 822 1286 dimicare.
837 1257 907 1285 Dicit
919 1259 990 1286 enim
1004 1267 1089 1288 unus-

296 1303 410 1338 quisque
436 1303 536 1331 habere
557 1303 691 1331 numisma
715 1304 821 1339 regale,
841 1309 868 1331 et
890 1305 983 1339 utique
1006 1305 1089 1332 habet

295 1349 431 1385 quandatn
442 1350 502 1385 puri
514 1349 663 1384 cujusdam,
676 1349 735 1384 ejus
744 1357 808 1377 vere
819 1348 941 1377 fallacem
953 1350 1086 1377 umbram.

293 1396 328 1423 Et
341 1396 364 1423 si
380 1396 452 1423 Inmc
464 1396 620 1431 redarguas,
633 1396 702 1424 alter
712 1402 740 1424 et
756 1397 853 1424 iterum
865 1396 933 1424 alter
944 1397 977 1424 de
992 1397 1086 1424 eodem

294 1441 444 1470 contendit.
468 1442 569 1470 Eodem
588 1447 678 1470 autem
693 1450 757 1470 vere
774 1443 862 1478 posito
882 1448 955 1470 recte
971 1443 1084 1474 ratione,

293 1491 321 1514 et
336 1487 370 1515 ab
389 1487 449 1514 aliis
462 1488 588 1515 omnibus
602 1488 701 1515 selecto
718 1488 832 1521 ridente,
847 1495 927 1515 omne
945 1489 1016 1523 quod
1032 1496 1085 1515 non

295 1533 335 1560 sic
348 1540 396 1567 per
408 1534 499 1561 omnia
514 1534 627 1567 habens,
641 1534 756 1569 idipsum
769 1541 802 1562 ex
815 1534 905 1569 seipso
918 1535 1087 1569 irreprehen-

295 1580 367 1607 sibili
383 1584 454 1607 statu
477 1588 540 1608 vere
553 1588 619 1609 vero
632 1581 785 1616 expellitur.
809 1581 866 1608 Hoc
883 1581 975 1616 igitur,
991 1586 1021 1608 ut
1042 1589 1086 1609 ar-

292 1625 390 1658 bitror,
404 1625 471 1653 bene
485 1634 661 1661 cognoscens,
676 1635 728 1653 non
745 1627 891 1654 acecleravi
912 1627 945 1654 ad
966 1627 1086 1655 Graecos

293 1675 338 1697 aut
360 1670 461 1698 alteros
483 1671 574 1698 dicere
592 1680 598 1698 :
619 1672 665 1699 sed
682 1672 806 1698 idoneum
824 1672 887 1699 mihi
901 1677 928 1699 et
949 1672 1000 1699 hoc
1015 1672 1085 1700 Deus

293 1717 356 1748 det,
379 1717 412 1744 de
434 1717 546 1744 veritate
561 1717 631 1745 scire
646 1717 777 1752 primum,
793 1718 889 1745 deinde
905 1719 1036 1745 scientem
1056 1724 1087 1746 ut

247 1786 249 1790 .
294 1766 401 1796 oportet
425 1762 525 1789 dicere.
545 1762 592 1789 Ubi
608 1767 705 1790 'autem
727 1763 826 1797 inquis,
843 1763 1003 1792 maledicere
1019 1765 1083 1792 mihi

293 1808 442 1842 sophistam
458 1808 687 1843 Apollophanem,
708 1814 736 1837 et
757 1814 897 1844 paternam
922 1811 1084 1839 sententiam

293 1855 464 1887 revocando,
492 1859 618 1889 tanquam
642 1855 807 1883 Graecorum
834 1856 859 1884 in
885 1856 1002 1886 Graecos
1031 1866 1084 1886 non

294 1904 389 1930 sancte
407 1900 503 1927 utenti.
518 1900 552 1927 Et
569 1901 676 1935 quidem
699 1902 732 1928 ad
750 1902 836 1937 ipsum
851 1910 900 1930 nos
921 1907 980 1931 erat
995 1905 1085 1932 verius

292 1945 393 1977 dicere,
407 1946 542 1980 quomodo
555 1945 649 1974 Graeci
665 1947 763 1975 divinis
776 1956 828 1975 non
843 1953 936 1976 sancte
955 1949 980 1976 in
994 1950 1083 1977 divina

292 1995 413 2024 utuntur,
430 1999 479 2026 per
496 1992 655 2026 sapientiam
672 1992 719 2020 Dei
739 1992 860 2020 divinum
874 1994 1009 2028 expellere
1028 2000 1085 2022 ten.

293 2041 381 2064 tantes
396 2037 507 2064 cultum.
521 2037 555 2064 Et
571 2037 610 2065 sic
632 2037 743 2064 multam
765 2045 814 2073 ego
827 2038 937 2073 quidem
952 2039 1013 2066 dico
1026 2039 1083 2075 glo-

293 2083 363 2110 riam
385 2083 545 2118 quibusdam
576 2088 730 2117 poetarum,
755 2084 931 2111 materialiter
949 2090 977 2112 et
999 2086 1084 2120 passi-

292 2128 383 2156 biliter
399 2129 606 2161 remanentium,
623 2133 650 2156 et
664 2133 806 2156 creaturae
820 2134 913 2157 contra
927 2129 1084 2158 Creatorem

292 2176 477 2207 servientium.
493 2174 546 2201 Sed
558 2180 586 2202 et
597 2174 653 2209 ipse
664 2175 861 2210 Apollophanes
874 2183 926 2202 non
939 2181 1033 2203 sancte
1044 2177 1085 2203 di-

294 2221 363 2249 vinis
377 2221 404 2248 in
417 2220 507 2247 divina
525 2220 617 2247 utitur.
636 2219 673 2247 Ea
685 2220 755 2247 enim
770 2220 943 2248 existentium
958 2222 1082 2254 scientia,
1099 2241 1122 2269 Ι)

293 2266 362 2293 bene
369 2266 439 2293 dicta
451 2265 485 2292 ab
496 2265 580 2299 ipsius
590 2265 768 2300 philosophia,
782 2271 809 2292 et
821 2274 836 2292 a
849 2266 940 2293 divino
948 2266 1030 2294 Paulo
1041 2275 1085 2295 sa-

292 2310 396 2347 pientia
414 2310 461 2337 Dei
477 2315 571 2338 vocata
585 2316 608 2342 α,
628 2315 654 2338 et
676 2311 710 2337 ad
731 2311 866 2338 causalem
885 2312 1003 2346 ipsorum
1026 2313 1085 2340 exi-

293 2355 423 2383 stenlium
444 2359 471 2382 et
494 2356 621 2383 scientiae
641 2363 745 2388 corutn,
760 2357 880 2390 oportuit
901 2357 991 2385 reduci
1006 2365 1085 2386 veros

294 2402 476 2437 philosophos.
499 2401 532 2428 Et
550 2407 577 2429 ut
597 2410 650 2429 non
667 2402 750 2437 ipsam
772 2402 902 2435 aliorum,
927 2408 972 2430 aut
996 2396 1081 2439 ipsam

293 2448 380 2483 ipsius
393 2447 462 2474 ultra
479 2447 550 2482 quod
567 2448 712 2482 putandum
733 2447 875 2483 redarguat
900 2449 964 2483 quid
979 2450 1082 2484 opinio-

294 2500 375 2526 nem,
398 2497 504 2527 oportet
525 2492 695 2520 cousiderare
716 2493 926 2528 Apolloplianem
939 2515 948 2528 ,
974 2495 1082 2529 sapiens

293 2539 340 2575 qui
366 2543 429 2573 est,
455 2546 509 2566 non
535 2538 614 2566 aliter
636 2539 780 2574 aliquando
803 2540 923 2574 potuisse
939 2541 1082 2570 caelestem

981 155 1123 184 JDANNIS
1143 155 1243 184 SCO'I'I

1882 157 1948 186 HN

1151 212 1342 239 transcendere
1366 212 1562 239 ordinationem
1592 216 1619 240 et
1649 213 1822 245 motionem,
1850 213 1873 240 si
1900 222 1947 242 non

1149 256 1237 290 ipsum
1253 258 1359 284 esscndi
1375 258 1459 291 ipsam
1479 262 1506 284 et
1527 259 1596 285 bene
1616 259 1794 292 eminentem,
1808 264 1840 287 et
1857 268 1948 287 causa-

1149 301 1202 328 lem
1225 302 1365 330 habuisset
1386 302 1412 329 in
1435 303 1487 330 hoc
1504 308 1673 335 moventem,
1694 304 1845 332 facientem
1858 307 1946 332 omnia

1148 349 1176 372 et
1204 344 1442 383 transformantem
1472 347 1620 375 secundum
1647 356 1756 376 sacrum
1784 350 1905 377 verba
1925 351 1946 376 δ.

1148 390 1287 424 Quomodo
1305 392 1388 425 igitur
1408 399 1460 419 non
1484 392 1549 419 colit
1570 393 1736 428 incognitum
1757 395 1859 427 nobis,
1875 400 1904 422 et
1918 404 1945 422 ex

1148 437 1199 464 hoc
1227 442 1255 464 ct
1276 444 1339 465 vere
1361 437 1543 469 existentem,
1574 442 1601 465 et
1630 447 1695 466 vere
1727 439 1816 467 Deum
1848 441 1947 468 ducens

1146 490 1207 510 eum
1235 483 1420 511 causalissima
1446 488 1474 511 et
1498 484 1709 519 superiuetl‘abili
1743 486 1866 517 virtute,
1891 495 1947 513 eum

1146 528 1186 555 sol
1205 528 1238 555 ab
1263 528 1321 563 ipso
1343 532 1371 556 et
1394 528 1456 555 qua
1480 529 1627 559 secundum
1646 530 1776 558 virtutem
1799 536 1830 558 et
1849 536 1946 558 statu

1146 573 1460 608 supernaturalissimum
1490 574 1571 601 simul
1601 575 1730 603 universo
1764 576 1804 603 ad
1839 578 1946 603 omnino

1146 618 1285 645 immobile
1304 618 1481 651 deﬁniuntur,
1506 623 1534 646 et
1555 620 1582 646 in
1607 627 1762 648 mensuram
1787 621 1846 648 diei
1870 622 1946 648 totius

1147 664 1171 689 in
1196 664 1297 690 eisdem
1319 668 1392 690 stant
1413 664 1503 690 nuntia
1519 665 1812 699 signis‘?Aut,quod
1836 674 1872 692 eo
1895 674 1944 692 aui-

1145 709 1235 742 plius,
1269 709 1401 742 siquidem
1433 710 1558 737 omnibus
1581 715 1608 737 et
1633 711 1796 738 melioribus
1821 717 1851 739 ct
1884 720 1942 739 eon—

1147 755 1293 781 tiucutibus
1308 756 1315 769 ¹
1330 755 1369 781 sic
1391 756 1492 782 erectis
1515 763 1569 782 non
1590 757 1778 784 circumducta
1803 762 1871 784 sunt
1882 765 1943 791 quae

1145 801 1335 827 continentur?
1359 801 1391 827 Et
1423 809 1485 828 cum
1516 802 1570 828 alia
1596 803 1730 836 quaedam
1757 804 1822 831 dies
1852 811 1942 831 secun-

1145 847 1207 873 dum
1227 847 1431 873 continuitatem
1456 847 1511 874 fere
1536 848 1704 882 triplicatur,
1734 853 1763 876 et.
1799 850 1827 876 in
1856 850 1941 883 viginti

1145 894 1269 919 omnibus
1296 893 1369 920 horis
1394 894 1443 926 lit,
1471 895 1542 927 quod
1565 902 1618 921 non
1639 895 1715 922 omni
1740 899 1871 929 ten-pore
1892 896 1941 921 ἤδη

1144 939 1296 965 contrarias
1318 939 1387 966 redit
1409 944 1436 967 et
1456 941 1601 967 revertitur
1616 950 1622 967 :
1637 941 1677 967 sic
1709 941 1793 968 valde
1818 949 1941 977 superua-

1145 987 1276 1013 turalibus
1297 987 1450 1013 cconlrario
1471 987 1752 1014 circumductionibus
1779 988 1823 1014 sol
1838 988 1939 1022 proprio

1144 1040 1223 1058 cursu
1239 1032 1472 1066 quinquclormem
1495 1040 1573 1058 suum
1593 1037 1695 1058 motmn
1712 1032 1739 1058 in
1757 1032 1838 1059 horis
1853 1034 1938 1059 decem

1144 1079 1306 1104 convolvens
1318 1079 1340 1110 ’,
1354 1078 1488 1112 analytice
1501 1079 1597 1104 iterum
1612 1083 1698 1104 totum
1713 1078 1739 1104 in
1753 1079 1819 1105 aliis
1830 1079 1920 1106 decem
1932 1079 1939 1092 '

1144 1132 1239 1150 novatn
1264 1125 1399 1157 quandam
1431 1124 1589 1151 seruiturum
1622 1123 1694 1150 viam
1730 1125 1938 1158 retrogradiurr.

1142 1169 1198 1196 lloc
1223 1174 1250 1195 et
1268 1169 1430 1204 Babylonios
1454 1170 1550 1196 merito
1571 1169 1692 1201 inﬂexit,
1719 1173 1748 1195 et
1770 1170 1832 1196 sine
1858 1177 1937 1204 pugna

1142 1215 1274 1242 Ezechiae
1295 1216 1411 1250 subegit,
1433 1220 1562 1250 tanquam
1583 1215 1608 1241 in
1630 1215 1740 1249 aequali
1762 1214 1821 1242 Deo
1836 1216 1937 1242 cuidam

1142 1266 1167 1286 ct
1181 1261 1317 1295 superanti
1332 1261 1463 1287 homines.
1490 1261 1522 1287 Et
1535 1267 1621 1295 neque
1639 1261 1684 1287 hic
1701 1261 1764 1287 dico
1780 1261 1807 1287 in
1820 1261 1937 1296 Aegypto

1142 1315 1174 1333 in
1187 1315 1253 1341 guns
1265 1308 1448 1340 opcratiunes,
1460 1311 1506 1333 aut
1519 1307 1571 1333 alia
1584 1307 1719 1341 quaedam
1733 1307 1837 1334 alicubi
1853 1307 1935 1334 divina

1140 1354 1215 1387 signa
1238 1353 1318 1385 facta,
1342 1354 1387 1380 sed
1409 1354 1563 1380 communia
1585 1358 1612 1379 ct
1631 1354 1780 1386 caelestia,
1797 1358 1824 1380 et
1841 1354 1870 1380 in
1884 1354 1934 1379 uni-

1141 1406 1218 1425 verso
1246 1404 1272 1425 ct
1303 1399 1328 1424 in
1350 1399 1475 1426 omnibus
1503 1399 1696 1433 triumpliantia
1718 1398 1742 1426 δ,
1778 1399 1824 1426 Ait
1850 1404 1936 1425 autem

1140 1446 1249 1472 omnino
1271 1445 1470 1479 Apollophancs
1493 1453 1546 1472 non
1569 1453 1628 1473 esse
1651 1446 1719 1472 haec
1741 1452 1820 1471 vera.
1855 1444 1937 1480 Magis

1139 1492 1246 1525 quidem
1272 1493 1321 1518 hoc
1344 1491 1487 1518 Persarum
1510 1491 1721 1519 sacerdotalibus
1743 1491 1867 1518 infertur
1885 1498 1936 1518 ωε-

1140 1538 1244 1569 moriis,
1258 1543 1284 1564 et
1297 1538 1383 1564 adhuc
1404 1537 1473 1572 Magi
1494 1538 1669 1564 memoranda
1695 1537 1810 1572 lriplasii
1835 1538 1935 1572 ιιιςώτὶ

1139 1584 1293 1618 perﬁciunt.
1320 1583 1372 1610 Sed
1405 1583 1507 1610 licitum
1533 1584 1569 1610 sit
1591 1583 1641 1618 ipsi
1664 1584 1707 1611 his
1727 1589 1842 1619 propter
1864 1584 1936 1619 igne.

1138 1630 1251 1655 rantiam
1265 1634 1311 1655 aut
1326 1637 1450 1664 magnam
1465 1629 1694 1656 incredulitatem.
1719 1629 1767 1657 Dic
1783 1634 1878 1657 autem
1891 1630 1933 1657 ei:

1137 1674 1205 1707 Quid
1220 1675 1286 1701 dicis
1304 1675 1337 1701 de
1358 1674 1414 1709 ipsa
1433 1674 1458 1700 in
1479 1674 1590 1701 salutari
1610 1682 1690 1701 cruce
1705 1675 1778 1701 facta
1791 1674 1934 1709 eclipsi‘.’e

1138 1720 1202 1746 Nam
1227 1721 1334 1755 utrique
1356 1725 1420 1747 tunc.
1439 1720 1516 1754 juxta
1539 1720 1604 1747 solis
1625 1720 1762 1747 Civitatem
1782 1720 1867 1747 simul
1886 1721 1933 1747 ad-

1137 1768 1276 1794 venientes
1287 1772 1313 1793 ct
1324 1767 1512 1799 consistentes,
1524 1766 1683 1793 mirabiliter
1696 1766 1746 1793 soli
1759 1766 1855 1793 lunam
1866 1767 1932 1793 inci—

1137 1813 1243 1839 dentem
1258 1812 1371 1839 vidimus
1381 1827 1414 1830 —
1422 1819 1474 1838 non
1483 1811 1554 1838 enim
1562 1815 1621 1837 erat
1628 1811 1717 1838 coitus
1725 1815 1834 1846 tempus
1842 1812 1933 1838 -ἰιδ

1139 1866 1195 1883 rum
1205 1863 1293 1884 autem
1308 1858 1391 1891 ipsam
1402 1865 1415 1883 a
1429 1865 1496 1883 nona
1511 1857 1576 1883 hora
1589 1864 1672 1891 usque
1682 1863 1823 1892 vesperas,
1832 1858 1861 1884 in
1871 1857 1933 1885 solis

1136 1903 1298 1929 dimuclrum
1308 1906 1454 1936 Stlpcrnalu
1460 1902 1552 1928 raliter
1559 1902 1714 1929 cconlrario
1724 1903 1931 1930 consistentem.

1136 1947 1258 1974 Admone
1267 1952 1355 1973 autem
1364 1947 1491 1981 quiddam
1504 1951 1531 1973 et
1542 1947 1657 1974 alterum
1670 1947 1767 1981 ipsum.
1780 1946 1932 1978 Seitenim,

1136 1994 1198 2027 quia
1227 2000 1254 2020 ct
1269 2001 1395 2020 occasura
1425 1993 1510 2028 ipsum
1524 2001 1555 2020 ex
1570 1993 1754 2021 Orientalibus
1772 1994 1934 2022 videbamus

1137 2040 1319 2071 iuehoantem,
1333 2044 1360 2065 et
1380 2046 1465 2073 usque
1484 2039 1599 2065 solarem
1618 2039 1804 2066 summitatem
1822 2041 1932 2067 venien-

1137 2090 1208 2115 tem,
1234 2085 1330 2111 deinde
1356 2084 1619 2119 rctrogradicntem,
1645 2088 1672 2111 et
1696 2084 1794 2111 iterum
1822 2093 1879 2112 non
1902 2092 1933 2112 ex

1136 2131 1229 2157 eadem
1254 2135 1281 2157 et
1302 2138 1427 2157 occasum
1451 2135 1477 2157 et
1499 2130 1728 2164 repurgationem,
1752 2130 1801 2157 sed
1837 2138 1934 2158 secun-

1137 2176 1199 2202 dum
1216 2176 1379 2202 diametrum
1394 2175 1547 2202 ccontrario
1561 2175 1672 2202 factam.
1696 2174 1773 2202 Talia
1788 2181 1858 2203 sunt
1871 2181 1933 2203 tunc

1138 2222 1266 2256 temporis
1290 2220 1521 2255 supcrttalumlia,
1545 2224 1572 2247 et
1595 2220 1652 2247 solo
1672 2220 1783 2248 Christo
1802 2221 1932 2249 causalis-

1136 2267 1202 2293 simu
1227 2267 1325 2293 virtute
1349 2266 1464 2293 faciente
1492 2273 1590 2301 magna
1616 2270 1644 2292 et
1673 2266 1787 2301 ampla,
1816 2275 1932 2303 quorum

1134 2321 1186 2340 non
1208 2317 1249 2339 est
1274 2320 1402 2339 numerus
1417 2311 1437 2337 ί.
1474 2311 1547 2339 Haec
1579 2312 1601 2339 si
1637 2312 1685 2339 tibi
1703 2310 1812 2346 justum
1838 2313 1883 2340 die
1908 2318 1933 2340 et

1134 2359 1281 2394 p05sibile,
1297 2358 1474 2392 Apollophani
1501 2358 1644 2393 redargue,
1668 2363 1697 2385 et
1718 2359 1788 2386 mihi
1813 2363 1881 2387 tunc
1907 2366 1931 2387 et

1135 2404 1339 2431 convenientem
1363 2404 1410 2430 tibi
1433 2408 1461 2431 ct
1484 2403 1741 2438 conspeculantem,
1769 2408 1799 2431 et
1819 2407 1931 2440 conqui-

1135 2454 1237 2477 reulcm
1258 2450 1361 2482 omnia,
1381 2454 1408 2476 et
1429 2449 1621 2477 conferentem.
1644 2449 1764 2485 Negligit
1784 2456 1815 2478 et
1828 2453 1932 2480 divina—

1135 2497 1214 2523 tionis
1237 2501 1311 2529 tunc,
1336 2496 1436 2523 nescio.
1450 2495 1514 2523 Inde
1532 2489 1733 2531 Apollophanes
1755 2497 1843 2531 abiit,
1858 2503 1887 2526 et
1901 2499 1931 2524 ad

1136 2550 1188 2575 uie,
1213 2543 1283 2570 sicut
1302 2541 1370 2569 facta
1393 2546 1466 2575 sunt,
1485 2541 1629 2570 conferens
1650 2542 1708 2569 ait:
1730 2542 1819 2576 Haec,
1834 2551 1852 2572 o
1865 2544 1932 2572 bene

934 2607 1062 2637 VARIAE
1081 2609 1282 2639 LECTIONES.

331 2662 342 2680 ι
355 2668 380 2691 et
392 2664 582 2692 contmentibut
593 2670 648 2691 om.
662 2661 718 2689 BH.
755 2662 766 2677 ¹
786 2661 831 2690 Sic
843 2663 862 2689 A
877 2671 884 2695 ;
900 2663 921 2690 E
934 2664 1073 2694 involvens.

1112 2672 1123 2688 ³
1134 2667 1285 2695 convolvens
1300 2681 1335 2686 —
1348 2666 1436 2693 decem
1448 2673 1502 2693 om.
1516 2664 1572 2693 BH.

1052 2722 1142 2751 ΝΟΤΑ
1149 2724 1181 2750 Ε.

329 2771 344 2787 ι
363 2766 372 2793 1
392 2766 454 2793 (lor.
474 2765 505 2792 II.

331 2801 345 2821 ιι
366 2802 433 2828 Dan.
455 2800 484 2827 ll.

329 2841 342 2889 «ἶ
359 2835 535 2905 ἶῧθὶέῗξέχχ
550 2879 557 2904 ;
582 2870 603 2898 ιι
617 2870 679 2898 Par.
694 2871 822 2909 _xxxn;
850 2872 910 2900 Isai.
926 2871 1079 2906 xxxviii;

1132 2769 1221 2797 Exod.
1234 2768 1290 2802 VII,
1302 2768 1370 2800 VIII,
1385 2768 1433 2802 IX,
1447 2768 1482 2801 Χ,
1496 2768 1541 2801 XI,
1557 2769 1614 2797 XII.

1174 2810 1186 2858 ἵ
1200 2803 1419 2875 ΫοῗιξιιίἳΧΧἫὴ
1437 2804 1521 2833 Marc.
1535 2804 1594 2838 XV;
1611 2803 1678 2833 Luc.
1692 2803 1788 2834 XXIII.
