3954 5762
192 348 319 405 1181

1000 350 1247 408 VERSIO
1282 349 1564 408 OPERUM
1604 351 1662 407 S.
1705 351 2017 407 DIONYSII.
2057 384 2122 392 —
2161 353 2554 411 EPISTOLAE.

3312 363 3450 420 “83

191 461 448 532 Dionysi,
474 461 782 516 divinarum
805 461 1206 518 vicissitudines
1231 478 1431 517 rerum.
1474 462 1642 517 Tanta
1675 478 1771 533 per
1797 470 1842 528 Α
1875 464 1983 517 Iule
2024 465 2076 519 in
2119 466 2321 534 optima
2366 475 2848 536 lransvocatorum,
2879 480 2930 528 et
2958 488 3310 545 quaecunque
3339 476 3442 530 alia

186 554 472 624 epistolam
523 570 554 608 a
598 553 754 608 nobis
792 555 934 609 dicta
976 564 1121 609 sunt.
1171 555 1248 610 Tu
1293 567 1472 611 autem
1523 557 1765 620 idoneus,

186 656 242 700 et
278 660 418 714 quae
456 645 650 700 desunt
682 645 996 716 adimplere,
1023 657 1078 702 et
1101 648 1370 703 adducere
1396 648 1631 717 perfecte
1661 649 1769 702 Deo

186 735 363 790 vitum
409 735 708 804 sapientem
750 735 979 790 multum
1021 736 1362 800 existentem,
1404 745 1458 791 et
1496 752 1626 792 sane
1662 751 1764 790 non

184 824 549 895 indignantem
579 833 859 880 mansuete
896 825 1105 892 discere
1136 826 1593 897 supersapienlem
1643 825 1766 881 reli-

183 916 360 985 gionis
379 925 596 972 nostrae
619 915 924 972 veritatem.

906 1027 1041 1083 VIII.

183 1119 488 1190 Demophilo
518 1119 900 1242 therapeutaeb‘
948 1120 1011 1201 de
1039 1119 1248 1188 propria
1289 1117 1688 1173 mansuetudine
1713 1128 1760 1172 et

883 1200 1099 1242 mutate.

883 1200 1099 1243 mutate.

250 1278 620 1336 Hebraeorum
651 1279 908 1334 historiae
929 1279 1099 1343 aiunt,
1123 1295 1156 1335 ο
1187 1289 1310 1333 nate
1335 1279 1653 1350 Dcmophile
1669 1319 1682 1341 ,
1706 1287 1762 1334 et

172 1387 390 1427 sacrum
445 1372 592 1426 illum
634 1371 848 1442 Moysen
893 1386 990 1440 per
1019 1371 1241 1425 multam
1290 1373 1758 1426 mansuetudinem

171 1466 356 1522 divina
405 1465 641 1521 amicitia
675 1463 1060 1535 dignefactum.
1099 1463 1162 1517 Et
1205 1463 1248 1517 si
1298 1465 1584 1532 aliquando
1633 1479 1754 1518 cum

171 1565 329 1610 extra
351 1557 588 1609 divinum
612 1555 812 1608 vultum
844 1555 864 1585 ¹
895 1555 1138 1608 scribunt
1171 1554 1213 1619 ³,
1243 1569 1345 1607 nou
1375 1555 1546 1624 prima
1578 1564 1753 1608 tamen

173 1645 586 1700 mansuetudine
625 1643 920 1713 expellunt.
977 1644 1171 1698 Dicunt
1217 1657 1376 1705 vero,
1427 1643 1554 1712 quia
1602 1642 1754 1696 valde

169 1735 447 1805 arroganti
492 1744 548 1790 et
596 1735 865 1790 resistenti
912 1733 1110 1787 divinis
1155 1733 1400 1789 consiliis
1420 1760 1438 1796 τ,
1482 1733 1652 1788 iratus
1681 1734 1752 1788 sit

1868 557 1935 612 de
1976 557 2410 612 benefactoribus
2453 560 2658 628 angelis
2706 561 2969 632 theologia
3012 565 3191 618 tradit.
3244 565 3348 620 Sed
3391 576 3446 622 et

1868 660 1995 700 vere
2040 647 2229 716 Optimi
2290 657 2343 701 et
2397 651 2745 719 supemptinti
2791 652 2990 707 Christi
3040 653 3443 711 benefacientes

1869 737 2046 793 radios
2088 738 2139 792 in
2179 738 2396 794 silentio
2440 741 2801 809 accipientes,
2853 742 2922 796 ab
2965 745 3095 812 ipsis
3135 746 3188 798 itt
3234 745 3442 801 divinas

1864 829 2096 899 optimas
2121 830 2464 898 operationes
2487 830 2604 898 ejus
2628 831 2771 885 clare
2796 833 3058 887 ducimur.
3101 834 3231 888 Nam
3260 850 3438 890 nonne

1863 928 1947 972 est
1987 920 2394 988 potentissimae
2443 929 2498 974 et
2548 936 2709 990 super
2760 922 3086 976 intellectum
3138 925 3433 988 bonitatis,

1862 1012 1988 1080 quia
2028 1011 2312 1065 existeutia
2354 1027 2472 1066 esse
2517 1012 2664 1074 facit,
2707 1023 2760 1065 et
2808 1014 2934 1082 quia
2975 1015 3154 1068 omnia
3205 1017 3338 1070 haec
3372 1019 3438 1070 al

1860 1119 1981 1157 esse
2025 1103 2266 1168 adduxit,
2317 1113 2372 1156 et
2410 1104 2590 1158 omnia
2634 1104 2743 1158 vult
2785 1119 2996 1173 semper
3032 1104 3147 1159 fieri
3187 1110 3436 1177 approxi-

1859 1193 2064 1247 mautia
2109 1193 2252 1253 sibi,
2305 1202 2358 1246 et
2401 1195 2858 1248 communicantia
2907 1211 3095 1248 eorum
3139 1213 3277 1265 quae
3309 1191 3437 1252 Sunt

1859 1282 1994 1351 ejus,
2037 1285 2330 1338 secundum
2379 1283 2708 1353 singulorum
2751 1286 3257 1353 opportunitatem?
3300 1286 3437 1354 Quid

1858 1385 2060 1438 autem,
2108 1375 2232 1443 quia
2275 1383 2330 1428 et
2367 1375 2715 1430 redeuntibus
2757 1376 3059 1430 amabilder
3101 1377 3348 1442 habetur,
3384 1386 3439 1432 et

1857 1467 2152 1530 contendit,
2196 1476 2249 1520 et
2290 1466 2563 1521 desiderat
2594 1483 2698 1522 non
2732 1468 3057 1537 indignando
3085 1478 3329 1523 amantes
3381 1480 3435 1524 et

1856 1555 2141 1612 deliciosos
2169 1555 2332 1624 ipsos,
2357 1563 2410 1609 ct
2456 1555 2507 1608 iu
2551 1571 2743 1610 vanum
2767 1565 3083 1610 accusantes
3105 1556 3353 1622 sustinet,
3382 1569 3436 1612 et

1856 1645 1970 1715 ipse
2013 1644 2272 1711 defendit,
2316 1646 2485 1714 magis
2536 1646 2800 1714 promittit
2839 1660 3032 1700 curare
3057 1687 3071 1706 ,
3119 1655 3173 1700 et
3210 1647 3260 1700 itt
3299 1647 3428 1716 ipsis

1854 1736 2108 1805 perfectis
2135 1737 2212 1791 sic
2241 1737 2624 1792 accedentibus
2651 1737 2888 1791 accurrit
2909 1745 2962 1790 et
2983 1738 3181 1801 obviat,
3210 1748 3266 1791 et
3292 1748 3433 1793 totus

167 1825 358 1880 furore
385 1825 644 1880 Dominus
669 1838 719 1879 ε.
751 1824 886 1880 Cum
910 1833 1090 1879 autem
1117 1825 1288 1894 ipsum
1329 1824 1749 1893 praedicatorem
1785 1827 1826 1884 Β
1857 1837 1996 1884 totos
2037 1829 2365 1897 amplectens
2403 1828 2635 1891 salutat,
2684 1837 2736 1882 et
2776 1844 2879 1882 non
2922 1837 3141 1882 accusat
3181 1829 3246 1882 de
3290 1829 3433 1898 prio-

167 1915 377 1970 facinnt
402 1915 599 1970 divinis
631 1915 903 1986 judicibus
925 1915 1100 1984 dignis
1125 1955 1140 1978 ,
1171 1930 1236 1969 ex
1267 1923 1393 1970 ante
1419 1914 1601 1968 habita
1628 1914 1751 1968 boni

166 2009 351 2064 divina
373 2009 671 2064 imitatione
692 2008 1054 2078 praedicatur.
1079 2007 1288 2061 Etenim
1310 2017 1423 2062 erat
1445 2015 1754 2060 mansuetus

165 2093 364 2166 nimis,
402 2109 456 2156 et
497 2109 717 2169 propter
758 2100 861 2155 hoc
909 2099 1108 2152 dicitur
1148 2098 1382 2153 famulus
1425 2097 1552 2161 Dei,
1600 2107 1657 2152 et
1698 2097 1749 2151 in

166 2191 408 2246 divinam
430 2191 691 2246 visionem
720 2189 877 2244 simul
898 2190 1147 2244 omnibus
1168 2189 1442 2259 prophetis
1465 2187 1678 2258 dignior
1699 2189 1747 2241 b.

166 2281 279 2339 Sed
323 2291 380 2338 et
407 2284 472 2338 ad
503 2298 627 2337 eum
673 2291 726 2337 et
759 2281 938 2336 Aaron
967 2281 1086 2336 duri
1125 2281 1344 2351 quidam
1374 2281 1441 2335 de
1466 2282 1750 2351 principali

166 2373 473 2429 sacerdotio
500 2383 555 2428 et
586 2373 761 2443 gentis
795 2372 1100 2442 principatu
1130 2371 1550 2438 contendebant,
1586 2388 1752 2442 supe-

165 2481 294 2520 rare
347 2465 564 2534 quidem
594 2465 739 2518 omni
777 2478 959 2518 amore
995 2465 1215 2519 honoris
1239 2473 1297 2519 et
1335 2479 1523 2520 amore
1553 2467 1754 2536 princi-

164 2563 326 2625 patus
351 2595 365 2620 ,
396 2563 450 2610 et
478 2554 687 2624 accepit
732 2554 843 2610 Deo
885 2554 1061 2622 judice
1107 2554 1289 2624 populi
1331 2557 1744 2626 praestantiam.

163 2645 432 2712 Quoniam
501 2646 717 2715 quidem
763 2653 818 2700 et
867 2645 1401 2716 superimposueruut
1449 2648 1532 2711 ei,
1581 2658 1634 2702 et
1681 2647 1749 2702 de

167 2738 442 2808 prioribus
472 2739 900 2809 improperantes
947 2737 1313 2803 minabantur,
1367 2749 1421 2794 et
1462 2739 1574 2810 jam
1637 2738 1749 2795 fere

165 2829 606 2899 praevaluerunt,
638 2829 892 2884 clamavit
912 2830 1126 2899 quidem
1163 2839 1474 2885 mansuetus
1498 2831 1664 2884 Deuzn
1695 2831 1748 2886 in

165 2922 418 2977 salutem.
450 2921 695 2976 Confisus
723 2930 808 2976 est
837 2929 1019 2976 autem
1044 2921 1198 2976 valde
1225 2921 1462 2986 humilis,
1493 2921 1745 2990 quoniam

165 3015 421 3068 omnibus
463 3021 611 3067 esset
669 3012 826 3066 malis
864 3012 1133 3067 inchoatis
1179 3011 1575 3068 inaccusabiiis.
1627 3011 1745 3066 Jam

161 3104 311 3158 enim
338 3143 352 3168 ,
396 3117 518 3157 nam
545 3104 783 3172 oportuit
809 3093 1199 3171 colloquentem
1245 3103 1355 3158 Deo
1399 3103 1636 3170 optimo,
1679 3100 1747 3159 ad

1855 1919 2026 1984 ribus,
2053 1919 2148 1974 sed
2171 1918 2344 1987 diligit
2367 1917 2764 1983 advenientem,
2803 1926 2858 1973 et
2893 1917 3031 1972 diem
3074 1918 3266 1972 festum
3299 1919 3428 1988 agit,

1853 2021 1909 2068 et
1931 2020 2192 2067 convocat
2215 2011 2440 2074 amicos,
2465 2010 2710 2065 videlicet
2736 2010 2992 2080 optimos,
3016 2018 3074 2063 ut
3098 2010 3167 2064 sit
3193 2010 3430 2063 omnium

1853 2098 2169 2154 laetantium
2198 2098 2458 2153 habitatio
2478 2097 2529 2150 ἀ.
2560 2097 2902 2166 Demophilus
2925 2108 3125 2162 autem,
3152 2106 3208 2152 et
3236 2097 3280 2152 si
3310 2099 3433 2168 quis

1851 2187 1990 2242 alius
2025 2187 2242 2256 optimis
2282 2185 2539 2251 infestus,
2595 2185 2748 2240 valde
2803 2185 2948 2254 jnste
2996 2187 3323 2256 increpatur,
3371 2197 3426 2242 et

1854 2278 2077 2334 docetur
2117 2278 2275 2342 bona,
2317 2286 2372 2331 et
2411 2278 2785 2333 melioratur‘.
2831 2276 3108 2344 Quomodo
3145 2277 3286 2334 enim
3325 2293 3429 2332 non

1851 2371 2154 2438 oportebat,
2198 2370 2437 2438 inquam,
2483 2370 2744 2438 optimum
2791 2368 2843 2422 in
2885 2368 3058 2422 salute
3096 2369 3428 2437 perditorum

1852 2461 2038 2516 laetari
2085 2469 2140 2515 et
2181 2460 2290 2515 vita
2336 2459 2714 2514 mortuorum?
2765 2460 2949 2529 Itaque
2988 2467 3041 2512 et
3083 2458 3135 2513 in
3180 2460 3433 2514 humeros

1855 2552 2030 2616 tollit,
2079 2552 2344 2630 quos-vix
2393 2550 2461 2605 ab
2507 2565 2694 2605 errore
2743 2549 3046 2616 convertit,
3097 2557 3153 2603 et
3199 2551 3433 2620 optimos

1851 2647 2072 2716 angelos
2116 2646 2168 2700 in
2211 2646 2469 2700 laetitiam
2514 2646 2777 2710 suscitat,
2829 2654 2884 2700 et
2925 2645 3096 2701 bonus
3139 2655 3223 2702 est
3268 2662 3432 2716 super

1852 2735 2114 2806 ingratos,
2145 2744 2200 2789 et
2238 2735 2366 2790 oriri
2408 2733 2539 2790 ficit
2580 2733 2746 2789 soletn
2793 2748 2949 2788 suum
2989 2748 3152 2802 super
3180 2735 3350 2789 honos
3379 2743 3432 2790 et

1851 2826 2044 2891 malos,
2087 2834 2143 2882 et
2177 2827 2346 2895 ipsam
2371 2826 2604 2880 animam
2647 2841 2797 2880 suam
2840 2825 2991 2894 ponit
3026 2841 3125 2895 pro
3165 2827 3432 2898 refugien-

1852 2924 1992 2978 tibus
2051 2934 2096 2975 θ.
2145 2921 2221 2976 Tu
2271 2937 2438 2986 vero,
2500 2930 2560 2975 ιιι
2610 2920 2798 2976 literae
2845 2930 2968 2973 tuae
3009 2919 3325 2983 decIat'ant,
3375 2931 3432 2978 et

1848 3016 2211 3085 procideutetn
2236 3013 2524 3076 sacerdoti,
2549 3022 2605 3066 ut
2626 3012 2730 3076 ais,
2757 3011 2978 3079 imptum
3003 3019 3059 3064 et
3089 3011 3192 3064 mal
3236 3027 3308 3078 m,
3337 3027 3430 3066 ne-

1849 3108 1962 3162 scio
1984 3107 2253 3177 quomodo
2274 3105 2340 3161 de
2367 3106 2482 3175 ipso
2506 3118 2761 3174 praesens
2784 3101 3156 3156 recalcitraSti.
3197 3101 3424 3169 Deinde,

169 3194 272 3248 hoc
303 3192 588 3262 praecipua
640 3191 1014 3254 similitudine,
1065 3200 1322 3260 quantum
1371 3190 1526 3257 licet,
1576 3188 1818 3265 refor—C
1847 3197 1989 3266 quod
2038 3196 2255 3266 quidem
2297 3195 2576 3264 oportuit,
2643 3193 2930 3249 confitetur
2980 3192 3048 3248 ad
3103 3191 3426 3248 medicinam

168 3284 327 3347 mari,
377 3283 429 3337 in
461 3298 519 3337 se
556 3281 886 3352 intelligebat
930 3282 1038 3337 Deo
1074 3280 1332 3335 amabiles
1379 3280 1740 3349 operationes.

165 3375 307 3440 Quid
334 3385 514 3428 autem
545 3371 638 3427 Dei
665 3380 872 3442 patrem
897 3371 1063 3425 David
1090 3368 1321 3424 faciebat
1352 3369 1447 3423 Dei
1471 3366 1744 3424 amicum?

166 3465 380 3519 Etenim
417 3464 649 3533 optimus
678 3463 974 3527 existebat,
1023 3469 1078 3516 et
1116 3475 1242 3531 erga
1283 3459 1560 3515 inimicum
1600 3459 1740 3529 opti-

165 3571 307 3610 mus.
342 3555 543 3619 Inveni,
575 3555 766 3624 inquit,
799 3552 1219 3623 superoptimus,
1255 3552 1462 3606 amicus
1484 3550 1740 3621 optimus,

164 3647 340 3700 virum
377 3647 670 3700 secundant
703 3661 797 3700 cor
830 3659 1032 3698 meum.
1062 3644 1128 3697 Et
1177 3643 1393 3714 quidem
1423 3643 1509 3698 lex
1539 3641 1742 3711 optima

162 3739 359 3792 donata
389 3747 471 3791 est
491 3777 506 3802 ,
539 3747 594 3790 et
635 3736 932 3806 subjugatis
957 3734 1173 3790 inimico
1197 3735 1497 3803 providere.
1526 3734 1594 3787 Et
1618 3730 1740 3797 .Iob,

163 3838 224 3883 ut
250 3827 510 3882 malitiam
538 3842 641 3882 non
666 3827 892 3890 habens,
910 3824 1238 3894 jttstilicatus
1258 3834 1361 3879 est.
1377 3824 1442 3878 Et
1463 3821 1660 3892 Joseph
1687 3821 1740 3875 itt

161 3917 630 3987 supergredientes
650 3916 846 3971 fratres
863 3931 966 3970 non
987 3914 1294 3972 vindicavit.
1311 3913 1522 3970 EtAbel
1541 3911 1745 3983 simpli-

161 4010 304 4064 citer
347 4018 403 4064 et
453 4009 758 4079 insuspecte
797 4008 1047 4064 convenit
1079 4006 1407 4063 fratricidae.
1447 4008 1516 4062 Et
1565 4006 1741 4061 omnis

163 4101 434 4172 theologia
495 4101 783 4157 deiformes
851 4101 1145 4171 praedicat,
1193 4116 1298 4156 non
1357 4109 1482 4156 ante
1536 4099 1736 4156 intelli-

158 4202 354 4262 gentes
409 4193 570 4259 mala,
621 4208 726 4247 non
780 4201 908 4246 a:.te
967 4192 1226 4248 facientes
1271 4203 1293 4231 ε
1353 4211 1364 4245 :
1425 4193 1521 4247 sed
1564 4208 1739 4261 neque

161 4287 232 4342 ab
285 4287 511 4340 aliorum
572 4285 776 4340 malitia
824 4299 891 4338 ex
939 4285 1143 4352 optimo
1190 4293 1424 4340 mutatos
1487 4294 1736 4340 econtra-

159 4379 248 4434 rio
289 4377 641 4440 deiformiter,
682 4384 739 4430 et
780 4376 832 4430 itt
874 4376 1042 4430 malos
1087 4376 1222 4430 bene
1252 4374 1508 4431 facientes
1555 4386 1610 4432 et
1645 4390 1739 4430 ex-

158 4469 460 4540 pendentes
496 4468 548 4522 in
596 4469 741 4538 ipsos
770 4467 992 4521 multam
1023 4465 1341 4531 bonitatem,
1371 4475 1425 4521 et
1470 4467 1536 4522 ad
1562 4468 1738 4524 simile

1848 3286 2112 3340 malorum
2154 3285 2358 3340 venire.
2412 3284 2490 3338 Tu
2533 3292 2712 3337 autem
2759 3296 2866 3336 non
2905 3281 3271 3344 exhorruisti,
3322 3283 3418 3336 sed

1845 3377 2044 3431 bonum
2071 3376 2408 3430 sacerdotem
2437 3389 2557 3429 cum
2581 3372 2783 3427 ferocia
2809 3372 3113 3437 detraxisﬁ,
3145 3372 3424 3428 miscrtum

1842 3482 1962 3522 esse
1999 3466 2364 3535 poenitentis,
2419 3473 2475 3519 et
2521 3463 2741 3532 impium
2777 3460 3182 3539 justiftcantetn.
3250 3461 3316 3516 Et
3359 3462 3427 3520 ad

1847 3561 2006 3616 liuent
2041 3559 2246 3628 :Vade,
2293 3556 2494 3626 inquis,
2517 3553 2806 3617 sacerdoti,
2851 3568 2975 3607 cum
3017 3551 3325 3607 similibus:
3370 3561 3428 3606 et

1842 3649 2114 3712 iusiluisti,
2142 3649 2269 3702 dum
2310 3663 2413 3701 non
2455 3654 2599 3702 esset
2631 3644 2832 3715 justus,
2860 3643 2923 3697 ad
2952 3643 3132 3714 adyta,
3161 3650 3214 3697 et
3239 3652 3425 3697 sancta

1841 3751 2150 3796 sanctorum
2194 3737 2540 3809 prohibuisti,
2583 3744 2638 3790 et
2677 3734 2870 3790 scribis
2913 3733 3086 3798 nobis,
3126 3733 3253 3802 quia
3283 3733 3426 3786 futu-

1842 3847 1960 3885 l‘lltl‘l
2005 3839 2150 3883 esset
2191 3840 2541 3896 corrumpere
2583 3837 2778 3888 sacra,
2823 3822 3045 3891 provide
3087 3820 3321 3885 salvari,
3369 3829 3425 3875 et.

1840 3922 2016 3976 adhuc
2041 3919 2462 3975 iucontaminata
2491 3916 2758 3972 custodio.
2805 3913 2959 3967 Nunc
2988 3912 3153 3982 igitur
3181 3911 3423 3966 ausculta

1840 4011 2040 4064 n0stris
2071 4026 2084 4062 :
2112 4008 2384 4076 corrigere
2417 4004 2748 4062 sacerdotem
2774 4002 2872 4056 sub
2896 4010 2946 4055 te
2968 3999 3421 4061 ministrantibus,

1837 4111 1930 4156 aut
1959 4115 2128 4170 aeque
2155 4096 2462 4169 potentibus
2504 4094 2596 4149 tibi
2641 4091 2858 4146 famulis
2883 4088 3283 4157 corrigendum,
3311 4087 3415 4141 etsi

1838 4195 2000 4263 impie
2022 4209 2180 4263 agere
2203 4191 2256 4245 itt
2281 4190 2458 4245 divina
2483 4188 2751 4250 videatur,
2778 4194 2832 4239 ct
2857 4185 2902 4239 si
2927 4180 3071 4236 aliud
3101 4179 3226 4251 quid
3252 4179 3421 4234 inter-

1837 4289 2103 4342 dictorum
2127 4284 2481 4353 redarguetur
2510 4295 2693 4352 agens.
2729 4279 2783 4333 Si
2806 4278 2950 4332 enim
2981 4277 3229 4330 inornata
3255 4283 3310 4328 et
3340 4271 3422 4326 itt-

1835 4375 2226 4443 consequentia
2243 4372 2699 4426 divinissimortun
2717 4377 2861 4430 sunt,
2878 4376 2932 4422 et
2948 4365 3140 4419 finibus
3153 4362 3424 4432 ctlegibus

1835 4466 2083 4538 expellis,
2109 4481 2214 4520 non
2248 4465 2409 4519 habet
2445 4461 2706 4516 rationem
2745 4473 2844 4528 pro
2879 4459 3009 4522 Deo,
3033 4455 3143 4509 Deo
3170 4451 3419 4507 traditam

157 4565 458 4624 clementer
482 4568 788 4616 evocantes.
822 4559 929 4614 Sed
958 4559 1205 4629 superius
1234 4561 1599 4630 respiciemus,
1629 4578 1734 4617 non
1765 4559 1813 4618 D
1841 4557 2076 4614 subverti
2113 4553 2528 4610 ordiuationeut.
2580 4547 2694 4602 Non
2730 4547 2873 4601 enim
2916 4547 2969 4600 in
3009 4543 3245 4612 seipsum
3283 4541 3422 4594 Deus

156 4654 402 4708 virorum
425 4667 701 4707 sacrorum
722 4653 1053 4716 honestatos,
1079 4666 1183 4706 noo
1206 4653 1560 4708 humanorum
1579 4669 1743 4726 ange-

158 4746 335 4801 lorum
351 4745 644 4801 bonitatem
659 4744 1029 4808 enunciantes,
1045 4745 1456 4815 propiciantium
1471 4748 1738 4816 gentibus,

157 4846 216 4893 et
248 4836 648 4892 obsecrantium
688 4852 787 4907 pro
830 4837 911 4892 eis
953 4837 1140 4902 Deum,
1180 4846 1236 4892 et
1267 4839 1490 4908 perditis
1519 4847 1573 4894 et
1601 4839 1741 4895 male

158 4928 449 4998 agentibus
492 4927 939 4984 comminantium
989 4929 1462 4998 multitudinibus,
1516 4941 1571 4986 et
1611 4947 1739 4988 con-

159 5018 494 5074 tristantium
531 5016 750 5087 quidem
787 5020 853 5073 de
891 5019 1068 5086 malis,
1095 5019 1405 5076 laetantium
1437 5036 1615 5077 auem
1647 5037 1731 5076 sa-

1421 5129 1673 5185 VARIAE
1711 5123 2120 5186 LECTIONES.

239 5222 742 5298 iliidex_monarlto.
820 5226 841 5254 ¹
870 5224 910 5277 Ε
937 5226 1158 5298 cultum.
1236 5225 1255 5257 ³
1295 5224 1381 5280 ΒΗ
1415 5225 1670 5281 tribuunt.
1748 5221 1768 5252 ⁸
1810 5225 1901 5282 Sic
1929 5223 2013 5288 A;
2051 5217 2139 5286 ΒΗ
2173 5218 2455 5298 increpat

152 5303 344 5366 crepat
366 5303 418 5348 ct
439 5295 599 5349 docet
622 5289 761 5345 bona
791 5301 846 5348 et
878 5297 1203 5351 melioratur.

1843 4648 2073 4719 partitus
2099 4655 2200 4700 est.
2236 4643 2514 4710 Quomodo
2542 4639 2684 4694 enim
2715 4637 2878 4692 stabit
2908 4649 3130 4707 regnum
3160 4631 3319 4702 ejus?
3359 4630 3424 4682 Et

1807 4767 1809 4770 έ
1841 4739 1886 4792 si
1922 4737 2012 4792 Dei
2043 4744 2126 4792 est
2146 4777 2161 4801 ,
2215 4743 2272 4787 ut
2297 4733 2511 4805 eloquia
2543 4729 2722 4792 aiunt,
2755 4726 3014 4797 judicium
3043 4722 3088 4788 ί,
3115 4719 3425 4775 sacerdotes

1843 4839 2021 4885 autent
2051 4826 2223 4897 angeli
2261 4834 2317 4879 et
2352 4824 2649 4898 prophetae
2686 4828 2809 4888 post
2843 4830 3082 4886 summos
3111 4811 3423 4866 sacerdotes

1844 4931 1972 4980 sum
2004 4921 2312 4974 diVilIOI‘Um
2362 4917 2690 4994 iudiciorum
2719 4952 2734 4975 ,
2783 4912 2850 4966 ab
2894 4912 2981 4965 his
3016 4905 3195 4962 divina
3235 4913 3430 4954 conve-

1844 5017 2057 5072 nienter
2093 5012 2188 5066 tibi
2227 5025 2326 5079 per
2365 5004 2908 5079 mediostn‘tnistros,
2947 5015 3068 5057 cum
3093 4996 3164 5049 sit
3202 5002 3432 5070 tempus,

2486 5229 2544 5282 et,
2576 5211 2712 5267 docet
2740 5205 2885 5262 bona
2918 5212 2971 5259 et
2992 5193 3254 5254 meliorat;
3283 5175 3329 5242 Ε
3364 5185 3446 5240 in-

1644 5369 1894 5443 NOTAE.

226 5499 254 5528 -
290 5482 444 5548 Num,
472 5479 564 5540 x1,
600 5477 714 5548 xu.

223 5556 252 5594 δ
288 5547 442 5606 Num.
475 5549 602 5609 XII,
633 5547 799 5604 Josua
822 5552 862 5614 Ι,
897 5554 1058 5614 Num.
1088 5557 1227 5614 XVI.

149 5696 153 5697 ,
221 5621 475 5708 atra
536 5616 748 5702 sxw.
789 5621 1098 5706 mw
1158 5628 1477 5704 nea..-_x.m..
1537 5627 1734 5701 eam.

1925 5591 1948 5672 ζ
1977 5591 2371 5702 ὥξῦξᾟᾶιιιι
2395 5699 2426 5710 _
2459 5639 2541 5698 v;
2579 5603 2822 5679 LueJII-
2859 5601 2984 5634 1......
3025 5591 3064 5631 γ
