4004 6290
551 318 688 374 “83

1932 311 2215 372 JOANNIS
2256 313 2451 375 SCOTI

3674 323 3805 383 ηει

546 409 710 472 disce,
741 419 837 476 per
858 423 992 476 (ιω,
1016 412 1070 460 et
1107 418 1228 459 esse
1250 402 1484 458 famulus
1513 403 1670 475 digne
1706 401 1878 458 factus
1902 418 1982 458 es.
2008 405 2115 458 Aut
2144 411 2190 468 Α
2219 408 2457 476 quitatis.
2485 417 2668 480 itaque
2690 407 2864 476 nefas,
2881 415 2940 465 ut
2962 423 3115 466 sacra
3141 409 3353 484 eloquia
3373 412 3528 472 alunt
3545 413 3609 482 ι»,
3629 427 3810 473 sancta

547 495 806 565 numquid
830 503 886 549 et
913 509 1065 549 sacra
1095 493 1335 570 symbola
1364 493 1467 547 hoc
1489 491 1758 547 clamant?
1786 491 1997 546 Etenim
2021 508 2127 548 non

543 586 866 658 simpliciter
889 587 1140 642 omnibus
1177 585 1392 656 quidem
1420 583 1728 638 exaltantur
1768 581 1965 637 'sancta
2003 595 2132 636 san-

544 687 778 731 ctorum.
812 675 1166 746 Approximat
1212 682 1390 728 autem
1424 673 1594 743 magis
1649 672 1732 725 his
1779 685 1935 726 sacre
1963 670 2127 740 peril-

545 767 804 821 cientium
855 775 1116 832 ornatus,
1171 765 1361 819 deinde
1424 763 1764 817 sacerdotum
1795 761 2124 830 dispositio:

543 872 884 926 consequens
907 865 1086 912 autem
1117 856 1202 910 his
1225 855 1337 925 ipsa
1370 853 1792 909 ministrantium
1820 871 1833 906 :
1862 852 2129 908 ordinatis

546 962 726 1006 autem
781 950 998 1006 famulis
1044 958 1232 1020 portae
1285 947 1471 1003 talium
1525 955 1652 1003 sunt
1694 953 2032 1017 segregatae,
2060 945 2130 1001 ad

543 1055 681 1109 quas
710 1048 766 1094 et
809 1039 1182 1109 perficiuntur,
1209 1044 1262 1091 et
1303 1036 1539 1102 adstant,
1573 1051 1678 1090 non
1713 1035 1782 1090 ad
1827 1034 2127 1090 custodiam

545 1145 758 1197 earum,
782 1129 876 1185 sed
907 1138 962 1184 et
985 1129 1051 1185 ad
1093 1127 1487 1184 ordinationem
1513 1135 1566 1181 et
1586 1125 1942 1197 cognitionem
1973 1138 2128 1180 suam

547 1221 722 1288 magis
764 1218 960 1289 populo
1025 1232 1186 1288 quam
1247 1215 1608 1270 sacerdotales
1663 1215 2124 1287 approximantes.

547 1309 676 1365 Inde
708 1309 1044 1364 sacerdotum
1081 1317 1267 1363 sancta
1325 1305 1594 1361 ordinatio
1626 1305 1942 1376 principalis
1988 1304 2128 1360 reci-

547 1415 678 1471 pere
720 1416 815 1456 eos
853 1416 1007 1456 sacre
1053 1399 1204 1470 ponit
1239 1399 1433 1453 divinis
1459 1437 1475 1463 ,
1521 1398 1640 1453 aliis
1663 1438 1678 1465 ,
1710 1397 1961 1454 videlicet
1989 1397 2128 1452 inte-

550 1491 786 1547 rioribus
842 1492 996 1562 ipsis,
1049 1491 1322 1546 dationem
1369 1490 1585 1560 quidem
1634 1488 1870 1546 tradens.
1914 1488 2128 1544 Etenim

548 1583 693 1638 circa
711 1583 949 1638 divinum
973 1581 1265 1654 symbolice
1279 1588 1703 1650 semperstantes
1726 1580 1922 1646 altare,
1945 1587 2131 1634 amant

546 1681 603 1726 et
632 1672 854 1726 audiunt
885 1671 1067 1726 divina
1096 1672 1243 1728 clare
1276 1671 1357 1726 eis
1401 1672 1656 1737 revelata,
1688 1679 1744 1726 et
1776 1671 2128 1742 procedentes

548 1762 884 1818 deiformiter
912 1771 1037 1816 sunt
1069 1778 1208 1832 quae
1245 1763 1260 1793 ¹
1305 1772 1460 1819 extra
1505 1763 1686 1817 divina
1718 1761 1833 1817 vela
1876 1758 2132 1830 subjectis

550 1851 792 1917 faitiulis,
816 1861 871 1906 et
901 1866 1056 1906 sacro
1096 1853 1310 1922 populo,
1347 1864 1402 1908 et
1431 1853 1671 1923 purgatis
1711 1851 1992 1906 ordinibus
2017 1865 2133 1906 ma-

549 1939 813 1995 nifestam
865 1941 1154 1996 secundum
1185 1942 1502 2012 dignitatem
1530 1957 1686 1996 sacra
1723 1941 1859 1995 bene
1882 1941 2130 1995 inconta-

553 2034 757 2088 minata
787 2034 1072 2100 custodita,
1104 2049 1272 2104 usque
1301 2036 1426 2088 dum
1459 2033 1738 2105 tyrannice
1762 2033 1840 2088 eis
1865 2031 2130 2100 insiliens,

555 2124 892 2195 triumphare
941 2123 1036 2178 tibi
1070 2131 1256 2178 sancta
1284 2132 1591 2179 sanctorum
1625 2121 1849 2192 coegiin
1872 2120 2129 2188 nolentia,

549 2223 604 2268 et
631 2215 828 2268 habere
857 2214 1034 2285 inquis
1056 2229 1209 2269 sacra
1234 2222 1290 2270 et
1316 2212 1608 2268 custodire.
1631 2213 1700 2267 Et
1721 2212 1937 2282 quidem
1957 2226 2133 2282 neque

550 2303 754 2369 vidisti,
777 2318 951 2373 neque
974 2303 1194 2369 audisti,
1216 2317 1389 2373 neque
1410 2303 1578 2359 habes
1595 2303 1722 2372 quid
1749 2301 2132 2373 pertinentium

553 2394 622 2448 ad
679 2395 1009 2460 sacerdotes,
1040 2394 1181 2449 sicut
1231 2407 1410 2465 neque
1463 2393 1747 2449 veritatem
1795 2392 2134 2463 eloquiorum

556 2484 877 2555 cognovisti,
908 2484 1149 2554 quotidie
1171 2486 1238 2540 ad
1265 2486 1400 2541 haec
1433 2487 1597 2540 verbo
1619 2499 1885 2556 pugnans,
1909 2483 2135 2539 subver-

556 2584 677 2631 tens
704 2577 997 2642 auditores.
1027 2577 1095 2632 Et
1117 2578 1164 2632 si
1190 2577 1408 2649 quidem
1432 2577 1608 2650 gentis
1629 2577 1989 2649 principatum
2011 2577 2135 2647 quis

554 2668 792 2724 obtinuit
822 2668 1128 2725 inordinate
1158 2670 1260 2726 sibi
1284 2682 1474 2724 contra
1511 2684 1715 2738 regem,
1739 2669 1886 2740 juste
1913 2671 2135 2741 punitus

549 2768 654 2815 est.
681 2759 749 2813 Et
773 2761 818 2815 si
844 2761 1145 2832 principem
1168 2761 1553 2830 justilicantem
1574 2761 1854 2832 quosdam,
1877 2770 1973 2817 aut
1999 2776 2133 2818 con-

553 2852 918 2918 demnantem,
935 2852 1156 2908 adstans
1167 2854 1290 2922 quis
1306 2855 1406 2908 sub
1425 2853 1542 2924 ipso
1558 2853 1928 2909 ordinatorum
1949 2853 2136 2909 redar-

551 2955 715 3011 guere
761 2958 924 2999 ausus
971 2942 1063 3009 sit,
1095 2944 1334 2998 nondum
1375 2943 1520 2998 enim
1553 2943 1674 2998 dico
1726 2944 2045 3009 detrahere,
2078 2951 2134 2999 et

552 3032 711 3088 simul
739 3049 805 3088 ex
837 3035 1139 3106 principatu
1171 3035 1443 3107 expellere
1469 3075 1485 3103 ,
1545 3043 1600 3090 tu
1638 3035 1800 3093 homo
1825 3037 1904 3092 sic
1954 3036 2132 3091 audax

2226 496 2370 551 ultra
2415 497 2728 567 dignitatem
2781 501 3050 570 persequi.
3097 500 3396 558 Attendere
3442 517 3579 560 vero
3628 520 3812 559 unum-

2225 601 2494 658 quemque
2518 587 2726 658 sibiipsi
2756 597 2991 658 oportet,
3017 598 3073 644 et
3100 603 3206 644 non
3242 591 3570 657 excelsiora,
3603 601 3660 647 et
3680 609 3806 664 pro-

2227 673 2472 731 lundiora
2523 693 2765 742 noscere,
2817 677 3116 750 intelligere
3155 694 3290 750 vero
3337 681 3453 736 sola
3509 683 3809 738 secundum

2225 764 2541 835 dignitatem
2586 767 2688 822 sibi
2739 768 3010 825 ordinata.
3047 769 3189 835 Quid
3227 783 3356 841 ergo
3379 771 3424 837 ⁸,
3454 771 3665 842 inquis,
3708 784 3814 827 non

2228 863 2446 924 oportet
2469 858 2780 912 sacerdotes
2812 856 2976 927 impie
3001 865 3242 926 agentes,
3269 867 3362 912 aut
3386 860 3534 914 aliud
3565 861 3701 931 quid
3729 861 3813 915 in-

2225 942 2596 998 ordinatorum
2669 944 3071 1014 redarguendos
3123 946 3322 1016 corrigi
3367 965 3382 1000 :
3439 948 3578 1003 solis
3639 957 3817 1003 autem

2224 1029 2430 1087 licitum
2456 1033 2561 1088 erit
2601 1033 2850 1103 gloriosis
2880 1035 2934 1088 in
2986 1034 3127 1106 lege,
3157 1049 3256 1104 per
3281 1038 3813 1107 praevaricationem

2225 1121 2361 1192 legis
2411 1121 2582 1178 Deum
2629 1123 2996 1179 debonorare?
3045 1125 3113 1180 Et
3159 1127 3431 1195 quomodo
3500 1129 3818 1183 sacerdota

2225 1213 2660 1270 manifestatores
2706 1222 2833 1270 sunt
2867 1213 2998 1270 Dei?
3028 1213 3306 1283 Quomodo
3333 1218 3680 1272 annunciant
3728 1233 3818 1288 po-

2225 1304 2354 1377 pulo
2400 1304 2612 1361 divinas
2640 1306 2894 1373 virtutes,
2925 1320 3034 1361 non
3080 1316 3468 1378 cognoscentes
3507 1324 3674 1362 suam
3719 1309 3820 1363 vir-

2227 1397 2435 1454 tutem?
2451 1399 2561 1454 Aut
2579 1398 2850 1468 quomodo
2878 1398 3181 1453 illuminant
3203 1399 3478 1466 obscur-nti
3491 1400 3517 1453 ἓ
3537 1399 3821 1466 Quomodo

2227 1494 2406 1540 autem
2436 1485 2648 1541 divinos
2677 1486 2892 1541 tradent
2917 1486 3139 1556 spiritus
3176 1487 3221 1554 ',
3265 1503 3445 1558 neque
3477 1490 3527 1544 si
3565 1499 3656 1544 est
3704 1488 3821 1559 Spi-

2227 1578 2364 1632 ritus
2415 1585 2655 1641 sanctus,
2703 1575 2891 1631 habitu
2947 1584 3004 1632 et
3050 1577 3278 1632 veritate
3329 1578 3664 1633 credentes?
3715 1578 3822 1649 Ego

2229 1676 2410 1724 antem
2441 1667 2728 1726 defendam
2761 1676 2815 1724 te
2867 1668 2936 1723 ad
2991 1668 3145 1724 haec.
3183 1668 3398 1724 Etenim
3425 1685 3541 1725 non
3575 1671 3822 1726 inimicus

2161 1741 2208 1803 Β
2232 1758 2604 1829 Demophilus,
2634 1773 2808 1829 neque
2834 1759 3017 1830 patiar
3064 1767 3119 1814 te
3150 1760 3361 1831 percuti
3414 1760 3650 1816 Satana.
3691 1761 3820 1816 hia-

2231 1858 2287 1907 et
2338 1863 2693 1922 unaquaeque
2736 1849 2882 1905 circa
2932 1849 3103 1904 Deum
3149 1849 3443 1920 dispositio
3499 1851 3820 1906 deil'ormior

2231 1943 2408 2014 magis
2437 1943 2672 1998 distante
2701 1949 2807 2009 est,
2835 1949 2892 1996 et
2919 1941 3307 1996 illuminantior
3339 1941 3505 1996 simul
3536 1951 3600 1997 et
3627 1941 3824 1996 illuni.

2230 2034 2447 2089 natior:
2479 2031 2649 2104 magis
2676 2045 2808 2087 vero
2835 2031 3025 2085 lumini
3050 2030 3373 2101 proximior,
3401 2038 3458 2086 et
3485 2046 3605 2086 non
3649 2029 3825 2086 locali-

2233 2131 2319 2178 ter
2343 2122 2641 2193 excipiens,
2670 2120 2766 2177 sed
2803 2119 3101 2175 secundum
3145 2119 3240 2175 Dei
3270 2121 3637 2190 receptricem
3664 2134 3821 2188 oper.

2233 2213 2576 2270 tunissirnam
2623 2209 3045 2282 proximitatem.
3079 2208 3139 2264 Si
3167 2209 3331 2280 igitur
3357 2211 3717 2264 sacerdotum
3747 2218 3825 2264 est

2234 2303 2515 2375 dispositio
2545 2299 2917 2367 illuminatrix,
2946 2297 3165 2355 omnino
3191 2299 3391 2355 decidit
3413 2298 3438 2330 ⁸
3460 2313 3534 2354 ex
3566 2301 3822 2355 sacerdo-

2235 2395 2331 2451 tali
2359 2394 2550 2450 ordine
2589 2401 2646 2448 et
2691 2392 2914 2458 virtute,
2940 2391 3031 2460 qui
3064 2404 3170 2445 non
3201 2399 3285 2445 est
3328 2389 3699 2455 illuminator,
3740 2400 3825 2444 aut

2235 2488 2328 2544 ubi
2358 2487 2529 2557 magis
2567 2499 2674 2541 non
2717 2484 3065 2539 illuminatus.
3106 2481 3175 2537 Et
3220 2481 3394 2538 audax
3439 2481 3580 2536 mihi
3618 2481 3825 2534 videtr

2237 2578 2539 2636 ierarcbica
2609 2575 2733 2632 talis
2803 2583 3038 2638 tentans,
3091 2581 3147 2627 et
3189 2587 3366 2642 neque
3415 2572 3616 2627 metuit
3655 2588 3826 2642 neque

2235 2669 2506 2727 erubescit
2531 2667 2710 2723 divina
2738 2665 2880 2720 ultra
2907 2663 3219 2736 dignitatem
3250 2676 3612 2734 persequens,
3647 2673 3708 2718 et
3733 2678 3819 2716 ar-

2240 2763 2452 2820 bitrans
2481 2759 2652 2815 Deum
2678 2760 2946 2831 ignorare,
2978 2771 3118 2826 quae
3151 2755 3368 2826 quidem
3398 2756 3519 2826 ipse
3566 2769 3599 2808 a
3649 2755 3828 2824 seipse

2235 2853 2507 2925 cognovit,
2535 2859 2592 2908 et
2617 2850 2876 2907 seducere
2896 2847 3210 2903 arbitrando
3242 2843 3505 2901 falsivoce
3548 2860 3579 2899 a
3625 2861 3692 2900 se
3723 2845 3826 2899 Pa-

2237 2952 2375 3000 trem
2399 2951 2672 3007 vocatum,
2699 2949 2756 2996 et
2791 2940 2956 2994 audet
2987 2937 3220 3008 pollutas
3252 2950 3380 2991 suas
3423 2934 3828 3004 blasphemia.

2235 3052 2346 3093 non
2398 3036 2546 3091 enim
2590 3033 2828 3088 dicerem
2873 3031 3178 3092 orationes,
3227 3028 3285 3082 in
3343 3025 3534 3081 divina
3576 3025 3829 3097 symbol:

551 3138 612 3177 es
637 3134 826 3180 contra
875 3134 1216 3182 mansuetum
1244 3135 1301 3182 et
1324 3126 1610 3194 optimum,
1649 3135 1704 3181 et
1733 3126 2130 3181 bierarchicam
2158 3111 2204 3174 C
2235 3124 2684 3185 Christil‘ormiter
2719 3134 3062 3193 superorare.
3111 3116 3229 3173 Non
3255 3125 3341 3173 est
3381 3117 3498 3186 ipse
3546 3117 3830 3184 sacerdos,

553 3213 672 3282 ejus
697 3215 1345 3285 legislationem?Ethaec
1363 3217 1808 3288 oportuitdicere,
1831 3233 1954 3274 cum
1975 3233 2137 3290 super
2237 3238 2348 3280 non
2374 3231 2477 3290 est,
2508 3220 2604 3277 sed
2655 3217 2928 3282 inimicus,
2981 3213 3218 3278 dolosas,
3253 3211 3444 3268 illusor
3488 3210 3732 3277 suimet.
3773 3218 3835 3265 α

560 3305 880 3376 dignitatem
905 3307 1028 3377 quis
1079 3315 1313 3372 tentans,
1353 3316 1531 3362 tamen
1563 3309 1937 3364 convenientia
1974 3323 2137 3379 agere
2237 3316 2392 3386 lupus
2421 3314 2476 3369 in
2511 3311 2748 3368 divinam
2774 3307 3010 3379 plebem,
3041 3304 3200 3359 ovina
3229 3302 3369 3373 pelle
3405 3309 3688 3358 armatu.
3723 3299 3832 3357 Sed

551 3397 862 3452 videbatur.
890 3399 1104 3454 Etenim
1127 3415 1302 3470 neque
1323 3401 1426 3456 hoc
1447 3401 1651 3456 licitum
1678 3401 1791 3455 ulli.
1820 3401 1959 3469 Quid
1989 3403 2134 3458 enim

555 3487 919 3543 inordinatum
940 3489 1101 3546 Ozias
1124 3489 1373 3558 faciebat,
1397 3491 1615 3547 adolens
1631 3493 1774 3547 Deo?
1793 3493 1932 3560 Quid
1952 3502 2134 3550 autem

555 3577 686 3632 Saul
702 3579 1007 3635 immolans.
1025 3579 1232 3646 Quidve
1253 3581 1514 3652 tyrannici
1536 3582 1826 3636 daemones
1841 3597 1965 3639 vere
1981 3583 2132 3640 theo-

554 3667 800 3739 logantes
842 3667 1072 3725 Iesum?
1121 3671 1228 3727 Sed
1275 3671 1594 3727 interdictas
1641 3672 1908 3744 theologia
1957 3674 2134 3728 omnis

555 3769 848 3816 extraneas
879 3761 1256 3832 episcopus,et
1270 3763 1703 3832 unusquisqnein
1723 3764 1914 3819 ordine
1956 3765 2136 3820 minis-

554 3849 804 3905 trationis
829 3866 958 3907 suae
982 3853 1106 3919 erit,
1127 3860 1182 3906 et
1201 3852 1346 3908 solus
1359 3869 1598 3908 summus
1614 3855 1865 3909 sacerdos
1884 3853 1938 3908 in
1949 3865 2135 3911 sancta

554 3949 863 3996 sanctorum
888 3942 1187 4010 intrabat‘,
1208 3952 1264 3999 et
1286 3943 1451 3998 semel
1473 3944 1524 3998 in
1547 3959 1706 4000 anno.
1723 3944 1967 4000 Ethocin
1988 3947 2134 4001 omni

554 4033 851 4088 secundum
879 4033 1050 4104 legem
1078 4035 1374 4090 ierarcbica
1405 4034 1804 4105 puriﬁcatione.
1845 4036 1910 4090 Et
1944 4051 2133 4092 sacer-

554 4124 709 4181 dotes
729 4125 1206 4194 circumprendunt
1224 4136 1434 4191 sancta,
1449 4134 1502 4180 et
1521 4125 1737 4180 Levitae
1757 4141 1860 4180 non
1885 4129 2135 4199 tangent'

555 4223 766 4280 sancta,
796 4225 854 4270 ut
883 4231 989 4270 non
1022 4215 1339 4270 moriantur.
1377 4215 1446 4270 Et
1473 4217 1644 4270 iratus
1679 4225 1766 4272 est
1806 4217 1987 4272 furore
2027 4219 2133 4273 Do-

556 4309 736 4363 minus
757 4322 918 4378 super
939 4308 1209 4378 protervia
1230 4306 1415 4372 Oziae,
1430 4317 1485 4363 et
1503 4307 1668 4363 Maria
1695 4307 1839 4377 lepra
1860 4324 2132 4379 percussa,

2237 3422 2345 3462 non
2383 3400 2699 3472 Demophilo
2747 3400 2882 3454 haec
2923 3395 3129 3465 justum
3176 3394 3472 3464 corrigere.
3527 3391 3656 3448 Non
3679 3392 3830 3448 elli-

2237 3494 2502 3566 theologia
2531 3492 2729 3564 injuste
2756 3489 3172 3560 justiﬁcationes
3188 3484 3342 3554 jubet
3367 3486 3634 3555 persequi
3655 3494 3722 3538 '°.
3741 3481 3836 3540 h-

2235 3599 2318 3645 sta
2363 3595 2544 3642 autem
2573 3591 2657 3640 est
2697 3580 2972 3653 persequi,
3009 3593 3135 3634 cum
3174 3575 3508 3632 distribuere
3542 3573 3666 3629 vult
3713 3575 3835 3645 quis

2236 3679 2525 3748 unicuique
2563 3675 2856 3731 secundum
2884 3667 3386 3743 dignitatem,juste
3429 3668 3539 3723 hoc
3579 3668 3836 3723 omnibus

2234 3767 2682 3842 persequendum,
2729 3777 2836 3818 non
2887 3761 3025 3816 ultra
3073 3773 3262 3816 eorum
3299 3757 3658 3830 dignitatem.
3691 3755 3834 3824 Quo-

2235 3865 2381 3918 niam
2411 3868 2465 3917 et
2493 3858 2696 3930 angelis
2719 3857 2921 3928 justum
2953 3853 3224 3918 distribui,
3245 3852 3391 3923 quod
3418 3849 3733 3908 sectum
3755 3849 3836 3906 ἅ-

2235 3954 2492 4025 gnitatem
2526 3960 2582 4005 et
2619 3947 2960 4005 distribuitur
2980 3946 3024 3998 ".
3055 3944 3434 4000 Verumtamen
3461 3957 3578 3999 non
3597 3957 3638 3998 a
3655 3941 3832 4008 loti,

2236 4062 2270 4101 o
2301 4041 2637 4114 Demophile,
2664 4055 2760 4111 per
2804 4039 2951 4108 ipsos
2971 4047 3151 4091 autem
3179 4035 3333 4091 nobis
3353 4050 3422 4091 ex
3448 4035 3589 4100 Deo,
3617 4043 3677 4090 et
3704 4031 3834 4104 ipsis

2236 4153 2333 4209 per
2357 4137 2469 4208 jam
2498 4133 2890 4206 praecellentes
2918 4129 3154 4200 angelos.
3187 4129 3254 4184 Et
3279 4127 3610 4198 simpliciter
3649 4130 3830 4184 dicen-

2237 4230 2385 4292 dum,
2417 4227 2469 4280 in
2502 4223 2752 4280 omnibus
2802 4221 3160 4276 existentibus
3205 4233 3303 4289 per
3350 4217 3532 4287 prima
3575 4217 3836 4274 secundis

2236 4317 2650 4377 distribuuntur,
2697 4326 2836 4383 quae
2887 4319 3012 4364 sunt
3044 4308 3343 4364 secundum
3390 4307 3721 4378 dignitatem
3763 4307 3828 4360 ab

555 4401 850 4474 legislatori
884 4400 1054 4470 legem
1087 4414 1286 4469 ponere
1316 4408 1548 4466 tcntans,
1585 4410 1640 4454 et
1679 4401 1732 4454 in
1762 4407 1916 4457 Σκεῦα
1945 4401 1968 4433 ³
1996 4401 2132 4456 lilios

556 4454 814 4549 insiluere
840 4454 1143 4546 daemonia.
1162 4491 1258 4544 Et:
1277 4489 1392 4545 Non
1421 4490 1699 4546 mittebam
1724 4506 1836 4554 eos,
1864 4491 2059 4561 inquit,
2081 4500 2136 4547 et
2158 4454 2212 4516 θ
2239 4499 2452 4570 quidem
2477 4510 2606 4567 ergo
2633 4503 2687 4550 et
2711 4494 2834 4548 aliis
2861 4492 3154 4548 subsistere
3173 4505 3205 4544 a
3229 4490 3339 4544 Deo
3357 4487 3628 4556 ordinati,

558 4583 658 4654 ipsi
688 4583 981 4637 currebant
1010 4597 1025 4638 :
1054 4590 1108 4636 et
1133 4596 1239 4637 non
1269 4581 1526 4652 loquebar
1557 4581 1624 4635 ad
1651 4596 1768 4647 eos,
1797 4589 1851 4636 et
1880 4581 1980 4651 ipsi
2012 4596 2138 4650 pro-
2241 4591 2412 4644 buunt
2436 4595 2558 4656 post
2577 4599 2661 4649 se,
2684 4592 2738 4638 et
2762 4580 3140 4637 obedientibus
3169 4577 3468 4634 secundum
3485 4577 3832 4651 dignitatem.

555 4673 852 4746 phetabant
882 4691 895 4727 :
931 4683 988 4729 et
1018 4675 1216 4744 impius
1243 4673 1531 4731 itnmolans
1561 4673 1691 4727 mihi
1725 4671 1976 4738 vitulum,
1999 4674 2140 4729 sicut
2242 4676 2584 4747 Demophilus
2606 4683 2784 4729 autem
2810 4673 3001 4736 verbo,
3032 4679 3087 4725 et
3116 4668 3321 4735 furore,
3351 4677 3412 4724 et
3435 4671 3833 4742 concupisca-

553 4766 808 4823 occidens
827 4780 1036 4821 canem.
1067 4766 1134 4820 Et
1153 4765 1469 4836 simpliciter
1497 4765 1783 4820 dicendum
1827 4783 1840 4818 :
1870 4763 1986 4820 Non
2017 4780 2135 4822 sus-
2243 4771 2338 4836 tia,
2366 4783 2506 4839 quae
2535 4774 2661 4822 sunt
2688 4761 2982 4818 secundum
3013 4759 3350 4830 dignitatem,
3382 4767 3664 4830 segreget,
3687 4768 3746 4814 et
3767 4772 3834 4812 ne

557 4858 692 4913 tinet
734 4857 948 4927 iniquos
984 4856 1221 4928 perfecta
1253 4857 1346 4912 Dei
1366 4857 1596 4928 justitia.
1621 4855 1933 4912 Dicentibus
1959 4868 2139 4913 autem
2244 4859 2496 4930 injuriam
2548 4869 2680 4912 suae
2727 4852 2887 4907 faciat
2928 4850 3296 4915 ordinationi,
3341 4849 3438 4905 sed
3497 4849 3836 4919 principetnr

556 4947 754 5018 ipsis:
814 4947 872 5004 ln
923 4949 1141 5004 nomine
1204 4957 1296 5003 tuo
1342 4948 1572 5002 virtutes
1621 4946 1818 5003 multas
1880 4946 2130 5015 fecimus,
2236 4947 2492 5017 subjectis
2532 4943 2780 5014 superius
2826 4940 3069 4996 verbum.
3120 4939 3332 4995 Etenim
3375 4938 3427 4993 in
3477 4939 3716 4994 ecclesia
3761 4954 3830 4991 n-

557 5041 910 5112 respondetur
941 5060 954 5096 :
987 5041 1179 5098 Nescio
1209 5056 1328 5108 vos,
1361 5040 1435 5096 ite
1455 5053 1645 5095 omnes
1680 5048 1990 5110 operatores
2030 5041 2134 5097 ini-
2239 5041 2428 5096 dentes
2451 5050 2670 5092 servum
2716 5033 2954 5098 domino,
2985 5039 3042 5087 et
3073 5031 3278 5088 seniori
3316 5029 3621 5102 juniorem,
3662 5036 3758 5084 aut
3787 5044 3842 5084 et

1838 5173 2093 5232 VARIAE
2129 5170 2527 5234 LECTIONES.

630 5287 647 5318 ί
686 5285 777 5340 Sic
803 5285 997 5350 codd.;
1032 5284 1073 5338 A
1099 5285 1164 5355 ad
1184 5301 1245 5355 ea
1274 5294 1583 5355 quaecum.
1612 5352 1621 5355 _
1655 5284 1674 5314 ²
1713 5282 1799 5337 BH
1826 5293 2066 5354 tangunt.
2143 5287 2166 5318 ³
2205 5285 2335 5340 BEH
2365 5283 2570 5355 keyae.__
2619 5275 2765 5355 “BE
2789 5291 2930 5332 vero.
2955 5275 3028 5355 __'
3151 5274 3327 5355 divino
3360 5269 3582 5330 tradent

558 5355 584 5389 ⁸
610 5355 697 5411 Bll
735 5346 993 5412 decidat.'
1037 5356 1058 5388 ⁷
1096 5354 1231 5410 ABll
1251 5372 1266 5419 ;
1286 5346 1350 5408 Ἐ
1377 5352 1702 5410 ἁὶειτίὺιιὶιει
1732 5346 1993 5424 segregari
2019 5357 2161 5426 quod
2190 5346 2484 5413 secundum
2520 5349 2834 5421 dignitatem
2859 5355 2914 5401 et
2938 5346 3281 5401 distribuitur
3308 5355 3359 5399 et
3392 5356 3726 5415 segregat".

2067 5465 2321 5523 NOTAE.

630 5589 654 5617 ι
683 5577 746 5630 lV
783 5576 919 5646 Reg.
936 5573 1032 5646 xv
1048 5573 1136 5646 in
1158 5573 1507 5646 pagunt;
1531 5573 1697 5646 llleg.
1716 5572 1864 5644 xm;
1887 5574 2050 5632 Marc.
2080 5578 2120 5646 ι,
2235 5579 2349 5632 Act.
2375 5574 2528 5643 XIX;
2557 5575 2665 5632 Jer.
2685 5575 2884 5642 xxm;
2911 5574 3071 5632 Ezcc.
3098 5573 3246 5642 xm;
3269 5573 3393 5632 lsai.
3417 5573 3615 5642 LXVI;
3643 5573 3829 5631 Matth.

561 5646 654 5706 Ill;
694 5637 1020 5706 Netiefxnt,
1048 5637 1208 5699 Hebr.
1237 5643 1336 5706 Ix;
1368 5637 1539 5699 Levit.
1579 5637 1757 5714 ενι,
1850 5637 1861 5644 '
2107 5637 2119 5646 '
2241 5649 2363 5714 vn;
2391 5637 2525 5703 Luc.’
2564 5646 2695 5700 xm.

631 5717 660 5757 δ
700 5715 868 5771 chil.
889 5714 1030 5780 XVI;
1076 5715 1233 5769 llcbr.
1269 5714 1360 5781 IX;
1392 5714 1430 5768 Il
1465 5715 1586 5768 Par.
1619 5713 1816 5782 XXVI;
1842 5715 2126 5784 Nummi,
2313 5732 2331 5755 ιε
2354 5713 2357 5714 ⁷
2384 5721 2532 5773 Deut.
2559 5718 2695 5772 XVI.

2234 4407 2472 4463 omnium
2495 4401 2893 4459 ordinatissima
2918 4408 2973 4454 et
2990 4396 3686 4466 justissimaprovidentin.
3727 4394 3829 4468 Ipsi
