4004 6290
546 318 690 384 ιἰἐτ

1830 264 1865 282 ν
1935 317 2219 376 JOANNIS
2258 316 2455 374 SCOTI

3693 319 3826 376 “88

537 443 733 510 dehis,
791 456 916 497 vera
963 441 1111 496 enim
1153 440 1350 497 dicam.
1402 437 1544 494 Dum
1597 451 1774 494 essem
1839 435 2129 508 aliquando
2159 445 2208 504 Α
2235 435 2503 501 nolentes,
2530 437 2793 507 quaedam
2821 450 2950 492 vero
2992 434 3312 502 volentes,a
3338 433 3484 490 malo
3507 444 3635 506 post
3655 450 3826 506 pauca

535 535 688 606 juxta
717 531 956 600 Cretam,
990 541 1210 589 sanctus
1241 531 1540 587 introduxit
1583 544 1669 586 me
1703 528 1934 602 Carpus,
1964 530 2046 584 vir
2074 539 2130 586 et

537 629 584 684 si
615 627 738 699 quis
757 626 1030 698 alius,per
1055 625 1279 681 multam
1305 625 1597 697 puritatem
1629 623 1798 679 animi
1829 623 1897 679 ad
1918 622 2131 678 divinas

535 720 775 775 visiones
824 718 979 774 valde
1007 725 1362 790 opportunus.
1400 715 1467 772 Et
1490 717 1707 786 quidem
1731 729 1906 788 neque
1931 713 2134 770 sanctis

538 812 927 884 mysteriorum
976 809 1259 866 sacriﬁciis
1305 809 1626 874 conabatur,
1669 807 1774 864 nisi
1824 807 1976 878 prius
2028 806 2131 877 ipsi

537 905 837 962 secundum
867 911 993 959 ante
1021 901 1291 973 perfectas
1339 901 1614 957 orationes
1648 914 1835 955 sacras
1859 909 1915 954 et
1943 897 2128 970 propi-

537 998 714 1053 ciatas
740 995 947 1051 visione
971 991 1501 1065 supermanifestata.
1527 990 1749 1046 Dicebat
1791 988 1976 1060 igitur,
2001 1003 2132 1044 con-

541 1091 815 1146 tristatum
838 1103 896 1144 se
923 1087 1213 1158 aliquando
1258 1084 1554 1140 infidelium
1602 1083 1854 1154 quodam.
1889 1080 2130 1136 Tristitia

541 1193 722 1239 autem
749 1191 887 1246 erat,
919 1181 1045 1253 quia
1088 1180 1158 1235 ab
1182 1179 1422 1236 Ecclesia
1471 1177 1560 1234 ille
1605 1177 1875 1249 quendam
1927 1177 2129 1232 bonum

541 1272 774 1341 seduxit,
789 1272 966 1327 adhuc
984 1270 1138 1326 laetis
1162 1270 1292 1342 ipsis
1307 1270 1497 1327 diebus
1519 1267 1929 1325 consummatis.
1955 1264 2130 1337 Opor-

540 1367 691 1423 tebat
725 1376 1016 1438 utrumque
1049 1365 1309 1421 divinitus
1351 1361 1845 1436 superglorificare.
1877 1370 1932 1418 et
1961 1361 2132 1416 Deum

541 1458 864 1515 salvatorem
894 1456 1424 1528 conprehendentem
1451 1453 1827 1526 accipientem,
1859 1467 1982 1508 eum
2013 1450 2134 1522 qui-

539 1550 661 1607 dem
711 1549 1094 1615 convertisse,
1152 1549 1296 1604 bunc
1344 1561 1475 1604 vero
1523 1547 1769 1604 bonitate
1811 1546 2032 1612 vicisse,
2075 1553 2133 1602 et

541 1661 650 1702 non
693 1643 999 1715 relinquere
1045 1641 1401 1707 admonitum,
1461 1648 1516 1696 et
1563 1654 1661 1712 per
1703 1637 1870 1694 vitam
1913 1651 2133 1693 omnem

539 1751 712 1808 usque
740 1735 920 1804 hodie,
969 1742 1023 1790 et
1050 1733 1130 1789 sic
1151 1733 1206 1788 in
1238 1732 1473 1788 divinam
1503 1746 1596 1790 eos
1641 1731 1840 1787 ducere
1869 1729 2136 1801 cognitio-

2235 529 2343 583 vim
2395 528 2654 584 facientes
2687 527 2847 584 simul
2875 536 2929 583 et
2972 528 3387 598 interrogantes.
3444 526 3591 581 Dixit
3651 535 3827 584 autem

2237 621 2471 692 Carpus,
2502 622 2740 692 seipsum
2763 621 3017 678 delectari
3041 623 3295 676 deorsum
3321 621 3827 685 videntem,eorum

2235 727 2443 783 autem,
2466 732 2605 786 quae
2635 731 2871 781 sursum,
2910 715 3176 788 negligere
3208 733 3222 769 :
3255 715 3524 786 indignari
3549 724 3738 770 autem
3780 723 3831 771 et

2233 807 2648 879 parvipenderc,
2674 807 2804 878 quia
2835 823 2940 862 non
2964 807 3278 862 ceciderunt
3297 806 3436 878 jam,
3469 817 3526 862 et
3558 808 3642 862 rei
3675 807 3831 862 toties

2236 899 2770 970 Superadjicientem,
2799 908 2854 955 et
2884 915 2988 955 non
3009 899 3277 954 valentem
3299 900 3646 965 contristari,
3677 909 3733 954 et
3755 899 3830 954 fa-

2217 994 2414 1065 tigari.
2438 993 2505 1049 Et
2526 993 2902 1066 respicientem
2923 993 3012 1049 vix
3037 994 3219 1048 videre
3240 993 3458 1062 quidem
3485 993 3692 1048 iteru
3716 1008 3834 1049 cae-

2234 1084 2369 1152 lum,
2396 1085 2538 1142 sicut
2557 1094 2611 1142 et
2632 1086 2784 1156 prius
2799 1085 3048 1141 videbat:
3073 1083 3256 1141 Jesum
3279 1093 3459 1141 autem
3485 1085 3833 1142 miserentern

2235 1175 2387 1243 facti,
2415 1191 2683 1248 exurgere
2731 1193 2896 1248 super
2921 1177 3144 1232 caelesti
3189 1177 3404 1242 throno,
3453 1186 3511 1233 et
3546 1193 3722 1248 usque
3751 1194 3838 1233 eos

2213 1269 2682 1337 descendentem,
2726 1286 2948 1328 manum
2969 1271 3228 1342 optimam
3256 1281 3563 1342 praestare,
3588 1281 3647 1325 et
3673 1287 3836 1343 ange-

2234 1360 2317 1420 los
2345 1379 2468 1420 cum
2501 1365 2615 1436 ipso
2649 1365 2979 1437 accipientes
3006 1365 3168 1420 alium
3205 1364 3423 1421 aliunde
3459 1366 3742 1436 recepisse
3765 1366 3837 1420 τίς

2238 1467 2349 1520 ros,
2373 1463 2428 1510 et
2450 1453 2628 1511 dicere
2644 1455 2822 1526 Carpo
2839 1455 3030 1512 Jesum
3062 1454 3382 1525 :Manujam
3409 1466 3542 1511 ante
3564 1458 3840 1529 praeordi-

2237 1558 2366 1602 nata
2393 1563 2528 1618 puer
2573 1549 2870 1605 secundum
2921 1564 3007 1606 tne
3059 1549 3355 1606 residuum.
3413 1548 3658 1606 Paratus
3696 1551 3837 1606 enim

2237 1653 2359 1695 sum
2410 1641 2607 1696 iterum
2661 1657 2762 1713 pro
2817 1642 3126 1698 hominibus
3190 1641 3527 1697 resalvandis
3590 1643 3730 1712 pati.
3778 1641 3838 1698 Et

2237 1731 2540 1789 adamabile
2585 1734 2718 1789 mihi
2781 1735 2918 1802 hoc,
2970 1751 3076 1792 non
3132 1733 3253 1791 aliis
3310 1735 3678 1808 peccantibus
3750 1737 3837 1791 ho-

541 1844 691 1894 nem,
716 1825 1102 1897 tanquamjam
1121 1833 1176 1881 et
1200 1834 1408 1881 certum
1432 1823 1718 1880 exstinctis
1740 1820 2135 1894 ipsisjudicatis
2165 1824 2494 1894 Bmiuibus.
2547 1826 2931 1884 Verumtamen
2983 1828 3144 1893 vide,
3194 1829 3238 1883 si
3303 1828 3443 1885 bene
3507 1829 3720 1884 habere
3775 1831 3837 1884 ti-

540 1929 598 1978 et
641 1918 1101 1976 irrationabilibus
1151 1917 1425 1974 ferocibus
1469 1917 1524 1972 in
1590 1915 1709 1988 lege
1757 1913 1905 1985 justa
1949 1927 2139 1984 sapere

543 2014 771 2070 coactis.
802 2011 908 2069 Sed
937 2013 990 2066 in
1019 2012 1198 2082 seipso
1227 2026 1335 2066 non
1365 2009 1518 2080 prius
1543 2009 1649 2064 hoc
1677 2008 1912 2082 patiens,
1955 2005 2138 2061 nescio

545 2109 818 2181 quomodo
832 2115 960 2162 tunc
975 2105 1200 2161 multam
1215 2103 1484 2174 quandam
1501 2099 1904 2157 inclementiam
1929 2109 1983 2154 et
1997 2113 2140 2152 ama-

541 2199 838 2256 ritudinem
873 2199 1142 2262 intexens,
1179 2195 1481 2249 infirmatus
1511 2201 1597 2249 est
1625 2191 1844 2262 quidem
1883 2190 1964 2246 sic
2001 2187 2140 2244 male

544 2291 772 2346 habens.
816 2287 1054 2358 Vespera
1112 2286 1256 2342 enim
1309 2293 1451 2341 erat.
1503 2283 1663 2339 Circa
1707 2291 1888 2338 autem
1932 2281 2139 2336 medias

543 2392 754 2446 noctes,
809 2379 1021 2436 solebat
1046 2378 1190 2434 enim
1223 2378 1278 2433 in
1309 2377 1411 2434 hoc
1452 2385 1663 2448 tempus
1705 2377 1822 2448 ipse
1855 2390 1922 2433 ex
1957 2375 2138 2446 seipso

543 2473 614 2530 ad
637 2473 851 2528 divinas
880 2471 1070 2527 laudes
1117 2470 1395 2542 evigilare,
1446 2471 1620 2540 surgit
1664 2469 1906 2541 quidem,
1960 2484 2138 2540 neque
2215 2517 2218 2520 .

547 2563 754 2619 somnis
793 2562 843 2619 ei
867 2562 1094 2616 multum
1117 2560 1498 2626 existentibus,
1534 2569 1588 2615 et
1615 2574 1831 2630 semper
1857 2556 2136 2615 offenden-

548 2658 682 2714 tium
701 2656 1045 2713 extrinsecus
1069 2655 1478 2728 perturbatione
1499 2653 1728 2710 abutens
1748 2673 1762 2710 :
1780 2663 1930 2712 stans
1955 2663 2137 2712 tamen

546 2751 603 2807 in
646 2749 886 2805 divinum
929 2747 1281 2818 colloquium,
1313 2764 1420 2804 non
1466 2755 1616 2805 recte
1645 2746 1891 2804 frenatus
1913 2756 2018 2814 est,
2051 2749 2131 2803 in-

545 2842 799 2913 dignatus
850 2850 955 2906 est,
1009 2855 1118 2895 non
1163 2854 1285 2896 esse
1326 2838 1533 2909 justum
1565 2839 1778 2906 dicens,
1809 2839 1852 2893 si
1894 2839 2138 2894 viverent

546 2933 650 2989 viri
689 2933 861 3004 impii,
892 2942 949 2988 et
986 2933 1367 2988 subvertentes
1389 2932 1507 2988 vias
1552 2931 1763 2987 Domini
1789 2940 1968 2987 rectas
1991 2944 2038 2986 ι.
2070 2930 2140 2988 Et

547 3029 684 3086 haec
740 3028 946 3094 dicens,
977 3027 1135 3099 petiit
1177 3029 1194 3060 ³
1252 3043 1283 3082 a
1313 3027 1424 3082 Deo
1464 3027 1586 3097 igne
1625 3025 1858 3096 quodam
1917 3024 2133 3080 caelesti

547 3121 831 3192 utriusque
877 3121 932 3176 in
984 3119 1150 3176 semel
1223 3118 1722 3175 immisericorditer
1792 3118 2137 3190 requiescere

545 3215 705 3270 vitas.
737 3215 884 3272 Haec
934 3225 1116 3270 autem
1165 3213 1350 3270 dicens
1381 3214 1456 3268 ait
1484 3223 1703 3284 putasse
1730 3213 1913 3269 videre
1957 3215 2138 3272 subito
2166 3199 2210 3264 C

547 3307 790 3373 domum,
821 3306 877 3361 in
911 3321 1018 3378 qua
1047 3306 1267 3376 quidem
1293 3306 1492 3372 stabat,
1518 3321 1839 3362 concussam
1871 3308 2044 3376 prius,
2069 3323 2139 3364 ex

547 3405 692 3454 tecto
746 3397 802 3453 in
845 3397 951 3454 duo
988 3396 1164 3452 media
1217 3397 1469 3463 divisam,
1505 3404 1564 3453 et
1612 3397 1900 3466 quemdam
1949 3413 2136 3470 rogum

546 3490 752 3547 multae
798 3490 931 3545 lucis
979 3491 1033 3544 in
1080 3498 1368 3560 conspectu
1401 3505 1522 3556 suo,
1549 3499 1604 3544 et
1632 3489 1813 3554 talem,
1856 3491 2140 3546 videbatur

547 3583 693 3638 enim
731 3591 969 3638 ceterum
997 3582 1098 3638 sub
1126 3583 1346 3638 aethere
1368 3581 1540 3649 locus,
1571 3598 1638 3638 ex
1655 3582 1879 3639 caelesti
1917 3586 2140 3657 regione

547 3693 720 3750 usque
735 3677 802 3732 ad
831 3691 891 3732 se
919 3676 1578 3743 descendentem,caelum
1601 3686 1780 3732 autem
1797 3678 1968 3748 ipsum
1985 3678 2142 3734 rella-

547 3784 736 3842 grans,
790 3777 846 3822 et
875 3768 926 3822 in
958 3767 1122 3824 dorso
1143 3767 1276 3824 caeli
1307 3767 1478 3840 ipsum
1507 3767 1693 3824 desum
1726 3769 1910 3825 multis
1947 3770 2140 3824 huma-

545 3859 856 3917 niformiter
898 3860 997 3930 ipsi
1027 3859 1362 3916 adstantibus
1394 3861 1619 3932 angelis.
1650 3861 1717 3915 Et
1750 3861 1887 3918 haec
1920 3863 2140 3932 quidem

546 3956 748 4013 vidisse
790 3957 1098 4021 desursum,
1121 3966 1175 4011 et
1212 3971 1271 4011 se
1309 3955 1518 4010 mirari.
1569 3957 1832 4012 Deorsum
1871 3973 2000 4012 vero
2057 3959 2139 4012 in-

545 4069 780 4112 curvans
826 4053 1036 4121 Carpus
1068 4069 1080 4104 :
1115 4049 1395 4116 Videbam,
1444 4051 1640 4120 inquit,
1669 4061 1724 4104 et
1755 4059 1956 4104 terram
2011 4066 2138 4120 pro-

545 4147 792 4206 fundam.
847 4143 962 4200 Hoc
987 4143 1055 4200 ad
1085 4141 1362 4197 tristitiam
1398 4152 1480 4197 est
1509 4142 1750 4204 chasma,
1805 4151 1860 4198 et
1892 4145 2140 4198 tenebro-

545 4253 668 4296 sum
696 4246 1029 4307 separatum,
1059 4233 1353 4303 etquidem
1375 4232 1523 4289 viros
1549 4233 1690 4299 illos,
1718 4233 1915 4304 quibus
1935 4235 2141 4289 calum-

547 4329 820 4393 niabatur,
873 4335 1000 4382 ante
1031 4325 1099 4380 ab
1130 4324 1247 4394 ipso
1273 4323 1429 4392 juxta
1455 4325 1704 4387 ostiolum
1739 4326 1956 4381 stetisse
1980 4327 2141 4381 chas-

549 4429 711 4485 matis
731 4423 1112 4488 subtremulos,
1137 4421 1390 4486 mlScl‘OS,
1422 4430 1626 4476 tantum
1654 4421 1890 4476 nondum
1921 4424 2139 4478 descen-

547 4519 739 4576 dentes
779 4532 809 4571 a
841 4515 1179 4586 propriorum
1235 4513 1431 4582 pedum
1476 4511 1844 4568 instabilitate.
1877 4512 2137 4569 Deorsum

2237 1917 2312 1984 bi,
2337 1918 2391 1973 in
2414 1919 2695 1974 chasmate
2724 1929 2917 1976 etcum
2946 1920 3289 1992 serpentibus
3323 1921 3676 1976 mansionem
3699 1936 3838 1976 cotu-

2238 2016 2454 2074 mutare
2477 2019 2498 2050 ν
2524 2009 2662 2081 ejus,
2708 2027 2848 2082 quae
2898 2019 2980 2067 est
3015 2028 3136 2067 cum
3183 2013 3293 2069 Deo
3322 2021 3378 2068 et
3406 2011 3638 2083 optimis
3665 2021 3724 2068 et
3748 2012 3837 2068 hu-

2235 2105 2418 2160 manis
2459 2104 2481 2136 '
2507 2104 2732 2173 angelis.
2779 2103 2924 2162 Haec
2949 2115 3095 2172 sunt,
3126 2121 3264 2177 quae
3290 2121 3390 2178 ego
3417 2106 3656 2163 audiens
3682 2105 3838 2162 credo

2239 2209 2369 2251 vera
2398 2210 2542 2251 esse.

2990 2267 3079 2322 IX.

2243 2381 2361 2442 Tito
2389 2383 2628 2455 pontiﬁci
2671 2383 2691 2415 ⁸
2724 2379 3066 2455 interroganti
3091 2401 3188 2454 per
3228 2383 3532 2455 epistolam,
3589 2399 3728 2454 quae
3761 2399 3838 2437 so-

2309 2454 2534 2526 picntiae
2563 2456 2772 2521 domus,
2799 2454 2932 2526 quis
2956 2467 3146 2521 crater,
3184 2465 3230 2509 et
3257 2457 3347 2527 qui
3373 2454 3474 2509 cibi
3504 2467 3555 2509 et
3591 2464 3773 2524 potus.

2311 2571 2549 2628 Sanctus
2601 2571 2817 2642 quidem
2849 2569 3189 2635 Timotheus,
3219 2586 3252 2625 ο
3294 2571 3434 2626 bone
3464 2569 3506 2623 'f
3516 2570 3614 2634 ite,
3663 2570 3838 2623 nescio

2239 2677 2308 2719 an
2331 2663 2457 2734 quid
2487 2664 2828 2735 cognitorum
2853 2665 2984 2722 mihi
3005 2665 3434 2734 .tlteologicorum
3459 2662 3840 2736 symbolarum

2239 2757 2466 2823 recessit
2525 2755 2860 2826 relinquens.
2929 2756 3036 2812 Sed
3085 2757 3138 2812 in
3172 2813 3176 2817 ,
3208 2755 3503 2828 syutbolica
3571 2754 3840 2824 theologia

2237 2848 2377 2905 bene
2392 2848 2776 2913 discrevimus,
2801 2862 2991 2903 omnes
3003 2846 3337 2916 eloquiorum
3362 2847 3428 2902 de
3453 2845 3569 2902 Deo
3581 2845 3842 2899 aestima-

2240 2939 2416 2994 tiones
2453 2953 2574 2996 esse
2619 2938 2802 2996 multis
2829 2947 3225 2995 monstruosas.
3281 2937 3494 2994 Etenim
3547 2937 3598 2993 in
3650 2952 3846 2995 altae-

2239 3033 2463 3106 quentia
2501 3033 2930 3090 contaminatam
2968 3041 3312 3102 extergentes
3336 3031 3843 3104 imperfectionibus

2239 3124 2572 3191 animarum,
2620 3121 3056 3195 quandoeunque
3111 3137 3347 3180 arcanae
3392 3123 3616 3192 sophiae
3659 3133 3844 3194 patres

2242 3232 2342 3288 per
2360 3217 2627 3290 quaedam
2653 3216 2864 3274 occulta
2919 3226 2976 3274 et
2999 3217 3225 3273 audacia
3271 3217 3580 3289 aenigmata
3605 3214 3846 3271 manife-

2240 3319 2391 3366 stant
2411 3310 2672 3378 divinam,
2701 3318 2759 3365 et
2785 3309 3091 3381 mysticam,
3113 3318 3169 3365 et
3196 3309 3397 3365 inviam
3424 3308 3727 3365 immundis
3753 3322 3840 3361 ve-

2248 3404 2492 3460 ritatem.
2534 3402 2830 3474 Propterea
2883 3418 2987 3459 non
3014 3403 3286 3458 credimus
3326 3401 3478 3456 multi
3531 3400 3596 3456 de
3642 3401 3843 3456 divinis

2240 3494 2516 3567 mysteriis
2538 3493 2858 3552 rationibus.
2896 3492 3008 3549 Con
3019 3493 3343 3564 templamur
3365 3492 3511 3548 enim
3537 3491 3840 3547 solummo-

2241 3586 2312 3641 do
2333 3601 2396 3642 ea
2425 3602 2548 3642 cum
2578 3583 3028 3640 connaturalibus
3057 3585 3213 3640 nobis
3249 3581 3597 3639 sensibilibus
3623 3583 3844 3655 symbo-

2241 3677 2329 3734 lis.
2358 3675 2586 3746 Oportet
2613 3687 2794 3732 autem
2826 3685 2882 3731 et
2902 3685 3163 3731 exuentes
3191 3692 3254 3731 ea
3311 3677 3363 3730 in
3397 3677 3714 3746 semetipsis
3739 3693 3841 3732 nu—

2241 3771 2312 3826 da
2331 3779 2386 3827 et
2416 3786 2548 3839 pura
2579 3769 2719 3824 facta
2749 3771 2950 3824 videre.
2982 3770 3072 3824 Sic
3093 3769 3237 3825 enim
3268 3770 3320 3824 in
3349 3769 3845 3841 contemplantibtl

2241 3863 2566 3934 aperirent“
2591 3864 2809 3934 quidem
2855 3863 3058 3919 fontem
3089 3863 3233 3920 vitae
3273 3863 3326 3918 in
3358 3863 3599 3934 seipsum
3637 3862 3841 3929 fusum,

2239 3965 2296 4010 et
2329 3956 2379 4010 in
2431 3955 2610 4025 seipso
2661 3964 2897 4010 stantem
2948 3955 3218 4020 videntes,
3250 3964 3306 4010 et
3347 3962 3512 4010 unam
3563 3957 3843 4026 quanda

2240 4050 2520 4115 virtutem,
2552 4049 2822 4120 simplam,
2851 4064 2948 4120 per
2961 4049 3200 4119 seipsam
3225 4058 3446 4114 motam,
3477 4066 3579 4118 per
3604 4052 3844 4121 seipsam

2240 4154 2577 4214 operantem,
2609 4145 2844 4214 seipsam
2887 4160 2993 4198 non
3020 4144 3387 4210 deserentem,
3421 4145 3520 4199 sed
3556 4146 3844 4200 scientiam

2240 4238 2482 4294 omnium
2530 4238 2879 4292 scientiarum
2931 4237 3358 4302 subsistentem,
3409 4246 3464 4292 et
3496 4253 3724 4309 semper
3751 4254 3847 4308 per

2241 4331 2472 4399 scipsam
2513 4329 2987 4399 contemplantem.
3039 4327 3305 4399 Oportere
3352 4330 3519 4400 igitur
3561 4340 3620 4384 et
3668 4331 3845 4401 ipsiet

2241 4419 2363 4477 aliis
2396 4419 2536 4491 apud
2571 4435 2667 4474 nos
2713 4420 3138 4486 aestitnavimus,
3171 4429 3433 4491 quantum
3462 4422 3732 4491 possibile
3759 4439 3844 4477 es-

2242 4523 2344 4579 set,
2366 4513 2631 4584 replicare
2665 4514 2956 4569 variabiles
2981 4513 3353 4570 deformitates
3383 4515 3450 4569 de
3485 4517 3601 4571 Deo
3625 4517 3840 4587 symbo-

548 4623 731 4668 autem
783 4627 813 4664 a
843 4611 1121 4664 chasmate
1172 4614 1452 4676 serpentes
1481 4620 1691 4677 repere,
1716 4615 1771 4660 et
1796 4607 1940 4661 circa
1973 4609 2137 4677 pedes
2170 4588 2216 4645 υ
2249 4607 2385 4662 licae
2413 4622 2601 4661 sacrae
2637 4606 2991 4676 liguratioais.
3019 4605 3172 4673 Quod
3200 4606 3344 4660 enim
3374 4617 3534 4662 extra
3579 4623 3702 4662 eam
3741 4610 3839 4662 hoc

545 4719 737 4762 eorum
761 4701 1086 4772 suppositos,
1105 4698 1392 4768 aliquando
1421 4697 1636 4767 quidem
1665 4697 1960 4763 retrahere,
1989 4700 2136 4753 invo-

547 4796 689 4852 lutos
739 4792 898 4848 simul
938 4800 988 4846 et
1021 4796 1377 4860 aggravantes
1416 4797 1470 4843 et
1504 4788 1797 4852 trahentes,
1847 4788 2137 4859 aliquando

547 4902 724 4948 autem
755 4888 1008 4945 dentibus
1036 4895 1127 4939 aut
1168 4883 1364 4956 palatis
1394 4893 1776 4948 tumescentes,
1813 4892 1907 4938 aut
1943 4887 2137 4940 subur-

545 4994 756 5056 gentes,
782 4992 836 5038 et
864 4994 1077 5049 semper
1113 4979 1166 5032 in
1205 4977 1477 5032 tristitiam
1503 4975 1796 5032 immittere
1818 4979 2134 5034 machinan-

549 5086 647 5132 tes.
706 5077 835 5131 Esse
887 5082 1066 5128 autem
1105 5079 1159 5125 et
1205 5070 1352 5123 viros
1399 5069 1659 5138 quosdam
1700 5069 1753 5122 in
1801 5070 1979 5125 medio
2009 5087 2131 5125 cum

545 5169 906 5240 serpentibus,
939 5174 1126 5221 contra
1157 5163 1304 5217 viros
1341 5161 1768 5233 superadjectos,
1820 5173 2135 5219 concutien-

547 5270 627 5316 tes
649 5262 806 5317 simul
835 5271 890 5317 et
911 5260 1285 5315 subvertentes
1309 5262 1363 5310 et
1384 5255 1771 5325 percutientes.
1802 5253 2134 5314 Videbantur

544 5361 724 5409 autem
756 5368 878 5408 esse
921 5351 988 5407 ad
1014 5347 1452 5420 interrogandum
1486 5346 1582 5414 illi,
1621 5350 1884 5420 quaedem
1913 5353 2131 5422 quidem

2247 4701 2394 4758 omni
2425 4700 2660 4771 repletur
2689 4698 2988 4754 incredibili
3014 4709 3069 4754 et
3098 4700 3372 4755 lictiformi
3403 4705 3836 4766 ntonstrositate,

2247 4803 2432 4864 utp0tc
2462 4792 2514 4846 in
2549 4791 2986 4862 superessentiali
3011 4793 3228 4862 quidem
3259 4793 3436 4847 divina
3462 4799 3838 4864 generatione,

2225 4893 2491 4946 ventrem
2537 4881 2631 4936 Dei
2678 4880 3032 4952 corporaliter
3077 4881 3243 4937 Deum
3297 4883 3616 4953 gignentem
3673 4885 3839 4940 refor-

2243 4975 2467 5039 mantis,
2507 4982 2562 5028 et
2590 4973 2813 5027 verbum
2865 4972 2919 5027 in
2944 4973 3068 5028 aéra
3098 4973 3376 5045 profusum
3405 4989 3471 5029 ex
3500 4977 3673 5030 corde
3702 4975 3839 5029 virili

2241 5065 2539 5121 eructantis
2573 5064 2765 5134 ipsum,
2798 5073 2852 5119 et
2897 5065 3141 5135 spiritum
3170 5066 3508 5137 exspiratura
3537 5069 3611 5122 ab
3633 5082 3730 5123 ore
3751 5070 3843 5122 de-

2242 5158 2553 5222 scribentis,
2589 5166 2640 5212 et
2672 5156 2820 5212 sinus
2847 5156 2957 5211 Deo
3009 5157 3266 5214 fecundos
3293 5160 3503 5230 gremio
3536 5172 3839 5230 gestantes,

2241 5256 2409 5312 Deum
2432 5254 2598 5310 lilium
2623 5249 2976 5326 corporaliter
3004 5252 3158 5310 nobis
3184 5252 3472 5322 laudantis,
3505 5267 3604 5312 aut
3629 5258 3842 5330 planta-

2243 5354 2339 5409 tim
2371 5352 2506 5406 haec
2543 5347 2842 5421 ligurantis,
2873 5356 2928 5404 et
2954 5348 3181 5405 arbores
3205 5351 3469 5420 quasdam
3519 5360 3576 5407 et
3614 5351 3840 5408 frutices

1867 5466 2122 5526 VARIAE
2170 5466 2568 5528 LECTIONES.

619 5563 635 5594 ⁸
665 5560 753 5616 BH
798 5560 943 5630 petit.
1021 5560 1157 5610 ἈΗ
1212 5573 1429 5612 comma:

543 5631 826 5690 sacerdoti.
903 5629 922 5660 '
956 5628 1046 5683 AB
1100 5638 1429 5700 apparerent.

798 5558 943 5630 petit.
1008 5557 1041 5630 ξ
1065 5555 1157 5610 All
1212 5559 1718 5622 communicatione;
1773 5559 1812 5614 Β
1865 5565 2294 5620 commutatione.
2374 5563 2394 5594 ³
2441 5573 2486 5617 et
2549 5561 2794 5616 Immanis
2841 5576 2951 5616 om.
2995 5557 3106 5615 BH.
3184 5561 3401 5618 ‘lndex
3457 5562 3587 5620 Tito
3633 5581 3836 5620 unum

2065 5725 2271 5790 ΝΟΤΑ.

573 5829 599 5860 ο
623 5829 650 5860 ι
680 5816 800 5874 Act.
829 5813 963 5872 Xlll.
