4004 6290
218 387 358 446 H89

1119 381 1378 444 mmo
1407 380 1696 442 OPERUM
1735 381 1795 439 s.
1832 368 2137 437 DlONYSll
2168 375 2571 434 EPISTOLAE.

3360 372 3499 434 H96

218 511 273 559 et
304 502 464 556 liores
498 510 552 556 et
606 499 819 559 radices
845 501 1270 574 praemittentis,
1301 509 1395 556 aut
1418 499 1594 555 fontes
1640 515 1808 569 aqua-
1836 505 1884 561 Α
1913 496 2129 551 dentem
2181 512 2278 567 per
2332 496 2566 568 typicam
2600 512 2847 554 coenam.
2900 498 3111 555 Etenim
3162 507 3281 556 erat
3308 517 3494 560 censeo

219 610 341 651 rum
373 593 700 659 emanantis,
736 604 829 650 aut
856 594 1198 649 claritatibus
1220 592 1559 664 processivas
1588 589 1808 665 luminis

216 684 617 758 generationes,
660 693 752 740 aut
796 684 930 741 alias
968 686 1229 757 quasdam
1269 674 1807 755 superessentialium

218 774 649 848 theologicorum
695 773 1094 830 manifestarius
1149 789 1335 831 sacras
1389 772 1802 843 descriptiones.

214 867 816 939 Deinde'jnvisibilium
856 864 952 923 Dei
989 867 1475 939 providentiarum,
1513 873 1607 919 aut
1641 865 1807 918 dono-

217 976 363 1027 rum,
407 968 499 1014 aut
552 958 1068 1026 manifestationum,
1099 968 1191 1013 aut
1217 959 1494 1023 virtutum,
1547 965 1642 1011 aut
1678 971 1805 1029 pro-

216 1053 533 1124 prietatum,
562 1050 995 1122 percussionum,
1027 1059 1119 1104 aut
1150 1050 1510 1113 mansionum,
1555 1055 1649 1103 aut
1678 1063 1809 1119 pro-

210 1138 548 1210 cessiouutn,
600 1152 691 1199 aut
718 1144 1128 1209 discretionum,
1162 1152 1254 1197 aut
1284 1142 1574 1204 unitatum,
1614 1140 1807 1195 huma-

216 1252 346 1291 num
392 1234 707 1304 figmentum
768 1233 877 1289 Deo
922 1244 975 1288 et
1029 1232 1348 1298 bestiarum,
1395 1240 1449 1286 et
1492 1230 1808 1286 animalium

208 1330 474 1391 'aliorum,
507 1335 562 1382 et
609 1330 937 1399 germinum,
978 1335 1033 1382 et
1068 1325 1303 1396 lapidum
1352 1324 1559 1378 variam
1607 1320 1810 1377 forma-

208 1414 420 1476 'tionem
452 1420 937 1490 circumflngentis,
972 1428 1270 1474 etornatus
1299 1419 1347 1473 ei
1377 1417 1689 1481 muliebres,
1721 1404 1813 1472 aut

219 1513 529 1573 barbaricas
575 1528 850 1569 armorum
896 1512 1137 1567 facturas
1166 1510 1651 1583 circumponentis,
1680 1510 1817 1584 ﬁgu-

217 1602 406 1659 lariam
457 1588 549 1659 au‘t
590 1602 981 1668 conflatoriam,
1018 1613 1075 1659 ut
1107 1605 1302 1660 artiﬁci
1353 1604 1590 1669 cuidam,
1641 1618 1811 1674 appo-

220 1698 416 1762 nentis,
448 1707 503 1752 et
524 1713 692 1767 equos
728 1707 781 1752 et
807 1714 999 1754 currus
1026 1698 1073 1753 ei
1100 1708 1154 1754 et
1193 1700 1415 1754 thronos
1465 1697 1816 1751 substernen-

206 1786 317 1853 'tis,
362 1798 417 1843 et
462 1791 805 1858 quotidianas
867 1807 1023 1847 escas
1098 1792 1361 1862 quasdam
1420 1789 1816 1863 pulmentificas

1910 602 2103 657 quens,
2133 604 2238 642 non
2286 587 2458 643 solum
2487 587 2910 644 incontaminata
2945 590 3129 645 multis
3148 592 3346 648 salvari
3377 594 3499 649 sani

1913 687 1999 732 cta
2026 688 2358 745 sanctorum,
2397 681 2491 735 sed
2520 680 2701 736 ethoc
2730 681 3022 736 humanam
3040 678 3206 739 vitain
3237 702 3341 742 non
3376 693 3502 756 par;

1908 758 2117 825 tibilem
2151 770 2312 824 simul
2342 780 2521 825 etnon
2563 773 2815 843 partitam
2847 771 3253 842 subsistentem,
3285 779 3504 852 proprie

1911 863 2091 934 seipsa
2132 863 2341 917 divinas
2366 863 2657 919 illuminari
2691 865 2949 921 scientias
2981 860 3007 921 ε’
3027 874 3081 923 et
3131 856 3233 924 hoc
3282 871 3501 940 quidem

1911 952 2251 1023 impassibile
2293 955 2510 1009 animae
2534 955 2587 1008 in
2616 956 2806 1026 simpla
2833 964 2886 1011 et
2935 956 3123 1011 intima
3154 958 3502 1015 deiformium

1911 1046 2240 1119 agalmatum
2286 1061 2573 1119 segregare
2633 1047 2961 1117 spectacula.
3010 1046 3276 1104 Passibile
3325 1062 3505 1104 autem

1910 1137 2028 1213 ejus
2068 1138 2496 1213 co‘nnaturaliter
2528 1137 2777 1192 famulari
2807 1137 2967 1192 simul
3008 1146 3063 1194 et
3084 1138 3302 1194 extendi
3334 1140 3385 1193 in
3424 1140 3507 1195 di-

1912 1229 2195 1284 vinissitna
2250 1228 2707 1299 praemachinatis
2774 1228 3075 1300 typicorum
3135 1227 3508 1302 symbolorum

1902 1306 2451 1395 “pet-formationibus,
2482 1321 2561 1376 sic
2585 1330 2816 1392 cognata
2864 1318 3173 1388 hujusmodi
3202 1322 3389 1394 genuit
3419 1336 3509 1377 ve-

1910 1411 2116 1489 lamina
2171 1424 2223 1469 et
2270 1412 2553 1471 declarant
2603 1415 2929 1485 quicumque
2963 1422 3017 1469 et
3069 1424 3195 1469 ante
3237 1415 3508 1471 velamina

1910 1498 2070 1562 'extra
2103 1504 2426 1578 theologiam
2456 1506 2796 1561 manifestam
2825 1506 3215 1575 relinquentes,
3239 1507 3292 1560 in
3315 1494 3511 1577 seipsis

1917 1600 2215 1656 reformant
2250 1600 2659 1655 similitudinem
2692 1599 2961 1669 quandam
3008 1598 3073 1653 ad
3098 1598 3513 1671 intelligentiam

1918 1707 1975 1747 se
1999 1691 2175 1746 dictae
2206 1690 2508 1761 theologiae
2538 1688 3010 1744 manudueentem.
3037 1688 3100 1743 Et
3121 1688 3256 1745 haec
3286 1688 3517 1747 visibilis

1920 1780 2289 1835 universitatis
2316 1781 2501 1834 mundi
2527 1780 2755 1844 factura,
2780 1780 3066 1836 invisibilis
3093 1779 3187 1836 Dei
3212 1782 3516 1853 praemissa

218 1882 616 1954 praeparantis,
664 1892 720 1940 et
767 1884 1064 1949 bibentem,
1098 1894 1155 1939 et
1205 1883 1550 1947 inebriatnm,
1591 1892 1648 1937 et
1681 1898 1821 1937 som-

1928 1884 2031 1939 est,
2060 1875 2200 1928 sicut
2222 1875 2298 1928 ait
2321 1872 2537 1937 Paulus,
2575 1882 2630 1927 et
2658 1887 2785 1926 vera
2814 1873 2973 1927 ratio.
3005 1872 3241 1930 Proinde
3283 1884 3339 1930 et
3365 1870 3519 1932 theo-

222 1968 521 2039 uolentum,
570 1983 627 2029 et
684 1974 1020 2046 crapulatum
1080 1974 1536 2030 t‘ransformantis.
1594 1972 1733 2042 Quid
1772 1974 1817 2029 si

206 2064 341 2134 'quis
370 2066 668 2149 tieat'iras,
704 2068 972 2136 tristitias,
1005 2061 1153 2124 varia
1184 2072 1519 2143 juramenta,
1551 2069 1815 2131 insanias,

210 2157 649 2225 maledictiones,
707 2159 1332 2227 furores,-multiformia
1362 2172 1418 2217 et
1456 2158 1675 2231 obliqua
1734 2175 1819 2214 re-

206 2248 482 2322 ‘pulsionis
525 2253 730 2327 peccati
762 2255 1187 2325 promissionum
1217 2254 1571 2326 sophismata,
1629 2253 1683 2306 in
1714 2250 1818 2307 Ge-

223 2344 337 2421 nesi
380 2344 652 2417 gigantum
682 2360 938 2418 pugnam,
987 2363 1085 2418 per
1130 2362 1293 2417 quam
1327 2345 1628 2401 deliberare
1658 2360 1723 2398 ex
1754 2337 1819 2397 ti-

224 2448 377 2491 more
403 2435 601 2491 dicitur
624 2437 935 2506 potentibus
970 2436 1075 2493 illis
1121 2438 1269 2501 viris,
1308 2439 1448 2491 hanc
1488 2434 1817 2491 aediﬁcatio-

225 2541 348 2581 aem
394 2543 499 2582 non
557 2526 752 2597 injuria
792 2529 1152 2599 quorumdam
1182 2529 1438 2594 aliorum,
1487 2527 1578 2583 sed
1608 2542 1706 2598 pro
1734 2542 1821 2580 sa-

206 2615 333 2672 ‘lute
361 2633 545 2673 eorum
579 2619 1041 2685 ntaehinantibus,
1083 2628 1139 2675 et
1180 2619 1464 2675 consilium
1500 2619 1627 2674 illud
1660 2616 1816 2687 juxta

224 2707 432 2763 caelum
460 2711 511 2764 in
536 2710 659 2765 dolo
685 2719 738 2767 et
765 2694 1078 2766 seductione
1102 2710 1288 2766 Achab
1313 2717 1585 2782 paratum,
1613 2719 1668 2765 et
1689 2727 1821 2767 can-

227 2798 461 2854 ticorum
498 2799 809 2856 materiales
831 2808 885 2856 et
910 2800 1185 2857 adulteras
1209 2801 1406 2857 multas
1434 2801 1740 2872 passiones,
1763 2804 1820 2856 et

226 2904 583 2963 quaecunque
611 2893 713 2948 alia
739 2894 919 2950 omnia
970 2894 1192 2951 audacis
1226 2904 1351 2949 sunt
1374 2894 1587 2950 divinae
1618 2892 1825 2949 forma-

227 2982 389 3039 tionis
429 2998 582 3040 sacre
610 2987 908 3056 composita
936 2986 1264 3043 declarativa
1306 2987 1640 3044 occultorum
1696 3003 1822 3058 pro-

227 3073 461 3131 blemata
489 3084 543 3131 et
572 3076 924 3148 multiplicata
955 3089 1009 3134 et
1038 3079 1237 3150 partita
1261 3080 1527 3134 unitatum
1551 3088 1606 3133 et
1634 3094 1825 3136 caren-

229 3170 360 3225 tium
388 3169 653 3241 partibus,
672 3179 727 3226 et
758 3170 1039 3241 ligurativa
1060 3179 1114 3226 et
1138 3170 1490 3228 multiformia
1521 3172 1822 3228 carentium

1916 1958 2029 2039 logi
2053 1968 2319 2038 quaedam
2346 1967 2565 2038 quidem
2596 1966 2825 2021 civiliter
2845 1977 2898 2021 et
2924 1967 3169 2039 legaliter
3194 1958 3515 2042 inspiciunt,

1920 2060 2183 2130 quaedam
2225 2069 2407 2113 autem
2462 2046 2743 2129 purgative
2804 2065 2859 2112 et
2919 2057 3343 2115 incontaminate
3391 2078 3407 2113 :
3462 2070 3520 2117 et

1921 2152 2186 2223 quaedam
2231 2152 2447 2222 quidem
2481 2151 2793 2207 humanitus
2816 2160 2870 2207 et
2899 2153 3097 2219 medie,
3126 2152 3390 2223 quaedam
3421 2168 3520 2209 au-

1924 2251 2029 2297 tem
2065 2241 2499 2311 supermundane
2545 2251 2598 2296 ct
2628 2230 2953 2312 perfective:
2987 2252 3042 2298 et
3066 2252 3179 2298 tum
3209 2244 3424 2314 quidem
3450 2236 3520 2301 ex

1920 2331 2133 2404 legibus
2187 2331 2683 2398 n'tanifestatorum,
2733 2341 2846 2388 tum
2902 2348 3031 2390 vero
3080 2350 3149 2390 ex
3182 2335 3521 2392 occultorum

1918 2423 2132 2495 legibus
2184 2424 2481 2479 secundum
2521 2424 2965 2494 consequentiam
3014 2426 3311 2497 suppositis
3348 2427 3524 2484 sacris

1926 2513 2099 2568 literis
2125 2522 2179 2569 et
2222 2514 2585 2570 intelleclibus
2617 2523 2669 2569 et
2694 2515 2997 2572 animabus.
3031 2515 3150 2571 Non
3175 2518 3319 2572 enim
3348 2518 3520 2574 histo-

1930 2608 2065 2662 riam
2112 2608 2336 2673 nudam,
2366 2607 2458 2662 sed
2485 2606 2704 2662 vitalem
2738 2608 2902 2663 habet
2944 2608 3332 2679 perfectionem
3362 2624 3524 2682 prae-

1924 2698 2096 2770 pesita
2123 2699 2201 2753 eis
2246 2698 2406 2752 simul
2439 2692 2637 2764 omnis,
2678 2707 2734 2753 et
2763 2713 2859 2770 per
2884 2700 3064 2755 omnia
3111 2701 3268 2757 ratio.
3292 2700 3525 2773 Oportet

1925 2790 2090 2860 igitur
2109 2799 2163 2844 et
2186 2804 2303 2855 nos,
2328 2804 2425 2860 pro
2447 2789 2688 2859 populari
2711 2788 2776 2845 de
2802 2791 2931 2861 ipsis
2951 2793 3312 2864 susceptione,
3336 2794 3517 2866 palam

1926 2896 2207 2937 sacrorum
2232 2880 2601 2953 symbolarum
2634 2892 2877 2938 sanctam
2916 2883 3371 2953 pulchritudinem
3395 2901 3520 2959 per-

1927 2974 2163 3038 mittere,
2221 2982 2276 3028 et
2318 2988 2424 3028 non
2477 2966 2734 3044 spernere
2760 2990 2848 3041 ea,
2896 2974 3203 3031 divinorum
3252 2992 3376 3034 cum
3407 2980 3524 3037 sint

1928 3065 2312 3119 characterunt
2354 3074 2578 3134 poscere
2624 3063 3002 3134 formationes,
3025 3075 3079 3121 et
3108 3068 3369 3140 imagines
3404 3086 3523 3128 ma-

1929 3157 2160 3214 nifestae
2207 3173 2533 3214 arcanorum
2562 3168 2616 3214 et
2662 3160 3159 3230 supernaturalium
3197 3162 3526 3233 speculami-

227 3259 419 3316 formis
439 3268 493 3316 et
516 3261 743 3333 ﬁguris?
765 3260 1002 3330 Quorum
1027 3261 1071 3317 si
1108 3261 1230 3333 quis
1255 3261 1440 3318 videre
1471 3264 1707 3333 potuerit
1732 3262 1818 3317 in-
1847 3252 1894 3319 C
1926 3270 2077 3309 num.
2101 3253 2314 3308 Etenim
2334 3270 2441 3308 non
2464 3253 2634 3307 solum
2662 3262 2680 3293 ι
2704 3254 3176 3323 superessentialia
3203 3256 3429 3327 lumina,
3458 3267 3522 3315 et

230 3361 316 3409 tus
360 3346 626 3411 occultam
677 3353 1155 3425 pulchritudinent,
1211 3352 1450 3410 inveniet
1493 3355 1719 3427 mystica
1765 3365 1821 3410 et
1875 3421 1880 3426 _

227 3442 511 3501 deiformia
535 3449 739 3510 omnia,
773 3456 826 3501 et
851 3444 1002 3501 multi
1029 3445 1314 3519 tbeologiei
1339 3438 1562 3501 luminis
1594 3446 1816 3517 repleta.

228 3534 347 3592 Non
427 3539 571 3594 enim
637 3538 967 3592 arbitramur
1046 3536 1329 3592 manifesm
1394 3538 1820 3607 compositorum

227 3632 456 3702 propter
475 3632 649 3702 seipsa
681 3629 986 3696 reformari,
1014 3628 1292 3699 praetendi
1310 3640 1489 3682 autem
1518 3637 1644 3684 ante
1666 3643 1821 3699 prae.

231 3730 401 3787 tenta,
425 3729 480 3776 et
519 3720 772 3775 invisibili
804 3714 969 3773 multa
991 3718 1236 3783 scientia,
1270 3728 1330 3772 ut
1375 3732 1481 3772 non
1528 3718 1822 3774 immundis

232 3813 395 3871 facile
430 3823 649 3885 accepta
698 3813 807 3869 sint
850 3809 1415 3868 sacratissima.Solis
1441 3817 1621 3865 autem
1666 3825 1820 3866 reve-

230 3906 413 3962 lentur
465 3905 765 3961 divinitatis
820 3904 1051 3960 sinceris
1128 3903 1507 3969 amatoribus,
1568 3910 1822 3973 tanquam

231 4012 448 4053 omnem
474 3997 734 4069 puerilem
760 3997 1102 4067 phantasiam
1136 3995 1187 4049 in
1216 3994 1391 4050 sacris
1419 3995 1678 4063 symbolis
1707 3995 1821 4048 for-

235 4092 600 4157 mantibus,et
635 4090 842 4146 idoneis
868 4089 1249 4144 transcendere
1273 4088 1616 4161 simplicitate
1631 4088 1819 4155 animi,

234 4191 291 4237 et
334 4181 785 4253 contemplativae
804 4181 1018 4234 virtutis
1037 4180 1455 4250 opportunitate,
1482 4180 1547 4234 ad
1574 4179 1821 4249 simplam

235 4286 293 4333 et
353 4275 815 4350 supernaturaletn
854 4286 908 4331 et
943 4277 1391 4348 praecollocatam
1457 4275 1823 4347 symbolarum

236 4371 539 4426 veritatem.
575 4368 680 4426 Sed
708 4371 890 4441 itaque
924 4378 979 4424 et
1005 4370 1105 4423 hoc
1130 4368 1428 4439 intelligere
1455 4378 1688 4440 oportet,
1723 4370 1825 4424 du-

236 4462 431 4532 plicim
477 4476 598 4517 esse
632 4462 1001 4535 theologorum
1045 4461 1390 4518 traditionem
1434 4480 1446 4517 :
1491 4478 1652 4517 unam
1703 4462 1825 4533 qui-

239 4554 365 4610 dent
397 4566 652 4607 arcanam
700 4563 754 4608 et
804 4553 1107 4625 mysticam,
1158 4554 1384 4609 alteram
1426 4570 1549 4610 vero
1598 4552 1862 4625 manife-,

239 4655 380 4702 stam
426 4655 483 4700 et
530 4646 795 4701 notiorem
830 4616 936 4702 :vet
963 4662 1083 4701 eam
1126 4647 1343 4718 quidem
1389 4649 1741 4721 symbolicam
1769 4656 1823 4702 et
1854 4616 1901 4691 ί)

239 4739 614 4809 ριιιοῑθριὶνειιιι,
641 4739 779 4794 hanc
800 4754 932 4793 vero
975 4739 1403 4809 philosophicam
1435 4749 1489 4793 et
1520 4740 1830 4809 approbati-

241 4846 387 4895 vum,
417 4841 471 4886 et
499 4831 877 4903 complectitur
895 4830 1091 4886 eﬂ'abili
1118 4830 1409 4887 ineffabile.
1436 4832 1502 4886 Et
1521 4832 1664 4886 aliud
1705 4831 1827 4902 qui-

202 4946 211 4953 α
244 4921 365 4978 dem
396 4923 599 4993 patitur
619 4931 675 4977 et
723 4924 927 4994 indiget
947 4923 1214 4977 dictorum
1242 4923 1491 4978 veritatis
1523 4941 1537 4979 :
1569 4924 1669 4977 hoc
1701 4937 1831 4979 vero

245 5017 360 5088 agit
392 5027 447 5071 et
477 5016 707 5073 collocat
739 5018 847 5072 Deo
891 5016 1250 5072 ineffabilibus
1278 5018 1552 5073 doctrinae
1583 5018 1827 5073 introdu-

246 5109 533 5166 etionibus.
574 5109 643 5165 Et
667 5111 886 5181 quidem
936 5123 1113 5179 neque
1163 5111 1458 5165 secundum
1517 5120 1827 5165 sanctorum

246 5203 628 5274 mysteriorum
670 5202 860 5259 teletas
901 5203 991 5257 alii
1042 5204 1336 5258 secundum
1382 5219 1498 5264 nos,
1529 5203 1616 5256 alii
1643 5203 1831 5273 legalis

249 5293 555 5349 traditionis
586 5295 725 5350 sacri
754 5295 1000 5366 magistri
1033 5295 1338 5350 divinorum
1364 5294 1588 5349 defuere
1613 5296 1835 5366 symbo-

248 5384 424 5441 lorum
454 5405 468 5441 :
498 5385 590 5442 sed
621 5396 678 5444 et
715 5387 1115 5443 sacratissimos
1159 5386 1377 5459 angelos
1404 5405 1501 5459 per
1528 5388 1834 5461 aenigmata

250 5477 430 5534 divina
453 5477 679 5550 mystice
702 5479 1062 5549 producentes
1082 5477 1348 5543 videmus,
1374 5489 1427 5534 et
1452 5479 1625 5551 ipsum
1650 5478 1835 5533 Jesum

252 5570 307 5627 in
347 5570 618 5643 parabolis
674 5570 1086 5642 theologantem,
1116 5579 1171 5627 et
1218 5571 1407 5627 deifica
1443 5570 1696 5645 mysteria
1730 5577 1837 5625 tra-

1927 3347 2242 3413 invisibilia,
2269 3358 2324 3402 et
2350 3346 2672 3418 simpliciter
2700 3346 2882 3402 divina
2911 3349 3103 3420 typieis
3132 3351 3514 3419 pervariantur

1926 3442 2206 3514 symbolis,
2251 3441 2392 3498 sicut
2422 3441 2855 3512 supernaturalis
2884 3442 3026 3499 Deus
3071 3443 3213 3513 ignis
3239 3445 3435 3513 dictus,
3463 3455 3521 3504 et

1926 3532 2220 3590 invisibilia
2288 3532 2383 3589 Dei
2444 3532 2660 3603 eloquia
2714 3532 2900 3606 ignita.
2952 3533 3180 3607 Insuper
3225 3546 3407 3591 autem
3462 3546 3524 3593 et

1927 3626 2279 3683 invisibilium
2352 3626 2512 3683 simul
2567 3637 2623 3683 et
2699 3627 3141 3684 intellectualium
3204 3631 3519 3701 angelorum

1926 3718 2218 3774 deiformes
2266 3729 2495 3776 ornatus
2548 3721 2714 3775 variis
2779 3720 2971 3776 formis
3011 3723 3408 3789 describuntur,
3461 3733 3519 3781 et

1927 3812 2109 3867 multis
2138 3815 2423 3884 speciebus
2442 3821 2499 3870 et
2523 3812 2697 3884 igneis
2734 3813 3146 3885 figurationibus
3177 3819 3218 3870 ³.
3249 3816 3318 3873 Ει
3360 3817 3521 3875 aliter

1927 3912 2139 3975 oportet
2183 3905 2412 3959 eandem
2466 3906 2605 3976 ignis
2653 3906 2940 3978 imaginem
2966 3907 3120 3978 juxta
3158 3902 3525 3979 superintelli-

1928 4000 2161 4070 gentiam
2192 4000 2283 4055 Dei
2312 4000 2783 4073 dictamfexcipere
2806 4019 2818 4055 :
2845 4000 3001 4057 aliter
3026 4012 3203 4058 autem
3224 4004 3522 4068 secundum

1929 4091 2100 4161 ipsam
2151 4091 2500 4146 invisibilium
2550 4092 2665 4163 ejus
2707 4093 3168 4163 providentiarutn
3199 4103 3291 4149 aut
3346 4097 3522 4152 ratio-

1929 4200 2055 4239 num
2092 4203 2104 4238 :
2138 4193 2192 4240 et
2229 4185 2387 4240 aliter
2436 4186 2488 4240 in
2547 4185 2770 4256 angelis.
2823 4186 2887 4241 Et
2928 4203 3045 4243 eam
3085 4189 3300 4259 quidem
3333 4180 3527 4247 secun-

1929 4277 2054 4331 dum
2086 4292 2345 4342 causam,
2401 4278 2559 4333 istam
2602 4294 2730 4333 vero
2772 4280 3067 4334 secundum
3095 4281 3519 4352 subsistentiam,

1929 4367 2069 4423 hanc
2100 4382 2228 4422 vero
2253 4370 2549 4424 secundum
2582 4371 3048 4442 participationem
3078 4412 3093 4438 ,
3137 4383 3191 4427 et
3230 4373 3331 4427 alia
3363 4375 3525 4434 aliter

1928 4460 2223 4515 secundum
2263 4459 2396 4516 haec
2445 4461 2653 4517 theoria
2706 4470 2761 4517 et
2808 4463 3159 4533 disciplinalis
3195 4462 3216 4495 ³
3246 4464 3522 4525 ordinatio

1927 4552 2281 4609 intentionem
2313 4556 2484 4624 ponit.
2525 4555 2590 4609 Et
2636 4570 2740 4610 non
2778 4564 2836 4609 ut
2863 4558 3335 4627 consequebantur
3364 4574 3523 4616 sacra

1929 4646 2167 4716 symbola
2198 4644 2553 4712 confundere,
2576 4647 2669 4701 sed
2698 4646 3085 4702 convenienter
3112 4665 3175 4702 ea
3200 4650 3401 4718 causis,
3432 4659 3528 4710 aut

1928 4738 2323 4802 subsistentiis,
2358 4748 2448 4793 aut
2478 4739 2801 4805 virtutibus,
2848 4747 2940 4793 aut
2984 4742 3285 4808 ordinibus,
3320 4754 3411 4799 aut
3443 4744 3525 4798 di-

1930 4827 2224 4899 gnitatibus
2258 4847 2270 4883 :
2301 4830 2583 4898 replicare,
2635 4844 2864 4899 quorum
2917 4839 3042 4885 sunt
3093 4832 3524 4889 manifestatoria

1928 4924 2248 4992 composita.
2278 4921 2341 4977 Et
2373 4931 2429 4977 ut
2458 4939 2561 4978 non
2588 4923 2725 4977 ultra
2753 4924 2894 4994 quod
2926 4933 3141 4996 oportet
3169 4928 3528 4986 extendamus

1930 5016 1983 5070 in
2014 5015 2144 5087 ipsis
2169 5057 2183 5082 ,
2228 5014 2341 5087 jam
2378 5017 2653 5086 proposita
2700 5017 2854 5073 nobis
2885 5020 3134 5088 quaestio
3182 5019 3421 5073 scienda.
3461 5020 3531 5076 Et

1935 5106 2185 5173 dicimus,
2214 5106 2338 5177 quia
2373 5107 2550 5162 omnis
2590 5121 2715 5162 esca
2755 5106 3046 5178 perfectiva
3094 5116 3174 5163 est
3213 5109 3530 5165 nutriendo.

1937 5216 2079 5264 rum,
2112 5197 2574 5271 imperfeclionem
2605 5214 2792 5253 eorum
2818 5207 2874 5254 et
2901 5198 3253 5272 indigentiam
3293 5202 3523 5271 replens,

1934 5302 1988 5347 et
2026 5291 2299 5346 infirmum
2331 5307 2552 5357 curans,
2585 5299 2638 5347 et
2673 5292 2837 5345 vitam
2878 5305 3067 5346 eorum
3108 5293 3440 5359 custodiens,
3474 5303 3529 5349 et

1937 5383 2131 5439 ﬂorere
2162 5382 2389 5451 faciens,
2416 5393 2472 5439 et
2502 5398 2790 5449 renovans,
2818 5392 2874 5439 et
2912 5383 3071 5439 vitale
3098 5384 3178 5440 eis
3207 5386 3528 5441 beneficium

1940 5478 2168 5543 donans,
2197 5486 2250 5532 et
2277 5476 2594 5548 simpliciter
2619 5477 3028 5532 contristantem
3068 5486 3123 5531 et
3154 5475 3527 5546 imperfectum

1944 5587 2243 5643 respuens,
2284 5579 2338 5627 et
2368 5569 2627 5626 laetitiam
2655 5583 2842 5625 eorum
2868 5579 2925 5626 et
2952 5569 3343 5640 perfectionem
3370 5571 3394 5605 δ
3421 5571 3530 5627 lar-

1558 5709 1814 5767 VARIAE
1846 5708 2251 5769 LECTIONES.

326 5802 345 5835 ¹
389 5803 476 5859 BE
530 5806 661 5858 sola.
757 5805 778 5835 ‘
810 5803 895 5858 BE
941 5802 1402 5873 fulgurationibus.

254 5873 300 5938 Ε
322 5890 510 5932 eorum
551 5886 597 5931 et
626 5872 1001 5949 perfwtionum
1024 5872 1284 5947 largiens.

1511 5810 1532 5844 ⁸
1566 5802 1610 5859 Η
1639 5800 2061 5877 discipliuabilis.
2144 5799 2169 5835 ⁸
2204 5800 2400 5871 SicA;
2452 5798 2541 5858 ΒΗ
2592 5814 2782 5857 eorum
2842 5789 3216 5875 perfectionem
3259 5802 3529 5876 largiens;
