4004 6290
2833 305 2967 317 -ισ-·

495 365 631 422 1191
1880 346 2098 406 JOANN

2203 344 2395 405 SCOTl
3641 349 3666 404 1
3683 345 3783 404 l9i

494 479 670 552 giens.
712 473 859 532 Bene
900 469 1066 542 igitur
1111 464 1493 539 supersapiens
1533 471 1590 518 et
1643 459 1845 534 optima
1892 458 2082 530 sophia
2111 469 2160 529 Α
2189 459 2631 532 provenientihus
2650 457 2869 530 copiose
2894 457 2996 524 eis,
3024 464 3078 513 et
3107 470 3212 513 non
3239 428 3621 514 deﬁcientibus
3644 475 3783 532 epu-

495 549 566 626 ab
591 565 820 639 eloquiis
858 562 1127 626 laudatur,
1156 567 1369 614 cratera
1405 553 1693 627 mysticum
1739 560 2001 618 statuens,
2033 557 2090 605 et
2189 553 2259 608 lis
2283 551 2555 608 afﬂuentia
2586 553 2849 626 largiente
2877 559 2933 607 et
2954 562 3394 624 supermanante.
3445 549 3564 607 Hoc
3601 565 3786 608 autem

495 676 714 720 sacrum
753 657 839 716 eis
880 663 1066 728 potum
1112 649 1463 723 profundens,
1515 645 1688 717 magis
1737 653 1918 698 autem
1961 649 2088 696 ante

499 754 602 812 bos
627 749 828 806 solidas
857 761 1013 803 escas
1048 755 1359 815 proponens
1386 779 1401 806 ,
1445 746 1501 793 et
1530 752 1655 792 cum
1682 734 1901 792 excelsa
1929 747 2087 804 prae-

496 844 770 899 dicalione
815 840 931 911 ipsa
983 835 1354 892 desiderantes
1412 847 1470 886 se
1513 829 1718 902 optime
1761 836 1817 882 et
1861 825 2087 897 pulchre

498 935 838 992 desiderans.
891 927 1170 1000 Duplicem
1205 925 1371 998 igitur
1399 937 1580 978 escam
1617 920 1799 976 divina
1824 917 2087 989 sapientia

496 1027 753 1102 proponit
782 1041 798 1079 :
829 1037 995 1078 unam
1029 1019 1248 1091 quidem
1290 1015 1518 1072 solidam
1551 1025 1604 1069 et
1631 1011 2087 1078 manducabilem,

500 1121 731 1176 alteram
763 1129 895 1170 vero
923 1110 1202 1168 humidam
1248 1117 1304 1164 et
1349 1105 1630 1179 profusam
1655 1145 1671 1171 ,
1705 1113 1761 1160 et
1791 1103 1843 1157 in
1877 1111 2088 1158 cratere

497 1212 730 1286 porrigit
752 1207 1008 1282 providae
1033 1220 1159 1262 suas
1188 1201 1484 1258 bonitates.
1535 1199 1654 1270 Ipse
1695 1197 1863 1269 igitur
1905 1204 2089 1250 crater

498 1301 769 1362 rotundus
796 1300 920 1356 dum
950 1297 1021 1353 sit
1045 1304 1100 1350 et
1128 1293 1419 1364 repandus,
1451 1287 1755 1362 symbolum
1785 1287 1858 1342 sit
1886 1299 2094 1355 expan-

498 1413 595 1456 sae
623 1394 780 1452 simul
809 1401 864 1449 et
890 1393 945 1448 in
983 1387 1164 1445 omnia
1187 1384 1573 1444 circumeuntis
1601 1383 1719 1439 sine
1744 1379 2012 1454 principio
2036 1387 2094 1434 et

497 1487 745 1544 infinitae
770 1484 962 1539 borum
989 1479 1231 1536 omnium
1261 1474 1655 1548 providentiae.
1699 1472 2092 1529 Verumtamen

497 1579 757 1654 quoniam
781 1577 859 1632 'in
910 1573 1091 1630 omnia
1120 1571 1469 1643 proveniens,
1504 1573 1686 1621 manet
1722 1564 1776 1620 in
1806 1563 2006 1634 seipsa,
2037 1570 2096 1618 et

498 1685 608 1735 stat
629 1675 684 1731 in
708 1669 1026 1729 immutabili
1056 1676 1285 1723 naturae
1312 1662 1690 1726 similitudine,
1712 1670 1768 1716 et
1801 1657 2091 1732 perfectis-

497 1771 639 1827 sima
673 1762 1091 1823 irrcmeabiliter
1127 1760 1306 1828 seipsa
1348 1756 1612 1812 collocata
1658 1752 2004 1809 nniformiter
2037 1758 2094 1808 et

2189 657 2321 700 vere
2367 643 2622 720 epulari.
2660 652 2717 698 et
2746 651 2968 715 propter
2991 642 3128 698 haec
3155 641 3483 698 vivificatrix
3513 644 3687 697 simul
3734 653 3790 700 et

2189 738 2538 810 parvulorum
2567 739 2772 804 nutrix,
2801 748 2858 793 et
2886 737 3218 804 renovatrix,
3249 748 3307 794 et
3336 738 3637 810 perfectrix
3668 740 3790 796 lau-

2163 833 2340 913 _data.
2391 833 2703 888 Secundum
2753 831 2898 888 hanc
2946 841 3128 887 autem
3191 847 3405 887 sacram
3454 832 3792 904 epulationis

2192 923 2550 994 apertionem,
2575 936 2629 979 et
2653 923 2766 995 ipse
2791 923 3033 978 omnium
3065 925 3332 979 honorum
3376 925 3624 981 causalis
3647 925 3794 983 Deus

2193 1011 2452 1069 inebriari
2478 1014 2696 1078 dicitur,
2723 1023 2943 1086 propter
2965 1014 3524 1084 superplenitudinem
3555 1026 3610 1071 et
3636 1017 3797 1071 intel-

2191 1103 2473 1174 ligentiam
2511 1104 2836 1174 epulationis
2865 1121 2878 1156 :
2911 1113 3005 1158 aut
3047 1115 3207 1174 potus
3234 1104 3523 1160 dicendum
3549 1146 3567 1171 ,
3610 1107 3799 1178 epula-

2193 1193 2359 1248 tionis
2387 1193 2477 1249 Dei
2508 1193 2957 1264 perfectissimam
2983 1203 3036 1250 et
3060 1195 3387 1251 ineffabilem
3417 1198 3670 1252 deterius
3701 1196 3800 1252 im-

2193 1284 2733 1340 mensurabilitatem.
2777 1284 3008 1342 Utenim
3055 1286 3108 1340 in
3148 1286 3306 1342 nobis
3329 1288 3634 1343 secundum
3656 1288 3803 1359 quod

2193 1378 2433 1434 ebrietas
2459 1379 2810 1433 immoderata
2829 1378 3054 1451 repletio
3073 1388 3177 1446 cst,
3198 1388 3255 1434 et
3271 1389 3454 1436 mente
3470 1392 3529 1436 et
3545 1382 3802 1439 sensibus

2194 1471 2422 1526 ecstasis
2441 1511 2456 1537 ,
2489 1471 2570 1526 sic
2594 1472 2890 1528 secundum
2936 1474 3081 1544 quod
3108 1473 3302 1530 melius
3325 1515 3342 1542 ,
3388 1475 3447 1530 in
3474 1475 3596 1532 Deo
3623 1475 3806 1534 ebrie-

2196 1571 2365 1618 tatem
2417 1579 2524 1618 non
2579 1565 2724 1619 aliud
2777 1565 2905 1636 quid
2975 1575 3190 1636 Oportet
3254 1566 3526 1640 intelligi,
3581 1577 3808 1640 praeter

2195 1655 2752 1726 superabundantiam
2781 1667 2836 1713 et
2865 1673 3086 1713 causam
3128 1659 3544 1730 provenientem
3580 1661 3640 1717 in
3691 1663 3806 1733 ipso

2195 1748 2440 1804 onmium
2469 1749 2734 1806 bonorum
2767 1751 3287 1808 immensurabilem.
3339 1752 3449 1810 Sed
3499 1763 3567 1810 et
3613 1771 3832 1812 tonse--

497 1864 608 1920 ﬁxe
633 1901 650 1928 ,
690 1860 769 1916 sic
799 1866 982 1914 crater
1013 1862 1142 1910 stat.
1185 1850 1496 1908 Aedificans
1524 1857 1708 1904 autem
1739 1855 1794 1902 et
1823 1843 2088 1916 sapientia
2120 1849 2169 1911 Β
2198 1856 2373 1912 quens
2410 1840 2689 1898 ebrietatis
2736 1845 3037 1915 sapientiae
3082 1845 3344 1914 ecstasis,
3385 1851 3806 1920 supereminens

499 1957 719 2013 domum
749 1951 850 2007 sibi
880 1948 1102 2012 dicitur,
1140 1954 1196 2000 et
1225 1945 1279 2000 in
1309 1943 1455 2016 ipsas
1499 1941 1700 1997 solidas
1725 1953 1880 1995 escas
1907 1945 1960 1992 et
1991 1950 2089 2007 po-

499 2059 590 2105 tus
618 2056 674 2103 et
702 2053 913 2102 cratera
947 2053 1252 2112 proponens
1287 2055 1300 2090 :
1334 2036 1413 2091 sic
1454 2049 1574 2091 esse
1615 2033 1796 2088 divina
1835 2029 2094 2085 divinitus

498 2137 743 2214 symbola
775 2134 1095 2190 facientibus
1120 2129 1352 2194 clarmn,
1379 2127 1505 2198 quia
1534 2135 1590 2181 et
1612 2122 1948 2196 providentia
1969 2135 2096 2214 per-

501 2212 799 2292 fectissima
828 2236 911 2284 est
953 2227 1069 2298 ipse
1114 2220 1330 2279 essendi
1379 2228 1434 2275 et
1475 2221 1613 2274 bene
1660 2215 1872 2272 essendi
1911 2212 2096 2269 omnia

499 2324 758 2389 causalis,
807 2330 864 2376 et
906 2321 960 2374 in
992 2315 1176 2374 omnia
1213 2313 1459 2386 procedit
1486 2351 1501 2374 ,
1549 2319 1604 2366 et
1647 2309 1702 2364 in
1733 2306 1881 2363 omni
1926 2305 2007 2370 fit,
2040 2311 2098 2360 et

503 2418 752 2477 continet
777 2414 958 2470 omnia
980 2454 994 2478 ,
1034 2420 1090 2466 et
1116 2410 1310 2463 iterum
1343 2407 1458 2476 ipse
1488 2405 1542 2459 iu
1569 2403 1758 2458 eodem
1788 2417 1886 2472 per
1914 2398 2095 2456 excel-

500 2511 754 2574 lentiam,
784 2507 988 2563 nullum
1021 2505 1072 2559 in
1107 2500 1251 2557 nullo
1278 2515 1374 2572 per
1403 2497 1606 2553 nullum
1633 2503 1740 2562 est,
1769 2493 1864 2551 sed
1891 2492 2098 2550 exalta-

504 2613 592 2659 tur
617 2600 889 2665 omnibus,
921 2596 1038 2668 ipse
1069 2593 1125 2648 in
1168 2591 1348 2664 seipso
1373 2587 1625 2646 similiter
1663 2593 1719 2641 et
1751 2583 2098 2640 aeternaliter

500 2712 621 2763 ens,
653 2704 708 2752 et
733 2703 905 2756 stans,
935 2697 991 2745 et
1035 2701 1264 2763 manens
1287 2725 1303 2750 ,
1355 2689 1410 2738 et
1437 2695 1656 2751 semper
1683 2678 1978 2735 secundum
2008 2689 2100 2730 ea-

501 2761 624 2848 dem
652 2795 708 2843 et
736 2783 898 2841 sicsic
923 2781 1150 2844 habens,
1182 2786 1239 2832 ct
1259 2761 1408 2830 nullo
1463 2773 1624 2829 modo
1667 2780 1823 2827 extra
1854 2769 2097 2839 seipsum

497 2881 719 2943 factus,
756 2891 933 2946 neque
977 2871 1192 2944 propria
1247 2868 1514 2940 gravitate
1565 2874 1622 2921 et
1667 2859 2099 2920 incommutabili

503 2971 787 3028 mansione
836 2975 892 3023 ct
939 2965 1183 3021 bonitate
1236 2961 1502 3016 relictus:
1535 2957 1629 3014 sed
1674 2964 1730 3010 et
1775 2955 1827 3011 in
1877 2951 2097 3024 seipsa‘

504 3075 650 3123 totas
673 3076 728 3121 et
759 3059 1182 3134 perfectissimas
1211 3051 1579 3126 providentias
1613 3049 1818 3120 Optime
1844 3061 2098 3116 operans,

504 3165 561 3213 et
607 3153 934 3228 provenieus
980 3150 1032 3204 in
1079 3145 1261 3202 omnia
1290 3186 1304 3208 ,
1361 3153 1416 3198 et
1468 3155 1692 3196 manens
1730 3138 1783 3193 in
1815 3137 2016 3207 seipse,
2047 3142 2103 3228 et

2201 1931 2296 1987 Dei
2321 1931 2842 2006 superintelligentia
2868 1935 3234 2007 intelligenda,
3254 1940 3562 1994 secundum
3577 1956 3743 2010 quam
3758 1951 3809 1997 et

2198 2025 2472 2082 exaltatur
2505 2027 2854 2100 intelligendo
2880 2030 3352 2102 superintelligere
3381 2046 3509 2096 ens,
3529 2042 3592 2087 et
3621 2048 3808 2102 super-

2201 2120 2520 2192 intelligitur
2561 2131 2617 2177 et
2661 2136 2827 2192 super
2861 2122 3036 2192 ipsum
3082 2136 3235 2190 esse,
3267 2132 3324 2178 et
3364 2123 3485 2194 ipse
3538 2128 3803 2192 omnium,

2199 2227 2561 2285 quaecunque
2604 2223 2753 2276 sunt,
2781 2215 2986 2286 optima
3017 2213 3292 2270 inebrians
3317 2214 3481 2269 simul
3512 2224 3576 2270 et
3605 2217 3806 2273 satiatis

2201 2313 2286 2361 est
2312 2304 2479 2371 Deus,
2517 2315 2774 2376 tanquam
2794 2306 3051 2361 omnium
3080 2305 3319 2376 ipsorum
3347 2307 3518 2362 simul
3547 2316 3607 2363 et
3627 2325 3811 2381 super5

2201 2397 2486 2469 plenorum
2528 2397 2989 2454 immensurabilis
3035 2397 3410 2455 universitatis
3455 2402 3810 2470 superexcel-

2201 2490 2388 2557 lentia,
2417 2500 2472 2546 et
2504 2491 2700 2546 iterum
2723 2501 2878 2548 extra
2905 2501 2960 2549 et
2991 2492 3277 2549 summitas
3300 2494 3552 2550 omnium
3592 2511 3811 2552 sursum

2201 2587 2430 2660 positus.
2460 2587 2545 2643 Ab
2573 2587 2660 2643 his
2689 2597 2873 2644 autem
2903 2587 3147 2644 volentes
3175 2598 3232 2644 et
3261 2588 3315 2642 in
3347 2600 3524 2661 regno
3556 2588 3657 2646 Dei
3688 2607 3814 2647 san-

2202 2665 2416 2734 ctorum
2451 2679 2700 2734 convivia
2728 2679 2884 2752 juxta
2926 2681 3153 2736 eundem
3193 2664 3534 2752 accipiemus
3569 2685 3811 2739 modum.

2205 2768 2504 2826 Transieus
2529 2770 2699 2838 enim,
2726 2771 2822 2838 ait,
2856 2770 2971 2842 ipse
2996 2787 3094 2827 rex
3119 2771 3462 2828 discumbere
3490 2787 3593 2829 eos
3624 2774 3811 2838 faciet,

2202 2871 2260 2920 et
2308 2862 2424 2935 ipse
2473 2861 2810 2920 ministrabit
2853 2861 3000 2920 eis”.
3052 2857 3378 2934 Signiﬁcant
3433 2874 3626 2920 autem
3682 2865 3816 2921 haec

2203 2970 2549 3012 communem
2571 2955 2844 3028 quandam
2866 2965 2921 3013 et
2943 2971 3114 3028 aeque
3135 2956 3468 3018 invisibilem
3492 2966 3815 3014 sanctorum

2205 3049 2258 3103 in
2289 3049 2489 3104 divinis
2515 3048 2673 3104 bonis
2720 3051 3063 3114 societatem,
3106 3059 3161 3106 et
3195 3048 3502 3106 Ecclesiam
3535 3053 3814 3122 primoge-

2206 3142 2445 3198 nitorum
2477 3142 2879 3215 descriptorum
2922 3143 2976 3198 in
3007 3142 3199 3210 caelis,
3230 3151 3289 3198 et
3331 3142 3568 3214 spiritus
3593 3155 3820 3202 sancto-

503 3223 659 3307 stans
678 3259 892 3317 semper
912 3249 965 3296 et
996 3239 1228 3302 motus’,
1261 3250 1435 3305 neque
1465 3242 1634 3290 stans.
1661 3245 1836 3300 neque
1866 3227 2100 3283 motus’.
2129 3223 2176 3288 C
2209 3253 2329 3293 rum
2360 3237 2613 3292 omnibus
2641 3237 2865 3308 optimis
2895 3236 3189 3306 perfectos,
3219 3244 3274 3290 et
3301 3236 3549 3307 primum
3589 3237 3818 3308 optimis

507 3343 616 3401 Sed
647 3357 681 3396 o
706 3341 749 3396 si
781 3337 905 3410 quis
934 3335 1132 3389 dixerit
1179 3331 1433 3402 proviias
1479 3326 1825 3398 operationes
1857 3323 1911 3378 iu
1945 3338 2101 3378 man-

505 3434 681 3498 sione,
713 3437 768 3485 et
813 3425 1152 3483 mansionem
1201 3423 1253 3476 in
1303 3419 1637 3491 providendo
1676 3415 2106 3470 connaturaliter

507 3525 672 3585 simul
713 3533 770 3580 et
817 3518 1302 3592 supernaturalitcr
1351 3517 1573 3571 habens.
1628 3513 1734 3569 Sed
1764 3528 1902 3583 quae
1933 3511 2104 3566 solida

507 3633 656 3682 esca,
689 3624 744 3671 et
769 3628 907 3685 quae
938 3608 1200 3667 humida?
1249 3607 1357 3662 llas
1397 3606 1543 3662 enim
1586 3605 1793 3676 optima
1838 3603 2105 3674 sapientia

510 3711 716 3766 donare
749 3703 993 3761 simulet
1034 3699 1319 3772 providere
1346 3697 1620 3753 laudatur.
1670 3695 1845 3767 Ipsam
1885 3694 2104 3764 quidem

489 3789 740 3862 .lselidam
793 3813 970 3854 escam
1023 3791 1470 3864 compositionem
1507 3799 1722 3864 gestare
1751 3789 1992 3843 arbitror
2022 3787 2105 3842 iu-

513 3890 838 3953 tellectualis
867 3899 922 3944 et
966 3885 1292 3942 nutritoriae
1328 3880 1699 3954 perfectionis,
1734 3889 1790 3935 et
1838 3877 2106 3934 naturalis

485 3957 972 4044 nimmutabilitatis
999 4019 1013 4043 ,
1052 3977 1351 4032 secundum
1395 3990 1556 4044 quam
1601 3972 1781 4027 divina
1845 3971 2104 4028 constite-

515 4086 666 4142 runt,
704 4085 760 4132 et
797 4083 1069 4146 potentem
1121 4079 1179 4127 et
1221 4069 1547 4124 uniformem
1592 4076 1648 4122 et
1691 4065 2106 4136 inseparabilem

516 4171 799 4230 scientiam
841 4169 1171 4240 participant
1215 4180 1336 4220 cum
1384 4161 1837 4218 intellectualibus
1871 4160 2105 4216 sensibi-

516 4266 646 4320 lium
681 4259 1128 4331 illorum,qnibus
1149 4255 1580 4328 sapientissimus
1593 4252 1790 4309 Paulus
1808 4267 1874 4307 ex
1899 4251 2112 4322 sapien-

487 4415 492 4420 ,
517 4360 592 4415 tia
617 4358 910 4429 accipiens,
925 4368 1050 4411 vere
1070 4353 1298 4410 solidam
1322 4367 1503 4407 escam
1531 4351 1757 4406 tradita.
1783 4347 2110 4405 Humidam‘

519 4463 700 4508 autem
725 4450 941 4522 perfuse
968 4447 1128 4504 Slllllll
1156 4458 1208 4502 et
1242 4447 1295 4500 in
1323 4445 1505 4500 omnia
1536 4445 1823 4516 provenire
1848 4442 2110 4500 festinan-

521 4549 588 4603 tis
619 4546 856 4608 virtutis,
887 4553 941 4598 et
970 4542 1147 4596 adhuc
1177 4555 1273 4611 per
1305 4537 1456 4592 varia
1487 4547 1541 4592 et
1588 4537 1754 4592 multa
1800 4545 1856 4591 et
1884 4536 2105 4606 partita,

522 4640 574 4693 in
621 4637 700 4692 sit:
728 4637 868 4704 plain
901 4641 954 4687 et
984 4647 1088 4686 non
1142 4629 1521 4684 trcmulantem
1563 4628 1800 4683 divinam
1832 4626 2108 4696 cognitio-

520 4747 642 4785 nem
675 4727 909 4782 nutritos
939 4722 1272 4779 familiaresll
1303 4722 1433 4792 ipsis
1463 4721 1704 4776 bonitate
1740 4721 2114 4775 manudncen-

522 4823 612 4876 tis.
644 4819 870 4890 Propter
897 4815 1037 4886 quod
1067 4824 1121 4869 et
1153 4829 1298 4878 rore,
1330 4822 1386 4868 et
1413 4828 1577 4883 aqua,
1623 4812 1800 4866 divina
1838 4820 1894 4866 et
1924 4811 2110 4867 invisi-

519 4913 648 4970 bilia
675 4911 908 4981 eloquia,
946 4917 1000 4963 et
1030 4907 1167 4963 lacte
1203 4915 1258 4960 et
1290 4906 1435 4970 vino,
1473 4915 1528 4960 ct
1555 4904 1712 4958 melle
1738 4905 2109 4974 adimagiuan-

523 5021 634 5074 tur,
683 5015 906 5078 propter
956 5004 1097 5058 vitae
1149 5001 1434 5058 fecundam
1487 5014 1674 5055 eorum
1701 5040 1715 5062 ,
1759 5000 1902 5053 utin
1943 5014 2108 5068 aqua,

523 5103 780 5157 virtutem
811 5117 824 5154 :
858 5106 912 5154 et
939 5097 1227 5160 auctivam,
1270 5102 1328 5148 ut
1374 5094 1427 5149 in
1463 5093 1602 5148 lacte
1634 5109 1648 5146 :
1681 5101 1736 5148 et
1764 5093 2109 5148 reviviticati-

523 5208 671 5256 vam,
701 5201 759 5246 ut
803 5190 855 5245 in
896 5190 1020 5244 vino
1051 5206 1062 5242 :
1095 5197 1151 5243 et
1178 5185 1516 5259 purgativam
1552 5185 1714 5240 simul
1743 5195 1795 5241 et
1824 5187 2109 5241 custoditi-

524 5302 673 5352 vam,
703 5293 764 5340 ut
791 5285 845 5340 in
877 5283 1053 5340 melle.
1094 5283 1238 5338 Haec
1262 5280 1407 5338 enim
1439 5279 1619 5335 divina
1653 5281 1917 5353 sapientia
1947 5283 2114 5338 donat

2137 4597 2188 4656 υ

2208 3331 2469 3401 repletos.
2514 3329 2582 3385 Et
2618 3330 2923 3386 recubitum
2957 3330 3197 3400 requiem
3228 3329 3576 3386 arbitramur
3628 3331 3818 3404 multis

2215 3426 2495 3483 doloribus
2539 3425 2708 3480 vitam
2759 3423 3041 3490 illacsam,
3072 3431 3130 3479 et
3153 3423 3650 3480 conversationem
3679 3425 3818 3481 divi-

2209 3536 2334 3576 nam
2379 3519 2433 3574 in
2481 3517 2687 3576 lumine
2734 3524 2790 3572 et
2841 3515 3061 3587 regione
3109 3515 3432 3580 viventium,
3461 3516 3625 3570 omni
3657 3531 3816 3572 sensu

2207 3627 2366 3667 sacro
2403 3610 2688 3683 repletam,
2720 3618 2777 3666 et
2803 3608 3229 3681 largissimorum
3261 3617 3317 3664 et
3343 3607 3646 3665 beatorum
3678 3611 3818 3682 opti-

2209 3720 2423 3761 morum
2457 3703 2734 3776 copiosam
2765 3703 3065 3767 dationcm,
3100 3716 3199 3772 per
3225 3716 3392 3772 quam
3424 3700 3646 3757 laetitia
3671 3702 3819 3759 omni

2209 3798 2508 3868 replentur.
2562 3797 2675 3854 lloc
2719 3807 2903 3852 autem
2947 3802 3034 3851 est
3064 3793 3292 3859 laetari,
3319 3792 3449 3851 Iesu
3491 3799 3823 3854 recumbere

2209 3906 2306 3947 eos
2350 3890 2608 3956 faciente,
2640 3898 2695 3946 et
2721 3891 3086 3954 ministrante,
3131 3898 3188 3945 et
3234 3897 3525 3945 aeternam
3566 3893 3820 3963 requiem

2211 3985 2468 4051 donante,
2499 3993 2554 4040 et
2593 3984 2984 4055 plenitudinem
3025 3985 3289 4040 bonorum
3329 3984 3706 4043 distribuente
3742 3989 3827 4044 si-

2211 4078 2324 4134 mul
2347 4089 2403 4135 et
2429 4078 2768 4135 infundente.
2809 4077 3222 4149 lnquisitionem
3251 4093 3382 4135 vero
3412 4079 3555 4135 bene
3595 4082 3732 4147 seio,
3764 4092 3824 4138 et

2211 4174 2557 4232 benedictum
2612 4188 2865 4229 somnum
2895 4172 3028 4240 Dei,
3067 4181 3123 4228 et
3150 4173 3534 4245 evigilantiam
3565 4175 3824 4245 aperuis-

2211 4285 2292 4337 se,
2325 4287 2448 4327 cum
2493 4271 2748 4337 dicimus,
2775 4269 3018 4325 divinum
3055 4285 3317 4327 .somnum
3367 4285 3493 4326 esse
3539 4281 3822 4327 remotum

2211 4363 2351 4429 Dei,
2397 4371 2454 4419 et
2480 4361 2991 4418 incommunicabile
3033 4361 3266 4433 provisis
3299 4380 3314 4416 :
3345 4361 3573 4434 vigilare
3607 4376 3820 4430 autem,

2211 4455 2267 4511 in
2293 4453 2686 4526 providendum
2713 4468 2807 4509 eos
2835 4451 3105 4518 doctrina,
3137 4461 3232 4507 aut
3262 4452 3437 4508 salute
3466 4454 3825 4524 deprecanti.

2212 4549 2316 4605 bus
2361 4563 2698 4604 succursum.
2753 4545 2918 4600 Multa
2978 4553 3159 4601 autem
3211 4545 3515 4616 theologica
3563 4548 3823 4618 symbol:

2215 4640 2624 4715 praetermissa.
2657 4638 2782 4694 ideo
2813 4635 3142 4710 superﬂuum
3173 4636 3512 4694 arbitrantes
3543 4653 3692 4704 esse,
3725 4656 3820 4694 ea-

2216 4735 2338 4789 dem
2385 4733 2590 4788 eisdcm
2636 4732 2974 4788 revolventes
3017 4729 3124 4784 alia
3169 4730 3366 4795 videri,
3419 4729 3588 4786 simul
3651 4735 3822 4789 etiam

2215 4825 2368 4880 vobis
2400 4827 2453 4881 in
2489 4824 2647 4880 bonis
2682 4823 3042 4880 ohediendum
3066 4862 3084 4887 ,
3131 4831 3188 4876 et
3229 4834 3629 4893 c0gnoscentes
3677 4843 3823 4895 quae

2217 4918 2435 4988 quidem
2464 4926 2591 4972 sunt
2617 4915 2900 4987 epistolae,
2923 4915 2992 4969 ab
3023 4914 3108 4969 his
3136 4929 3278 4984 quae
3304 4913 3452 4971 dicta
3480 4925 3634 4982 sunt,
3661 4919 3823 4988 quie-

2218 5011 2440 5076 scimus,
2465 5010 2814 5074 cxcedcnles,
2843 5019 2902 5062 ut
2927 5008 3174 5072 aestimo,
3201 5009 3253 5062 in
3282 5007 3590 5079 plusquam
3613 5012 3824 5066 nostris

2221 5102 2394 5158 literis
2444 5103 2643 5157 debita.
2681 5101 2831 5156 lianc
2867 5113 3046 5157 autem
3083 5109 3251 5156 lotam
3281 5111 3529 5158 nostram
3557 5104 3826 5175 symboli-

2218 5211 2337 5251 cam
2371 5195 2694 5264 theologiam
2743 5194 3008 5250 mittimus
3033 5235 3048 5260 ,
3094 5210 3193 5264 per
3221 5209 3383 5266 quam
3414 5195 3668 5254 invenies
3695 5212 3824 5253 cum

2220 5286 2516 5356 sapientiae
2543 5286 2705 5341 domo
2733 5286 2753 5317 ⁸
2779 5294 2834 5341 et
2860 5285 3141 5342 columnas
3181 5297 3391 5359 septem
3433 5288 3579 5346 bene
3615 5289 3825 5346 discre-

1915 5418 2172 5475 V'ARIAE
2208 5415 2614 5477 LECTIONES.

527 5542 552 5609 ’ν
587 5539 676 5594 BH
703 5540 756 5595 in
782 5539 971 5609 seipsa.

529 5607 866 5667 Humanam.
953 5611 975 5643 '
1009 5607 1104 5666 Sic
1133 5607 1208 5677 E;

1046 5535 1176 5591 ’ΒΗ
1202 5553 1263 5591 su
1301 5544 1564 5599 ermolns,’
1601 5534 1640 5590 Ε
1674 5551 1873 5608 semper
1902 5545 2081 5593 motus
2125 5537 2196 5605 (et
2228 5535 2386 5599 om.).
2462 5535 2483 5567 ³
2521 5551 2684 5605 neque
2706 5511 2886 5604 stans,
2924 5552 3088 5609 neque
3117 5548 3290 5596 motus
3317 5554 3426 5597 om.
3457 5539 3624 5596 codd.
3675 5540 3698 5570 ⁸
3733 5535 3820 5594 BH

1046 5608 1104 5663 lic
1133 5607 1208 5663 E:
1261 5554 1349 5663 EH
1390 5605 1712 5663 famularer:
1755 5609 1802 5663 Α
1839 5606 2194 5663 familiariter.
2273 5613 2293 5644 ο
2334 5606 2419 5662 ΒΕ
2444 5605 2626 5661 domu.

1305 5606 1349 5664 ll
1389 5605 1712 5676 famulam;
1755 5605 1802 5664 Α
1839 5606 2194 5678 familiariter.
2273 5613 2293 5644 ο
2334 5606 2419 5662 ΒΕ
2444 5605 2626 5661 domu.

2033 5690 2286 5782 Nam.

601 5849 626 5881 ⁸
661 5835 824 5898 Hebr.
858 5837 921 5898 ν,
1473 5816 1555 5857 ⁸··²
1586 5851 1594 5855 '

2297 5838 2324 5880 δ
2345 5835 2480 5895 Luc.
2505 5837 2620 5907 XII,
2643 5835 2732 5897 57.
