4004 6290
201 359 342 418 “95

1231 349 1476 414 VERSIO
1511 354 1968 415 AMBIGUORUM
2003 355 2062 412 S.
2105 355 2370 415 MAXIM.

3328 363 3462 422 “94

203 487 290 534 tas
315 519 329 541 ,
365 483 420 529 et
447 471 672 529 solidam
702 483 882 528 escam
913 469 1030 544 ejus
1060 473 1113 528 in
1143 473 1493 546 thymiamata
1537 484 1590 532 et
1619 490 1787 546 panes
1818 480 1860 538 Α
1891 473 2074 530 dicare
2101 489 2194 529 eas
2225 474 2507 529 sentiendo
2535 474 2714 530 credo.
2749 473 2946 544 lnjuste
2967 483 3144 533 autem
3173 475 3470 550 aliligentes

199 572 394 636 divisa,
428 577 643 638 etquae
671 567 778 622 vini
812 567 1188 638 temperantia,
1221 568 1523 639 iterumque
1550 586 1688 642 quae
1714 572 1782 628 ab

181 645 464 720 ebrietate
482 661 572 715 Dei
601 660 838 732 crapula.
860 660 926 714 Et
951 661 1088 716 haec
1113 676 1251 732 quae
1277 677 1417 717 nunc
1443 663 1605 729 dicta,
1623 664 1784 721 latius

199 757 252 810 in
285 770 345 810 ea
372 753 731 808 declarantur.
761 752 1020 812 Etest.ut
1039 752 1294 818 arbitror,
1313 754 1554 808 Omnium
1570 755 1782 826 symbo-

196 846 425 903 licarum
457 843 847 912 theOIOgiarum
899 845 1170 900 inventrix
1204 845 1409 916 optima
1429 887 1444 911 ,
1475 855 1530 901 et
1581 862 1782 902 conve-

197 940 358 996 niens
381 938 717 1010 eloquiorum
748 939 920 995 sacris
949 939 1328 996 traditionibus
1357 948 1413 995 et
1440 941 1778 997 veritatibus.

959 1050 1029 1106 X.

192 1143 391 1200 Jommi
417 1144 652 1216 lheologo
677 1143 910 1216 apqstolo
939 1153 986 1198 et
1021 1143 1368 1216 evangelistae
1404 1145 1744 1200 determinalo
1762 1143 1779 1177 ¹

580 1213 605 1280 ξ
667 1217 722 1270 in
747 1214 1002 1270 Pathmos
1026 1213 1314 1270 insulam'.

262 1321 553 1393 Appellans
599 1335 810 1376 sacram
861 1321 1122 1390 animam,
1169 1320 1550 1388 dilectissime,
1597 1330 1652 1376 et
1701 1330 1784 1377 est

191 1415 326 1470 mihi
377 1415 482 1470 hoc
530 1413 669 1484 apud
719 1423 770 1468 te
813 1428 974 1484 supra
1020 1412 1306 1484 Apostolos
1347 1412 1778 1482 inseparabilius.

189 1503 305 1559 Ave
333 1519 459 1559 vere
493 1504 870 1568 dilectissime,
915 1519 1042 1560 vere
1086 1504 1305 1559 amabili
1349 1513 1404 1560 et
1433 1503 1777 1559 desiderabili

193 1602 250 1649 et
276 1593 474 1649 dilecto
518 1593 673 1648 valde
703 1593 1075 1650 dilectissime.
1122 1594 1260 1662 Quid
1313 1596 1512 1650 mirum
1543 1595 1588 1650 si
1623 1595 1776 1650 Chri-

192 1692 308 1738 stus
339 1699 465 1739 vere
503 1684 667 1748 dicat,
696 1693 750 1739 et
778 1684 1069 1756 discipulos
1099 1685 1282 1754 iujusti
1311 1686 1620 1741 civitatibus
1649 1701 1782 1741 exa-

188 1776 380 1848 gitent,
409 1777 530 1848 ipsi,
555 1793 694 1848 quae
717 1788 863 1845 sunt,
890 1781 1186 1835 secundum
1215 1781 1532 1851 dignitatem
1562 1781 1781 1836 sibimet

1888 583 2004 634 vos,
2034 578 2088 624 et
2115 567 2562 624 circumscribere
2602 569 2953 624 aestimantes
2984 584 3089 623 non
3129 579 3277 626 recte
3303 585 3470 625 evan-

1886 662 2009 732 gelii
2050 661 2218 717 solem
2249 661 2393 732 juste
2422 661 2784 717 interveniens
2812 676 2929 729 oro,
2975 663 3110 717 haec
3135 662 3468 722 dimittentes

1888 766 2028 820 quae
2075 751 2128 806 in
2185 751 2376 821 seipsis
2426 760 2614 822 agunt,
2653 752 2707 806 in
2754 751 2952 806 bonum
2999 753 3264 818 converti,
3299 761 3358 809 et
3399 753 3470 809 ad

1889 844 2096 914 seipsos
2125 860 2224 900 nos
2248 845 2522 900 attrahere
2551 852 2606 900 et
2635 844 2877 916 recipere
2912 845 3115 901 lumen.
3147 845 3256 902 Nos
3286 855 3469 903 autem

1885 952 1992 992 non
2028 937 2336 992 econtrario
2364 938 2667 1007 privatione
2705 936 2930 993 Joannis
2956 938 3244 994 clarissimi
3276 937 3468 1006 radii‘,

1885 1049 2029 1087 nunc
2050 1031 2266 1102 quidem
2302 1039 2650 1102 praeparatos
2678 1031 2729 1085 in
2761 1033 3020 1086 memoria
3040 1040 3095 1087 et
3118 1032 3471 1088 renovatione

1889 1135 2008 1181 tuae
2035 1140 2195 1180 verae
2226 1122 2527 1194 theologiae
2549 1165 2563 1189 ,
2603 1123 2762 1194 paulo
2790 1133 2911 1196 post
2937 1134 3140 1190 autem,
3171 1125 3292 1196 dico
3323 1124 3468 1180 enim

1885 1225 1940 1272 et
1959 1217 2070 1287 jam
2099 1216 2386 1279 audacius,
2419 1217 2574 1272 vobis
2603 1216 2734 1287 ipsis
2764 1217 3101 1272 adunandos.
3145 1217 3348 1287 Dignus
3375 1231 3473 1290 aug

1885 1318 1992 1364 tem
2024 1309 2128 1364 ﬁde
2165 1309 2386 1383 omnino
2427 1324 2543 1364 sum
2567 1349 2582 1374 ,
2621 1309 2756 1363 haec
2795 1309 3139 1380 praecognita
3177 1309 3275 1363 tibi
3303 1316 3358 1363 et
3391 1307 3474 1363 di-

1884 1416 2042 1457 scens
2063 1415 2128 1455 ex
2154 1398 2262 1454 Deo
2279 1408 2331 1454 et
2357 1399 2560 1461 dicens,
2585 1399 2708 1470 quia
2731 1407 2786 1454 et
2803 1399 2872 1453 ab
2892 1414 2974 1464 ea,
2999 1413 3140 1469 quae
3163 1398 3218 1453 in
3242 1396 3474 1456 Pathmo

1885 1500 1966 1546 est
1991 1533 2005 1555 ,
2044 1490 2290 1546 custodia
2325 1491 2620 1546 dimitteris
2647 1533 2662 1557 ,
2703 1500 2757 1548 et
2789 1491 2843 1546 in
2873 1491 3123 1547 Asiacam
3157 1499 3357 1546 terram
3387 1497 3475 1546 re-

1885 1583 2134 1646 verteris.
2172 1592 2225 1638 et
2261 1582 2575 1654 operaberis
2614 1583 2685 1638 ibi
2733 1583 2923 1654 optimi
2965 1584 3062 1638 Dei
3115 1583 3467 1650 imitationcs,

1883 1683 1937 1729 ct
1959 1675 2064 1742 his,
2086 1676 2176 1746 qui
2211 1686 2385 1731 tecum
2418 1685 2563 1743 sunt,
2587 1677 2769 1733 trades
2785 1678 2838 1732 αἱ)

1883 1788 2166 1846 Nobilibus
2196 1791 2217 1823 '
2249 1793 2523 1862 quondam
2566 1792 2744 1848 fueras
2772 1803 3083 1850 constructa
3111 1791 3396 1865 patronis:

190 1867 571 1935 attribuentes,
601 1878 655 1924 et
686 1887 714 1924 a
743 1872 948 1927 sanctis
978 1872 1162 1942 polluti
1195 1873 1436 1928 distincti
1468 1883 1524 1929 et
1551 1876 1779 1930 redeun-
1813 1842 1854 1902 Β
1956 1879 2184 1935 Subdita
2209 1842 2352 1937 mine
2380 1885 2552 1938 servis
2585 1884 2719 1938 heu!
2759 1884 2899 1940 male
2924 1884 3092 1942 Roma
3114 1842 3251 1943 lruis.

189 1970 296 2028 tes,
327 1977 452 2018 vere
479 1963 867 2035 signiticativas
893 1965 1158 2036 imagines
1183 1965 1237 2021 in
1267 1981 1330 2021 ea
1367 1981 1507 2036 quae
1536 1975 1662 2021 sunt
1699 1967 1778 2022 vi-

187 2059 363 2115 sibilia
396 2059 767 2116 invisibilium.
797 2059 981 2132 Neque
1011 2062 1156 2118 enim
1196 2063 1250 2118 in
1294 2062 1492 2119 seculis
1531 2063 1776 2120 venturis

175 2152 420 2210 causalis
439 2155 543 2210 erit
567 2168 633 2210 ex
670 2171 728 2211 se
746 2156 1016 2227 iustarum
1045 2159 1442 2227 separationum
1473 2159 1613 2213 Deus
1639 2177 1651 2213 :
1677 2159 1773 2214 sed

185 2257 251 2299 ex
301 2244 416 2302 Deo
461 2248 682 2304 omnino
729 2249 936 2320 seipsos
983 2258 1366 2321 segregantes,
1422 2249 1561 2304 sicut
1605 2250 1769 2305 etiam

186 2334 323 2392 alios
349 2335 635 2394 ’videmus
677 2340 803 2395 hinc
843 2340 956 2411 jam
997 2355 1117 2396 cum
1147 2339 1260 2396 Deo
1287 2339 1474 2404 factos,
1515 2327 1769 2410 quoniam

186 2430 279 2501 qui
311 2439 436 2487 sunt
461 2433 708 2488 veritatis
736 2443 1030 2500 amatores,
1061 2433 1416 2504 passibilitate
1441 2434 1656 2505 quidem
1687 2450 1774 2490 rc-

185 2523 385 2580 cedunt
423 2525 800 2595 materialitnn,
863 2527 917 2582 in
955 2527 1101 2583 omni
1130 2538 1308 2583 autem
1338 2527 1593 2583 omnibus
1620 2527 1774 2583 malis

179 2611 436 2676 ﬁbertate
463 2627 517 2673 et
542 2634 726 2676 amore
769 2621 954 2676 divino
995 2623 1260 2678 bonorum
1302 2624 1542 2678 omnium
1584 2639 1771 2693 pacem

185 2704 432 2778 diligunt,
467 2716 522 2765 et
548 2711 1032 2768 sanctiticationem
1077 2730 1142 2768 ex
1180 2715 1450 2783 praesenti
1499 2715 1607 2768 vita
1640 2714 1774 2769 inci-

185 2794 342 2864 piunt
370 2795 605 2854 futuram
626 2840 642 2865 ,
679 2802 922 2872 angelice
961 2813 1017 2859 ct
1053 2805 1278 2874 pulchre
1309 2805 1363 2859 in
1396 2805 1571 2859 medio
1598 2807 1764 2861 bomi-

184 2900 312 2941 num
342 2901 749 2959 conversantes,
781 2911 906 2950 cum
937 2895 1376 2966 impassibilitate
1413 2898 1582 2963 omni,
1607 2905 1662 2953 et
1693 2899 1772 2953 di-

183 2980 310 3037 vina
357 2985 744 3054 nominatione,
781 2999 835 3045 et
861 2991 1126 3059 bonitate,
1153 3004 1208 3048 et
1237 2992 1356 3049 aliis
1385 2995 1622 3064 optimis.
1657 2993 1766 3051 Vos

184 3071 352 3143 igitur
382 3091 486 3133 non
525 3087 580 3133 et
609 3079 655 3134 si
682 3080 972 3151 aliquando
1013 3082 1093 3138 sic
1129 3083 1396 3139 insaniam
1428 3084 1768 3140 ducebamini

1884 1973 2187 2030 Deseruere
2217 1976 2290 2030 tui
2323 1985 2474 2032 tanto
2502 1987 2556 2032 te
2598 1986 2843 2048 tempore
2870 1994 3046 2050 reges,

1951 2067 2126 2123 Cessit
2152 2077 2208 2124 et
2235 2069 2302 2123 ad
2329 2069 2566 2126 Graecos
2592 2086 2788 2127 nomen
2818 2073 3097 2144 bonosque
3134 2079 3278 2130 tuus.

1881 2158 2376 2231 Constantinopolis
2402 2161 2605 2218 ﬂoreus
2637 2179 2774 2218 nova
2803 2163 2977 2218 Roma
3003 2173 3268 2220 vocatur:

1948 2251 2186 2310 Moribus
2214 2264 2268 2309 et
2307 2257 2477 2311 muris
2503 2256 2671 2311 Roma
2705 2263 2915 2312 vetusta
2940 2258 3110 2314 cadis.

1873 2345 2120 2416 Transiit
2154 2347 2464 2419 imperium,
2497 2351 2806 2422 mansitque
2841 2351 3094 2421 superbia
3125 2360 3325 2419 tecum,

1948 2438 2140 2495 Cultus
2174 2442 2436 2498 avaritiae
2477 2451 2529 2498 te
2559 2443 2790 2500 nimtum
2833 2453 3054 2515 superat

1879 2531 2084 2603 Vulgus
2111 2535 2178 2588 ab
2201 2535 2464 2590 extremis
2489 2535 2806 2591 distractum
2843 2537 3090 2607 partibus
3114 2537 3288 2604 orbis,

1955 2622 2244 2680 Servorutn
2277 2626 2437 2684 servi.
2472 2643 2616 2681 nunc
2654 2627 2747 2683 tibi
2791 2635 2918 2683 sunt
2954 2628 3178 2683 domini.

1882 2711 1938 2766 In
1969 2723 2020 2772 te
2047 2717 2328 2778 nobilium,
2363 2728 2636 2773 rectorum
2680 2735 2839 2774 nemo
2879 2722 3156 2787 remansit,

1952 2811 2286 2883 lngenuique
2325 2809 2400 2864 tui
2443 2826 2570 2864 rura
2612 2811 2833 2882 pelasga
2866 2812 3072 2867 colunt.

1879 2904 2164 2960 Truncasti
2204 2903 2356 2958 vivos
2384 2901 2585 2958 crudeli
2613 2901 2831 2958 vulnere
2865 2913 3110 2970 sanctos,

1949 2995 2195 3050 Vendere
2223 3009 2368 3050 nunc
2399 2994 2588 3050 horum
2622 3003 2834 3050 mortua
2871 2998 3113 3051 membra
3160 2995 3321 3051 soles.

1877 3086 1994 3144 Jam
2022 3087 2076 3142 ni
2109 3095 2162 3142 te
2194 3087 2447 3142 meritum
2478 3085 2623 3142 Petri
2658 3087 2921 3158 Paulique
2957 3088 3183 3153 foveret,

181 3166 314 3237 quid
346 3170 478 3240 pati,
509 3172 602 3228 sed
630 3182 685 3228 et
713 3175 960 3246 corporis
1001 3176 1285 3246 passiones
1315 3176 1654 3234 solummodo
1677 3176 1767 3248 ju-
1798 3168 1844 3231 C
1947 3178 2218 3249 Tempore
2249 3176 2362 3247 jam
2395 3177 2553 3249 longo
2585 3179 2754 3234 Roma
2801 3180 3010 3235 misella
3052 3178 3201 3236 fores
3234 3180 3282 3235 ι’.

1513 3291 1765 3348 VARIAE
1805 3290 2204 3348 LECTIONES.

269 3375 282 3405 '
324 3376 482 3433 [inlex
512 3381 874 3438 circumcluso.
913 3384 934 3415 ’
972 3383 1012 3438 E
1039 3384 1400 3446 determinato
1450 3394 1496 3440 et
1525 3386 1722 3440 credito
1755 3382 1980 3440 Pathmo
2006 3385 2226 3442 insulae.

534 3450 555 3482 ⁸
585 3451 676 3507 ΑΕ
705 3452 900 3525 privari
924 3453 1132 3510 Joanne
1159 3455 1450 3512 clarissimo
1481 3457 1652 3512 radio.
1728 3454 1802 3511 σιτ
1829 3455 2126 3512 ﬂebilibus.

177 3446 451 3504 videmus.

2354 3387 2396 3442 E
2428 3386 2569 3444 sicut
2593 3396 2640 3442 et
2667 3403 2753 3442 eos
2775 3388 2864 3459 qui
2891 3397 3009 3443 sunt
3030 3403 3095 3442 ea:
3131 3387 3296 3443 altera
3320 3396 3471 3459 parte

1701 3546 1951 3611 NOTAE,

256 3645 291 3675 Α
325 3636 366 3691 Β
393 3637 566 3706 spatio
617 3638 781 3694 trium
813 3639 1080 3695 linearum
1109 3641 1302 3696 relicto
1329 3642 1465 3698 haec
1492 3643 1652 3698 habet
1681 3660 1696 3698 :

311 3729 383 3778 En
407 3729 727 3796 egotantillns
752 3730 892 3796 otio/1
920 3731 1059 3796 tmtgo
1081 3732 1312 3796 vocitatus

310 3793 534 3868 Quantris
555 3793 820 3868 omnigenis
842 3793 1108 3868 corruptus
1121 3795 1210 3868 sint
1231 3793 1519 3868 malefactis,

311 3855 398 3923 ξω
421 3862 574 3923 tamen
599 3854 727 3923 istud
745 3870 862 3916 0pm
886 3854 1140 3923 scribendo
1164 3865 1297 3923 tuum
1323 3854 1422 3923 tibi
1441 3863 1705 3923 promptus,

311 3919 488 3983 sancte
516 3916 730 3983 Dionysi.
755 3926 945 3983 martyr
963 3917 1282 3983 celeberrime
1307 3916 1484 3970 Christi
1507 3934 1521 3970 :

319 3977 458 4027 Unde
480 3977 594 4039 mei,
621 3992 820 4042 quaeso,
839 3977 1060 4040 precibus
1082 3981 1237 4033 sacris
1261 3995 1443 4032 memor
1465 3990 1584 4042 esto,

323 4043 416 4089 ros
442 4052 514 4105 φι-
536 4038 645 4103 que,
667 4043 746 4105 qui
767 4038 948 4106 (agnis,
975 4043 1165 4094 veniam
1186 4042 1302 4095 mihi
1322 4057 1464 4108 posco
1487 4038 1676 4109 petatis.

261 4125 537 4181 [habilibus
567 4128 829 4198 quondam
857 4139 961 4184 cet.

251 4216 295 4271 H
319 4232 445 4272 vero
475 4217 556 4274 sic

1726 4317 1736 4328 σ

2002 3640 2237 3717 ξκυιίεξι,
2250 3641 2526 3717 negantiam,
2542 3644 2761 3717 psallere
2777 3645 2984 3717 scriptor
3006 3651 3124 3699 eat:

2001 3707 2126 3755 Laus
2145 3706 2449 3768 sibe/irim,
2466 3706 2570 3758 tibi.
2598 3707 2766 3757 Finem
2789 3706 2920 3758 adiri
2941 3721 2961 3759 :

2001 3768 2113 3832 {lett
2133 3766 2260 3825 male
2280 3765 2446 3832 ﬁniri,
2457 3771 2572 3832 quia
2593 3771 2808 3832 scribere
2829 3783 2920 3821 non
2945 3770 3061 3820 bene
3080 3767 3216 3832 scivi.

2001 3829 2189 3890 Penna,
2211 3829 2419 3892 gradum
2436 3829 2568 3894 siste,
2593 3831 2812 3896 quoniam
2845 3832 2969 3884 liber
2986 3831 3185 3896 explicil
3207 3831 3312 3885 ista.

1877 3913 2160 3969 Habilibns
2190 3917 2456 3984 quondam
2489 3926 2574 3971 cet

1949 4006 1979 4081 ξ)
2009 4006 2206 4081 Codice
2237 4007 2408 4081 E‘boc
2445 4025 2664 4064 carmen
2693 4011 2960 4081 integrum
3001 4011 3360 4067 desideratur.
3389 4010 3468 4068 Eo

1877 4077 2021 4150 enim
2047 4079 2230 4133 codice
2258 4077 2396 4136 aliae
2425 4081 2686 4150 quaedem
2709 4077 2972 4150 epistolae
2993 4082 3048 4136 in
3075 4083 3338 4138 versionis
3359 4083 3468 4139 line

1876 4149 2284 4224 additae_sunt,
2325 4151 2390 4205 de
2431 4149 2627 4222 Quibus
2669 4149 2820 4223 plura
2857 4152 3306 4224 disputavimusin
3334 4153 3468 4210 Pro-

1874 4221 2072 4274 oemio.
2091 4219 2282 4275 Exstat
2300 4236 2430 4278 vero
2449 4219 2958 4296 carmen'integruni
2973 4223 3246 4282 codicibus
3260 4223 3462 4305 BCDH.

189 4337 3460 4378 Μ

1133 4403 2584 4677 εποΔΝᾙξΟεαοτῐ

570 4732 1884 4865 AMBIGUORUM
2010 4735 2138 4864 S.
2210 4734 2998 4868 -ΜΑΧΙΜΙ

329 4932 369 4983 Δ
392 4931 670 4986 Mabillonio
687 4939 936 4997 acceptam
973 4930 1125 4982 edidit
1147 4929 1359 4981 Thomas
1381 4929 1502 4981 Gale
1524 4931 1572 4981 in
1596 4929 1880 4994 Appendice
1917 4929 1975 4979 ad
1997 4928 2196 4980 Joannis
2225 4929 2359 4981 Scoti
2382 4944 2504 4994 opus
2526 4933 2590 4983 de
2616 4933 2855 4986 divisione
2877 4935 3092 4986 Naturae
3114 4949 3163 5000 p.
3191 4935 3324 4988 1-45.

1509 5046 2112 5126 PRAEFATIO.

251 5158 478 5217 Domino
495 5158 882 5233 gloriosissimo
899 5156 1246 5229 piissimoque
1261 5157 1438 5213 divina
1457 5162 1772 5229 providente

189 5263 350 5325 atque
365 5253 652 5325 adjuvante
673 5253 845 5324 gratia
869 5251 977 5322 regi
1005 5249 1222 5306 Canono
1243 5249 1475 5307 Joanans
1498 5265 1772 5311 extremus

191 5360 473 5404 servorum
504 5345 817 5401 Vestrorum
846 5352 1158 5415 perpetuam
1198 5343 1251 5397 in
1277 5341 1494 5398 Christo
1520 5344 1769 5401 salutem.

265 5434 378 5494 Hoc
418 5452 554 5509 Opus
599 5433 816 5490 Maximi
854 5434 1103 5491 monachi
1145 5444 1306 5506 atque
1345 5435 1578 5505 abbatis,
1628 5438 1770 5508 quod

1877 5165 2223 5220 sanctissimo
2267 5173 2428 5238 atque
2470 5168 2786 5226 beatissimo
2829 5171 3236 5242 archiepiscopo
3275 5167 3458 5242 Cyzin’

1875 5256 2080 5315 Joanne
2141 5261 2466 5330 postulante,
2508 5264 2574 5319 de
2618 5266 2958 5334 quorundam
3001 5266 3055 5320 in
3117 5267 3460 5321 sermonibus

1874 5349 2172 5407 beatissimi
2198 5352 2442 5424 Gregorii
2467 5356 2723 5427 Theologi
2747 5357 3133 5429 Ambiguorum
3158 5371 3208 5422 α,
3239 5364 3340 5414 hoc
3376 5367 3462 5414 est

1878 5444 2151 5501 intellectu
2181 5445 2496 5516 ditlicilium,
2525 5449 2994 5520 explanationibus
3026 5450 3350 5522 composuit,
3393 5452 3459 5508 de

1724 5546 1978 5606 NOTAE.

268 5643 366 5728 {Is
379 5655 460 5726 est
475 5643 768 5728 hujuslibri
790 5643 997 5728 titulus.
1016 5642 1150 5728 Nam
1165 5662 1190 5726 ,α
1213 5640 1425 5715 scholia
1443 5663 1466 5727 ρ
1487 5641 1626 5698 aliud
1645 5657 1780 5728 Opus

1883 5645 2125 5714 Pbotius,
2150 5654 2397 5710 meminit
2417 5653 2682 5714 Batonius
2705 5666 2759 5713 et
2790 5656 2843 5714 in
2874 5656 3153 5714 codicibus
3182 5656 3455 5713 Vaticanis

268 5655 294 5685 ι
318 5643 366 5698 ls
379 5655 460 5699 est
475 5643 768 5770 bﬂuslibri
790 5643 997 5700 titulus.
1016 5643 1150 5698 Nam
1172 5662 1190 5694 α
1213 5643 1425 5715 scholia
1449 5663 1466 5697 ι
1487 5643 1626 5698 aliud
1645 5657 1780 5716 cpus
1883 5645 2125 5714 Pbotius,
2150 5654 2348 5708 memin

198 5725 280 5786 est
306 5714 468 5786 hujus
568 5715 750 5770 aximi.
790 5715 991 5771 [lorum
1021 5715 1408 5786 Ambiguorum
1443 5715 1556 5786 ipse
1588 5717 1778 5770 memi-
1877 5723 2084 5778 servari
2112 5732 2358 5780 testatur.

199 5784 279 5842 nit
306 5781 571 5843 Maximus
599 5799 822 5856 operum
849 5787 1116 5843 editorum
1145 5781 1208 5841 ΤῙ
1246 5781 1308 5855 ll,
1337 5800 1388 5856 p.
1419 5781 1504 5853 15,
1531 5787 1778 5844 meminit
