2002 3145
268 88 339 115 H95
705 111 708 114 ~
954 96 1095 125 JOANNIS

268 157 372 186 Graeco
398 158 424 185 iu
448 156 573 187 Latinum
600 160 682 188 Vobis
707 161 865 196 jubentibus
890 162 973 190 edidi.
988 163 1060 191 Diﬂi-
1075 158 1096 187 Α

268 203 398 231 cillimum
423 212 543 239 prorsus,
568 207 794 234 orthodoxissime
817 208 932 244 Regum,
953 209 1060 237 servulo

267 253 371 282 vestro,
398 250 522 278 imbecilli
551 252 628 279 valde
653 253 735 279 etiam
763 253 788 280 in
817 253 931 287 Latinis,
957 258 1060 289 quanto

267 296 353 330 magis
366 296 392 323 in
404 296 526 330 Graecis,
543 298 662 326 laborem
677 298 840 332 iniunxistis.
855 300 966 336 insuper
977 302 1059 328 etiam

267 340 421 370 accelerare
441 341 522 370 veluti
541 344 647 372 erudito
663 345 804 381 utriusque
825 346 931 382 linguae
952 348 1061 383 citoque

267 385 399 421 perﬁcere
412 388 575 421 imperastis.
591 389 644 417 Sed
656 398 704 425 pro
715 391 817 419 viribus
831 392 954 427 ingenioli
971 393 1022 420 mei
1034 397 1061 420 et

268 432 429 466 acceleravi,
446 439 472 462 et
486 435 575 463 divina
597 437 712 464 ducente
732 446 763 465 ac
777 438 909 473 largiente
924 439 1008 475 gratia
1028 440 1061 467 ad

267 477 349 506 ﬁnem
366 487 450 515 usque
468 481 591 516 perduxi.
613 481 748 510 Fortassis
766 489 855 511 autem
881 485 1061 521 qualicunque

267 525 390 561 apologia
417 527 554 559 defensus,
577 536 629 555 non
646 533 699 556 tam
720 530 818 558 densas
840 531 970 559 subierim
996 532 1062 560 cali-

268 571 355 606 gines,
380 572 430 599 nisi
447 573 578 607 viderem,
594 575 745 610 praefatum
768 577 953 605 heatissinnun
974 578 1061 605 Maxi-

268 623 341 643 mum
367 617 524 652 saepissime
548 619 574 646 in
598 628 724 655 processu
747 623 787 649 sui
810 623 900 657 operis
923 623 1060 651 obscuris-

266 661 351 689 simas
362 664 526 691 sanctissimi
544 665 658 702 theologi
674 667 793 703 Dionysii
809 669 985 705 Areopagitae
997 677 1060 697 Sen-

267 709 381 740 tentias.
412 709 488 743 cujus
519 712 683 747 symbolicos
713 714 931 750 theologicosque
965 723 1061 743 sensus

262 761 353 789 nuper
368 754 450 783 Vobis
478 757 603 784 similiter
627 759 785 794 jubentibus
816 761 951 791 transtuli,
974 761 1060 788 intro-

267 801 389 833 duxisse,
413 803 584 838 mirabilique
601 805 679 832 modo
705 806 875 838 dilucidasse,
902 807 927 834 in
944 811 1059 838 tantttm,

266 852 296 874 ut
309 848 381 876 nullo
395 850 473 876 modo
485 851 647 883 dubitarem,
661 851 780 879 divinam
796 853 979 887 clementiam,
993 861 1062 888 quae

268 893 404 921 illuminat
419 895 577 923 abscondita
592 896 777 928 tenebrarum,
793 906 840 924 sua
857 897 983 925 ineffabili
998 906 1062 933 pro-

266 940 386 968 videntia
399 941 451 969 hoc
466 942 640 977 disposuisse,
661 948 734 971 utea
755 945 874 979 quidem,
895 952 964 980 quae
985 945 1063 972 nobis

267 987 385 1014 maxime
398 988 525 1015 obstrusa
539 988 565 1015 in
579 989 726 1024 praedictis
744 990 815 1018 beati
838 990 957 1026 Dionysii
976 991 1061 1022 libris,

268 1038 315 1060 aut
327 1034 370 1061 vix
385 1035 491 1069 pervia,
503 1043 652 1071 sensusque
665 1042 772 1064 nostros
784 1038 876 1073 fugere
890 1037 1062 1071 videbantur,

272 1080 402 1115 aperiret,
417 1081 617 1117 sapientissimo
631 1084 754 1117 praefato
766 1084 884 1111 Maximo
897 1083 1063 1112 lucidissime

267 1127 438 1163 explanante.
468 1129 589 1165 Exempli
617 1131 715 1167 gratia,
733 1136 761 1158 ut
784 1138 869 1166 pauca
891 1131 924 1158 de
941 1130 1064 1166 pluribus

267 1174 367 1207 dicam,
382 1177 519 1210 qttomodo
529 1185 612 1205 causa
627 1178 758 1210 omnium,
773 1186 842 1213 quae
858 1179 928 1206 Deus
942 1183 993 1210 est,
1010 1187 1064 1206 una

267 1221 301 1248 sit
316 1222 430 1257 simplex
441 1228 468 1250 et
480 1224 619 1260 multiplex
638 1234 645 1251 :
665 1220 754 1260 qualis
765 1226 800 1252 sit
813 1225 960 1261 processio,
974 1226 999 1252 id
1011 1230 1062 1258 est,

267 1268 457 1304 multiplicatio
467 1270 575 1310 divinae
587 1271 718 1307 bonitatis
732 1280 780 1307 per
794 1273 895 1305 omnia,
908 1280 977 1307 quae
990 1276 1062 1304 sunt,

267 1321 282 1340 a
296 1322 401 1343 summo
416 1324 501 1351 usque
513 1317 651 1351 deorsum,
664 1326 713 1353 per
723 1318 876 1354 generalem
888 1318 1008 1346 omnium
1022 1325 1065 1345 es-

267 1361 381 1388 sentiam
400 1363 498 1396 primo,
516 1363 643 1399 deinceps
661 1372 709 1399 per
729 1373 828 1401 genera
847 1363 1064 1400 generalissima,

268 1406 364 1434 deinde
376 1415 425 1442 per
439 1415 538 1443 genera
555 1409 737 1444 generaliora,
752 1410 814 1438 inde
827 1417 876 1445 per
886 1409 991 1445 species
1004 1416 1065 1444 spe-

268 1454 393 1481 rialiores
405 1462 490 1489 usque
504 1455 536 1482 ad
546 1456 650 1491 species
660 1457 868 1492 specialissimas
879 1463 928 1491 per
940 1455 1065 1484 differen-

269 1499 321 1526 tias
334 1500 568 1536 proprietatesque
579 1501 756 1529 descendens.
768 1502 801 1529 Et
815 1502 923 1534 iterum,
932 1500 1061 1536 ejusdem,

268 1546 375 1574 divinae
389 1547 524 1579 videlicet,
536 1548 665 1576 bonitatis
677 1548 764 1583 qualis
778 1548 813 1576 sit
827 1548 959 1579 reversio,
973 1547 1000 1575 id
1011 1550 1064 1579 est,
1079 1532 1101 1563 C

268 1593 442 1628 congregatio
450 1594 610 1628 pereosdem
618 1595 718 1629 gradus
726 1594 759 1622 ab
768 1595 871 1622 inﬁnita
879 1602 972 1622 eorum
979 1615 986 1626 ,
995 1601 1065 1628 quae

267 1642 340 1670 sunt,
354 1639 483 1673 variaque
502 1639 724 1675 multiplicatione
740 1648 826 1676 usque
844 1640 877 1667 ad
892 1639 1063 1674 simplicissi-

267 1692 339 1712 mam
351 1686 470 1713 omnium
486 1687 629 1719 unitatem,
644 1695 715 1722 quae
729 1688 755 1714 in
765 1688 818 1715 Deo
829 1692 870 1715 est
883 1692 911 1715 et
918 1687 990 1715 Dens
1004 1691 1065 1719 est;

267 1729 304 1757 ita
319 1735 380 1758 utet
397 1731 466 1759 Deus
480 1731 569 1759 omnia
585 1732 629 1764 sit,
643 1737 671 1760 et
684 1733 774 1760 omnia
788 1734 858 1761 Deus
872 1733 935 1760 sint.
951 1733 983 1759 Et
997 1740 1067 1767 quo-

269 1776 350 1803 modo
356 1777 494 1811 praedicta
502 1777 609 1812 quidem
618 1777 708 1805 divina
720 1779 747 1805 in
755 1779 846 1806 omnia
857 1779 994 1814 processio
1004 1778 1068 1808 ἀναο

1080 842 1099 869 Β

1115 98 1214 127 SCOTI
1843 108 1851 135 Ι
1862 108 1906 134 I98-

1110 147 1198 187 λυτυοῆ
1210 156 1318 189 dicitur,
1331 156 1382 185 hoc
1395 161 1436 186 est
1445 151 1584 190 resolutio.
1598 161 1718 188 reversio
1728 168 1794 189 vero
1806 163 1906 198 θευσς,

1114 201 1164 228 huc
1177 207 1218 229 est
1234 202 1378 230 deiﬁcatio.
1395 203 1426 230 Et
1439 211 1491 239 qua
1504 205 1618 238 ratione,
1633 214 1702 240 quae
1716 213 1777 235 sunt
1791 209 1908 235 maxima

1113 246 1345 281 multiplicatione,
1366 248 1476 275 miuitna
1493 254 1555 277 sunt
1570 251 1677 283 \irlute,
1692 260 1761 286 quae
1778 260 1844 279 vero
1862 253 1909 279 mi-

1113 291 1184 318 nima
1197 293 1430 328 multiplicatione,
1447 295 1564 322 maxima
1579 296 1686 323 \irlute.
1709 297 1779 330 Quid
1795 309 1910 334 221a?!-

1112 340 1183 368 τικήν
1192 342 1220 365 et
1233 339 1390 375 ὰποφατικὴ»
1402 340 1487 367 dicam
1499 341 1632 378 θεολογίαν,
1642 343 1668 368 in
1681 344 1780 377 quibus
1792 345 1910 371 maxime

1111 383 1243 417 praedicti
1265 384 1336 411 beati
1354 384 1473 421 Dionysii
1497 386 1676 422 Areopagitae
1696 388 1910 423 profundissima

1114 430 1337 468 divinissimaque
1370 434 1526 461 admiranda
1557 439 1598 461 est
1624 435 1796 470 disputatio?
1826 436 1911 469 Quiut

1113 479 1186 507 clare
1202 480 1367 515 pulchreque
1381 481 1478 516 aperit,
1495 483 1640 516 quomodo,
1655 490 1716 509 eum
1734 483 1809 510 inter
1824 491 1855 510 se
1871 491 1914 518 np-

1113 526 1218 560 positae
1240 526 1371 561 valdeque
1399 527 1552 555 contrariae
1580 529 1736 561 videantur,
1768 529 1804 555 ad
1831 537 1912 555 unum

1114 576 1203 598 tamen
1228 579 1389 599 consensum
1413 574 1581 607 perveniunt,
1598 578 1636 606 ut,
1661 575 1724 601 dum
1746 582 1803 600 una
1823 580 1911 607 neget,

1113 617 1197 644 altera
1211 617 1364 650 couﬁrmet,
1390 623 1534 653 utrumque
1547 619 1571 646 iu
1588 625 1703 655 utraque
1717 621 1913 653 contineatur;

1113 665 1148 692 ita
1160 665 1196 696 ﬁt,
1211 670 1239 692 ιιι
1250 670 1276 693 et
1285 658 1444 703 inrugat-ruﬁ
1458 674 1510 693 non
1523 667 1756 702 conﬁrmet,quod
1772 669 1914 704 ἀποφανεπῆ

1113 711 1240 745 abnegat,
1257 719 1344 746 neque
1364 713 1506 749 ἁποφατική
1522 712 1645 747 abneget,
1668 713 1739 748 quod
1764 717 1914 750 καταξπτιῆ

1113 757 1238 784 allirmat.
1261 758 1293 785 Et
1314 766 1366 785 non
1389 758 1474 784 solum
1496 758 1545 785 has
1566 759 1631 785 duas
1658 759 1795 785 maximas
1812 759 1915 785 theolo-

1113 803 1173 838 giae
1190 808 1279 837 partes
1301 803 1326 829 in
1343 803 1407 835 Deo,
1424 804 1470 831 sed
1483 804 1563 830 etiam
1582 804 1608 831 iu
1622 805 1694 831 omni
1708 809 1841 831 creatura
1857 812 1915 832 esse

1116 848 1344 876 manifestissimis
1360 849 1477 876 declarat
1495 849 1642 885 exemplis;
1665 858 1714 885 per
1729 858 1780 877 cas
1799 857 1916 885 namque

1114 895 1406 922 ordines-caelestium
1420 896 1602 923 essential-um
1621 887 1651 923 ἒι
1667 897 1868 924 discernuntur
1892 902 1916 924 et

1114 941 1285 969 ordinantur.
1312 941 1342 968 Et
1358 949 1411 976 qua
1428 943 1533 969 ratione
1550 942 1619 969 Deus
1638 942 1740 970 dicitur
1764 951 1877 969 movere
1891 947 1916 970 et

1116 987 1229 1018 moveri,
1247 988 1309 1014 dum
1328 987 1361 1014 sit
1378 987 1562 1015 immutabilis.
1581 988 1614 1015 Et
1627 990 1700 1023 quod
1713 996 1766 1016 nec
1778 988 1916 1015 sensibili:

1115 1040 1164 1067 per
1179 1040 1287 1060 sensum
1305 1033 1374 1060 Deus
1390 1034 1496 1063 sentiat,
1513 1043 1559 1061 nec
1576 1034 1757 1070 intelligiliilia
1775 1043 1827 1069 per
1840 1034 1915 1061 intel-

1114 1077 1225 1110 lectum,
1253 1087 1302 1106 nec
1318 1080 1454 1106 sensibilia
1478 1088 1525 1114 per
1548 1081 1726 1111 intellectum,
1744 1089 1800 1108 nec
1822 1081 1916 1108 intelli-

1115 1126 1207 1162 gibilia
1224 1135 1272 1162 per
1285 1135 1404 1156 sensum,
1423 1128 1467 1154 sed
1480 1128 1569 1154 omnia
1585 1128 1609 1154 in
1626 1128 1748 1154 aeternis
1763 1127 1822 1155 suis
1837 1128 1918 1154 ratio-

1116 1174 1196 1201 nibus
1211 1175 1418 1209 contemplatur.
1445 1175 1481 1201 De
1506 1176 1607 1201 unitate
1624 1183 1732 1210 quoque
1751 1176 1837 1201 trium
1852 1174 1916 1202 divi-

1115 1229 1213 1248 narum
1244 1221 1477 1252 substantiarum,
1508 1222 1593 1256 deque
1627 1221 1714 1248 tribus
1753 1221 1915 1248 substantiis

1116 1267 1223 1295 divinae
1238 1268 1347 1294 unitatis
1359 1268 1439 1294 veluti
1463 1268 1654 1302 Itvysticissimo
1674 1268 1846 1294 mirabiliter
1861 1267 1916 1294 dis-

1115 1318 1192 1348 putat
1207 1313 1334 1340 senario:
1352 1318 1376 1339 el
1394 1313 1474 1339 multa
1499 1313 1560 1340 alia.
1583 1320 1651 1347 quae
1671 1314 1814 1340 studiosus
1838 1320 1915 1347 pne-

1116 1360 1201 1388 seutis
1215 1360 1305 1395 operis
1332 1360 1417 1386 let-tor
1441 1359 1557 1385 inveniet
1595 1360 1772 1386 ιύσεςέττατι
1797 1364 1810 1378 ι
1838 1358 1917 1393 igitur

1116 1407 1230 1442 Regum,
1255 1413 1334 1441 opus,
1351 1407 1421 1440 quod
1439 1407 1471 1432 ad
1493 1414 1662 1432 ronnnnnem
1686 1405 1842 1432 catholicae
1857 1403 1916 1432 ﬁda'

1116 1453 1343 1480 illuniinalionem
1357 1451 1477 1486 iussistis
1499 1452 1568 1483 ﬁeri,
1581 1453 1727 1479 altissimae
1743 1450 1917 1479 auctoritatis

1116 1500 1231 1527 Vestrae
1259 1499 1361 1534 judicio
1384 1507 1435 1525 non
1467 1499 1600 1533 respuatis
1626 1499 1760 1528 robor-ari,
1786 1502 1813 1524 et
1846 1497 1918 1525 inter

1118 1546 1216 1574 similia
1233 1553 1315 1573 sanae
1330 1546 1469 1572 doctrinae
1493 1546 1671 1572 instrumenta
1691 1545 1785 1579 recipi,
1797 1552 1865 1572 cum
1884 1550 1918 1571 ex

1119 1591 1346 1628 praeclarissimis
1374 1592 1539 1618 Graecorum
1562 1591 1680 1618 fontibus
1705 1599 1760 1618 non
1785 1590 1918 1618 dubitetis

1120 1639 1256 1674 derivari,
1270 1639 1298 1666 ln
1321 1639 1419 1673 quibus
1435 1640 1458 1666 si
1477 1639 1540 1674 quid
1563 1639 1717 1674 incognitae
1730 1639 1824 1666 adhuc
1842 1639 1919 1666 nobis

1117 1686 1257 1714 doctrinae
1274 1685 1439 1717 inveniatur,
1458 1685 1616 1713 auctoribus
1637 1685 1704 1721 ipsis
1717 1690 1761 1712 est
1781 1686 1918 1721 deputan-

1116 1731 1190 1764 dum,
1203 1731 1264 1767 quia
1281 1738 1360 1758 nemo
1373 1730 1444 1758 aliud
1460 1731 1487 1757 in
1503 1731 1553 1758 lmc
1568 1739 1650 1766 opere
1665 1736 1738 1758 recte
1753 1731 1824 1758 mihi
1843 1728 1919 1758 debc'l

1118 1777 1248 1809 tribuere,
1262 1777 1314 1805 nisi
1335 1777 1504 1805 solummodo
1518 1777 1677 1812 simpliciter
1694 1777 1885 1805 transtulisse.

481 1878 683 1929 JOANNIS
711 1879 847 1930 SGOTI
874 1881 1048 1931 VEBSIO
1077 1877 1402 1930 AMBIGUORUM
1432 1878 1471 1932 S.
1509 1853 1719 1926 MAXIMI.‘

309 1992 489 2020 Sanctissimo
510 2000 543 2020 ac
564 1993 722 2021 beatissimo
747 1994 953 2030 archiepiscopo
975 1995 1066 2031 Cyzici
1080 1997 1351 2028 Dpraeoccupastts,
1377 2000 1425 2028 per
1439 1999 1520 2027 quam
1544 1991 1646 2019 Christi
1675 1991 1822 2019 Ecclesiae
1849 1992 1922 2027 digni

269 2039 368 2067 .loanni
383 2038 515 2066 Maximus
528 2038 637 2067 humilis
651 2040 812 2067 monachus.

306 2084 465 2112 Laudautur
487 2084 609 2119 quidem,
627 2089 653 2112 et
679 2086 805 2112 fortassis
818 2086 901 2121 juste,
927 2087 961 2114 ab
976 2088 1064 2115 omnl-

270 2131 330 2162 bus,
343 2130 388 2165 qui
398 2130 467 2157 bona
478 2134 590 2165 propter
599 2130 718 2157 studium
731 2131 870 2159 doctrinae
885 2133 1065 2167 promptiores

271 2181 372 2208 amant,
394 2180 421 2204 et
434 2177 614 2212 disciplinam,
635 2185 704 2212 quae
726 2178 752 2205 in
767 2179 806 2206 eis
821 2183 872 2211 est,
894 2179 1066 2207 sollicitiores

232 2258 234 2260 μ
272 2222 404 2257 cogitant,
422 2222 453 2249 ad
477 2222 604 2250 meliores
625 2226 652 2250 et
674 2223 816 2251 meliorum
833 2220 978 2259 magistros
993 2232 1067 2252 acce-

276 2268 387 2301 dentes;
413 2268 476 2302 quia
497 2276 544 2303 per
569 2269 807 2304 interrogationem
823 2271 972 2305 sapientum
988 2271 1068 2299 disci-

273 2315 374 2350 plinam
390 2320 547 2343 reverenter
560 2316 735 2351 accipientes,
748 2316 853 2351 seipsos
866 2317 900 2344 ab
914 2316 1066 2351 ignorantia

271 2365 300 2389 et
316 2361 451 2396 imperitia
462 2366 490 2388 et
503 2369 596 2389 earum
610 2362 754 2397 opprobrio
767 2362 893 2390 liberant.
911 2363 963 2390 Vos
977 2369 1067 2391 autem

271 2407 334 2442 quis
347 2407 426 2443 digne
439 2407 558 2435 laudarit
570 2408 684 2435 sermo?
702 2408 756 2435 Aut
771 2409 832 2443 quis
850 2408 1001 2441 hominum,
1015 2408 1067 2436 etsi

272 2454 467 2490 intelligentiae
489 2455 706 2490 experimentum
724 2455 871 2490 accipiens,
887 2460 996 2483 vestrae
1011 2455 1069 2482 vir-

271 2503 338 2529 tutis
355 2502 568 2538 magnitudinem
593 2502 705 2529 idoneus
722 2502 859 2529 inveniet?
876 2502 943 2536 Quia
964 2503 1065 2537 proba-

271 2548 339 2576 biles
353 2549 444 2575 ovium
459 2547 661 2575 rationabilium
684 2552 807 2581 pastores
821 2548 883 2575 dum
899 2548 970 2580 sitis,
988 2552 1014 2575 et
1031 2548 1064 2575 ad

271 2601 419 2629 supernum
432 2595 503 2623 ovile
511 2594 622 2621 vocibtts
634 2593 737 2621 ﬁstulae
749 2593 898 2628 spiritualis
910 2602 956 2621 cas
969 2594 1068 2622 ducere

273 2643 302 2667 et
313 2640 486 2668 introducere
501 2640 596 2671 nostis,
611 2640 776 2675 singularem
793 2640 818 2672 ι’,
837 2640 929 2668 multis
944 2640 1069 2675 impossi-

270 2683 365 2719 bilem,
377 2686 508 2721 mysticae
535 2686 689 2713 divinorum
716 2686 847 2714 scientiae
879 2687 1066 2715 habitudinem

1116 2040 1262 2075 ﬁdelesque
1274 2040 1467 2076 gubernacula,
1480 2039 1559 2067 navis
1570 2040 1596 2066 in
1609 2040 1730 2072 modum,
1743 2040 1920 2075 disciplinate

1116 2086 1233 2122 dirigitis
1259 2094 1320 2113 cum
1332 2093 1415 2113 onere
1428 2085 1499 2117 ﬁdei,
1515 2084 1680 2120 divinaeque
1695 2085 1919 2121 conversationis

1117 2134 1215 2161 decore
1227 2133 1260 2159 ad
1275 2137 1380 2168 portum
1392 2132 1498 2159 divinae
1512 2132 1670 2165 voluntatis,
1686 2139 1737 2167 per
1747 2140 1826 2159 mare
1837 2132 1918 2159 seculi

1119 2179 1314 2207 tentationibus
1339 2178 1470 2205 illaesatn.
1497 2177 1533 2205 De
1559 2176 1602 2205 bis
1618 2183 1719 2210 autem,
1749 2169 1822 2212 quae
1845 2179 1919 2204 vobis

1119 2224 1227 2260 cognita
1243 2228 1316 2256 sunt,
1333 2232 1450 2259 quortnn
1472 2224 1553 2252 etiam
1572 2224 1718 2259 magistros
1746 2232 1795 2251 \os
1816 2224 1919 2251 consu-

1120 2271 1171 2298 tuit
1195 2271 1346 2304 Dominus,
1375 2279 1429 2298 non
1456 2270 1542 2298 solum
1565 2271 1769 2306 sapientiores,
1807 2271 1829 2298 si
1858 2271 1919 2306 quis

1118 2321 1239 2344 vestrum
1253 2321 1264 2336 ο
1283 2320 1325 2344 est
1336 2316 1448 2344 omnino
1458 2317 1606 2343 secundum
1623 2316 1765 2344 scientiam
1780 2318 1918 2351 superior,

1119 2364 1166 2391 sed
1186 2368 1214 2391 et
1241 2363 1314 2391 nullo
1338 2364 1443 2399 dignos,
1469 2367 1497 2390 et
1523 2363 1632 2397 penitus
1657 2364 1748 2391 omnis
1776 2364 1920 2399 imperitos

1119 2409 1272 2442 doctrinae,
1293 2410 1346 2437 ﬁde
1370 2409 1523 2436 inveniendi
1544 2409 1610 2443 quid
1632 2409 1721 2436 nobile
1741 2410 1827 2436 etiam
1847 2408 1920 2444 apud

1120 2456 1274 2485 immundos
1285 2455 1310 2489 ιλ,
1327 2456 1398 2486 sicut
1412 2455 1483 2483 soliti
1497 2456 1575 2488 estis,
1593 2455 1732 2490 indignum
1746 2456 1922 2491 interrogare

1119 2511 1173 2531 non
1186 2502 1294 2530 ducitis.
1307 2503 1346 2529 Ac
1356 2510 1403 2537 per
1417 2502 1468 2529 hoc
1484 2502 1620 2536 accipiens
1631 2506 1659 2528 et
1669 2509 1719 2536 ego
1731 2502 1922 2529 venerabilem

1121 2553 1240 2576 vestram
1254 2548 1409 2583 epistolam,
1426 2548 1547 2575 scribere
1560 2547 1636 2575 vobis
1644 2548 1786 2582 jubentem
1804 2549 1839 2575 de
1852 2556 1922 2575 uno-

1121 2601 1228 2629 quoque
1255 2593 1396 2621 dubiurum
1418 2594 1495 2621 vobis
1521 2599 1533 2613 θ
1556 2593 1742 2628 Capitulorum
1768 2593 1797 2620 i-n
1828 2593 1919 2621 sancti

1122 2639 1240 2674 theologi
1265 2638 1389 2675 Gregorii
1419 2638 1600 2670 sermonibus,
1617 2640 1649 2666 de
1673 2640 1773 2674 quibus
1799 2639 1922 2667 studium

1122 2687 1266 2720 habebam,
1282 2687 1389 2722 quando
1405 2694 1467 2714 cum
1482 2687 1706 2715 convenientibus
1719 2694 1812 2720 eram,
1829 2687 1923 2715 reddi-

1039 2744 1166 2774 NOTAE.

308 2797 320 2811 ι
340 2790 405 2827 Earl.
429 2799 464 2818 m.
482 2791 515 2818 ad
528 2799 613 2827 marg.
629 2792 717 2819 adscr.
731 2790 863 2820 Piiuime.
884 2791 938 2820 Sed
956 2789 1076 2820 Joannes

273 2826 371 2855 Scottis
385 2826 489 2854 Graeca
503 2826 622 2859 allectat,
639 2832 669 2854 ut
680 2827 752 2855 alibi.

310 2862 323 2882 ιν
344 2862 410 2890 Male
422 2862 483 2898 legit
495 2862 551 2892 οἷαν
565 2871 613 2898 pro
627 2862 676 2891 οἷα.

871 2903 905 2914 ἰι

1160 2798 1171 2811 ο
1194 2792 1233 2819 Ex
1253 2799 1328 2821 more
1339 2790 1519 2822 Graecorum;
1534 2799 1583 2826 pro
1597 2791 1677 2818 vobis.

1162 2826 1176 2846 τι
1196 2827 1249 2855 Cve
1260 2830 1284 2855 Eo
1297 2827 1398 2862 legerat
1412 2828 1537 2862 ἀσέμνους
1552 2834 1601 2861 pro
1615 2829 1736 2862 ἀσήμοις.

1161 2868 1172 2882 ε
1191 2862 1312 2891 Graecus
1324 2867 1413 2890 textus
1425 2863 1493 2895 ἡμῖν,
1509 2863 1593 2889 nobis.
