4004 6290
201 262 342 323 H97

1235 273 1488 336 VERSIO
1524 277 1992 343 AMBJGUORUM
2032 281 2093 344 Β.
2136 285 2404 346 ΜΑΧΙΜΙ.

3345 295 3488 356 M98

203 389 328 480 tam.
387 388 515 438 tunc
575 383 839 480 rationem
894 387 1198 472 scripturae
1263 393 1606 450 commendo.
1678 391 1788 451 Vos
1819 399 1869 460 Α
1897 413 2088 456 mones
2113 403 2605 472 supereminenlem
2643 424 2749 464 non
2782 411 2988 467 habens
3027 410 3516 480 manifestaretur,_

200 472 419 544 quidem
476 477 672 536 merito
715 479 933 537 virtutis
972 482 1203 541 miratus
1248 500 1402 553 sum,
1465 495 1521 542 et
1567 486 1622 542 in
1671 485 1788 560 ipsa

200 567 406 622 claram
444 576 608 639 atque
657 573 928 629 excelsam
959 575 1178 632 Christo
1216 576 1518 648 placentem
1550 588 1788 636 vestram

199 660 629 734 hospitalitatem
671 665 907 733 laudavi,
942 671 1115 742 magis
1140 686 1270 726 vero
1299 687 1394 741 per
1423 688 1639 729 omnem
1669 688 1788 728 mo-

198 751 328 808 dum
360 769 458 824 per
484 770 580 810 vos
612 757 743 812 etin
776 759 928 815 vobis
965 761 1326 833 glorificatum
1353 766 1664 834 Dominum,
1697 764 1790 838 qui

198 844 328 930 fecit
375 863 471 902 vos
497 848 565 903 ad
605 848 709 905 hoc
747 850 937 924 dignos
973 853 1112 921 ﬁeri,
1162 856 1522 927 donatamque
1564 860 1632 913 ab
1674 858 1792 929 ipso

196 938 480 1006 virtutem,
507 941 599 1010 qui
621 941 736 998 suis
760 945 935 1000 servis
965 957 987 985 ι
1018 962 1114 1018 per
1138 957 1317 1004 vestra
1347 966 1511 1021 opera
1545 953 1793 1008 veritatis

200 1042 391 1104 aperte
443 1034 902 1106 pulchritudinem
967 1040 1300 1108 manifestat,
1359 1059 1528 1115 usque
1588 1046 1656 1100 ad
1704 1059 1794 1101 me

197 1142 450 1198 parvum,
502 1139 558 1184 et
603 1129 750 1185 nullo
797 1131 1039 1201 dignum,
1097 1143 1152 1189 et
1197 1136 1493 1201 indoctum,
1539 1147 1593 1193 et
1640 1139 1790 1210 omni

198 1221 403 1275 nudum
427 1222 650 1276 omnino
691 1223 896 1280 virtute
939 1234 994 1282 et
1043 1228 1290 1285 scientia.
1320 1229 1400 1286 Ac
1428 1247 1523 1302 per
1550 1232 1652 1288 hoc
1693 1233 1797 1288 hu-

197 1313 870 1385 miliatos,considerans,
931 1322 1195 1392 meipsum
1245 1325 1493 1396 accipere
1551 1335 1794 1383 vestrum

197 1417 550 1480 praeceptum
595 1411 896 1466 secundum
935 1413 1192 1477 virtutem
1231 1416 1626 1488 compuleram,
1668 1418 1796 1476 dum

201 1501 258 1556 in
291 1500 440 1555 nullo
484 1504 809 1559 temerarius
842 1507 1176 1564 aestimabor
1205 1510 1388 1566 multis
1417 1514 1587 1568 vestri
1619 1513 1796 1581 gratia

200 1593 409 1650 faciens
443 1611 770 1665 sermonem,
819 1600 912 1656 sed
967 1611 1022 1658 et
1043 1619 1139 1658 vos
1170 1615 1380 1676 gratam
1411 1615 1465 1662 et
1507 1606 1795 1666 amabilem

199 1686 586 1744 obaudientiae
633 1694 939 1748 mercedem
962 1694 1213 1766 accipere
1244 1699 1554 1768 expectanti
1585 1710 1797 1764 vestras

1897 493 1943 550 si
1995 511 2101 550 non
2149 497 2295 552 omni
2326 498 2437 554 fere
2463 499 2704 571 syllabae
2734 504 3019 561 decentem
3059 505 3302 562 inserens
3347 505 3492 563 noti-

1898 587 2049 652 tiam,
2082 589 2149 643 ad
2178 589 2544 658 pulcherrima
2589 601 2646 648 et
2689 594 2840 650 utilia
2884 605 3174 667 sequentes
3220 597 3488 664 ducendo,

1898 679 2008 735 ullo
2033 682 2192 747 modo
2228 681 2560 752 disceptandi
2606 684 3020 758 relinqueretur.
3066 687 3182 744 Non
3230 691 3310 745 sic
3358 691 3493 745 haec

1899 774 2101 830 habent
2147 789 2206 830 se
2261 776 2440 848 longe.
2490 778 2584 834 sed
2627 787 2682 834 et
2734 779 3026 838 intellectui
3065 798 3372 840 sermonem
3403 798 3496 839 sae

1900 867 2111 936 pienter
2139 868 2494 934 constituunt,
2519 879 2574 926 et
2595 884 2902 928 sermonem
2932 873 3204 930 excelsum
3244 872 3499 931 excelsus

1900 959 2269 1028 supereminet
2292 959 2615 1023 intellectus.
2659 971 2720 1018 ut
2745 963 2994 1021 excelsus
3026 965 3242 1022 excelso
3277 981 3496 1024 annun-

1904 1051 2083 1114 tietur,
2113 1063 2170 1109 et
2197 1053 2444 1110 veritatis
2474 1054 2866 1127 aliquantulum
2894 1073 2964 1114 ex
2983 1058 3248 1116 ambobus
3278 1058 3496 1114 interim

1829 1197 1842 1206 ,
1901 1145 2110 1211 multis,
2137 1146 2423 1201 autetiam
2456 1148 2732 1215 omnibus,
2771 1149 2917 1206 invia
2960 1150 3276 1223 magnitudo
3315 1160 3501 1206 osten-

1901 1239 2080 1293 datur.
2114 1238 2185 1296 Ut
2220 1254 2350 1295 vero
2394 1237 2683 1297 manifesta
2735 1241 2892 1298 nobis
2936 1242 3009 1299 sit
3057 1244 3236 1298 omnis
3284 1257 3499 1309 eorum,

1902 1347 2044 1402 quae
2092 1333 2235 1388 dicta
2289 1343 2434 1402 sunt,
2475 1335 2806 1402 obscuritas,
2853 1337 2992 1408 ipsa,
3046 1345 3107 1393 ut
3160 1353 3220 1392 se
3274 1337 3498 1404 habent,

1903 1426 2047 1482 beati
2099 1426 2566 1484 considerabimus
2614 1429 2799 1485 verba.
2847 1426 3042 1494 Parca,
3078 1429 3273 1499 inquit,
3315 1439 3370 1482 ut
3412 1444 3504 1484 co.-

1903 1519 2191 1589 opcratori,
2213 1529 2263 1574 et
2291 1536 2395 1576 non
2419 1520 2582 1574 habeo
2607 1520 2868 1591 quomodo
2890 1519 3089 1591 fugiam
3112 1529 3501 1590 superveniunt,

1903 1621 1994 1665 aut
2017 1612 2278 1681 quomodo
2318 1629 2423 1666 non
2449 1631 2481 1666 a
2504 1611 2614 1667 Deo
2638 1613 2847 1679 cadam,
2874 1622 3120 1682 gravatus
3151 1612 3326 1683 pueris
3356 1611 3501 1668 deri-

1901 1703 2162 1773 pientibns
2183 1713 2276 1758 aut
2303 1705 2656 1759 detinentibus
2677 1706 2731 1759 in
2760 1716 2976 1759 terram.
2995 1703 3139 1759 Haec
3163 1705 3367 1768 dicens,
3394 1718 3502 1758 non

199 1779 450 1836 videlicet
502 1785 778 1842 orationes
805 1786 1040 1843 intentas
1086 1801 1347 1846 consuete
1393 1791 1684 1860 donabitis,
1736 1801 1798 1850 ut
1827 1780 1874 1843 Β
1905 1795 1972 1848 de
1999 1811 2056 1850 se
2078 1795 2194 1866 ipso
2221 1795 2465 1859 omnino,
2489 1797 2580 1850 sed
2603 1811 2701 1866 per
2726 1811 2786 1852 se
2816 1796 2987 1867 ipsum
3013 1797 3078 1852 de
3104 1795 3374 1851 communi
3410 1795 3507 1850 hu-

200 1874 457 1934 Cnristus
501 1881 785 1948 Dominus,
832 1883 923 1954 qui
965 1894 1052 1942 est
1098 1897 1348 1957 paratum
1382 1889 1689 1947 timentium
1736 1907 1798 1948 se

200 1967 556 2038 adiutorium,
605 1974 794 2030 veniat
840 1975 970 2032 mihi
1023 1979 1296 2036 sermonis
1336 1978 1584 2050 adjutor;
1625 1981 1800 2054 magis

200 2069 382 2116 autem
411 2063 638 2120 dicendo
680 2074 852 2123 totum
883 2067 993 2139 pie,
1031 2078 1092 2125 ut
1117 2071 1356 2127 Verbum
1393 2072 1654 2146 largiatur
1677 2091 1800 2133 ver-

198 2152 352 2210 imm.
412 2155 585 2215 Posco
629 2168 810 2216 autem
865 2176 963 2218 vos
1016 2163 1374 2234 postulantes,
1433 2183 1502 2224 ne
1549 2178 1799 2226 ornatam

199 2246 482 2316 quaeratis
534 2265 563 2303 a
613 2266 700 2307 me
748 2251 1066 2320 dictionem,
1109 2256 1201 2328 qui
1240 2268 1502 2314 ornantes
1548 2261 1794 2318 auditum

199 2351 482 2395 sermones
514 2356 620 2398 non
655 2342 852 2409 habeo,
879 2354 936 2400 et
978 2347 1212 2405 curiosis
1243 2349 1459 2407 bombis
1489 2352 1518 2391 ιι
1557 2353 1800 2409 ambitus

199 2424 380 2483 facere
425 2429 632 2502 ignoro.
678 2434 892 2491 Talium
938 2439 1084 2493 enim
1114 2439 1487 2498 doctrinarum
1521 2443 1649 2499 dum
1695 2446 1798 2506 sim

198 2516 426 2588 inscius,
449 2532 505 2578 et
527 2539 710 2593 curae,
744 2543 886 2598 quae
915 2530 966 2584 in
999 2530 1080 2586 eis
1102 2541 1207 2598 est,
1234 2534 1661 2604 magnitudinem
1690 2552 1798 2593 non

198 2615 563 2685 constituens,
602 2621 1019 2678 dilectissimum
1065 2639 1188 2681 reor
1226 2635 1388 2697 atque
1440 2628 1706 2699 optabile,
1752 2629 1797 2689 si

197 2717 418 2764 sensum
441 2713 614 2768 sancti
649 2713 809 2783 hujus
829 2724 885 2772 et
922 2717 1106 2788 magni
1135 2719 1404 2792 magistri,
1432 2721 1536 2778 etsi
1569 2723 1796 2780 confusa

197 2798 614 2872 explanatione,
665 2815 722 2862 et
768 2807 872 2864 hoc
919 2809 1316 2881 aliquantulum
1363 2815 1797 2885 considerarim,

197 2907 306 2948 non
348 2902 527 2952 tamen
573 2898 854 2971 multiplici
901 2917 1066 2960 versu
1097 2905 1492 2974 expositionem
1536 2908 1800 2964 honoriﬁ-

197 2988 396 3043 cando.
439 2990 748 3065 Theologus
788 2994 933 3051 enim
966 2996 1069 3052 iste
1092 2998 1199 3064 vir,
1240 2998 1382 3056 sicut
1411 3001 1585 3068 scitis,
1617 3002 1800 3060 brevis

195 3083 545 3141 sermonibus
589 3088 717 3142 dum
757 3089 848 3155 sit,
899 3101 955 3147 et
985 3092 1188 3150 multus
1224 3094 1523 3162 intellectu,
1556 3097 1798 3154 necessi-

1906 1888 2165 1943 manitate
2189 1888 2448 1958 disputat,
2475 1889 2689 1954 videns,
2738 1889 2865 1960 quia
2899 1890 3098 1956 omnis,
3139 1889 3228 1958 qui
3272 1887 3505 1944 salutem

1904 1986 2072 2047 amat,
2105 1988 2199 2034 aut
2224 1979 2424 2036 actioni
2457 1979 2673 2050 penitus
2709 1989 2803 2035 aut
2844 1980 3287 2050 contemplationi
3327 1987 3506 2035 atten-

1904 2073 2002 2128 dit.
2029 2073 2249 2143 Absque
2273 2073 2416 2130 enim
2449 2074 2650 2128 virtute
2677 2082 2734 2130 et
2758 2073 2982 2129 scientia
3007 2073 3186 2129 nullus
3211 2073 3318 2128 ullo
3342 2073 3506 2129 modo

1903 2163 2198 2234 aliquando
2228 2164 2487 2235 consequi
2519 2164 2750 2220 salutem
2772 2165 2964 2235 potuit.
2993 2165 3049 2219 Si
3082 2180 3210 2235 ergo
3241 2179 3340 2233 per
3370 2179 3506 2219 con-

1903 2258 2338 2328 templationem,
2392 2259 2592 2329 inquit,
2644 2258 3035 2314 collocatorum
3083 2259 3196 2314 Deo
3248 2267 3303 2313 et
3343 2261 3506 2314 beata

1903 2350 2306 2422 pulchritudine
2320 2350 2618 2407 fruentium
2637 2367 2777 2407 unus
2802 2351 3130 2407 constitutus
3152 2367 3292 2418 sum,
3311 2365 3504 2422 pacem

1904 2443 2110 2500 habens
2167 2445 2222 2500 in
2289 2443 2544 2500 omnibus
2597 2453 2653 2500 et
2709 2444 3234 2510 sanctiﬁcationem,
3303 2444 3506 2515 quippe

1904 2538 2169 2608 meipsum
2195 2536 2476 2609 applicans
2504 2538 2614 2593 Deo
2645 2537 2990 2608 inseparabili
3022 2552 3118 2606 per
3140 2535 3504 2605 cognitionem

1903 2613 2280 2698 similitudine,
2310 2630 2715 2686 irrationabiles
2733 2630 2965 2685 virtutes
2991 2631 3205 2684 animae
3217 2629 3507 2702 cogitando

1903 2722 2181 2786 decenter,
2212 2731 2268 2779 et
2295 2722 2464 2778 menti
2517 2738 2616 2793 per
2662 2722 2930 2778 rationem
2979 2722 3317 2787 adducendo,
3344 2732 3398 2777 et
3425 2722 3506 2778 fa-

1904 2813 2147 2869 miliares
2186 2813 2454 2880 faciendo,
2487 2811 2731 2870 furorem
2759 2812 2881 2868 dico
2908 2823 2962 2869 et
2985 2813 3505 2884 concupiscentiam,

1904 2921 2026 2963 eam
2078 2906 2298 2975 quidem
2347 2906 2402 2959 in
2456 2905 2776 2973 caritatem“
2814 2921 2935 2958 cum
2983 2921 3111 2962 vero
3155 2907 3204 2961 in
3249 2905 3505 2975 gaudium

1906 3009 2154 3066 mutans,
2209 2999 2479 3070 siquidem
2527 2999 2718 3070 gaudii
2771 2999 3050 3070 proprium
3093 3008 3210 3063 est,
3261 2998 3507 3056 exultare

1907 3093 2166 3148 divinitus
2210 3102 2264 3148 et
2299 3091 2515 3158 laetari,
2571 3092 2712 3148 sicut
2766 3092 3164 3162 praeexultavit
3210 3109 3276 3148 ex
3331 3103 3506 3150 matre

199 3184 371 3232 talem
404 3178 496 3234 dat
526 3179 820 3254 explanare
870 3183 1073 3241 volenti
1121 3187 1241 3259 ejus
1271 3188 1648 3257 intentionem,
1693 3190 1798 3249 etsi
1825 3154 1873 3220 ϐ
1904 3183 2165 3250 Joannes,
2190 3200 2422 3257 magnus
2444 3183 2692 3240 veritatis
2713 3198 3038 3254 praccursor
3061 3194 3113 3239 ct
3139 3184 3504 3254 praedicator,

199 3265 626 3329 facundissimus
669 3283 724 3331 et
763 3275 1200 3348 sapientissimus
1239 3281 1290 3336 in
1321 3281 1510 3339 multis
1546 3282 1619 3338 sit
1652 3293 1702 3351 ε,
1744 3289 1801 3342 et

198 3364 377 3434 magis
401 3366 534 3422 mihi
571 3367 812 3426 indocto.
845 3367 906 3428 Si
927 3387 1059 3430 vero
1089 3390 1187 3432 vos
1215 3386 1472 3436 consuete
1511 3379 1620 3436 Deo
1647 3395 1801 3436 ama-

196 3453 328 3542 bilis
349 3459 578 3515 moverit
609 3460 776 3532 zelus,
809 3463 937 3526 dum
983 3465 1051 3522 ad
1093 3466 1259 3524 breve
1287 3469 1448 3526 simul
1478 3486 1544 3526 ac
1572 3470 1793 3542 planum

197 3537 461 3620 ca.'quae
504 3552 710 3625 scripta
741 3567 888 3622 sunt,
927 3558 1247 3630 deferimus,
1278 3579 1376 3619 nos
1414 3537 1588 3637 magis
1633 3581 1798 3636 quam

202 3648 379 3698 totum
415 3645 754 3706 intellectum
791 3652 1056 3725 erigimus
1102 3656 1171 3712 ad
1219 3657 1290 3721 id,
1338 3659 1480 3728 quod
1529 3660 1800 3718 excelsius

95 3778 102 3782 .
199 3743 310 3801 est,
335 3743 640 3796 mercedem
677 3757 775 3812 per
816 3759 875 3806 se
902 3745 1202 3815 perfectam
1246 3750 1546 3820 accipietis.
1604 3751 1798 3809 deiferi

201 3825 346 3881 illius
375 3830 582 3887 scilicet
605 3834 670 3888 ad
701 3833 989 3892 Dominum
1012 3839 1256 3896 omnium
1285 3843 1587 3909 orationes,
1612 3852 1800 3914 utpote

204 3931 314 3972 non
341 3922 705 4002 concedentes
738 3923 856 3995 ejus
884 3927 1099 3987 divinos
1141 3939 1198 3986 et
1236 3933 1688 4003 supernaturales.
1719 3935 1802 3992 in-

205 4009 474 4080 tellectus,
509 4017 710 4088 spretis
733 4033 800 4075 ac
819 4020 1018 4079 vilibus
1063 4026 1286 4084 tractari
1327 4027 1804 4098 contemplationi-

203 4102 325 4159 bus.
354 4103 765 4180 Consequenter
793 4121 977 4168 autem
1017 4125 1234 4176 vestrae
1263 4119 1529 4188 epistolae
1563 4135 1660 4191 per
1685 4119 1801 4175 sin-

201 4197 328 4273 gula
359 4202 980 4276 capita2inquisitionem
1024 4208 1127 4266 feci
1153 4251 1169 4277 ,
1211 4221 1267 4269 et
1299 4212 1473 4272 literis
1515 4228 1800 4271 commen-

201 4292 353 4360 davi,
397 4296 568 4354 bonos
613 4307 790 4369 atque.
823 4300 1206 4362 misericordes
1254 4319 1356 4362 vos.
1390 4321 1605 4373 eorum,
1658 4322 1804 4378 quae

199 4385 351 4444 dicta
379 4383 527 4457 sunt,
549 4391 780 4462 iudices.
799 4395 918 4450 fieri
949 4397 1275 4467 deprecans.

756 4485 1166 4566 CAPITULUM.
1195 4493 1236 4548 ι.

533 4571 603 4610 EX
640 4572 881 4615 SIBIONE
1028 4578 1478 4624 llOSPlTALITATE.

201 4643 262 4702 In
288 4644 394 4730 hoc
427 4665 439 4702 :
477 4643 644 4703 Parca
676 4659 731 4703 ut
759 4637 1112 4729 .cooperotori,
1139 4666 1188 4712 et
1219 4675 1323 4711 non
1347 4657 1512 4730 habeo
1541 4660 1806 4730 quomodo

280 4716 481 4795 fugiam
532 4716 896 4791 superventum
925 4765 938 4788 ,
991 4716 1106 4795 qui
1140 4729 1402 4795 quomodo
1453 4716 1566 4782 non,
1611 4748 1642 4783 α
1696 4729 1804 4785 Deo

278 4791 488 4868 eodem,
517 4803 764 4862 gravatus
797 4796 972 4864 pueris
995 4793 1022 4835 ἀ
1042 4791 1422 4868 deripientibus
1448 4810 1539 4853 aut
1562 4800 1806 4855 detineno

278 4860 416 4916 tibus
439 4863 493 4916 in
519 4860 736 4918 terram.

278 4953 393 5008 Non
425 4955 478 5010 id
503 4956 676 5026 ipsum
698 4957 886 5029 deripi,
916 4959 1060 5029 quod
1089 4971 1173 5017 est
1215 4962 1458 5028 detineri,
1505 4963 1680 5020 visum
1720 4973 1808 5020 est

198 5049 368 5106 beato
389 5051 515 5108 huic
536 5053 693 5117 viro;
719 5068 892 5125 neque
914 5055 1313 5124 sicarbitreris,
1327 5053 1731 5126 probatissime,
1754 5059 1800 5114 si

202 5142 336 5213 quid
363 5143 454 5199 tibi
480 5145 781 5218 intelligere
803 5146 1434 5215 ipsiusmagnanimitate
1449 5149 1672 5219 dignum
1696 5149 1806 5205 sol-

203 5232 477 5292 licitudini
499 5235 732 5298 siLNam
747 5237 1052 5309 superﬂuus
1064 5241 1324 5304 verbis,et
1341 5240 1671 5296 intellectum
1689 5257 1808 5298 ser-

1906 3287 2002 3334 aut
2047 3278 2209 3343 sicut,
2256 3277 2384 3332 dum
2442 3275 2724 3349 quiescere
2783 3274 2913 3331 fecit
2965 3270 3358 3342 arcamzlsracl
3407 3290 3504 3331 rex

1908 3371 2098 3426 David.
2141 3372 2198 3427 In
2257 3383 2431 3428 matre
2480 3372 2651 3438 enim,
2695 3371 2798 3427 etsi
2839 3370 3070 3432 diliicilis
3108 3372 3266 3438 ratio,
3307 3372 3507 3444 quippe

1908 3464 2051 3520 invia
2078 3464 2286 3528 multis,
2317 3465 2409 3520 sed
2441 3474 2618 3520 tamen
2641 3478 2794 3530 vera,
2827 3471 2884 3518 et
2909 3478 3006 3518 nos
3036 3471 3090 3518 et
3112 3463 3255 3518 Deus
3281 3461 3503 3518 verbum

1909 3573 2118 3623 sumus,
2149 3557 2240 3627 qui
2283 3555 2675 3626 universitatis}
2701 3565 2788 3612 est
2816 3555 2989 3610 factor
3012 3564 3067 3609 et
3100 3555 3378 3622 Dominus,
3410 3555 3505 3624 qui
3532 3606 3536 3611 .

1908 3651 2128 3723 quidem
2183 3651 2234 3703 in
2278 3649 2584 3719 praesentis
2630 3647 2774 3702 vitae
2821 3654 2964 3702 statu
2995 3647 3226 3713 occulte,
3257 3646 3420 3702 veluti
3449 3647 3506 3702 in

1909 3750 2103 3799 matre.
2133 3748 2188 3796 et
2215 3739 2302 3794 vix
2325 3737 2600 3793 sensibilis
2647 3738 2773 3792 huic
2811 3739 3014 3796 mundo
3048 3747 3292 3808 apparet,
3319 3745 3373 3793 et
3401 3737 3508 3794 hoc

1909 3833 2017 3898 his,
2045 3832 2137 3904 qui
2168 3839 2294 3886 sunt
2320 3830 2617 3886 secundum
2639 3827 2904 3885 Joannem
2934 3831 2985 3884 in
3015 3830 3231 3901 spiritu,
3258 3830 3507 3889 homines

1910 3940 2040 3983 vero
2063 3925 2226 3993 veluti
2253 3940 2320 3980 ex
2347 3933 2542 3988 matre,
2570 3921 2840 3978 materiali
2875 3921 3128 3978 videlicet
3149 3923 3506 3979 circumstan-

1910 4021 2012 4086 tia,
2045 4020 2145 4078 etsi
2178 4020 2444 4091 tantisper
2489 4018 2544 4073 in
2589 4017 2691 4084 his,
2724 4031 2865 4087 quae
2895 4026 3042 4082 sunt,
3080 4017 3351 4073 occultum
3385 4033 3508 4087 per-

1911 4113 2151 4185 spiciunt
2177 4112 2421 4168 verbum.
2448 4110 2516 4165 Et
2539 4110 2592 4164 in
2619 4109 2721 4166 hoc
2751 4108 3000 4165 fortassis
3019 4110 3149 4174 sint,
3176 4109 3267 4181 qui
3295 4110 3508 4178 gaudiis

1909 4205 2138 4262 Joannis
2201 4204 2489 4260 laetantur.
2544 4201 2627 4258 Ad
2681 4200 3008 4256 ineffabilem
3059 4216 3295 4271 namque
3338 4200 3506 4256 futuri

1911 4300 2081 4358 seculi
2112 4299 2360 4371 gloriam,
2392 4308 2448 4354 et
2472 4295 2802 4359 claritatem,
2853 4304 2907 4349 et
2939 4295 3104 4360 vitae,
3137 4310 3278 4364 quae
3311 4295 3362 4349 in
3388 4295 3508 4364 ipso

1911 4399 2018 4466 est,
2051 4387 2436 4462 proprietatem
2473 4386 2546 4440 nil
2573 4386 2765 4442 matris
2787 4383 3173 4455 distatjudicio
3196 4385 3450 4442 laetantis
3481 4398 3506 4426 ο

1916 4492 2229 4555 comparata
2274 4495 2534 4554 praesens
2564 4480 2696 4545 vita,
2724 4480 2776 4535 in
2807 4495 2912 4549 qua
2945 4489 3166 4550 propter
3192 4495 3291 4536 nos
3321 4480 3504 4537 infan-

1913 4587 1997 4636 tes
2023 4577 2271 4635 sensibus
2305 4575 2464 4642 Deus,
2486 4574 2580 4646 qui
2601 4573 2933 4630 estVerbum
2957 4573 3255 4644 perfectum
3280 4583 3337 4631 et
3357 4574 3508 4646 plus-

1915 4691 2078 4747 quam
2107 4671 2430 4745 perfectum,
2460 4669 2871 4733 utmisericors,
2904 4667 3082 4726 infans
3109 4667 3286 4725 factus
3315 4679 3420 4725 est.
3449 4669 3508 4725 Si

1913 4784 2065 4840 ergo,
2095 4777 2155 4824 ut
2177 4767 2377 4823 dictum
2403 4773 2504 4827 est,
2541 4763 2665 4819 talis
2691 4763 2814 4833 quis
2834 4777 2975 4830 sum,
3005 4762 3246 4834 possibili
3278 4762 3511 4818 homini-

1915 4865 2019 4920 bus
2068 4859 2362 4917 secundum
2407 4864 2754 4928 praesentem
2803 4854 2970 4910 vitam
3024 4854 3389 4911 transitoriam
3451 4854 3508 4909 in

1917 4953 2100 5012 divina
2129 4950 2465 5014 summitate,
2491 4947 2784 5018 neglexero
2821 4961 2950 5004 vero
3000 4945 3318 5002 deiformem
3351 4945 3510 5000 habi-

1919 5058 2059 5114 tum,
2095 5047 2362 5118 meipsum
2405 5045 2473 5100 ad
2514 5043 2763 5114 corporis
2794 5041 2970 5099 libens
2999 5040 3270 5097 inclinans
3299 5039 3511 5095 deside-

1919 5143 2086 5208 rium,
2115 5140 2369 5209 dereptus
2399 5151 2517 5194 sum
2543 5143 2799 5208 gravatus
2837 5134 3042 5205 pueris,
3075 5133 3130 5188 id
3157 5140 3241 5188 est
3261 5133 3428 5197 curis,
3455 5141 3513 5188 et

1921 5253 1956 5291 a
1989 5236 2101 5292 Deo
2134 5231 2329 5297 cecidi,
2360 5239 2547 5301 utpote
2572 5229 2640 5286 de
2661 5228 2778 5286 solo
2805 5241 2971 5298 regno
2998 5225 3275 5282 caelorum
3304 5225 3512 5296 cogita-

1739 5332 2000 5390 NOTAE.

283 5455 310 5522 τι
347 5442 402 5497 ln
429 5443 638 5522 Graeco
661 5443 978 5522 reiciamus
1004 5445 1268 5519 ἱδιὼμασι.
1296 5446 1347 5503 J.
1379 5449 1575 5506 Scotus
1604 5450 1806 5522 legisse

205 5514 423 5587 videtur
449 5515 614 5580 ἰδίοις,
648 5517 788 5586 quod
823 5521 1082 5587 ineptum.

286 5586 415 5669 {In
459 5587 698 5669 Graecoh
747 5597 860 5669 τριῖς
914 5586 1199 5669 ᾗεριὲργοος
1243 5602 1455 5669 grauari}.
1499 5593 1657 5669 Quid
1715 5596 1808 5669 hic

210 5654 489 5746 J.‘Sc'otus
516 5654 1067 5746 Iegeritlhiuemlun'i‘i.'
1097 5654 1257 5746 'ro'pai
1302 5654 1428 5736 qui}
1465 5654 1596 5737 sitit,
1628 5667 1808 5739 expli-

208 5735 301 5787 cat
328 5727 677 5803 Hermogénei
707 5730 799 5787 lib.
828 5745 866 5787 ιι
894 5733 958 5788 de
991 5727 1219 5788 Formis.

1811 5839 1871 5885 ’⁸3

1987 5461 2013 5489 θ
2053 5451 2110 5503 in
2135 5447 2342 5504 Graeco
2363 5445 2446 5503 δια
2485 5439 2680 5500 πολλῶν
2709 5437 2855 5504 tum,
2884 5439 2920 5493 Ῐ.
2953 5454 3003 5494 e.
3040 5437 3511 5509 fusiusqexpntinri.

1987 5521 2014 5562 δ
2060 5519 2408 5575 Inscitissime
2444 5519 2627 5570 vertit.
2659 5514 2712 5567 In
2739 5511 2947 5568 Graeco
2983 5507 3094 5572 τοίῖς
3135 5507 3334 5573 πέδαις,
3384 5508 3420 5562 i.
3462 5521 3512 5562 e.

1919 5591 2258 5664 compedibus
2295 5588 2534 5644 vinculis.
2609 5663 2614 5664 ν
2644 5658 2653 5664 _
3071 5653 3084 5664 ‘
3236 5651 3247 5664 .
3423 5649 3456 5664 μ
3483 5629 3514 5664 ﬂ.

2001 5649 2109 5717 θἸιι
2141 5662 2365 5733 Graeco
2376 5665 2576 5733 μήτρᾳς
2604 5658 2738 5733 ζόφῳ
2760 5653 3206 5733 περικεχυμέμης,
3236 5651 3272 5707 i.
3298 5666 3348 5708 e.
3381 5649 3518 5706 nihil

1923 5758 1958 5794 (ι
1990 5735 2207 5792 matrice
2233 5729 2456 5787 tenebris
2480 5729 2747 5785 'obvoluta.
