4004 6290
540 344 679 407 H99

1912 342 2197 411 JOANNIS
2236 343 2436 409 SCOTI

3696 346 3844 407 ητιο

538 474 743 522 ιιοιιειιι
793 468 848 519 ει
897 462 1325 534 inquisitionem,
1357 461 1444 520 cui
1475 476 1581 522 non
1612 459 1834 533 licebat,
1876 474 2129 524 terrenae
2157 468 2207 529 Α
2233 465 2380 521 enim
2420 479 2519 535 per
2565 461 3000 534 experimentum
3034 457 3325 535 spernendi
3366 459 3536 518 semei
3577 462 3848 518 cori-olio-

538 559 664 614 dico
693 558 856 624 vitae,
887 558 1210 626 attribuens,
1234 567 1291 615 et
1315 559 1563 615 sensibus
1590 558 1943 627 conferendo,
1968 576 2131 634 quam

539 650 609 706 ad
654 645 823 705 Deum
872 649 1099 707 ferendo
1144 651 1383 707 animum
1437 651 1823 710 dehonestans.
1881 652 1941 709 Si
2002 668 2133 711 vero

539 743 717 799 adhuc
764 758 862 814 per
910 746 1144 800 activam
1180 745 1352 800 vitam
1385 746 1617 802 bellator
1661 755 1850 803 contra
1892 756 2134 807 armatas

539 837 824 905 passiones
852 851 994 903 sum,
1024 836 1261 892 nondum
1300 853 1399 909 per
1433 852 1525 894 cas
1553 840 1802 911 accipere
1834 840 2133 897 volentium

541 925 891 983 inimicorum
920 943 1054 999 pure
1084 929 1348 1002 cll'ugiens
1384 930 1556 998 dolos,
1595 940 1652 987 et
1686 932 1928 989 dilexero
1964 933 2133 990 indis-

539 1029 696 1077 crete
718 1036 934 1094 corpus,
963 1024 1215 1079 detentus
1235 1040 1354 1080 sum
1383 1025 1452 1081 ab
1488 1042 1572 1092 eo,
1605 1026 1859 1083 videlicet
1903 1027 1969 1083 ad
2003 1026 2133 1083 illud

540 1110 787 1167 habitum
838 1130 869 1167 a
911 1113 1109 1170 virtute
1148 1116 1388 1187 separari
1430 1132 1806 1187 praesumens.
1860 1116 2136 1189 Deripitur

538 1202 724 1275 itaque
749 1205 1218 1277 contemplativus,
1267 1207 1658 1264 immoderatus
1685 1208 1797 1277 jam
1848 1225 1946 1280 per
1987 1209 2137 1265 babi-

538 1300 660 1349 tum
706 1294 1000 1352 adveniens
1036 1298 1276 1367 corpori,
1316 1298 1623 1353 divinarum
1673 1298 1953 1370 negligens
2003 1313 2135 1356 con-

540 1386 973 1458 templationum,
1025 1390 1298 1445 detinetur
1337 1405 1468 1446 vero
1510 1392 1738 1458 activus,
1779 1392 1993 1463 corpori
2035 1407 2137 1464 pu-

537 1494 735 1548 gnans,
782 1480 941 1537 datus
981 1481 1049 1536 ad
1107 1481 1281 1551 ipsum
1335 1481 1637 1539 luctationi.
1690 1483 1990 1539 laborando
2035 1498 2135 1555 pro

538 1572 766 1639 virtute,
794 1588 933 1644 quae
963 1583 1047 1630 est
1075 1576 1289 1631 animae
1332 1574 1573 1643 libertas,
1618 1591 1811 1633 servus
1848 1591 1973 1633 esse
2005 1591 2136 1649 pas-

537 1665 755 1721 sionum
786 1665 1012 1738 eligens.

1082 1738 1482 1796 CAPITULUM
1520 1739 1585 1795 ll.

907 1833 1139 1876 ειυευειι
1174 1835 1244 1875 EX
1282 1837 1459 1876 EODESI
1497 1836 1759 1878 εειωοΝε.

536 1899 593 1957 ln
642 1901 744 1957 ltoc
774 1920 786 1955 :
820 1900 969 1968 Quae
1004 1919 1129 1972 erga
1168 1920 1249 1957 me
1275 1904 1556 1972 sapientia,
1599 1914 1646 1957 et
1692 1903 1833 1974 quod
1884 1918 2135 1973 maguum

610 1975 956 2045 mysterium?
980 1974 1062 2027 An
1091 1973 1193 2027 rult
1224 1983 1424 2043 partem
1457 1992 1550 2045 nos
1580 1973 1834 2037 esse'Dei,
1868 1984 1919 2045 et
1944 1976 2123 2028 desur-

530 2062 537 2067 ·
608 2044 724 2097 sunt
759 2046 1007 2114 ﬂuentes,
1052 2054 1264 2115 utnon
1314 2061 1405 2114 per
1448 2044 1755 2115 dignitatem
1800 2044 2042 2110 exaltati,
2084 2053 2134 2098 et

532 2152 537 2161 .
610 2116 853 2170 caelestia
889 2114 1297 2184 contemplantes
1343 2116 1693 2184 tlespicimtttts
1720 2115 2050 2181 .Creatorem,
2079 2116 2134 2170 in

610 2186 898 2240 luctatione
949 2203 1011 2240 ac
1037 2202 1233 2256 pugna,
1282 2203 1417 2257 quae
1458 2197 1643 2241 contra
1687 2203 1875 2255 corpus
1922 2196 2020 2251 est,
2064 2186 2134 2240 ad

607 2257 778 2326 ipsum
802 2273 1003 2327 semper
1022 2257 1402 2325 aspiciendam,
1421 2268 1468 2311 et
1498 2258 1834 2328 conjunctam
1857 2260 1868 2310 ι
1878 2258 2137 2328 "ﬁrmita-

536 2352 541 2359 -
605 2340 709 2383 tem
734 2328 1056 2382 nutritnram
1086 2343 1196 2381 esse
1226 2329 1516 2398 dignitatis.

609 2420 758 2476 Haec
794 2420 1013 2492 quidem
1041 2430 1435 2491 consequentes
1479 2421 1669 2486 verba,
1703 2421 2034 2493 nullamque,
2067 2429 2130 2477 ut

536 2516 796 2584 Oportet,
849 2527 950 2583 pro
1005 2510 1192 2568 labore
1235 2513 1593 2584 inquirendae
1629 2513 1879 2570 veritatis
1925 2530 2140 2572 merce-

540 2604 665 2659 dem
699 2603 1050 2674 aeeipientes,
1102 2605 1168 2659 ad
1212 2603 1290 2671 id,
1336 2606 1480 2676 quod
1523 2604 1681 2662 facile
1708 2614 1814 2673 est,
1846 2613 1903 2662 et
1936 2605 2136 2663 multas

534 2695 707 2751 liabet
724 2693 840 2765 jam
872 2711 940 2752 ex
971 2695 1307 2754 Graecorum
1342 2698 1607 2755 doctrinis
1638 2700 1975 2768 occasiones,
2000 2716 2133 2757 cou-

530 2790 773 2862 fugiunt,
802 2789 1070 2856 dicentes,
1096 2793 1371 2863 quandam
1405 2793 1675 2860 extitisse,
1722 2802 1785 2848 ut
1829 2794 1910 2850 eis
1958 2794 2137 2850 visum

536 2891 644 2949 est,
668 2882 1066 2938 rationabilinm
1092 2883 1378 2951 unitatem,
1402 2898 1500 2954 per
1522 2899 1684 2954 quam
1710 2885 1925 2955 cognati
1948 2899 2138 2942 sumus

538 2975 675 3045 Deo,
707 2976 1156 3050 mansionemque
1201 2979 1255 3035 in
1291 2980 1409 3051 ipso
1446 2980 1783 3036 habebamus
1812 2988 1867 3037 et
1904 2978 2140 3037 colloca-

537 3070 767 3127 tionem.
794 3070 988 3128 Adbuc
1028 3089 1161 3129 vero
1216 3082 1272 3131 et
1312 3071 1518 3131 factum
1548 3084 1776 3140 motum,
1809 3091 1875 3131 ex
1902 3089 2010 3145 quo
2032 3073 2138 3131 dis-

536 3174 697 3230 persa
747 3172 875 3219 sunt
922 3160 1237 3219 ditierenter
1267 3164 1576 3231 rationalia,
1613 3165 1681 3221 ad
1727 3164 2134 3233 generationem

536 3255 837 3328 corporalis
882 3255 1043 3329 liuius
1092 3257 1303 3323 mundi,
1334 3257 1616 3329 Deumque
1647 3272 1877 3316 noscens
1903 3272 2135 3331 praepa-

539 3355 717 3400 ratam
763 3347 1015 3418 gratiam,
1064 3347 1235 3419 ligare
1279 3364 1343 3405 ea
1393 3350 1714 3421 corporibus
1768 3351 1823 3408 in
1873 3350 2135 3407 ultionem

537 3453 755 3505 eorum,
798 3454 939 3510 quae
993 3449 1119 3496 ante
1170 3443 1462 3499 commissa
1531 3451 1680 3511 sunt,
1742 3454 1797 3499 et
1864 3443 1968 3500 hoc
2037 3456 2136 3514 per

538 3531 678 3588 haec
742 3533 1049 3590 insinuasse
1124 3536 1290 3591 verba
1368 3537 1705 3592 arbitrantur
1786 3537 2131 3609 magistrum.

540 3619 651 3678 Sed
720 3622 1008 3694 ignorant,
1065 3626 1337 3695 quomodo
1395 3627 1749 3697 impossibilia
1807 3636 2132 3700 sequuntur,

537 3723 597 3771 et
639 3715 999 3789 inopportuna
1032 3719 1466 3785 considerantur,
1501 3721 1641 3776 sicut
1666 3721 2137 3793 procedensfpost-

536 3806 647 3865 bac
710 3824 1155 3882 consequensque
1201 3824 1228 3854 ι
1282 3828 1348 3868 ac
1398 3827 1527 3869 vera
1597 3814 1920 3885 approbabit
1970 3815 2128 3870 ratio.

538 3897 598 3955 Si
655 3900 800 3955 enim
858 3900 999 3958 Deus
1057 3903 1411 3961 immutabilis
1461 3914 1588 3973 est,
1642 3913 1831 3977 utputa
1889 3907 2132 3962 omnium

534 3989 841 4061 plenitudo,
890 4007 1053 4049 omne
1075 4002 1281 4061 autem,
1312 3995 1459 4066 quod
1499 4012 1566 4053 ex
1612 4011 1718 4052 non
1770 3998 2135 4054 existentibus

537 4096 664 4139 esss
686 4084 903 4154 accipit,
937 4096 1188 4140 movetur
1221 4104 1235 4142 :
1268 4089 1465 4144 merito
1490 4090 1558 4144 ad
1591 4089 1863 4160 quandam
1909 4091 2134 4147 omnino

536 4171 715 4229 fertur
737 4189 978 4231 causam.
1017 4176 1266 4233 Nondum
1315 4194 1469 4247 vero,
1511 4183 1655 4252 quod
1686 4192 1956 4251 movetur,
2001 4192 2129 4250 stat,

534 4265 659 4338 jure
730 4276 977 4325 extremo
1027 4270 1095 4324 ad
1143 4272 1378 4343 quietem
1442 4275 1660 4332 virtutis
1726 4285 1937 4343 motae,
1994 4291 2136 4349 quae

538 4358 835 4414 secundum
896 4361 1223 4417 desiderium
1277 4374 1381 4431 est,
1439 4368 1673 4422 nondum
1722 4367 1934 4442 largito.
1986 4367 2135 4427 Nihil

539 4451 687 4505 enim
712 4450 858 4507 aliud
885 4453 1101 4520 sistere,
1130 4458 1272 4525 quod
1322 4456 1495 4513 fertur
1522 4461 1819 4515 secundum
1850 4471 2131 4531 naturam,

2236 565 2449 624 rantur,
2494 570 2670 627 neque
2716 556 2771 611 in
2816 566 3099 611 aeternum
3154 554 3570 613 corroboratum
3615 554 3684 610 iri
3733 554 3846 611 ulla

2235 650 2531 721 prohibens
2558 650 2665 706 erit
2686 650 2846 705 ratio.
2884 649 3038 705 Ferri
3068 665 3202 707 vero
3255 650 3336 707 sic
3376 648 3763 717 rationabilia,
3791 658 3847 706 et

2237 743 2441 800 nullam
2472 744 2676 800 habere
2724 743 2811 800 vel
2849 744 3122 816 sperando
3166 745 3341 800 basim
3389 743 3740 801 immobilem
3792 743 3848 799 in

2234 840 2379 897 bono
2412 840 2637 908 ﬁxurae,
2673 841 2802 911 quid
2828 832 2977 896 aliud
3002 840 3156 896 ﬁeret
3190 840 3555 896 miserabilius
3575 841 3601 894 ?
3625 840 3684 896 Si
3716 856 3851 897 vero

2236 952 2395 1010 posse
2438 937 2654 1008 quidem
2708 937 2966 1003 dixerint,
3009 935 3151 993 nolle
3185 951 3339 1004 vero,
3367 935 3474 992 nisi
3498 952 3607 1007 per
3626 934 3844 992 factum

2235 1029 2495 1085 contrarii
2528 1029 2981 1100 experimentum,
3007 1036 3063 1083 et
3088 1028 3167 1084 sic
3201 1043 3308 1083 non
3355 1043 3456 1097 per
3491 1027 3745 1099 seipsum
3793 1037 3854 1082 ut

2236 1119 2459 1186 bonum,
2491 1120 2587 1175 sed
2630 1135 2729 1191 per
2766 1118 3129 1186 contrarium,
3167 1119 3273 1175 erit
3296 1119 3375 1175 eis
3402 1118 3615 1174 bonum
3648 1136 3721 1172 ex
3758 1134 3853 1173 ne-

2192 1244 2199 1251 -
2237 1213 2495 1268 cessitate
2524 1211 2779 1277 amabile,
2818 1210 3089 1282 quomodo
3120 1226 3229 1268 non
3259 1227 3327 1267 ex
3354 1220 3555 1266 natura
3585 1220 3684 1265 ant
3720 1228 3854 1281 pro-

2236 1306 2377 1376 prie,
2405 1306 2550 1377 quod
2575 1314 2659 1361 est
2688 1303 2941 1371 amabile,
2979 1314 3082 1360 est.
3128 1303 3302 1361 Omne
3345 1304 3516 1372 enim,
3559 1306 3714 1376 quod
3748 1322 3852 1360 non

2234 1414 2333 1472 per
2356 1399 2589 1471 seipsqu
2619 1399 2818 1456 bonum
2850 1408 2934 1456 est
2971 1409 3025 1456 et
3056 1400 3312 1467 amabile,
3345 1411 3400 1456 et
3436 1418 3664 1456 omnem
3700 1402 3773 1456 ad
3798 1418 3853 1457 se

2237 1508 2346 1549 non
2392 1493 2674 1550 attraliens
2714 1503 2945 1562 motum,
2976 1509 3080 1550 non
3112 1503 3195 1551 cst
3223 1495 3448 1567 proprie
3493 1495 3738 1551 bommt.
3778 1495 3855 1551 Ac

2235 1600 2337 1657 per
2356 1584 2460 1642 hoc
2492 1598 2666 1657 neque
2691 1586 2930 1642 attrahat
2952 1585 3098 1657 juste
3119 1585 3511 1642 delectautium
3549 1602 3613 1642 se
3639 1587 3855 1643 deside-

2238 1677 2399 1745 rium,
2438 1679 2533 1734 sed
2575 1687 2629 1734 et
2661 1678 2868 1751 gratias
2921 1687 3096 1735 restat
3141 1679 3389 1735 confiteri
3421 1696 3521 1736 eos
3551 1680 3730 1743 malo,
3765 1679 3851 1750 qui

2237 1768 2403 1825 talem
2454 1778 2759 1841 sequuntur
2829 1768 3177 1841 sapientiam,
3237 1769 3439 1825 merito
3489 1785 3601 1840 per
3651 1772 3850 1841 ipsum,

2238 1861 2382 1934 quod
2405 1878 2630 1919 necesse
2658 1862 3091 1931 est,’diseentes,
3122 1864 3175 1919 in
3205 1863 3348 1919 bono
3373 1863 3597 1919 scilicet
3618 1864 3850 1919 ﬁxuram

2237 1957 2620 2029 quoquomodo
2671 1955 2877 2013 habere
2922 1957 3286 2028 poenitentes,
3329 1965 3383 2013 et
3429 1959 3852 2027 generationem

2238 2050 2308 2107 ab
2331 2066 2394 2106 eo
2423 2050 2733 2105 necessario
2774 2049 3032 2116 dixerint,
3066 2049 3332 2121 siquidem
3360 2047 3596 2105 sibimet
3620 2065 3849 2121 genera-

2236 2142 2438 2199 tionem
2454 2151 2699 2197 astruere
2730 2151 3017 2208 noverunt,
3039 2150 3232 2197 natura
3263 2142 3378 2213 ipsa
3403 2141 3847 2211 utiliorem.iure

2236 2235 2363 2290 dum
2396 2236 2466 2290 sit
2492 2235 2733 2305 prolicua
2762 2234 3058 2290 secundum
3082 2250 3275 2291 eorum
3314 2236 3633 2291 doctrinam
3660 2245 3713 2291 et
3733 2252 3847 2291 οω-

2239 2324 2388 2380 nium
2409 2324 2701 2396 pretiosior
2718 2324 3011 2395 possessio.
3040 2324 3120 2381 Ex
3138 2326 3368 2381 caritate
3389 2325 3521 2381 dico
3539 2329 3850 2398 generatio-

2236 2433 2383 2484 nem,
2415 2433 2514 2490 pcr
2542 2434 2705 2489 quam
2733 2418 3054 2475 naturaliter
3075 2420 3236 2486 inest,
3255 2420 3441 2476 omnia
3476 2436 3546 2477 ex
3574 2421 3693 2476 Deo
3712 2419 3842 2476 facta

2238 2507 2294 2564 in
2326 2509 2494 2565 Deum
2512 2510 2831 2582 congregari
2857 2519 3120 2582 perpetuo
3136 2520 3298 2582 atque
3321 2512 3845 2568 inconversibiliter.

2310 2602 2378 2658 Et
2418 2603 2637 2657 iterum.
2675 2601 2877 2658 Eorum
2905 2644 2919 2671 ,
2956 2618 3096 2675 quae
3134 2619 3201 2659 ex
3256 2603 3368 2660 Deo
3405 2602 3554 2661 facta
3607 2615 3761 2669 sunt,
3799 2611 3849 2659 et

2240 2695 2659 2767 intelligibilium
2688 2705 2745 2752 et
2784 2696 3121 2753 sensibilium
3165 2697 3445 2770 generatio
3474 2707 3613 2753 ante
3645 2708 3846 2754 motura

2241 2787 2580 2860 intelligitur.
2643 2787 2761 2844 Non
2819 2790 2963 2846 enim
3023 2799 3206 2862 potest
3251 2799 3378 2847 ante
3434 2794 3850 2863 gcneralionen

2240 2890 2420 2938 motus
2469 2897 2608 2938 esse.
2663 2881 2864 2938 Eorum
2917 2883 3061 2939 enim
3091 2926 3106 2948 ,
3158 2900 3299 2956 quae
3342 2882 3493 2941 facta
3556 2894 3732 2950 sunt,
3777 2892 3853 2941 est

2241 2984 2450 3044 motus,
2493 2976 2609 3033 sive
2638 2974 3057 3046 intelligibilium
3092 2976 3481 3049 iutclligibilis,
3518 2978 3642 3033 sive
3679 2977 3850 3034 sensi—

2240 3069 2431 3126 bilium
2467 3067 2761 3126 sensibilis.
2814 3069 3032 3127 Nullum
3066 3071 3212 3127 enim
3261 3086 3477 3138 eorum,
3514 3087 3667 3143 quae
3717 3071 3854 3127 laeta

2242 3171 2388 3228 sunt,
2434 3170 2521 3218 est
2566 3146 2791 3218 omnino
2820 3162 3008 3219 eadem
3046 3163 3264 3219 ratione
3294 3162 3630 3229 immobile;
3678 3176 3853 3233 neque

2242 3270 2433 3312 eorum
2463 3255 2644 3311 anima
2686 3256 2990 3313 carentium
3030 3263 3086 3311 et
3125 3253 3492 3322 sensibilium,
3544 3255 3693 3311 sicut
3740 3265 3853 3310 stn—

2240 3346 2568 3404 diosioribus
2606 3361 2819 3414 eorum,
2845 3362 2986 3419 quae
3019 3354 3166 3413 sunt,
3198 3346 3742 3416 contemplator-ibus
3774 3344 3850 3399 ri-

2242 3454 2363 3495 sum
2412 3448 2519 3495 est.
2586 3438 2792 3495 Moveri
2845 3438 2992 3495 enim
3049 3438 3233 3496 omnia
3281 3437 3543 3493 dixerunt
3605 3446 3712 3493 aut
3758 3449 3852 3508 per

2243 3538 2454 3586 rectam
2483 3529 2706 3597 lineam,
2737 3538 2833 3585 aut
2861 3544 2960 3601 per
2986 3529 3277 3596 circulum,
3309 3537 3407 3584 aut
3432 3528 3695 3600 oblique.
3730 3526 3853 3598 On-

2239 3621 2326 3677 nis
2375 3622 2520 3677 enim
2567 3629 2747 3677 motus
2787 3621 3022 3691 simplici
3065 3629 3121 3678 et
3180 3621 3490 3692 composito
3536 3620 3854 3679 continetur

2239 3715 2421 3772 modo.
2471 3714 2529 3771 Si
2586 3729 2718 3788 ergo
2767 3715 3089 3788 intelligitur
3118 3702 3419 3787 generatio
3465 3723 3599 3770 ante
3648 3720 3850 3770 meum

2237 3800 2449 3875 eoi-um,
2476 3823 2709 3880 quorum
2741 3816 2845 3875 est,
2870 3807 3161 3879 inspicitur
3186 3805 3435 3878 profecto
3471 3819 3698 3871 eorum,
3723 3816 3850 3875 quo-

2240 3915 2362 3956 rum
2406 3908 2512 3967 est,
2544 3907 2724 3955 motus
2751 3913 2852 3970 per
2888 3900 3330 3971 generationem,
3373 3906 3570 3969 utpote
3621 3898 3753 3955 (intra
3783 3893 3845 3951 sit

2238 4001 2364 4064 post
2399 4005 2520 4047 eam
2556 3991 2855 4047 secundum
2886 3991 3158 4048 notitiam.
3189 3990 3377 4048 Talem
3419 3999 3612 4047 autem
3645 3998 3843 4046 motu-

2239 4083 2500 4139 virtutem
2540 4090 2742 4139 vocant
2781 4083 3109 4151 naturalem,
3154 4083 3223 4139 ad
3271 4099 3430 4139 suum
3480 4083 3652 4139 linem
3695 4081 3842 4138 {estP

2240 4185 2491 4242 nantem,
2522 4175 2615 4246 qui
2646 4188 2860 4231 sacram
2905 4174 3215 4231 divinorum
3256 4175 3413 4232 nobis
3454 4175 3841 4247 mysteriorum

2237 4268 2521 4326 scientiam
2561 4283 2716 4325 sacre
2764 4267 3184 4326 introduxerunt
3214 4279 3268 4336 ε,
3291 4277 3387 4324 aut
3421 4270 3765 4341 passionem,
3792 4265 3844 4321 id

2240 4370 2349 4426 est,
2374 4368 2582 4416 motum
2626 4373 2696 4415 ex
2738 4358 2911 4415 altero
2951 4358 3262 4416 venientem
3301 4358 3371 4414 ad
3399 4357 3665 4424 alterum,
3695 4355 3846 4425 cuius

2239 4450 2366 4508 linis
2404 4460 2490 4508 est
2532 4449 2965 4521 impassibilitas,
3002 4457 3100 4506 aut
3142 4450 3521 4521 operationem
3564 4449 3843 4513 activam,

538 4545 841 4611 consuevit,
867 4561 1027 4617 quam
1064 4547 1192 4603 illud
1219 4560 1498 4607 ostensum
1528 4567 1542 4605 :
1568 4553 1770 4608 nullum
1800 4554 1984 4625 itaque
2018 4571 2134 4612 mo-

2245 4543 2402 4614 cujus
2431 4544 2556 4600 linis
2592 4556 2677 4600 est
2717 4558 2816 4615 per
2854 4543 3090 4615 seipsum
3120 4540 3406 4615 perfectio.
3452 4540 3676 4598 Nullum
3716 4553 3845 4596 vero

539 4641 655 4689 tum
698 4645 829 4703 stat,
873 4646 1062 4708 utpote
1105 4641 1401 4697 novissimo
1439 4645 1674 4700 nondum
1705 4646 1954 4703 fortassis
1991 4648 2130 4714 viso,

536 4726 793 4798 quoniam
821 4744 997 4800 neque
1026 4730 1155 4788 illud
1187 4731 1384 4789 alicubi
1416 4750 1704 4806 apparens,
1738 4753 1952 4805 eorum,
1986 4754 2130 4811 quae

535 4817 682 4874 circa
711 4831 775 4874 se
805 4818 1078 4887 feruntur,
1108 4835 1314 4879 motum
1342 4826 1684 4882 stabilitavit.
1730 4828 1790 4884 Si
1817 4838 1996 4886 autem
2027 4832 2134 4890 boc

537 4908 833 4980 aliquando
875 4912 1045 4971 fuisse.
1098 4930 1165 4971 ex
1224 4929 1516 4989 praecepto
1556 4919 1771 4989 iubent,
1824 4931 1881 4978 et
1924 4938 2014 4990 ex,
2075 4925 2131 4982 in

538 5002 836 5059 novissimo
863 5003 1116 5065 videlicet
1138 5018 1194 5065 et
1215 5013 1555 5080 permanenti
1579 5013 1728 5081 dato,
1773 5014 2132 5073 collocatione

534 5100 595 5149 et
617 5095 902 5152 mansione
941 5108 1249 5170 permutata
1291 5102 1318 5143 ιι
1353 5104 1696 5161 rationabilia
1737 5107 2135 5177 dispersionem

537 5195 893 5256 acceperunt,
926 5197 1117 5244 utnon
1144 5190 1416 5262 superﬂua
1439 5193 1640 5260 dicam,
1673 5195 1850 5265 qualis
1872 5198 2140 5268 approba-

536 5275 636 5341 tio,
662 5276 883 5335 eosdem
907 5279 961 5336 in
1001 5282 1197 5353 seipsis
1227 5285 1281 5340 in
1313 5283 1588 5341 inﬁnitum
1618 5286 1864 5344 habitum
1897 5289 2140 5346 rationa-

536 5365 669 5426 bilia
694 5369 879 5443 lapsus
906 5387 973 5430 ex
999 5375 1492 5448 necessitatejuste
1520 5378 1891 5437 sustinebunt.
1919 5381 1963 5437 Α
1988 5382 2140 5439 nullo

2242 4654 2454 4705 eorum,
2495 4653 2637 4708 quae
2671 4640 2816 4694 tacta
2852 4646 2997 4703 sunt,
3031 4636 3233 4693 suimet
3270 4635 3397 4692 linis
3440 4644 3544 4700 est,
3584 4634 3846 4706 quoniam

2241 4749 2418 4806 neque
2469 4733 2553 4789 sui
2602 4748 2768 4789 causa
2817 4740 2940 4800 est;
2985 4730 3229 4803 alioquin
3276 4739 3334 4787 ct
3390 4728 3740 4801 ingenitum,
3793 4732 3846 4782 et

2244 4826 2438 4883 carens
2486 4825 2758 4898 principio
2779 4865 2796 4893 ,
2842 4833 2899 4882 et
2929 4822 3375 4880 incommutabile
3409 4830 3561 4878 esset
3584 4861 3603 4888 ,
3652 4819 3846 4875 merito

2243 4917 2311 4972 ad
2352 4916 2559 4973 nullum
2606 4915 2989 4989 quoquomodo
3020 4913 3232 4971 habens
3275 4913 3522 4980 moveri;
3560 4922 3846 4968 transcen-

2244 5012 2401 5068 deret
2439 5012 2585 5067 enim
2629 5025 2823 5068 eorum
2865 5024 3007 5081 quae
3043 5020 3176 5066 sunt
3214 5015 3493 5072 naturam,
3521 5014 3723 5076 utpote
3750 5017 3849 5075 pro

2241 5105 2391 5180 nullo
2431 5114 2614 5172 esset;
2642 5104 2913 5177 siquidem
2940 5117 3071 5159 vera
3103 5102 3173 5158 de
3203 5102 3321 5173 ipso
3343 5098 3623 5165 deﬁnitio,
3650 5111 3850 5168 quam-

2239 5200 2326 5256 vis
2359 5199 2571 5266 aliena,
2610 5213 2751 5270 quae
2788 5198 2955 5261 dicit.
2997 5196 3126 5253 linis
3161 5203 3277 5264 est,
3318 5208 3420 5265 pro
3459 5208 3574 5264 quo
3624 5190 3847 5255 omnia.

2238 5293 2359 5364 ipse
2403 5307 2536 5349 vero
2565 5307 2664 5365 pro
2693 5290 2864 5348 nullo.
2909 5288 3099 5361 Neque
3138 5302 3241 5360 per
3279 5302 3344 5344 se
3387 5285 3682 5358 perfectio,
3717 5283 3849 5339 alio-

2240 5386 2375 5458 quin
2405 5400 2515 5443 non
2542 5382 2849 5442 eiliceretur
2882 5382 3008 5455 jure
3030 5379 3287 5454 plenum;
3316 5387 3375 5436 et
3416 5376 3684 5435 similiter
3727 5384 3786 5434 et
3816 5387 3849 5431 ι

2053 5495 2312 5557 NOTAE.

587 5608 638 5680 ,ι
666 5595 957 5680 ln_Graeco
979 5621 1108 5680 pug
1136 5609 1227 5661 τοῦ
1248 5604 1457 5680 εἰκότος,
1487 5605 1522 5661 i.
1547 5620 1599 5664 e.
1624 5623 1742 5663 cum
1773 5606 2137 5666 verisimilitu-

540 5667 685 5740 dine.
722 5671 950 5740 Legerat
979 5667 1030 5728 'J.
1062 5674 1257 5731 Scotus
1282 5667 1510 5740 ἔπόνέὸς.

611 5738 653 5827 ξ’
682 5742 736 5796 In
767 5738 977 5827 (graeco
1025 5738 1643 5827 περικινηβξγτοιηςίθίίτις
1690 5761 1906 5827 tegerat
1950 5772 2135 5827 προκι-

538 5812 769 5893 suaisca:
798 5813 1033 5893 0_nmino
1065 5812 1161 5893 llic
1193 5821 1323 5874 nihil
1355 5820 1491 5893 vidit
1529 5819 1578 5876 J.
1611 5812 1829 5879 Scottis.
1865 5822 1932 5878 Et
1964 5812 2136 5893 p'aene

539 5883 722 5939 Ollltlia
750 5884 804 5942 in
836 5885 937 5944 hoc
958 5890 1134 5961 capite
1159 5892 1452 5962 pervertit;
1486 5894 1685 5964 quibus
1730 5906 1913 5954 tamen
1944 5883 2138 5954 notan-

2246 5610 2353 5676 dis,
2376 5607 2641 5749 Buoniam
2667 5606 2824 5680 plura
2856 5612 3009 5691 sunt,
3039 5606 3485 5690 supersedemus.
3800 5679 3815 5691 ο

2254 5760 2259 5761 γ
2320 5693 2342 5721 ο
2428 5698 2479 5735 ut
2520 5693 2747 5761 sacrant.
2768 5708 2841 5721 --
2875 5678 3285 5761 introducerent
3348 5676 3752 5761 desiderantur
3800 5694 3847 5734 II

2246 5748 2411 5808 textu
2436 5766 2652 5878 graeco.
2703 5748 2820 5835 Non
2863 5749 3242 5817 dubitandum,
3271 5749 3401 5820 quin
3446 5749 3597 5832 llaec
3646 5751 3720 5833 in_
3758 5764 3849 5806 suo

2247 5840 2443 5878 exeum
2467 5841 2547 5878 art
2576 5820 2842 5878 viderttJ.
2878 5817 3095 5878 Scottis.
3153 5819 3410 5878 quoniam
3444 5837 3501 5878 In
3531 5819 3752 5878 Latum
3778 5819 3847 5878 le-

2247 5817 2547 5950 exetluplari
2576 5820 2842 5882 videritJ.
2878 5817 3095 5891 Scotus,
3153 5817 3410 5894 quoniam
3444 5821 3501 5878 in
3531 5819 3752 5879 Latinis
3778 5819 3847 5878 le-

2250 5912 2358 5966 gun
2388 5911 2470 5951 ur.
