3954 5404
93 356 247 418 1201

1152 360 1405 422 VERSlO
1440 352 1905 421 AMBIGUORUM
1950 358 2009 419 S.
2050 356 2322 420 MAXIM.

3260 344 3408 411 1902

94 477 262 534 nullo
306 490 434 535 esse
476 473 731 547 haberet;
778 492 888 552 per.
904 492 962 536 se
990 480 1136 537 enim
1166 479 1489 554 perlectum,
1522 496 1711 552 quem-
1739 485 1787 544 Λ
1814 494 1900 548 eo,
1941 480 2085 552 quod
2116 494 2332 553 semper
2358 485 2460 546 est,
2493 477 2633 536 bene
2661 489 2782 535 esse
2813 480 2929 545 est;
2962 472 3105 533 sicut
3130 480 3186 532 et
3208 474 3411 548 princic

96 569 447 639 admodum.
487 578 544 626 et
626 570 921 647 incausale.
985 571 1171 644 Neque
1260 571 1669 646 impassibilitas
1697 612 1715 641 ,

98 662 320 735 alioqui
382 674 437 718 et
482 678 710 722 manens
751 676 778 707 ιι
818 675 872 722 et
909 666 1178 722 inﬁnitum
1218 676 1274 722 et
1312 666 1719 723 incircumscri-

97 765 267 827 ptum
317 764 482 812 esset.
512 756 629 814 Non
666 758 810 815 enim
847 759 957 831 pati
1000 759 1326 816 naturaliter
1370 760 1531 826 inest,
1573 758 1718 830 quod

102 847 505 904 universaliter
551 847 881 920 impassibile
914 858 1033 916 est,
1082 851 1227 921 quod
1278 864 1453 922 neque
1503 859 1719 906 amatur

102 939 180 995 ab
226 939 342 995 alio
384 950 477 996 aut
527 950 777 997 movetur
818 943 884 999 ad
929 942 1076 998 aliud
1123 943 1252 1013 quid
1296 958 1396 1014 per
1450 956 1714 998 amorem.

101 1029 338 1088 Nullum
389 1033 553 1105 igitur
582 1049 792 1102 eorum,
824 1050 965 1107 quae
1011 1045 1267 1107 generata
1316 1044 1465 1102 sunt,
1506 1043 1716 1090 motum

106 1129 257 1189 stat,
309 1132 496 1195 utpote
544 1126 776 1198 primam
829 1136 883 1182 et
930 1137 1238 1185 manentem
1275 1128 1306 1169 ι)
1346 1143 1600 1194 causam,
1649 1141 1719 1182 ex

106 1229 223 1285 qua
266 1230 392 1273 esse
433 1217 539 1283 his,
570 1232 710 1289 quae
757 1228 915 1285 sunt,
969 1220 1142 1286 inest,
1194 1222 1433 1276 nondum
1470 1233 1720 1290 compre-

107 1305 386 1378 bendens,
421 1318 515 1365 aut
553 1310 695 1366 intra
728 1312 1081 1369 novissimum
1124 1312 1329 1369 factum
1370 1321 1456 1369 est
1505 1313 1717 1379 datum,

111 1409 212 1454 aut
264 1415 331 1455 ex
379 1402 740 1474 primogenita
786 1404 992 1460 unitate
1037 1398 1442 1461 rationabilium
1496 1419 1720 1476 sparsor

109 1491 338 1548 sibimet
369 1509 661 1565 corporum
682 1495 1087 1568 generationem
1120 1505 1523 1568 consequenter
1554 1512 1717 1567 coap-

112 1596 242 1643 tans
316 1589 614 1652 arbitratus
673 1599 778 1646 est.
850 1591 916 1646 Et
984 1590 1354 1647 testimonium
1429 1589 1719 1661 perhibent

111 1678 335 1752 Moyses
378 1688 434 1736 et
483 1681 653 1736 David
683 1690 741 1738 et
780 1680 982 1737 Paulus
1023 1684 1226 1749 sancti,
1270 1693 1326 1738 et
1370 1697 1558 1737 eorum
1608 1682 1718 1738 Do-

112 1773 301 1829 minus
330 1771 600 1831 Christus.
632 1774 847 1848 Moyses
874 1775 1111 1848 quidem.
1147 1775 1230 1831 Ne
1251 1785 1421 1848 gustet
1456 1792 1521 1831 ea:
1551 1775 1717 1846 ligno,

1819 574 1968 646 pium
1997 584 2079 631 est
2114 575 2289 646 ipsum
2320 586 2463 641 esse,
2500 573 2643 645 quod
2676 571 2895 645 quidem
2918 581 3001 628 est
3029 571 3201 637 Deus,
3236 568 3327 641 qui
3356 575 3413 624 et

1819 684 1939 725 esse
1960 667 2074 735 dat,
2099 677 2153 726 ct
2178 668 2316 725 bene
2340 681 2461 724 esse
2481 666 2664 734 donat,
2688 666 2811 738 jure
2837 664 3164 738 principium
3190 672 3244 720 et
3268 661 3412 719 ﬁnis.

1821 765 1900 821 Ex
1922 764 2038 836 ipso
2060 764 2206 821 enim
2234 771 2291 819 et
2319 760 2567 819 absolute
2598 760 2801 817 moveri
2843 775 2940 816 nos
2978 767 3036 815 ut
3069 775 3097 814 a
3124 756 3415 830 principio,

1820 867 1874 914 et
1926 857 2309 930 quoquomodo
2355 852 2561 912 moveri
2618 852 2686 908 ad
2738 868 2817 920 se,
2872 862 2934 908 ut
2969 852 3035 908 ad
3080 849 3266 913 ﬁnem,
3309 855 3415 906 est.

1823 951 1880 1009 Si
1919 961 2101 1009 autem
2134 958 2380 1008 movetur
2423 944 2914 1004 corrationabilitcr
2957 942 3174 999 sibimet
3213 938 3423 996 intelle-

1821 1045 2073 1103 ctualiter
2117 1042 2510 1105 intellectuale.
2558 1040 2782 1097 omnino
2826 1036 2989 1093 etiam
3033 1033 3319 1105 intelligit;
3370 1031 3417 1089 si

1820 1148 2003 1197 autem
2051 1137 2319 1211 intelligit,
2374 1134 2598 1193 omnino
2653 1139 2801 1188 amat
2852 1128 2995 1202 quod
3034 1125 3313 1197 intelligit;
3370 1123 3416 1180 si

1821 1237 1989 1296 amat,
2031 1227 2238 1299 patitur
2278 1226 2500 1283 omnino
2537 1224 2604 1279 ad
2635 1224 2815 1294 ipsum
2861 1228 2921 1274 ut
2963 1216 3194 1273 amabile
3230 1229 3420 1270 exces-

1820 1339 1983 1391 sum;
2025 1323 2070 1380 si
2107 1334 2284 1379 autem
2338 1320 2559 1394 patitur,
2600 1315 2846 1390 profecto
2892 1314 3056 1370 etiam
3086 1310 3339 1377 festinat;
3373 1307 3419 1366 si

1821 1414 2063 1480 festinat,
2120 1414 2339 1469 omnino
2389 1411 2556 1467 etiam
2620 1408 2850 1465 intendit
2893 1405 3134 1462 validum
3167 1413 3417 1468 motum;

1822 1511 1866 1568 si
1899 1519 2081 1566 autem
2115 1507 2349 1565 intendit
2384 1505 2623 1562 validum
2666 1512 2900 1569 motum,
2939 1516 3046 1556 non
3087 1506 3197 1554 stat
3222 1511 3421 1567 quous-

1823 1617 1927 1674 que
1983 1601 2080 1656 ﬁat
2130 1608 2301 1655 totum
2354 1598 2409 1652 in
2468 1604 2578 1652 toto
2633 1603 2858 1660 amato,
2915 1600 2971 1648 et
3029 1606 3060 1646 a
3104 1597 3216 1645 toto
3268 1602 3424 1644 cont-

1822 1688 2269 1766 prehendatur,‘
2305 1688 2538 1745 libenter
2591 1694 2764 1742 totum
2817 1681 3117 1740 secundum
3176 1678 3427 1737 volunta-

1825 1798 1931 1844 tem
1948 1787 2241 1845 salutarem
2266 1784 2539 1855 accipiens
2560 1779 3143 1852 circumscriptionem,
3164 1785 3224 1831 ut
3251 1784 3425 1831 totum

112 1865 265 1921 vitae
295 1866 530 1937 primum
557 1878 837 1939 parentem
866 1869 1215 1935 describens;
1246 1875 1301 1924 ct
1330 1868 1456 1924 alibi
1489 1868 1713 1924 dicens:
1748 1879 1797 1940 Β
1824 1880 1941 1937 (om
1966 1878 2233 1936 amcintnr
2258 1876 2762 1941 circnmscribenle,
2808 1882 2867 1930 υι
2915 1871 3045 1928 nihil
3080 1868 3302 1927 omnino
3336 1882 3424 1926 re.

118 1957 249 2014 Non
303 1961 440 2015 enim
498 1963 708 2017 venistis
759 1966 924 2033 usque
971 1980 1110 2018 nunc
1169 1963 1226 2018 in
1282 1963 1507 2035 quietem
1559 1973 1608 2017 et
1659 1963 1718 2017 in

117 2049 520 2115 haeretlitatem,
552 2070 711 2120 quam
745 2052 1001 2109 Dominus
1036 2055 1174 2109 Deus
1223 2065 1391 2109 vester
1428 2054 1573 2109 dabit
1622 2070 1715 2109 vo-

119 2140 222 2194 bis.
263 2141 435 2197 David
478 2157 610 2199 vero
645 2162 658 2198 :
700 2143 953 2200 Satiabor
982 2143 1219 2200 clamans
1251 2145 1376 2199 dum
1413 2144 1718 2215 apparuerit

120 2233 251 2287 mihi
295 2233 466 2305 gloria
522 2245 653 2301 tua,
714 2245 761 2290 et
809 2236 969 2290 sitirit
1019 2237 1199 2308 anima
1258 2254 1373 2292 mea
1425 2237 1494 2292 ad
1549 2236 1718 2291 Deum

121 2326 311 2397 {artem
351 2329 645 2396 virentem;
687 2330 899 2401 quando
943 2332 1147 2385 veniam
1174 2340 1221 2386 et
1262 2331 1522 2403 apparebo
1550 2329 1719 2386 vultui

123 2417 271 2472 Dei?
334 2419 532 2475 Paulus
569 2435 785 2490 quoque
826 2419 1266 2491 Philippensibus
1311 2421 1530 2491 quidem
1581 2406 1749 2475 scri—I

125 2512 262 2568 bcns
290 2529 305 2567 :
339 2510 395 2568 Si
428 2513 689 2585 quomodo
720 2530 995 2569 occurram
1027 2516 1080 2569 in
1109 2516 1565 2580 resurrectimtent,
1586 2529 1721 2586 quae

125 2616 202 2660 est
237 2623 303 2661 ea:
348 2607 598 2674 mortuis,
641 2624 745 2662 non
792 2607 937 2678 quod
970 2607 1088 2678 jam
1123 2607 1435 2679 acceperim,
1474 2616 1567 2661 aut
1603 2607 1721 2673 jam

126 2696 386 2767 perfectus
430 2697 571 2762 sint;
615 2706 825 2767 expecto
859 2715 998 2764 vero,
1023 2698 1069 2753 si
1099 2698 1234 2768 forte
1262 2696 1720 2769 comprehendam,

126 2790 184 2844 in
222 2807 324 2862 quo
362 2800 408 2844 et
461 2790 862 2861 comprehensus
899 2808 1013 2846 sunt
1046 2794 1110 2846 ab
1169 2790 1299 2847 Iesu
1345 2790 1574 2846 Christo.
1625 2789 1726 2844 He-

129 2879 313 2936 braeis
345 2881 474 2936 item
508 2901 521 2936 :
554 2881 677 2955 Ipse
710 2884 847 2938 enim
881 2884 1085 2939 intrans
1116 2884 1170 2939 in
1203 2884 1431 2955 requiem
1480 2899 1633 2938 suam
1675 2889 1723 2936 et

128 2972 240 3043 ipse
281 2974 473 3045 quievit
505 2976 569 3031 ab
615 2977 855 3048 operibus
884 2977 1018 3042 suis,
1050 2977 1207 3032 relati
1243 2994 1273 3031 a
1298 2977 1525 3049 propriis
1556 2973 1721 3031 Deus.

129 3063 199 3119 Et
230 3064 422 3120 iterum
470 3068 522 3122 in
567 3069 757 3124 eadem
798 3068 1021 3140 epistola
1059 3087 1072 3122 :
1109 3067 1386 3123 Neminem
1425 3067 1723 3139 pervenisse

131 3156 202 3211 ad
242 3158 611 3230 prontissiones
651 3159 911 3217 afﬁrmat.
944 3160 1193 3217 Christus
1225 3176 1353 3216 vero
1389 3178 1402 3215 :
1450 3157 1628 3214 Venite
1654 3158 1724 3213 ad

131 3266 234 3317 me,
277 3269 451 3308 omnes
510 3254 811 3310 laborantes
858 3265 906 3311 et
950 3256 1154 3310 onerati
1190 3296 1205 3322 ,
1252 3264 1299 3309 et
1341 3271 1433 3327 ego
1461 3254 1727 3325 quiescere
1753 3257 1799 3321 C

130 3359 219 3400 vos
264 3343 480 3414 faciant.
531 3343 777 3403 Nondum
807 3362 937 3420 ergo
967 3347 1074 3403 ullo
1112 3347 1270 3403 modo
1299 3347 1466 3401 ullmn
1512 3362 1724 3415 eorum,

131 3452 272 3509 quae
292 3436 429 3495 facta
458 3449 602 3506 sunt,
630 3440 934 3497 naturalem
959 3439 1215 3495 virtutem
1240 3440 1308 3495 ad
1333 3440 1494 3495 ﬁnem
1519 3446 1726 3494 motam

132 3529 446 3586 stabilitavit
480 3571 496 3596 ,
563 3546 743 3603 neque
806 3531 1181 3604 operationem
1243 3531 1529 3604 quiescere
1595 3528 1727 3586 fecit

133 3622 549 3679 contendentem
589 3640 648 3679 se
677 3640 776 3680 suo
814 3625 919 3679 ﬁne
956 3636 1004 3689 ε,
1038 3640 1214 3694 neque
1239 3624 1544 3697 passionis,
1587 3638 1726 3696 quae

134 3714 427 3771 secundum
462 3722 666 3770 motum
715 3724 819 3779 est,
854 3714 1090 3771 fructum
1130 3716 1374 3777 messuit,
1419 3714 1729 3784 impassibi-

135 3806 343 3865 litatem
383 3807 504 3863 dico
539 3818 595 3865 et
637 3807 1158 3864 immutabilitatem.
1207 3806 1389 3864 Solius
1438 3807 1584 3862 enim
1627 3805 1725 3860 Dei

139 3910 241 3967 est,
275 3901 399 3957 ﬁnis
431 3916 553 3959 esse
584 3910 637 3958 ct
669 3901 932 3973 perfectio
965 3910 1019 3957 et
1060 3901 1499 3973 impassibilitas;
1536 3915 1727 3955 eorum

138 4007 284 4057 vero,
317 4008 457 4063 quae
486 3991 630 4048 facta
660 4002 807 4058 sunt,
837 3993 906 4049 ad
947 3994 1109 4048 linem
1141 3993 1408 4064 principio
1446 4000 1727 4047 carentem

137 4084 381 4149 moveri,
433 4092 487 4139 et
523 4100 554 4139 a
599 4092 750 4140 tanto
799 4084 1042 4156 perfecto
1092 4084 1199 4140 ﬁne
1247 4086 1488 4156 quietam
1544 4082 1729 4138 facere

137 4175 545 4244 operationem,
596 4184 652 4231 et
692 4176 829 4246 pati,
861 4176 953 4230 sed
1006 4191 1112 4231 non
1158 4191 1294 4240 esse,
1332 4185 1426 4230 aut
1469 4191 1576 4230 non
1611 4174 1729 4229 ﬁeri

141 4268 432 4324 secundum
474 4269 767 4325 essentiam
812 4286 919 4325 non
961 4279 1045 4326 est
1090 4269 1410 4326 delectabile
1451 4268 1501 4325 ά.
1556 4250 1730 4325 Omne

142 4360 284 4417 enim
318 4360 521 4420 factum
554 4373 609 4422 ct
656 4375 903 4421 creatum
946 4382 1055 4421 non
1101 4365 1427 4422 immensum
1460 4363 1725 4437 profecto,

143 4455 369 4512 ﬁdeliter
417 4466 596 4513 autem
645 4460 887 4531 passioni
924 4458 1360 4514 auscultandum.
1418 4457 1533 4514 Non
1583 4458 1730 4514 enim

142 4562 228 4613 ea,
263 4564 399 4620 quae
436 4552 737 4608 secundum
776 4552 1186 4608 conversionem
1226 4561 1281 4607 et
1323 4551 1731 4622 corruptionem

1820 1981 1928 2029 stet
1957 1971 2096 2028 velle
2129 1986 2197 2027 ex
2236 1970 2433 2042 seipso,
2480 1969 2716 2041 seipsmn
2759 1975 2930 2022 totum
2960 1979 3291 2037 cognoscere
3333 1976 3428 2017 va-

1821 2066 1983 2123 lendo
2002 2065 2478 2137 circumscriptum
2498 2105 2513 2130 ,
2537 2062 2631 2119 sed
2657 2077 2724 2118 ex
2748 2057 3256 2124 circumseribcnte,
3279 2058 3426 2113 sicut

1822 2175 1918 2216 aer
1945 2174 2040 2231 per
2064 2168 2235 2214 totum
2264 2158 2600 2213 illuminatus
2632 2155 2854 2219 lumine,
2881 2161 2937 2209 et
2962 2153 3086 2225 igne
3114 2150 3313 2207 ferrum
3346 2158 3427 2205 to-

1826 2265 1935 2311 tum
1964 2262 2078 2309 toto
2119 2251 2491 2324 liquefactum,
2518 2257 2612 2305 aut
2652 2249 2697 2304 si
2742 2247 2871 2320 quid
2903 2245 3049 2301 aliud
3097 2244 3286 2299 talium
3315 2248 3424 2298 est.

1822 2348 1901 2404 Ex
1952 2346 2147 2418 quibus
2181 2342 2512 2415 speculative
2539 2342 2800 2405 futuram,
2840 2338 2937 2395 sed
2960 2353 3065 2394 non
3089 2335 3200 2408 jam
3225 2334 3424 2390 factam

1823 2452 1878 2497 et
1923 2440 2292 2508 incorruptam
2346 2446 2392 2500 θ,
2431 2434 2610 2504 dignis
2650 2429 2911 2488 bonitatis
2953 2426 3427 2500 participationem

1823 2548 1921 2606 per
1947 2529 2354 2587 similitudinem
2407 2521 3124 2601 solummodoaccipimus,
3168 2518 3427 2590 quoniam

1824 2634 1880 2681 et
1901 2640 2063 2695 super
2077 2623 2257 2680 omnia
2280 2622 2419 2677 haec
2440 2628 2588 2684 sunt,
2606 2632 2745 2690 quae
2771 2615 3038 2688 speranda
3061 2622 3208 2680 sunt,
3234 2609 3432 2668 merito

1827 2721 1956 2777 dum
1986 2719 2098 2776 sint
2122 2732 2334 2774 summa
2361 2713 2610 2779 visionis,
2641 2711 2785 2769 sicut
2809 2711 3073 2781 scriptum
3101 2716 3204 2775 cst,
3237 2714 3293 2763 et
3324 2721 3425 2763 au-

1827 2812 1973 2867 ditus
2002 2818 2060 2865 et
2087 2807 2417 2864 intellectus.
2448 2804 2515 2860 Et
2537 2804 2642 2860 hoc
2670 2803 2861 2875 utique
2888 2811 2970 2858 est
2997 2802 3114 2872 ipsa
3137 2796 3433 2868 subiectio,

1826 2922 1935 2978 qua
1963 2906 2179 2963 divinus
2222 2902 2513 2975 Apostolus
2547 2902 2621 2957 ait
2645 2900 2795 2956 Patri
2827 2899 3022 2956 Filium
3063 2893 3435 2965 subiecturum

1828 2999 1966 3066 fore,
1996 2997 2304 3054 voluntarie
2351 2996 2627 3066 accepturi
2654 2993 2927 3065 subjectos
2947 3005 3089 3055 esse,
3115 2996 3238 3080 ppst
3264 2999 3430 3059 quam

1829 3101 1884 3148 et
1907 3107 2004 3164 per
2038 3107 2200 3163 quam
2233 3089 2528 3148 novissima
2560 3086 2778 3143 inimica
2803 3085 3113 3141 destruetur
3142 3094 3313 3147 mors,
3342 3085 3433 3132 ut-

1800 3222 1803 3225 -
1830 3194 1957 3256 pote
1982 3181 2348 3254 corruptionis
2372 3179 2632 3251 potentia,
2660 3193 2757 3249 per
2781 3191 2945 3248 quam
2976 3174 3044 3230 ad
3072 3187 3172 3227 nos
3193 3169 3323 3227 fecit
3345 3168 3433 3224 in-

1833 3277 2079 3343 troitum,
2106 3276 2225 3345 ipso
2256 3275 2309 3330 in
2340 3272 2530 3339 nobis,
2561 3271 2655 3343 qui
2696 3285 2791 3341 per
2833 3284 2892 3325 se
2930 3276 3123 3339 potens
3151 3270 3253 3328 est,
3282 3259 3437 3332 adju-

1829 3380 1993 3430 vante
2051 3369 2349 3427 secundum
2380 3382 2500 3435 nos,
2546 3362 2852 3421 voluntarie
2902 3356 3286 3417 universaliter
3319 3355 3434 3410 Deo

1832 3467 2090 3541 implente
2132 3465 2152 3505 ί
2194 3471 2250 3520 et
2292 3462 2433 3519 bene
2478 3467 2739 3533 regnante
2787 3454 2931 3529 quod
2984 3452 3125 3527 regit
3175 3453 3223 3518 ε,
3261 3448 3436 3506 otium

1831 3539 2061 3630 agendo,
2086 3570 2155 3612 ne
2181 3554 2310 3626 quid
2338 3552 2487 3618 velit,
2518 3558 2737 3623 praeter
2764 3546 2907 3620 quod
2940 3545 3056 3603 vult
3086 3542 3264 3608 Deus;
3293 3539 3440 3595 sicut

1831 3650 1960 3707 alibi
1998 3649 2073 3705 ait
2103 3649 2219 3720 ipse
2266 3647 2321 3702 in
2365 3645 2548 3715 seipso
2578 3643 2836 3703 formans,
2864 3638 3008 3710 quod
3039 3644 3286 3692 nostrum
3326 3636 3437 3697 est,

1832 3744 2070 3800 salvator
2095 3742 2161 3796 ad
2196 3739 2413 3793 Patretn
2445 3756 2458 3791 :
2504 3734 2873 3791 Verumtamen
2901 3748 3006 3787 non
3035 3731 3169 3785 sicut
3191 3743 3284 3799 ego
3321 3722 3438 3779 volo

1748 3886 1753 3891 .
1832 3834 1922 3889 sed
1949 3834 2084 3886 sicut
2112 3839 2203 3886 tu:
2227 3836 2429 3899 etpost
2453 3842 2576 3882 eum
2601 3826 2818 3882 divinus
2839 3839 2904 3880 ac
2926 3819 3192 3878 mirabilis
3214 3814 3438 3881 Paulus,

1831 3925 1998 3985 veluti
2029 3924 2265 3995 seipsutn
2295 3934 2531 3990 negans,
2575 3926 2630 3973 et
2658 3916 2933 3989 propriam
2968 3912 3172 3970 habere
3205 3909 3318 3979 jam
3348 3906 3435 3964 vi-

1832 4030 1941 4078 tam
1972 4018 2221 4075 nesciens
2252 4032 2266 4070 :
2305 4011 2431 4069 Vivo
2460 4021 2634 4067 autem
2649 4013 2768 4083 jam
2801 4025 2905 4066 non
2933 4023 3048 4078 ego,
3080 4004 3201 4061 vivit
3233 4018 3354 4058 vero
3380 4000 3440 4058 its

1830 4130 1914 4169 me
1937 4110 2196 4169 Christus.
2233 4106 2349 4163 Non
2395 4106 2680 4163 conturbet
2717 4117 2838 4169 vos,
2881 4098 3025 4172 quod
3056 4098 3261 4154 dictum
3309 4101 3432 4162 est;

1832 4221 1939 4262 non
1967 4203 2111 4259 enim
2150 4200 2477 4257 ablationem
2521 4196 2772 4269 propriae
2802 4192 3078 4265 potentiae
3117 4189 3235 4247 ﬁeri
3282 4186 3433 4254 dico,

1834 4296 1928 4353 sed
1958 4294 2281 4367 positionem
2325 4290 2498 4363 magis
2542 4285 2839 4345 secundum
2885 4292 3133 4340 naturam
3182 4281 3347 4336 ﬁxam
3382 4287 3443 4336 et

1833 4384 2257 4450 immutabilem,
2314 4382 2366 4437 id
2420 4389 2506 4437 est
2560 4392 2843 4435 excessum
2887 4370 3334 4436 intellectualem,
3380 4374 3445 4425 ut

1833 4480 1977 4536 unde
2007 4477 2162 4533 nobis
2185 4475 2433 4533 subsistit
2461 4488 2581 4529 esse
2601 4512 2618 4538 ,
2644 4480 2699 4528 et
2722 4469 2928 4526 moveri
2955 4465 3205 4537 accipere
3230 4461 3446 4519 deside-

1835 4586 2040 4636 remus,
2075 4567 2222 4625 velut
2257 4566 2490 4639 imagine
2519 4562 2781 4619 redeunte
2809 4561 2880 4618 ad
2917 4555 3221 4632 principale
3255 4568 3447 4611 exem-

142 4639 355 4696 νίτίυίίδ
407 4651 491 4698 (δεῖ
515 4685 529 4705 ν
562 4645 664 4740 ι¹¹ίίξ
699 4646 1006 4740 ἀθάθνειιυν
1042 4647 1226 4719 Passio
1249 4688 1263 4713 ι
1306 4649 1400 4704 θεά
1445 4662 1509 4703 ea
1533 4688 1548 4714 ν
1599 4661 1738 4717 quae
1765 4644 1815 4704 D
1842 4666 2011 4740 plum,
2033 4674 2089 4722 et
2107 4664 2245 4737 signi
2273 4663 2444 4719 instar
2464 4677 2562 4734 per
2583 4659 2808 4732 ﬁguram
2836 4659 2978 4714 bene
3001 4651 3267 4725 compacti
3295 4649 3448 4722 prin-

145 4747 244 4803 per
287 4742 532 4791 naturam
562 4732 836 4794 subsistit
882 4740 936 4795 in
985 4743 1069 4797 his
1097 4781 1112 4807 ,
1160 4757 1300 4812 quae
1342 4750 1511 4809 sunt;
1551 4740 1735 4797 omnia

146 4828 310 4895 enim,
349 4845 708 4902 quaecunque
766 4832 907 4888 facta
954 4843 1122 4900 sunt,
1170 4834 1454 4905 patiuntur
1505 4834 1734 4901 moveri,

148 4921 284 4978 sicut
333 4940 396 4981 ea
451 4943 592 4997 quae
656 4945 761 4986 non
817 4939 964 4997 sunt,
1033 4946 1132 5001 per
1183 4946 1243 4987 se
1310 4931 1486 5003 ipsum
1557 4936 1739 4987 motus

149 5026 241 5073 aut
276 5036 367 5090 per
405 5038 466 5080 se
500 5024 672 5094 ipsam
714 5025 887 5082 virtus
912 5036 1057 5084 sunt.
1104 5027 1161 5082 Si
1199 5043 1354 5100 ergo,
1382 5041 1523 5100 quae
1556 5026 1740 5098 genita

151 5120 292 5179 sunt,
326 5116 665 5174 rationabilia
705 5117 1029 5187 subsistunt,
1058 5122 1278 5177 omnino
1309 5125 1474 5181 etiam
1518 5136 1741 5178 moven-

153 5209 261 5268 tur,
285 5214 461 5279 utpote
482 5223 550 5263 ex
579 5211 847 5280 principio
877 5215 1175 5271 secundum
1196 5224 1449 5274 naturam
1476 5230 1573 5286 per
1594 5230 1736 5284 esse,

1433 5321 1550 5336 ου’ίυι
1574 5316 1717 5346 mnta

1842 4761 2004 4831 cipali
2038 4760 2266 4825 formae,
2288 4772 2344 4815 et
2368 4758 2628 4813 aliorsum
2660 4754 2789 4811 l'erri
2813 4767 2989 4826 neque
3013 4753 3247 4809 habente
3270 4748 3336 4804 de
3356 4760 3449 4804 co-

1844 4862 1988 4919 tero,
2019 4866 2196 4922 neque
2219 4850 2457 4914 valente,
2486 4864 2554 4903 an
2586 4847 2826 4919 apertius
2847 4843 3138 4903 dicendum
3160 4851 3215 4897 et
3238 4838 3449 4906 verius,

1845 4959 2026 5016 neque
2052 4958 2214 5015 posse
2233 4944 2471 5009 volente,
2503 4940 2700 4996 merito
2725 4940 2909 4996 divina
2936 4944 3160 5007 accepta
3184 4929 3453 5003 operatio-

1847 5054 1937 5103 ne,
1964 5038 2138 5109 magis
2160 5045 2346 5094 autem
2366 5038 2511 5094 Deus
2525 5050 2625 5105 per
2644 5033 3046 5091 deiﬁcationem
3069 5027 3235 5090 facta,
3255 5032 3312 5079 et
3331 5021 3457 5093 plus

1850 5131 2107 5189 dilectata
2137 5144 2369 5188 excessu
2393 5130 2462 5186 ab
2488 5126 2599 5193 bis,
2625 5141 2766 5197 quae
2792 5119 3115 5182 naturaliter
3139 5118 3193 5172 in
3221 5130 3283 5173 ea
3304 5121 3454 5181 sunt,

1847 5233 1909 5282 et
1941 5224 2013 5280 ab
2036 5224 2145 5288 his,
2170 5238 2317 5293 quae
2339 5229 2471 5283 sunt
2491 5227 2548 5276 et
2568 5218 2961 5292 intelliguntur,
2986 5225 3085 5280 per
3111 5214 3462 5278 superantem

1850 5332 1912 5358 αι»
1949 5315 2180 5356 ηνοιῖοιη
2219 5318 2448 5358 αηῖνῖιιια
2508 5318 2557 5350 ΩΙ
2585 5302 3094 5352 αηΙ.ιηπηη.1ηι.-ιῑια
