4004 6290
626 229 762 293 liti?)

1993 255 2281 317 JOANNIS
2319 260 2523 322 SCOTl

3676 294 3763 361 ιω

618 346 799 403 οτηηίη
829 351 1072 418 Operatio
1110 350 1205 409 θεῖ
1235 363 1289 410 et
1332 356 1625 439 dignorum,
1646 361 1780 431 Deo.
1818 382 1992 437 magis
2025 379 2203 425 autem
2232 373 2286 434 Α
2309 390 2428 431 sunt
2459 382 2653 447 omnia,
2683 400 2815 453 quae
2834 384 2888 437 in
2915 385 3070 439 caelis
3095 397 3139 441 et
3167 405 3296 458 quae
3316 407 3367 447 tn
3390 401 3627 463 terreni”.

618 437 781 463 ...ιιῖηη
814 439 908 463 h_.2
951 451 1128 463 --ι-Α.-
1163 454 1231 463 .-.
1317 458 1327 463 -
1374 457 1386 463 -
1511 452 1542 463 ι.
1719 457 1733 463 -
2060 461 2067 463 ᾼ

618 437 784 492 solius
814 439 1132 514 Dei.utpote
1162 454 1271 503 toto
1314 437 1456 506 totos
1493 452 1681 520 dignos
1719 457 1855 512 bene
1893 476 1957 514 ac
1983 461 2205 529 pulchre

619 528 907 585 ambiente.
926 530 1081 589 Omni
1096 536 1239 592 enim
1256 543 1579 598 necessitate
1593 562 1689 616 per
1703 550 1879 602 omnia
1897 553 2040 604 circa
2060 552 2202 608 aliud

617 620 743 685 quid
770 622 1049 691 quiescent
1073 633 1399 698 potestativo
1436 645 1582 691 motu
1618 639 1708 708 qui
1745 644 2035 697 secundum
2069 644 2205 700 desi-

613 709 820 767 dorium
836 724 937 780 est,
960 720 1254 778 novissimo
1270 739 1402 795 appa
1412 736 1561 783 rente
1582 730 1706 785 dato
1720 744 1770 786 et
1786 736 2125 805 participato,
2147 748 2204 794 et

614 806 1101 867 con-rationabiliter
1126 816 1563 895 participantium
1593 823 1770 879 virtuti
1790 827 2200 899 incomprehen-

614 896 860 966 sibiliter,
879 904 1023 958 utita
1042 890 1237 973 dicam,
1256 921 1446 981 capto;
1482 915 1548 968 ad
1587 918 1730 988 quod
1760 921 1938 976 omnis
1978 922 2199 980 festinat

612 996 949 1050 conversatio
964 999 1160 1055 excelsi
1178 1010 1231 1056 et
1251 1004 1551 1063 intellectus
1570 1051 1585 1075 ,
1608 1021 1655 1065 et
1674 1013 1726 1066 in
1745 1014 1886 1083 quod
1899 1019 2066 1071 omnis
2087 1030 2196 1073 sta-

612 1080 849 1139 bilitatur
859 1093 1138 1159 appetitus,
1155 1106 1203 1149 et
1215 1114 1376 1168 supra
1389 1103 1530 1170 quod
1543 1104 1687 1158 nullo
1701 1080 1855 1163 modo
1871 1109 2040 1179 fertur
2058 1131 2076 1176 ;
2107 1131 2195 1168 ne-

607 1188 705 1242 que
719 1177 853 1229 enim
896 1178 1071 1247 habet,
1106 1194 1155 1240 et
1187 1186 1257 1240 ad
1294 1192 1434 1259 quod
1462 1195 1625 1248 tendit
1681 1177 2194 1270 antitisifestinantis

607 1275 801 1333 motus,
826 1279 873 1322 et
900 1289 931 1324 a
962 1289 1063 1339 quo
1090 1277 1405 1335 venientibus
1426 1285 1592 1338 omnis
1625 1289 2074 1357 contemplationis
2114 1313 2196 1349 re-

602 1359 769 1429 quies,
800 1372 858 1416 ut
877 1362 952 1417 ait
970 1367 1161 1423 beatus
1187 1372 1288 1424 iste
1314 1376 1586 1446 magister.
1618 1377 1802 1449 Neque
1823 1384 1922 1438 erit
1950 1388 2078 1456 quid
2100 1406 2192 1445 ex-

606 1458 687 1506 tra
719 1452 882 1509 Deum
919 1466 1044 1514 tunc
1066 1462 1491 1533 manifestatum,
1522 1481 1615 1526 aut
1666 1472 1777 1529 Deo
1807 1489 2023 1533 econtra
2057 1481 2189 1536 ima-

603 1542 776 1610 ginari
809 1558 832 1586 ι
873 1548 1068 1616 visum,
1100 1562 1158 1607 ut
1191 1555 1418 1627 alicujus
1466 1560 1791 1622 desiderium
1838 1570 1904 1622 ad
1948 1571 2184 1641 scipsum

599 1629 766 1689 ﬂuere
792 1640 995 1695 erroris
1024 1642 1094 1697 sit
1117 1643 1167 1711 ι’,
1197 1649 1450 1705 omnibus
1489 1654 1707 1710 ambitis
1749 1659 1818 1713 ab
1846 1658 1961 1730 ipso
1992 1663 2186 1719 intelli-

598 1721 850 1793 gibilibus
876 1734 1304 1794 et'sensibilibus
1335 1744 1625 1799 secundum
1662 1721 1980 1806 iueﬂ‘abilem
2014 1755 2181 1826 ipsius

597 1817 1088 1880 manifestationem
1115 1837 1170 1883 et
1205 1835 1601 1903 praesentiam;
1632 1839 1772 1895 sicut
1808 1859 1984 1914 neque
2012 1847 2063 1901 in
2094 1848 2181 1904 die

594 1907 804 1968 siderea
853 1911 1051 1973 lumina
1082 1928 1137 1975 et
1173 1922 1287 1993 ipsa
1330 1935 1502 1995 astra,
1547 1931 1657 1986 sole
1692 1950 1984 2005 apparenre
2011 1942 2178 1998 multo

592 1994 648 2056 et
675 2002 1081 2078 incomparabili
1111 2012 1331 2083 lumine,
1362 2036 1425 2076 ex
1456 2038 1563 2092 quo
1588 2026 1667 2081 eis
1694 2027 1891 2084 lumina
1916 2047 2057 2099 esse,
2081 2051 2175 2090 oc-

591 2092 817 2162 cullata,
839 2107 893 2154 et
916 2116 1114 2172 neque,
1132 2106 1256 2176 quia
1281 2121 1424 2178 sunt,
1446 2124 1708 2183 quantum
1734 2122 1914 2176 sensui
1938 2125 2170 2194 cognita.

588 2186 645 2242 In
693 2189 801 2246 Deo
840 2209 964 2252 vero
1011 2198 1146 2268 plus,
1195 2214 1453 2273 quantum
1500 2207 1641 2266 inter
1692 2230 1796 2267 non
1839 2225 2077 2272 creatum
2119 2229 2173 2274 ct

588 2294 850 2351 creatum,
893 2286 1100 2346 inﬁnita
1146 2295 1407 2354 medietas
1451 2310 1534 2355 est
1574 2311 1625 2357 et
1663 2303 1984 2364 dilferentia.
2023 2310 2172 2368 Tunc

587 2372 731 2428 enim
759 2391 856 2445 per
877 2382 1167 2439 essentiam
1193 2401 1400 2456 eorum,
1429 2406 1569 2462 quae
1594 2407 1737 2461 sunt,
1766 2398 2169 2460 subsistentiam

576 3021 859 3078 mansione
884 3035 937 3083 et
971 3032 1400 3103 participatione.
1450 3038 1513 3093 Et
1555 3040 1658 3098 hoc
1684 3053 1786 3109 est,
1829 3021 2157 3118 quod-valde

574 3112 1010 3187 philosophatum
1049 3132 1134 3179 est
1166 3101 1469 3185 secundum
1504 3101 1785 3191 deiferum'
1806 3101 1969 3197 hunc“
2185 3101 2234 3169 ο

575 3212 749 3263 Strum
781 3208 1074 3281 dicentem,
1106 3223 1499 3290 eognoscituros
1523 3242 1617 3281 nos
1639 3231 1952 3304 quandoque
1991 3208 2160 3307 quavis-

574 3305 681 3352 tum
741 3307 935 3372 cogniti
998 3325 1218 3378 sumus,
1281 3332 1396 3370 cum
1458 3318 1712 3389 deiforme
1781 3325 1879 3380 hoc
1923 3338 1971 3382 et
2029 3330 2161 3385 divi-

573 3404 719 3459 num,
751 3406 985 3452 nostrum
1043 3401 1276 3458 animum
1317 3416 1365 3460 et
1419 3410 1676 3467 rationem
1719 3417 1930 3486 proprio
1984 3422 2160 3476 admi-

568 3484 845 3549 scebimus,
873 3498 919 3541 et
939 3490 1113 3562 imago
1139 3506 1422 3553 revertetur
1438 3501 1507 3556 ad
1530 3484 1824 3575 principale
1841 3512 2152 3584 exemplum,

568 3574 723 3644 cujus
752 3593 889 3632 nunc
913 3580 1065 3637 habet
1105 3588 1407 3659 appetitum.
1451 3595 1527 3650 De
1568 3612 1634 3652 eo
1660 3599 1841 3670 igitur,
1872 3574 2015 3674 quod
2047 3574 2178 3662 non‘

568 3662 641 3716 sit
671 3663 953 3735 dispertita
995 3674 1192 3744 unitas,
1218 3687 1273 3734 et
1292 3687 1562 3751 quomodo
1586 3662 1878 3748 secundum
1907 3696 2151 3754 notitiam

566 3770 632 3810 ex
663 3760 1161 3826 possibilibusnunc
1184 3775 1339 3831 nobis
1361 3776 1674 3850 Scripturae
1705 3786 2068 3847 intellectibus
2098 3801 2155 3848 et

567 3845 1022 3933 disputationibus
1060 3850 1181 3916 erit
1215 3845 1515 3924 naturarum
1574 3884 1766 3942 status,
1815 3878 2017 3935 dictum
2068 3892 2152 3938 est

564 3928 860 4011 hactenus;
889 3948 953 4004 de
974 3958 1040 4005 eo
1066 3967 1211 4017 vero,
1235 3963 1523 4030 quomodo,
1547 3964 1673 4020 dum
1692 3982 1817 4036 pars
1838 3969 1929 4025 Dei
1958 3973 2147 4038 simus,

554 4020 597 4084 ἰ
625 4029 733 4087 Deo
755 4034 1085 4107 reduximus,
1118 4045 1228 4103 Deo
1268 4049 1403 4107 duce
1449 4053 1573 4113 hinc
1596 4070 1899 4117 sermonem
1929 4061 2146 4120 faciam.

582 4156 589 4161 ι
633 4121 765 4192 Quis
815 4131 959 4189 enim
1009 4140 1218 4196 ratione
1259 4146 1607 4205 considerans
1644 4161 1694 4206 et
1739 4156 2002 4225 sapientia
2054 4174 2149 4225 ea,

562 4228 702 4287 quae
731 4232 874 4287 sunt,
909 4226 979 4281 ab
1004 4244 1092 4297 eo,
1112 4235 1259 4313 quod
1288 4252 1394 4292 non
1427 4250 1531 4305 est,
1572 4257 1601 4295 a
1638 4243 1746 4301 Deo
1784 4247 1836 4300 in
1885 4248 1961 4314 id,
2006 4252 2149 4321 quod

562 4321 664 4378 est,
696 4318 1029 4387 transducta,
1063 4310 1115 4379 si
1134 4328 1231 4395 per
1260 4333 1558 4388 naturalem
1592 4352 1799 4406 eorum,
1838 4356 1976 4411 quae
2001 4354 2144 4412 sunt,

562 4401 825 4463 infinitam
856 4410 1209 4473 differentiam
1252 4432 1306 4476 et
1348 4426 1662 4484 varietatem
1702 4434 1995 4500 prudenter
2033 4439 2149 4492 ani-

562 4498 682 4552 mae
734 4505 1203 4574 contemplativum
1242 4514 1553 4585 adduceret,
1583 4531 1637 4576 et
1672 4498 1981 4593 inquisitiva
2024 4544 2149 4585 con-

559 4586 897 4649 discerneret
945 4599 1172 4667 ratione,
1220 4619 1318 4674 per
1363 4608 1791 4682 intelligentiam,
1847 4622 2155 4678 secundum.

558 4690 724 4749 quam
763 4696 943 4741 creata
990 4700 1115 4746 sunt
1160 4688 1397 4764 causam,
1439 4716 1543 4757 non
1571 4705 1765 4760 multas
1793 4723 2147 4779 cognosceret

554 4786 750 4832 causas
780 4795 938 4836 unam
974 4799 1214 4854 causam,
1247 4805 1455 4860 eorum,
1487 4811 1623 4866 quae
1653 4797 1793 4855 facta
1821 4813 1968 4868 sunt,
2001 4806 2145 4861 inse-

550 4850 869 4935 parabiliter
921 4877 1333 4938 cumdiscretam
1369 4895 1390 4923 ε
1423 4885 1778 4945 tlitierentiam
1822 4909 1920 4963 per
1956 4911 2140 4951 eorum

552 4964 611 5012 ot
648 4958 788 5016 inter
816 4979 873 5018 se
901 4964 1138 5025 invicem'
1162 4981 1218 5027 et
1246 4970 1422 5046 seipsa
1470 4978 1807 5036 inconfusam
1847 4986 2146 5056 proprieta-

1328 5032 1342 5046 I
1474 5032 1477 5033 '
1544 5032 1551 5034 ‘
1572 5032 1807 5036 "“—‘—“‘
1847 5032 2116 5056 r""r"""'

548 5032 696 5116 tem;
727 5063 780 5110 et
810 5056 1023 5124 iterum,
1058 5078 1215 5120 unam
1246 5068 1463 5135 multas,
1486 5074 1724 5129 omnium
1754 5076 1821 5131 ad
1852 5093 1976 5133 eum
2004 5081 2141 5136 rela-

544 5138 721 5215 tione,
752 5166 847 5221 per
865 5154 1096 5226 scipsum
1122 5160 1401 5217 inconfuse
1419 5165 1739 5232 subsistens,
1768 5185 1931 5225 unum
1957 5188 2142 5230 essen-

546 5228 682 5321 :tlale
700 5254 753 5297 et
767 5261 928 5301 unum
943 5250 1300 5310 substantiale
1319 5248 1406 5311 l‘tei
1430 5265 1484 5311 et
1505 5256 1680 5315 Patris
1698 5261 1861 5317 Deum
1878 5263 2133 5335 Verbum,

1606 5312 1619 5313 η
1638 5312 1675 5315 κ-
1702 5312 1725 5316 _
1898 5312 2133 5335 .-.η.....,

548 5312 748 5391 inerito
769 5340 1089 5412 principium
1116 5353 1171 5399 et
1196 5360 1413 5403 causam
1438 5351 1703 5419 omnium,
1743 5355 1797 5409 in
1830 5372 1935 5424 quo
1961 5372 2136 5415 creata

2175 4472 2225 4532 Ι)

2307 470 2380 525 lia
2405 474 2510 527 sive
2535 475 2835 543 invisibilia,
2857 480 2962 534 sive
2982 479 3192 550 Throni,
3208 485 3308 539 sive
3335 484 3679 561 Dominationes,
3696 502 3764 559 sire

2309 558 2662 643 Principatus,
2692 573 2795 627 sive
2838 570 3124 631 Potestates
3171 595 3190 632 :
3225 582 3389 635 omnia
3427 600 3481 637 ex
3522 587 3610 655 ipso
3642 602 3677 643 et
3706 612 3765 661 pa

2489 636 2499 641 -
2651 636 2658 638 ν
3454 636 3473 637 η
3526 636 3605 655 '1“
3643 636 3675 643 "
3706 636 3757 661 ν’*

2302 636 2471 730 ipsum
2519 672 2564 716 et
2604 665 2659 718 in
2696 654 2807 736 ipso
2847 677 3021 722 creata
3058 679 3196 723 sunt.
3234 669 3424 728 Causas
3464 676 3581 731 cnim
3620 695 3763 753 eorum,

2302 765 2440 841 qpae
2470 750 2610 808 facta
2636 764 2778 820 sunt,
2809 757 3013 814 habens
3048 771 3169 815 ante
3195 763 3364 818 secula
3402 750 3761 843 pracsubstitnns,

2321 814 2336 821 -
2766 814 2775 820 -
3128 814 3133 815 ν
3196 814 3364 818 -νην-
3403 814 3761 843 ι”’·”“’“”⁶⁷“’“““¹⁰ι

2299 814 2573 899 vialuntate
2600 846 2737 901 bona
2765 850 3056 905 secundum
3084 867 3176 908 eas
3196 854 3443 912 visibilem
3465 868 3510 913 et
3535 860 3763 922 invisibiletn

2299 948 2364 988 ex
2420 951 2525 995 non
2568 938 2834 995 existente
2877 941 3149 999 substituit
3188 956 3505 1016 creaturam,
3545 956 3700 1010 ratione
3728 967 3761 1011 et

2299 1030 2559 1100 sapientia
2609 1035 2786 1089 omnia
2828 1036 3120 1092 secundum
3162 1049 3498 1109 opportunum
3543 1052 3700 1116 tempus
3728 1058 3761 1105 et

2297 1108 2427 1176 fecit
2464 1131 2521 1177 et
2559 1122 2704 1184 facit.
2738 1135 2791 1180 et
2818 1143 2955 1199 quae
2987 1108 3359 1186 nniversaliter
3384 1145 3495 1188 sunt
3521 1146 3565 1190 et
3583 1154 3760 1208 quaeper

2297 1215 2524 1288 singula.
2565 1217 2789 1274 Causam
2814 1222 2954 1276 enim
2984 1221 3308 1294 Angelorum
3338 1229 3590 1285 creationis
3610 1235 3762 1299 praetiu-

2295 1307 2438 1363 xisse
2476 1310 2747 1367 credimus
2779 1329 2993 1370 causam
3031 1316 3441 1389 uniuscujusque
3479 1324 3760 1396 complendum

2295 1402 2576 1467 mundum,
2622 1406 2711 1473 qui
2759 1423 2921 1477 super
2965 1424 3061 1465 nos
3099 1419 3204 1475 est,
3256 1414 3573 1470 cssentiarum
3597 1420 3761 1476 etvirtu-

2297 1498 2438 1557 tum;
2472 1493 2730 1548 rationem
2765 1496 3038 1551 hominum
3079 1501 3337 1555 rationem
3367 1504 3759 1577 uniuscujusqnecx

2295 1581 2402 1636 Deo
2437 1601 2556 1640 esse
2597 1587 2995 1657 acripientium,
3045 1602 3104 1645 ut
3153 1584 3269 1648 non.
3300 1610 3392 1663 per
3423 1597 3597 1669 singula
3630 1600 3758 1665 dicam,

2292 1654 2554 1745 siquidem
2600 1680 2711 1748 ipse
2756 1676 2964 1737 infinite
3000 1699 3095 1753 per
3138 1686 3368 1756 scipsum
3397 1692 3756 1760 supereminenlia,

2250 1756 2259 1827 Ῠ
2292 1756 2414 1825 dum
2459 1772 2526 1828 sit
2568 1774 2849 1832 inell'abilis
2878 1790 2928 1832 et
2961 1780 3340 1853 intelligibilis,
3371 1796 3420 1840 et
3444 1788 3592 1843 omnis
3623 1806 3755 1845 summa

2284 1874 2590 1931 creaturae,
2633 1876 2687 1921 et
2733 1870 3016 1928 existentis
3061 1890 3159 1944 per
3203 1876 3425 1947 seipsam
3470 1890 3516 1935 et
3556 1882 3757 1938 intellectas

2281 1951 2617 2011 diﬂ'erentiae
2673 1971 2721 2013 ct
2772 1960 3137 2030 diseretionis,
3192 1968 3422 2037 scipsum
3478 1970 3524 2024 in
3574 1971 3753 2025 omnibus.

2280 2026 2418 2113 quae
2448 2061 2512 2100 ex
2543 2063 2608 2103 eo
2639 2060 2787 2113 sunt,
2812 2053 3145 2123 singulorum
3184 2058 3471 2131 analogiam
3494 2060 3604 2116 bene
3623 2077 3666 2116 ac
3681 2062 3752 2131 pul-

2277 2135 2408 2192 chre
2466 2140 2758 2195 ostendens
2800 2142 2841 2181 ά·
2886 2153 2939 2200 et
2987 2140 3383 2217 multiplicans;
3424 2159 3474 2206 et
3520 2152 3563 2205 in
3603 2152 3745 2220 scipsum

2275 2231 2454 2284 omnia
2488 2234 2871 2303 recapitulans,
2897 2253 2993 2306 per
3013 2254 3176 2309 quem
3205 2250 3259 2295 et
3291 2257 3425 2306 esse,
3447 2251 3493 2297 et
3512 2256 3746 2313 permanere,

2274 2330 2328 2375 et
2359 2336 2422 2376 ex
2454 2338 2579 2392 quo,
2614 2341 2751 2396 quae
2775 2330 2951 2398 genita
2982 2341 3126 2394 sunt,
3159 2342 3213 2389 et
3240 2335 3305 2389 ad
3336 2351 3481 2405 quem
3505 2338 3642 2405 genita
3659 2345 3773 2421 suntg

2271 2425 2325 2471 et
2352 2420 2622 2475 manentia
2654 2432 2707 2476 et
2744 2436 2889 2481 mota
2917 2426 3246 2498 participant
3277 2428 3455 2484 Deum.
3488 2428 3637 2486 Omnia
3659 2430 3745 2484 enim

2269 2510 2614 2580 participant,
2643 2528 2707 2567 eo
2736 2516 2878 2585 quod
2908 2532 2975 2571 ex
2998 2519 3110 2573 Deo
3140 2517 3284 2575 facta
3312 2529 3461 2583 sunt,
3485 2521 3748 2591 proportion:-

2269 2599 2395 2656 liter
2418 2600 2611 2669 Deum,
2645 2604 2758 2660 sive
2786 2622 2883 2676 per
2909 2608 3267 2676 intellectum,
3300 2610 3410 2667 sive
3430 2612 3660 2675 rationem,
3680 2609 3748 2663 site

2268 2708 2507 2762 sensum,
2539 2696 2652 2751 sive
2675 2708 2877 2755 motum
2902 2701 3139 2768 vitalem,
3173 2703 3286 2759 sive
3308 2703 3623 2768 essentialem,
3639 2705 3744 2758 atha-

2264 2784 2436 2843 bitum
2468 2791 2945 2859 opportunitatem,
2978 2804 3037 2848 ut
3064 2808 3274 2865 magno
3302 2807 3355 2854 et
3402 2797 3562 2853 divino
3594 2796 3742 2852 manile-
3769 2846 3773 2855 .

2266 2877 2456 2932 statori
2509 2879 2765 2954 Dionysio
2809 2885 3022 2941 videtur
3071 2888 3443 2961 Areopagitae.
3478 2889 3745 2959 Unusquiqu

2265 2982 2398 3039 ergo
2445 2967 2858 3042 intelligibilium
2895 2987 2949 3031 et
2991 2978 3392 3036 rationabilium
3435 2982 3676 3052 angelorum
3709 2984 3743 3031 et

2264 3061 2546 3118 hominum
2577 3080 2674 3135 per
2697 3082 2839 3133 eam,
2871 3085 2974 3139 qna
3007 3082 3230 3130 creatus
3276 3084 3389 3139 est,
3430 3076 3655 3137 rationem.
3680 3083 3744 3141 qui

2266 3152 2319 3207 in
2353 3153 2464 3209 Deo
2484 3165 2584 3221 est,
2614 3166 2667 3211 et.
2695 3158 2759 3213 ad
2790 3158 2956 3215 Deum
2994 3173 3099 3227 est,
3135 3180 3267 3233 pars
3306 3158 3387 3220 est
3415 3175 3465 3222 et
3492 3166 3643 3221 dicitur
3670 3161 3743 3227 Dei,

2261 3261 2358 3315 per
2387 3263 2539 3302 suam
2572 3251 3015 3308 antcexistentem
3047 3255 3098 3309 in
3130 3256 3269 3322 Deo,
3318 3258 3451 3313 sicut
3490 3258 3642 3312 dictant
3673 3260 3742 3315 est.

2260 3334 2500 3395 causam.
2546 3341 2748 3413 itaque,
2786 3343 2831 3399 si
2862 3347 3154 3401 secundum
3206 3349 3375 3420 ipsam
3416 3342 3680 3407 moveretur,
3710 3342 3743 3396 in

2257 3429 2369 3486 Deo
2400 3431 2575 3499 fieret,
2610 3433 2660 3487 in
2698 3450 2804 3506 quo
2839 3439 3106 3494 essentiae
3135 3455 3273 3496 suae
3297 3440 3428 3495 ratio
3456 3451 3557 3495 ante
3575 3440 3691 3499 inest,
3711 3440 3745 3489 ut

2258 3516 2310 3577 in
2338 3523 2604 3596 principio
2631 3535 2685 3581 et
2711 3544 2894 3594 causa,
2939 3538 2993 3585 et
3036 3530 3239 3588 nullius
3288 3530 3500 3601 alicujus
3535 3539 3628 3584 ante
3662 3541 3739 3597 pro.

2256 3614 2435 3683 prium
2465 3616 2790 3687 principium
2822 3620 3153 3676 desiderimn
3195 3623 3432 3696 accipere
3457 3621 3613 3685 vellet.
3634 3628 3744 3686 ιιαιυε

2254 3688 2505 3761 retineret
2534 3723 2562 3761 a
2600 3708 2729 3773 Deo,
2761 3711 2853 3767 sed
2897 3712 3070 3785 magis
3114 3730 3218 3785 per
3267 3732 3403 3781 eam,
3448 3729 3565 3786 quae
3596 3711 3644 3766 ad
3666 3721 3742 3761 eum

2254 3807 2356 3866 est,
2388 3800 2736 3857 intentionem
2769 3803 2910 3860 Deus
2949 3806 3123 3875 ﬁeret,
3154 3820 3215 3866 et
3251 3825 3378 3882 pars
3418 3808 3501 3866 Dei
3541 3806 3739 3864 diceretur.

2252 3882 2625 3967 participando
2646 3897 3072 3977 connaturaliter
3103 3898 3300 3965 Deum,
3335 3909 3506 3972 utpote
3535 3893 3738 3952 scentulum

2252 3960 2503 4040 naturam
2552 3966 2825 4057 sapienter
2872 4004 2936 4045 ac
2982 3993 3382 4050 rationabiliter
3418 4008 3505 4065 per
3544 3987 3738 4062 pulchrum

2253 4087 2457 4133 motum
2498 4094 2653 4133 suum
2691 4089 3013 4151 accepturus
3040 4084 3365 4157 principium
3387 4093 3436 4140 et
3462 4093 3651 4139 causam.
3671 4084 3737 4126 "0"

2255 4167 2457 4226 habens
2482 4170 2739 4228 aliorsum
2769 4174 2835 4229 de
2862 4183 3044 4231 cetero
3070 4186 3194 4247 post
3229 4194 3381 4234 suum
3421 4160 3738 4270 principium“ad

2253 4264 2539 4330 rationem,
2578 4280 2676 4335 per
2713 4281 2875 4336 quam
2902 4279 3206 4335 crearetur,
3237 4285 3503 4327 ascensum
3528 4273 3573 4363 et
3596 4264 3738 4363 restitue

2253 4354 2450 4409 tionem
2486 4357 2757 4424 movendi,
2790 4369 2881 4415 aut
2905 4362 3176 4433 quomodo
3209 4372 3516 4426 moveretur,
3550 4354 3737 4454 indultu

2252 4440 2505 4501 videlicet
2523 4448 2811 4517 desiderio,
2842 4464 2990 4508 motu
3013 4470 3112 4509 suo
3141 4452 3329 4527 ipsum
3351 4456 3497 4509 tinem
3528 4443 3737 4514 accipiente

2251 4541 2487 4595 divinam
2529 4542 2810 4611 visionem,
2844 4555 2904 4600 ut
2942 4547 3169 4604 Basilius
3207 4547 3439 4605 declarat
3467 4545 3512 4600 in
3550 4542 3734 4633 intel‘Pfe‘

2252 4632 2455 4688 talione
2485 4633 2537 4687 in
2581 4645 2825 4692 sanctum
2872 4639 3187 4709 prophetam
3233 4639 3439 4705 Isaiam,
3484 4635 3627 4690 dicens
3657 4632 3733 4677 sic:

2251 4718 2520 4778 Sobbatha
2575 4736 2749 4781 autem
2795 4745 2913 4782 vera
2970 4708 3093 4785 sunt
3136 4720 3360 4802 reposita
3400 4725 3573 4799 requies
3606 4708 3733 4788 Ρ⁰Ρ¹¹⁰

2247 4813 2362 4881 Dei,
2385 4832 2519 4887 quae
2544 4816 2752 4888 quidem
2775 4836 2858 4884 eo,
2884 4821 3024 4891 quod
3050 4837 3174 4876 vera
3201 4831 3354 4885 sunt,
3384 4813 3540 4887 recipit
3572 4810 3673 4865 De”
3703 4805 3734 4851 (τ

2248 4906 2548 4977 manifestat
2572 4922 2779 4964 summa
2809 4910 3076 4967 Sabbatha
3101 4913 3308 4984 quietis,
3347 4912 3431 4967 ille
3466 4905 3540 5003 uti
3577 4891 3732 5003 ξκίίπξίξξ

2247 4986 2531 5069 cruciﬁxus
2583 5012 2682 5066 est,
2719 5002 2988 5058 discedens
3027 5004 3259 5074 proiecto
3297 5021 3331 5058 α
3368 4993 3621 5092 mundanis,
3642 4994 3730 5092 et:

2245 5093 2514 5160 proprium
2542 5090 2715 5148 locum
2755 5094 3049 5165 spiritualis
3086 5096 3273 5167 quietis
3305 5084 3731 5188 occurrent-iniit"

2246 5184 2416 5253 factus
2443 5202 2547 5241 non
2568 5186 2685 5257 jam
2715 5188 3006 5242 movebitur
3044 5207 3077 5242 a
3122 5205 3218 5243 suo
3245 5187 3377 5251 loco,
3404 5184 3513 5280 mm}

2244 5274 2373 5330 tium
2402 5288 2449 5331 et
2481 5294 2586 5348 pax
2614 5278 2755 5333 circa
2784 5277 2934 5333 illum
2970 5289 3184 5334 statum.
3230 5275 3465 5334 Omnium
3486 5258 3729 5340 ignitle

2246 5369 2516 5398 .s:.............
2550 5370 2642 5398 .-η
2668 5370 2984 5398 L--.:....i:..-
3035 5371 3171 5398 πμ.-
3223 5379 3293 5398 --ι
3366 5360 3603 5398 ..κη-δη.
3633 5339 3727 5398 uad

2243 5369 2516 5440 dignorum
2546 5370 2642 5425 tali
2666 5370 2984 5428 beatitudine
3032 5371 3171 5428 Deus
3215 5379 3320 5439 est,
3363 5360 3603 5424 secundm
3633 5364 3680 5421 4'

2093 5470 2341 5534 NOTAE.

621 5583 647 5657 ξ
687 5572 744 5657 [tt
774 5570 983 5657 Graccho
1012 5578 1431 5657 ἀείρει-ιπηιςῴ«ιιθοιι2
1529 5599 1587 5657 Ae.
1629 5578 1981 5657 aequiparu‘i'l.

619 5641 650 5727 ξι
688 5642 1127 5730 Ιέεςῐεδεὶξῳιιιε
1170 5641 1615 5730 γίάριιιιςβολιάσῃ
1641 5673 1655 5722 ;
1682 5641 1792 5713 ἔρδ’
1826 5657 1877 5712 in
1923 5657 2131 5716 Graeco

534 5711 696 5772 ἴθόίῑο
726 5711 873 5771 citat
902 5718 1140 5785 ὂιλιάση,
1170 5721 1207 5776 i.
1240 5736 1289 5778 e.
1323 5721 1552 5780 alliceat.

2305 5610 2327 5636 «ι
2369 5595 2411 5651 Ι.
2443 5612 2493 5678 e_.
2528 5598 2914 5678 coemistentem.
3454 5665 3466 5678 ,

2300 5667 2327 5708 ει
2363 5668 2420 5723 ln
2452 5668 2661 5726 Graeco
2691 5667 3019 5745 διικνύμενον,
3045 5678 3195 5729 verte
3218 5667 3558 5742 pertransism.
