4004 6290
163 175 184 228 1
196 173 304 230 205

1248 175 1501 235 VERSIO
1540 172 2002 234 AMBIGUORUM
2043 176 2102 234 S.
2145 176 2412 234 MAXIMI.

3313 173 3457 231 1206

160 303 416 368 scriptum
459 304 532 351 est
560 311 576 352 :
607 295 735 350 Esto
767 296 895 350 mihi
936 297 991 350 in
1030 296 1195 351 Deum
1233 307 1575 368 protectorem
1618 311 1667 352 et
1711 299 1767 352 in
1795 300 1844 358 Α
1869 297 2023 366 quasi
2060 310 2286 352 securus
2314 298 2483 351 Deum
2507 293 2845 350 constituens
2867 291 3249 356 concionator;
3292 291 3464 363 siqui-

159 383 336 446 lccnm
388 391 644 444 mn'nitnnt
694 389 934 444 salrnndi
979 407 1077 444 me.
1137 390 1289 460 Apud
1331 407 1491 462 quem
1539 390 1767 445 firmiter

160 487 406 542 omnium
458 486 694 539 rationes
733 484 871 539 fixae
904 495 1050 548 sunt,
1071 501 1172 556 per
1199 500 1334 556 quas
1374 484 1539 539 etiam
1571 499 1770 555 cogno-r

160 593 318 632 scere
344 577 521 630 omnia
551 586 676 630 ante
705 578 1106 648 generationem
1146 592 1334 632 eorum
1384 577 1600 640 dicitur,
1657 591 1768 630 me-

160 671 270 725 ritu
299 671 349 724 in
379 671 498 740 ipso
540 680 586 723 et
633 672 771 741 apud
820 672 993 742 ipsum
1045 673 1402 729 existentibus
1450 688 1548 743 per
1594 673 1766 743 ipsam

159 762 449 815 veritatem
480 761 751 827 omnibus,
788 763 888 816 etsi
919 778 981 817 ea
1014 764 1216 827 omnia,
1269 771 1322 819 et
1363 779 1502 834 quae
1543 772 1668 818 sunt
1713 770 1770 818 et

158 857 304 922 quae
336 851 513 906 futura
541 863 689 919 sunt,
723 871 827 908 non
854 855 1011 908 simul
1046 856 1156 911 suis
1197 856 1399 921 causis,
1451 864 1508 910 ut
1555 855 1780 926 cognita

160 956 291 1000 sunt
317 963 342 999 a
374 946 500 1007 Deo,
533 946 582 999 in
614 947 904 1001 essentiam
946 947 1174 1003 adducta
1223 957 1367 1014 sunt,
1418 949 1510 1002 sed
1557 947 1778 1018 singula

158 1056 411 1110 quaeque
436 1048 738 1110 opportuno
773 1048 1014 1109 tempore
1050 1043 1345 1097 secundum
1375 1041 1651 1098 Creatoris
1684 1058 1771 1097 sa-

160 1131 424 1202 pientiam
464 1129 688 1199 pulchre
709 1127 862 1198 juxta
884 1147 1069 1187 eorum
1107 1148 1302 1187 causas
1326 1142 1508 1188 creata
1547 1144 1693 1198 sunt,
1717 1144 1776 1190 et

159 1229 266 1292 p‘er
297 1238 354 1277 se
385 1237 505 1276 csse
543 1223 858 1293 operatione
891 1225 1192 1295 accipiunt:
1221 1227 1479 1296 quoniam
1510 1229 1627 1298 ipse
1653 1229 1772 1299 qui-

161 1315 289 1368 dom
315 1328 530 1383 semper
552 1316 846 1370 secundum
880 1301 1265 1385 operationem
1297 1327 1381 1374 est
1422 1330 1653 1384 creator,
1707 1336 1770 1376 ea

161 1415 297 1461 vero
339 1407 578 1475 potentia
612 1408 830 1476 quidem
877 1419 1020 1473 sunt,
1057 1413 1373 1479 operatione
1419 1420 1599 1466 autem
1643 1429 1774 1467 non-

163 1498 326 1562 dum;
371 1500 494 1568 qttia
543 1514 714 1570 neque
760 1510 982 1570 possunt
1018 1501 1211 1557 horum
1245 1503 1404 1557 simul
1440 1519 1562 1558 esse
1596 1504 1776 1558 infini-

166 1599 280 1644 tt’im
308 1602 360 1646 et
386 1591 554 1657 finita,
597 1609 769 1664 neque
796 1594 900 1649 ulla
937 1596 1077 1650 ratio
1107 1597 1408 1667 approbare
1460 1597 1775 1653 manifesta-

163 1684 334 1749 bitur,
372 1686 560 1740 borum
595 1687 755 1742 simul
791 1703 911 1744 esse
938 1689 1123 1746 valens
1158 1692 1446 1746 essentiam
1491 1702 1544 1746 et
1587 1708 1774 1763 super-
1808 1671 1851 1730 Β

164 1773 478 1844 essentiale,
507 1766 642 1834 etin
685 1781 915 1850 idipsum
957 1783 1156 1838 ducere
1195 1800 1382 1838 menso
1428 1784 1772 1851 inmtensum,

165 1881 225 1926 ct
253 1873 323 1937 ei,
351 1873 494 1942 quod
530 1875 579 1928 in
608 1875 793 1931 habitu
828 1886 932 1943 est,
967 1880 1111 1948 quod
1154 1888 1303 1934 caret
1345 1879 1680 1948 habitudine,
1721 1889 1790 1956 et,

169 1967 310 2035 quod
350 1967 547 2022 nullam
582 1970 743 2024 habet
773 1971 823 2024 in
856 1987 914 2026 se
939 1975 1249 2044 categoriae
1280 1975 1513 2044 speciem
1543 1973 1777 2030 afﬁrma-

173 2068 283 2112 tam
315 2069 366 2114 ct
395 2075 485 2129 per
515 2078 704 2117 omnes
729 2079 820 2118 eas
851 2066 1246 2136 catcgoriarnm
1281 2066 1529 2123 videlicet
1569 2069 1778 2138 species

171 2153 487 2206 constituto.
529 2154 721 2210 Omnia
749 2156 916 2220 enim,
943 2173 1083 2228 quae
1105 2169 1285 2213 creata
1311 2167 1456 2224 sunt,
1480 2161 1776 2216 secundum

173 2246 465 2299 essentiam
492 2255 545 2301 et
576 2249 982 2317 generationem
1019 2251 1241 2305 omnino
1269 2251 1318 2306 in
1348 2253 1602 2307 omnibus
1639 2251 1781 2306 affir—

175 2346 392 2392 mantur
423 2354 518 2407 per
543 2339 768 2408 formas,
807 2354 859 2396 et
899 2339 1256 2398 existentibus
1276 2358 1488 2410 eorum,
1519 2360 1657 2411 quae
1683 2361 1781 2400 ex-

177 2430 446 2486 trinsecus
500 2442 627 2486 sunt
677 2433 819 2488 circa
872 2450 1014 2498 eam,
1075 2436 1372 2489 rationibus
1414 2435 1779 2490 continentur.

178 2520 399 2574 Sublata
438 2523 619 2593 itaque
646 2541 853 2579 summa
883 2536 934 2579 et
967 2525 1267 2580 abdicativa
1301 2525 1464 2581 Verbi
1491 2527 1779 2598 theologia,

177 2615 470 2669 secundum
518 2631 678 2687 quant
733 2635 908 2689 neque
959 2620 1159 2674 dicitur
1214 2636 1388 2691 neque
1449 2615 1794 2692 intelligitur,

179 2721 354 2775 neque
395 2718 477 2763 est
522 2712 742 2765 omnino
792 2713 919 2782 quid
966 2713 1126 2768 alicui
1181 2713 1542 2784 cognitorum,
1590 2713 1785 2768 merito

178 2804 647 2870 superessentiale,
681 2821 854 2876 neque
885 2823 913 2862 a
941 2807 1172 2878 quodam
1198 2806 1305 2861 ullo
1333 2808 1490 2862 modo
1520 2808 1569 2860 in
1604 2806 1785 2878 aliquo

179 2893 563 2964 participatur;
616 2899 818 2953 multae
857 2914 1056 2954 causae
1100 2915 1202 2953 una
1253 2915 1417 2953 causa
1462 2910 1564 2964 est,
1596 2909 1650 2954 et
1678 2915 1800 2968 una

182 2985 401 3040 multae.
445 2985 578 3042 Nam
608 2991 903 3044 secundum
935 2991 1131 3046 bonam
1168 3009 1231 3047 ac
1276 2991 1556 3061 pulchram
1599 2992 1652 3046 in
1696 3008 1782 3058 ea,

1869 388 1991 442 dem
2022 387 2312 441 universae
2342 386 2418 441 rei
2450 386 2772 456 principium
2804 393 2860 440 et
2889 384 3048 440 finem
3079 384 3169 454 qui
3201 385 3252 440 in
3284 384 3466 455 seipse

1867 479 2047 546 videt,
2086 478 2384 534 subsistere
2412 479 2625 533 credit:
2661 477 2986 549 principium
3019 476 3236 550 quidem
3258 517 3274 542 ,
3307 475 3464 547 quasi

1869 574 1995 628 inde
2050 573 2326 644 accipiens
2384 582 2440 626 et
2492 573 2784 628 essentiam
2839 587 2937 642 per
2987 568 3464 641 participationem

1871 664 2120 719 naturale
2174 664 2412 730 bonum;
2454 664 2614 719 tinem
2668 652 2819 728 vero,
2853 662 3017 718 veluti
3063 677 3161 733 per
3195 659 3470 731 cognitio-

1872 776 1992 815 nem
2033 760 2198 830 ipsius
2231 758 2482 830 principii
2530 767 2585 812 et
2625 758 2958 828 appetitum,
2998 754 3360 819 laudabilem,
3399 751 3471 812 ad.

1872 852 2045 923 ipsum
2078 852 2194 906 sine
2224 865 2414 906 errore
2443 849 2731 904 ducentem
2763 864 2886 902 cum
2920 846 3270 906 festinatione
3299 843 3470 915 perﬂ-

1872 946 2022 1001 ciens
2054 959 2294 1004 cursum,
2330 959 2427 1012 per
2458 958 2618 1012 quem
2651 940 2710 996 lit
2742 941 2882 996 Deus
2911 955 2977 994 ex
3009 940 3139 1003 Deo,
3159 938 3315 1012 Deus
3345 947 3478 998 esse.

1873 1039 2178 1110 accipiens;
2204 1037 2397 1092 merito
2415 1036 2710 1091 secundum
2735 1033 3022 1105 imaginem
3046 1029 3282 1088 naturali.
3300 1030 3472 1094 bono,

1873 1131 2148 1185 voluntate
2175 1171 2190 1194 ,
2239 1144 2335 1199 per
2363 1129 2592 1183 virtutes
2631 1127 2840 1184 addens
2871 1123 3280 1179 similitudinem
3307 1163 3322 1189 ,
3371 1135 3474 1193 per,

1875 1221 2095 1276 insitam
2150 1220 2216 1274 ad
2268 1219 2551 1290 proprium
2607 1217 2932 1289 principium
2985 1215 3363 1281 ascensionem
3419 1217 3483 1276 et,

1877 1315 2327 1371 familiaritatem.
2364 1316 2426 1370 Et
2458 1314 2712 1386 impletur
2738 1313 2804 1370 de
2829 1323 3009 1370 cetero
3037 1313 3090 1368 in
3119 1313 3238 1384 ipso
3259 1315 3479 1382 aposto-

1880 1410 2014 1465 licus
2037 1425 2217 1463 sermo
2244 1408 2431 1464 dicens
2459 1426 2471 1461 :
2502 1406 2561 1461 In
2589 1409 2697 1478 ipso
2729 1407 2864 1461 enim
2887 1407 3102 1461 vivimus
3131 1413 3179 1459 et
3209 1416 3482 1458 movemur.

1879 1514 1925 1558 et
1957 1521 2156 1558 sumus.
2216 1501 2304 1556 Fit
2341 1502 2485 1556 enim
2528 1501 2580 1556 in
2622 1501 2729 1556 Deo
2763 1515 2862 1572 per
2890 1498 3268 1555 excellentiam
3319 1504 3480 1550 antea

1882 1594 2204 1650 exi-tentem
2249 1592 2302 1647 in
2340 1591 2451 1646 Deo
2483 1591 2756 1646 essentiae
2794 1590 3060 1645 rationem
3093 1603 3200 1643 non
3230 1600 3484 1642 corrum-

1881 1701 2014 1756 pens
2039 1727 2053 1749 ,
2108 1693 2161 1740 ct
2206 1694 2454 1739 movetur
2494 1685 2546 1738 in
2588 1684 2699 1738 Deo
2729 1681 3026 1738 secundum
3059 1677 3482 1752 praecedentem.

1880 1778 1932 1833 in
1977 1779 2085 1832 Deo
2126 1778 2266 1833 bene
2313 1792 2434 1832 esse
2479 1776 2765 1842 rationem,
2819 1788 2918 1844 per
2943 1773 3174 1827 virtutes
3222 1782 3484 1841 Operaus,

1880 1880 1933 1926 et
1983 1870 2116 1926 vivit
2165 1869 2218 1924 in
2275 1869 2386 1923 Deo
2436 1868 2734 1924 secundum
2788 1864 3208 1937 praecedentem
3262 1860 3317 1916 in
3370 1859 3486 1920 Deo

1881 1979 2095 2034 semper
2125 1978 2246 2019 esse
2282 1961 2568 2016 rationem.
2630 1959 2728 2014 Hic
2767 1958 2985 2030 quidem
3028 1956 3140 2028 jam
3183 1951 3494 2014 secundum,

1885 2056 2269 2128 impassibilem
2303 2053 2458 2110 valde
2491 2055 2737 2108 habitum
2771 2052 2822 2107 id
2855 2051 3030 2122 ipsum
3068 2047 3288 2104 sibimet
3319 2052 3370 2098 et
3401 2042 3486 2096 in-

1883 2149 2285 2204 conttt‘tutabilis
2312 2158 2393 2204 est
2425 2167 2438 2202 :
2472 2148 2524 2201 in
2559 2146 2741 2202 futuro
2771 2161 2899 2200 vero
2948 2140 3132 2199 seculo
3181 2135 3498 2202 secundum

1885 2241 2065 2296 datam
2101 2241 2310 2296 tbeosin
2344 2239 2654 2310 praedictas
2693 2237 2746 2291 in
2788 2236 2899 2290 Deo
2931 2230 3320 2289 antecedentes
3346 2241 3483 2283 cau-

1885 2349 1994 2397 sas,
2029 2334 2200 2405 magis
2247 2342 2426 2388 autem
2479 2332 2673 2396 Deum,
2713 2318 2772 2384 in
2814 2343 2922 2399 quo
2970 2340 3168 2383 causae
3218 2325 3500 2382 bonorum,

1885 2427 2160 2500 praefixae
2189 2439 2339 2494 sunt,
2372 2427 2426 2482 in
2458 2426 2688 2482 caritate
2718 2439 2909 2479 amans
2937 2432 2991 2476 ct
3023 2420 3397 2477 salutaturus:
3431 2421 3498 2472 et.

1886 2533 1968 2576 est
2001 2539 2129 2592 pars
2159 2522 2272 2587 Dei,
2310 2530 2370 2576 ut
2396 2530 2482 2577 est
2511 2535 2605 2590 per
2632 2519 2903 2574 essentiae
2935 2531 3067 2570 suae
3097 2515 3150 2568 in
3182 2513 3291 2569 Deo
3322 2511 3494 2567 ratio-

1889 2633 2036 2682 nem,
2063 2627 2113 2670 et
2149 2625 2205 2670 ut
2235 2617 2409 2671 bonus
2433 2630 2532 2686 per
2560 2615 2696 2668 bene
2724 2611 2939 2667 essendi
2973 2610 3026 2664 iu
3062 2609 3170 2663 Deo
3198 2605 3492 2670 rationem,

1888 2720 1943 2767 et
1974 2720 2030 2764 ιιι
2060 2710 2202 2764 Dcus
2231 2723 2327 2780 per
2358 2723 2572 2777 semper
2599 2704 2811 2761 essendi
2852 2703 3144 2766 rationem,
3178 2699 3371 2754 merito
3396 2710 3491 2752 eas

1887 2803 2194 2860 bonorans.
2247 2809 2303 2856 et
2349 2799 2658 2878 secundum},
2689 2813 2783 2852 eas
2824 2810 3095 2866 operans,
3153 2800 3209 2846 et
3255 2805 3350 2861 per
3395 2803 3503 2848 eas.

1889 2899 2128 2970 seipsum
2158 2896 2372 2966 quidem
2407 2893 2518 2949 Deo
2549 2875 2658 2948 soli
2684 2907 2782 2962 per
2812 2899 2982 2944 totum
3017 2888 3284 2950 inserens,
3321 2883 3505 2944 Deum

1893 3009 2022 3048 vero
2063 2991 2236 3046 solum
2279 2989 2499 3045 sibimet
2527 3002 2623 3058 per
2653 2994 2822 3042 totum
2854 2993 2909 3039 et
2948 2980 3252 3050 imaginans
3289 2985 3345 3032 et
3381 2974 3500 3030 fors

180 3094 318 3148 quae
342 3090 488 3146 sunt,
515 3082 674 3137 unius
702 3092 756 3138 el
788 3083 1064 3140 factricem
1097 3085 1629 3141 eteoutinuatricem
1653 3101 1781 3157 pro-
1815 3063 1860 3125 (δ
1895 3101 2073 3148 mans,
2117 3085 2188 3138 ita
2232 3080 2290 3138 ut
2330 3092 2384 3137 et
2418 3081 2532 3152 ipse
2571 3080 2639 3135 sit
2673 3077 2846 3149 gratia
2887 3083 2942 3130 et
2979 3082 3206 3129 vocetur
3247 3071 3409 3133 Deus,
3437 3077 3509 3148 et,

180 3171 483 3227 cessionem
511 3172 712 3229 multae
739 3192 865 3243 upa.
895 3175 1000 3231 Per
1028 3193 1156 3232 vero
1190 3178 1240 3231 in
1288 3194 1452 3232 ttnttm
1488 3177 1784 3232 multorum

180 3264 586 3320 conversoriam
613 3276 666 3321 et
691 3268 1154 3324 manttductricem
1181 3269 1498 3324 relationem
1529 3279 1582 3324 et
1607 3269 1786 3329 provi-

182 3356 441 3422 dentiam,
465 3358 606 3413 veittt
626 3360 675 3413 in
698 3361 1018 3431 principium
1043 3361 1407 3432 omnipotens,
1425 3373 1518 3416 aut
1537 3372 1785 3416 centrum

183 3461 454 3505 rectarum
489 3465 554 3505 ex
588 3463 656 3505 eo
678 3451 944 3506 linearum
990 3454 1252 3523 principia
1296 3455 1697 3523 praean'tbiens,
1733 3463 1788 3510 et

183 3546 264 3601 sic
286 3563 474 3602 omnes
495 3563 851 3619 congregans,
882 3565 985 3602 una
1012 3549 1230 3602 multae.
1259 3548 1392 3603 Pars
1413 3549 1579 3620 igitur
1602 3565 1788 3604 sumus

185 3649 241 3694 et
271 3639 502 3693 dicimur
530 3639 648 3705 Dei,
677 3657 740 3693 eo
764 3642 904 3710 quod
933 3640 1201 3695 essentiae
1232 3650 1446 3695 nostrae
1471 3639 1707 3695 rationes
1733 3629 1806 3712 in?

186 3725 296 3786 Deo
327 3732 777 3801 pracsubstitutae
803 3734 941 3800 sint;
967 3731 1194 3788 ﬂuentes
1219 3747 1345 3786 vero
1373 3731 1654 3787 desursum
1689 3729 1802 3786 ite?

187 3835 305 3872 rum
334 3818 584 3885 dicimur,
611 3835 674 3874 eo
696 3819 962 3890 quodnon
987 3821 1281 3874 secundum
1310 3818 1360 3873 itt
1393 3817 1503 3873 Deo
1526 3819 1791 3887 praesul)-

186 3907 467 3966 sistentem
487 3927 730 3972 causam.
746 3929 842 3982 per
863 3927 1021 3981 quant
1043 3910 1167 3967 facti
1192 3927 1398 3974 smnus,
1418 3912 1547 3964 moti
1568 3909 1785 3964 fuimus.

213 3999 228 4009 ”
260 3999 566 4056 Secundum
606 4002 836 4056 alterum
878 4017 1093 4072 quoque
1131 4002 1347 4056 modum
1393 3999 1551 4056 facile
1589 4010 1674 4055 est
1703 4000 1790 4070 pie

187 4109 374 4150 amare
406 4110 593 4149 corum
621 4136 634 4158 ,
678 4111 820 4165 quae
860 4105 1025 4162 sunt,
1075 4111 1296 4151 causam
1332 4096 1545 4150 erudito
1584 4095 1650 4150 de
1690 4095 1793 4150 hoc

188 4180 457 4240 rationem
491 4202 832 4256 percurrere.
883 4186 940 4242 Si
982 4185 1127 4242 enim
1169 4188 1464 4243 essentiam
1503 4187 1794 4258 unicuique

191 4276 410 4331 virtutis
438 4292 603 4330 unum
647 4277 944 4332 subsistere
975 4277 1069 4331 Dei
1104 4275 1339 4333 Verbum
1377 4293 1481 4332 non
1514 4277 1793 4333 dubitatur

187 4401 260 4414 --
281 4387 402 4426 nam
445 4371 682 4427 essentia
711 4371 950 4425 omnium
989 4371 1246 4425 virtutum
1279 4371 1392 4440 ipse
1422 4380 1505 4426 est
1533 4371 1794 4426 Dominus

1889 3181 2032 3236 Deus
2060 3181 2130 3234 sit
2161 3176 2642 3240 condescensione,
2674 3183 2728 3230 et
2757 3180 2982 3227 vocetur
3007 3186 3104 3240 per
3131 3183 3191 3222 se
3222 3167 3408 3242 homo,
3435 3171 3506 3222 eta

1891 3285 2080 3329 mutuo
2111 3273 2163 3328 in
2199 3274 2303 3328 hoc
2333 3269 2526 3326 affectu
2561 3267 2885 3323 ostendatur
2915 3264 3108 3327 virtus,
3140 3274 3283 3330 quae
3311 3266 3364 3313 et
3398 3257 3507 3311 lto-

1889 3369 2092 3423 minem
2127 3367 2237 3421 Deo
2268 3377 2365 3433 per
2391 3360 2629 3417 divinum
2660 3372 2902 3412 amorem
2936 3353 3189 3417 deificat,
3229 3359 3284 3405 et
3321 3347 3510 3413 Deum;

1890 3459 2094 3516 homini
2128 3473 2224 3528 per
2254 3455 2549 3510 humanum
2598 3466 2840 3506 amorem
2891 3448 3233 3511 inltumanat,
3262 3452 3318 3498 et
3363 3439 3512 3518 faciti,

1889 3568 1986 3622 per
2024 3551 2220 3604 bonam
2269 3544 2681 3614 conversionem
2730 3542 2900 3597 Deum
2947 3539 3164 3609 quidem
3215 3534 3507 3600 hominem;

1891 3657 1987 3711 per
2016 3638 2254 3694 hominis
2287 3636 2709 3696 deilicationem,
2739 3641 2796 3686 et
2845 3630 3124 3686 hominem
3176 3627 3347 3681 Deum
3396 3635 3512 3693 per.

1892 3734 1987 3806 Dei
2021 3731 2546 3786 inbun‘tanationem.
2590 3727 2715 3782 Vult
2743 3727 2887 3782 enim
2916 3739 3131 3794 semper
3157 3729 3210 3775 et
3239 3721 3293 3774 in
3319 3716 3506 3773 omnia

1891 3826 1993 3890 bus
2025 3823 2119 3878 Dei
2153 3823 2391 3878 Verbum
2423 3830 2474 3877 et
2505 3822 2646 3875 Deus
2677 3835 2772 3874 sua
2807 3815 3248 3892 incorporatione
3279 3806 3512 3881 operari

1895 3916 2240 3989 mysterium.
2303 3913 2404 3982 Qui
2440 3925 2566 3968 vero
2599 3927 2754 3967 suum
2789 3909 3103 3980 relinquens
3133 3903 3488 3978 principium,

1894 4025 2023 4080 pars
2055 4008 2148 4062 Dei
2188 4007 2520 4063 constitutus
2553 4020 2652 4076 per
2683 4002 3007 4060 existentem
3043 3998 3095 4053 in
3129 3997 3244 4066 ipso
3275 3991 3514 4059 virtutis,

1895 4103 2158 4160 rationem
2193 4095 2790 4156 secundum'redditam
2829 4107 3052 4148 causam
3085 4131 3099 4155 ,
3127 4089 3193 4143 ad
3236 4086 3310 4153 id,
3349 4082 3516 4156 quod.

1897 4209 2002 4247 non
2033 4202 2138 4258 est,
2173 4189 2624 4246 irrationabiliter
2651 4187 2844 4253 fertur,
2877 4193 3023 4240 recte
3053 4183 3120 4237 de
3147 4193 3366 4236 sursum
3398 4177 3493 4232 de-

1896 4283 2064 4341 fluere
2102 4285 2322 4350 dicitur,
2359 4299 2464 4338 non
2499 4283 2566 4336 ad
2604 4297 2760 4337 suum
2794 4277 3119 4350 principium
3160 4283 3214 4328 et
3250 4285 3495 4334 causam,

1899 4395 1928 4432 a
1960 4395 2064 4450 qua
2098 4385 2152 4432 et
2185 4376 2238 4432 iu
2273 4392 2376 4448 qua
2419 4384 2474 4430 et
2513 4390 2610 4444 per
2639 4387 2801 4444 quam
2834 4367 3010 4424 factus
3039 4375 3153 4431 est,
3186 4373 3400 4426 motus;
3444 4369 3500 4414 et

192 4473 381 4519 noster
409 4475 463 4520 et
497 4465 635 4519 Deus
665 4463 822 4520 JCSIIS
858 4465 1109 4520 Christus
1129 4509 1141 4526 ,
1185 4466 1325 4520 sicut
1364 4466 1625 4536 scriptum
1667 4475 1749 4521 est
1775 4483 1787 4520 :
1821 4440 1872 4501 Β
1897 4440 2060 4526 est-in
2091 4463 2269 4524 meatu
2292 4440 2549 4522 instabili
2578 4475 2632 4519 et
2660 4461 3058 4518 inordinatimte
3089 4455 3256 4511 tluxili
3285 4454 3499 4508 animae

194 4557 301 4623 Qui
333 4557 505 4625 factus
544 4570 620 4610 est
661 4559 808 4612 nobis
849 4577 879 4612 (ι
915 4558 1024 4613 Deo
1057 4561 1347 4628 sapientia,
1391 4569 1438 4616 et
1469 4561 1706 4631 justitia,
1745 4570 1794 4615 et

192 4649 566 4719 sanctiﬁcatio,
593 4659 640 4703 et
674 4652 996 4720 redemptio;
1030 4653 1272 4722 profecto
1307 4653 1462 4717 haec,
1487 4670 1625 4725 quae
1651 4654 1809 4711 dicta.

191 4751 354 4806 sunt,
396 4740 639 4796 absolute
673 4742 724 4795 in
758 4743 938 4811 seipso
971 4745 1129 4799 habet
1161 4743 1316 4813 jure,
1352 4746 1440 4815 qui
1481 4755 1564 4799 est
1602 4763 1701 4816 per
1738 4760 1796 4801 se

193 4833 463 4904 sapientia
495 4841 549 4886 et
574 4833 784 4902 iustitia
818 4845 868 4888 et
901 4837 1184 4901 sanctitas,
1217 4848 1269 4892 et
1305 4855 1408 4891 non
1445 4839 1587 4892 sicut
1615 4840 1666 4892 in
1702 4829 1836 4892 no—i

193 4925 281 4980 his
306 4943 428 4981 cum
455 4928 791 4994 definitione,
818 4931 965 4983 verbi
997 4932 1190 5001 gratia,
1217 4932 1354 4985 sicut
1386 4933 1603 5003 sapiens
1632 4919 1807 4988 homo

196 5028 293 5077 aut
316 5019 496 5090 justus
529 5023 690 5076 homo
717 5055 786 5063 —
815 5025 992 5078 omnis
1037 5023 1281 5094 profecto
1328 5024 1491 5079 homo
1538 5025 1793 5079 virtutem

196 5110 498 5170 secundum
533 5115 775 5170 habitum
812 5116 973 5170 fixum
1009 5116 1358 5186 participans,
1388 5117 1503 5172 sine
1531 5116 1797 5186 ambigui-

202 5217 315 5263 tate
367 5203 532 5263 Dcum
585 5211 873 5280 participat
924 5210 1214 5264 essentiam
1268 5211 1568 5275 virtutum,
1629 5208 1812 5278 veluti

201 5301 466 5357 naturalis
499 5317 681 5358 semen
715 5303 836 5357 boni
864 5302 1091 5358 fideliter
1116 5319 1210 5373 per
1232 5301 1563 5356 voluntatem
1590 5293 1814 5368 colens,

201 5404 258 5449 et
287 5393 338 5447 id
371 5395 544 5470 ipsum
571 5395 861 5449 ostendens
889 5395 1156 5464 principio
1186 5394 1368 5460 linem,
1393 5403 1447 5448 et
1477 5392 1815 5463 principium

203 5487 299 5543 fini
321 5529 336 5552 ,
371 5488 542 5558 magis
568 5503 698 5550 vero
728 5488 778 5544 id
811 5491 986 5559 ipsum
1021 5489 1348 5560 principium
1382 5505 1500 5544 esse
1529 5498 1583 5543 et
1613 5488 1797 5554 finem,

1899 4572 1954 4618 et
1981 4562 2225 4634 corporis
2250 4577 2279 4615 a
2304 4577 2407 4616 non
2434 4569 2652 4614 errante
2679 4566 2734 4613 et
2759 4555 3015 4610 similiter
3047 4552 3278 4617 habente
3304 4563 3494 4614 causa,

1902 4657 1968 4712 ad
2001 4657 2072 4721 id,
2109 4655 2252 4727 quod
2285 4654 2484 4710 malum
2518 4663 2622 4719 est,
2659 4648 2971 4706 voluntario
3003 4653 3279 4701 momento
3311 4640 3514 4714 expul-.

1901 4751 2108 4807 sionem
2133 4764 2287 4803 suam
2313 4761 2604 4818 peragens;
2629 4761 2691 4800 ex
2722 4759 2828 4814 quo
2853 4751 2905 4797 et
2939 4739 3106 4795 ﬂuere
3129 4736 3342 4807 proprie
3365 4732 3498 4788 dici—

1902 4853 2009 4908 tur,
2052 4859 2116 4898 eo
2152 4842 2294 4911 quod
2331 4841 2470 4896 inse
2504 4848 2683 4893 motae
2705 4837 2771 4891 ad
2806 4837 2974 4891 Deum
3015 4826 3498 4916 inseparabilitertl

1902 4918 2114 4989 animae
2131 4949 2350 5004 gressus
2374 4931 2641 4994 faciendo,
2666 4927 2840 4983 valido
2861 4923 3158 4998 potentiae,
3178 4918 3318 4988 quod
3349 4917 3520 4992 dele"

1905 5029 2018 5083 rius
2049 5037 2132 5082 est
2165 5035 2219 5081 et
2239 5026 2381 5095 quod
2408 5039 2513 5080 non
2544 5032 2649 5087 est,
2679 5037 2776 5092 pro
2807 5017 3011 5074 meliori
3031 5013 3216 5069 volens
3247 5006 3492 5064 mulavit.

1977 5119 2084 5174 Has
2136 5128 2351 5184 autem,
2398 5133 2542 5188 quas
2598 5116 2837 5170 dixeram
2878 5109 3134 5165 rationes,
3201 5104 3313 5173 ipse
3376 5098 3497 5170 qui-

1905 5213 2027 5268 dem
2072 5209 2396 5280 Areopagita
2455 5217 2675 5262 sanctus
2719 5201 3003 5272 Dionysius
3052 5189 3505 5269 praedestinatio-

1908 5320 2004 5376 nes
2057 5313 2112 5358 et
2162 5303 2375 5358 divinas
2411 5301 2714 5356 voluntates
2745 5295 2929 5352 vocari
2967 5310 2996 5348 a
3023 5291 3204 5348 divina
3233 5286 3500 5356 scriptura

1905 5414 2006 5454 nos
2047 5397 2256 5454 edocet.
2307 5395 2678 5465 Similiterque
2723 5401 2777 5447 et
2820 5389 2911 5462 qui
2951 5389 3062 5444 sint
3088 5386 3233 5441 circa
3269 5381 3502 5436 Pantae-

1908 5507 2036 5546 num
2082 5487 2276 5563 magni
2306 5489 2602 5545 Clementis
2647 5485 2903 5551 amicum,
2943 5482 3035 5552 qui
3075 5479 3252 5536 factus
3277 5482 3361 5530 est
3388 5487 3504 5527 ma-

1732 5603 1987 5682 NOTAE.

284 5707 310 5738 ο
335 5693 394 5750 ιη
423 5692 634 5754 Graeco
660 5696 933 5771 ἀδηρίτως,
965 5697 1016 5753 id
1047 5705 1127 5754 est
1154 5698 1266 5753 sine
1291 5696 1594 5770 offensione.

1947 5847 2050 5873 ,η’
