4004 6290
656 264 793 321 12θ7

2010 294 2127 353 JOA
2137 294 2296 357 NNIS
2334 292 2532 360 SCOTI

3692 333 3778 396 ﬁlii

655 380 825 452 gister
873 386 1165 454 Stromatei
1204 408 1255 469 α,
1297 402 1507 464 divinas
1551 411 1852 473 voluntates
1892 435 1924 475 a
1964 407 2324 492 ScripturaA
2354 422 2654 493 hominum,
2682 426 2991 501 quicunque
3028 426 3224 489 nullam
3253 436 3512 493 secundum
3536 453 3705 516 motum,
3723 457 3779 526 qui

655 481 834 526 vocari
872 484 1054 526 (limini
1126 492 1246 526 ἷηιιη
1287 497 1605 526 :....._..-_-._-
1651 522 1667 526 -
1785 511 1816 526 ..
1923 513 1938 526 .
2404 518 2416 526 .
2449 518 2474 526 ..
2957 523 2987 526 -,

650 481 834 535 vocari
872 484 1081 557 dicunt,
1126 492 1247 552 inde
1287 497 1605 576 interrogati
1645 522 1675 562 a
1705 511 2027 581 quibusdam
2060 533 2246 590 super-

650 568 733 590 ιε,
782 574 794 586 .

1498 568 1525 576 ν
1722 568 1738 581 ι
1914 568 1921 569 ί
1948 568 2027 570 "'"
2061 568 2211 590 "'I'"

650 568 737 627 bis
780 574 834 629 in
876 593 1063 637 eorum
1107 591 1451 661 eruditione,
1508 614 1647 668 quae
1694 605 2032 665 extrinsecus
2077 620 2241 680 sunt,

649 669 921 733 quomodo
944 689 1272 748 cognoscere
1298 701 1383 753 ea,
1414 704 1553 758 quae.
1580 704 1725 760 sunt,
1756 695 1923 753 Deum
1953 701 2246 759 aestimant

586 776 597 783 η
649 755 964 834 Christiani,
1009 776 1429 847 suscipientibus
1458 785 1585 850 illis,
1621 788 2056 853 iutcllectualiter
2087 798 2243 855 intel-

649 848 873 921 ligibilia
914 871 969 916 et
1006 870 1636 935 sensualiter'scnsibilia
1667 898 1789 940 eum
1820 902 2147 959 cognoscere
2177 908 2241 948 ea

648 960 788 1014 quae
826 963 973 1011 sunt.
1022 958 1455 1038 Respondemus,
1478 989 1653 1045 neque
1695 982 2022 1038 sensualiter
2066 987 2241 1043 sensi-

646 1034 799 1106 bilia,
823 1058 999 1115 neque
1035 1050 1472 1116 intellectualiter
1503 1034 1908 1127 inlellectualia.
1950 1072 2065 1130 Non
2094 1077 2238 1134 enim

647 1139 769 1184 esse
812 1137 1069 1203 possibile
1108 1156 1211 1211 cst,
1262 1158 1323 1204 ut
1364 1157 1598 1211 ostendit
1638 1161 1797 1227 ratio,
1841 1180 1984 1234 eum,
2029 1170 2119 1240 qui
2157 1179 2242 1227 est

644 1232 812 1289 super
849 1239 933 1289 ea,
977 1245 1117 1300 quae
1153 1247 1296 1304 sunt,
1347 1257 1444 1312 per
1482 1261 1571 1314 ea,
1613 1265 1752 1319 quae
1786 1266 1934 1322 sunt,
1973 1270 2054 1318 ea,
2098 1276 2239 1331 quae

643 1320 790 1378 sunt,
818 1318 1098 1391 accipere;
1126 1329 1220 1383 sed
1254 1330 1396 1389 sicut
1426 1350 1552 1394 suas
1576 1340 1881 1402 voluntates
1908 1363 2237 1420 cognoscere

642 1415 768 1458 eum
792 1408 1024 1470 dicimus
1060 1431 1122 1473 ea
1163 1435 1301 1491 quae
1330 1438 1477 1497 sunt,
1505 1432 1764 1493 addentes
1788 1440 1951 1497 etiam
1980 1459 2043 1498 ex
2072 1461 2235 1503 causa

644 1497 1133 1566 ratiocinationem.
1182 1512 1239 1571 Si
1281 1519 1425 1576 enim
1461 1524 1738 1587 voluntate
1777 1535 1958 1591 omnia
2000 1536 2151 1607 fecit,
2181 1549 2237 1598 et

642 1591 791 1649 nulla
829 1605 1152 1662 contradicit
1193 1612 1351 1681 ratio,
1377 1632 1706 1690 cognoscere
1748 1638 1928 1685 autem
1957 1630 2110 1689 suam
2141 1652 2235 1693 vo-

640 1682 901 1748 luntatem
929 1694 1118 1765 Deum,
1146 1717 1362 1777 semper
1398 1711 1545 1782 pium
1587 1717 1766 1775 dicere
1804 1733 1859 1777 et
1892 1721 2096 1792 justum
2123 1736 2229 1795 est,

2350 518 2417 573 ad
2444 518 2603 575 linem
2626 531 2728 590 est,
2758 523 3078 581 naturaliter
3103 539 3475 600 compactarum
3491 533 3555 589 eis
3571 518 3780 605 divinarum

2346 612 2619 670 rationum
2655 615 2722 672 ab
2752 616 2866 689 ipso
2893 617 3150 678 Creatore
3187 639 3280 693 per
3317 625 3637 699 negligentiam
3660 651 3780 696 com

2343 714 2564 775 perunt,
2582 708 2753 779 magis
2769 719 2946 765 autem
2963 712 3171 783 scipsos
3184 723 3513 786 temperanter
3524 720 3780 798 salvaverunt,

2343 805 2489 855 totos
2533 801 3044 873 inconversibiliter,
3074 816 3255 879 utpote
3292 809 3485 867 divinae
3506 830 3662 887 organa
3682 831 3783 876 natu-

2341 903 2455 955 rae,
2485 898 2539 945 et
2570 906 2689 948 esse
2719 902 2773 947 et
2803 892 3023 960 futuros
3040 912 3159 954 esse
3184 899 3423 968 scientes,
3446 918 3561 974 quos
3584 917 3777 975 pertotun

2345 988 2487 1036 totus
2545 983 2971 1057 circumspirans
3015 999 3037 1029 ο
3086 989 3228 1047 Deus
3287 992 3339 1047 in
3405 996 3587 1051 modum
3621 1002 3773 1069 animae,

2341 1073 2507 1129 veluti
2550 1078 2794 1133 membra
2821 1082 3062 1152 corporis
3091 1098 3361 1157 compacta
3386 1099 3431 1143 et
3456 1089 3618 1159 optima
3635 1092 3779 1153 Domino

2341 1163 2513 1222 factos
2537 1170 2603 1223 ad
2635 1171 2966 1230 voluntatem
2998 1184 3215 1243 tractat,
3232 1187 3300 1254 ,ει
3331 1182 3527 1251 propria
3560 1183 3780 1258 impletglo-

2340 1262 2423 1317 ria
2452 1264 2893 1335 et—beatitudine,
2922 1270 3091 1325 vitam
3119 1271 3252 1328 dans
3287 1282 3340 1328 et
3381 1274 3562 1332 donans
3581 1287 3778 1349 aetemm,

2340 1365 2502 1427 atque
2532 1355 2880 1427 ineffabilem,
2906 1370 2962 1417 et
3001 1363 3252 1421 omnibus
3294 1367 3455 1423 modis
3491 1369 3681 1427 universa
3700 1372 3780 1429 libe-

2338 1464 2455 1503 ram
2501 1450 2810 1521 cognitione
2847 1457 3176 1514 constitutae
3213 1460 3529 1530 proprietatis
3565 1468 3778 1533 praesentit,

2337 1550 2392 1597 et
2420 1558 2516 1612 per
2545 1546 2946 1615 corruptionem
2993 1550 3318 1608 constitutae
3355 1554 3500 1609 vitae.
3526 1553 3656 1622 Quam
3687 1556 3777 1613 vide-

2336 1629 2462 1687 licet
2491 1633 2653 1690 vitam
2685 1646 2962 1693 aeternam
3003 1656 3110 1695 non
3152 1656 3245 1696 aer
3273 1642 3536 1713 inspirans,
3560 1660 3778 1716 nequeun-

2337 1723 2515 1794 guinis
2565 1726 2723 1783 rivuli
2776 1739 2934 1800 epate
2987 1730 3219 1790 ﬂuentes
3244 1736 3566 1804 constituunt,
3599 1739 3666 1793 sed
3692 1739 3776 1795 bat

638 1787 1061 1860 unumquodque
1100 1808 1225 1849 vero
1264 1813 1472 1867 eorum,
1502 1820 1640 1875 quae
1687 1808 1828 1867 facta
1870 1787 2013 1882 sunt,
2044 1787 2232 1878 volens
2262 1800 2308 1860 Β
2338 1787 2482 1872 lotus
2528 1819 2658 1875 totis
2687 1821 3071 1892 participatus,
3117 1834 3175 1880 et
3220 1826 3424 1883 animae
3474 1827 3520 1882 in
3559 1828 3711 1883 modum
3738 1826 3775 1882 ti

638 1867 763 1892 ιη,
849 1876 862 1891 .
906 1880 938 1892 .-

635 1867 799 1940 fecit;
848 1876 1014 1950 igitur
1059 1895 1118 1940 ut
1158 1904 1285 1947 suas
1326 1894 1634 1956 voluntates
1676 1902 1817 1960 Deus
1858 1912 2137 1980 cognoscit
2164 1930 2228 1971 ea

634 1975 776 2032 quae
799 1980 946 2038 sunt,
989 1979 1243 2045 quoniam
1287 1993 1343 2039 et
1384 1988 1568 2046 volens
1608 2007 1693 2060 ea,
1728 2012 1869 2068 quae
1902 2011 2048 2069 sunt,
2078 2002 2226 2061 fecit.

635 2054 773 2116 Hinc
799 2072 854 2117 et
880 2080 979 2137 ego
1007 2072 1278 2141 aspiciens
1318 2095 1516 2139 censeo
1560 2090 1857 2146 secundum
1901 2093 2001 2151 has
2026 2098 2230 2157 dixisse

632 2149 960 2221 scripturam
978 2162 1214 2222 rationes
1243 2168 1344 2225 hoc
1365 2190 1376 2224 :
1396 2172 1781 2246 Cognoscebam
1803 2193 1852 2238 te
1872 2201 2028 2255 super
2049 2206 2228 2248 omnes

633 2239 699 2295 ad
727 2240 970 2316 Moysen,
999 2259 1052 2306 et
1087 2256 1150 2309 de
1178 2239 1501 2329 quibusdam
1526 2267 1664 2323 hoc:
1694 2239 2227 2344 CognovilDominus

628 2335 719 2404 qui
738 2349 859 2393 sunt
881 2343 983 2408 sui,
1011 2356 1065 2400 et
1091 2348 1286 2407 iterum
1305 2354 1407 2412 hoc
1429 2358 1495 2411 ad
1517 2364 1778 2431 quosdam
1798 2385 1811 2421 :
1830 2367 1954 2425 Non
1976 2372 2095 2427 novi
2120 2391 2224 2432 vos.

630 2423 720 2481 Sic
744 2430 988 2498 profecto
1011 2453 1451 2518 unumquemque
1467 2460 1560 2506 aut
1576 2457 1874 2514 secundum
1891 2460 2223 2522 voluntatem

629 2529 684 2576 et
720 2526 1008 2597 rationem,
1038 2545 1132 2592 aut
1158 2548 1347 2597 contra
1372 2544 1707 2605 voluntatem
1735 2560 1791 2606 et
1826 2555 2089 2612 rationem
2128 2559 2222 2616 Dei

623 2612 966 2677 voluntarius
988 2636 1167 2684 motus
1188 2630 1426 2690 divinam
1448 2638 1637 2695 audire
1654 2658 1839 2700 vocem
1856 2652 2224 2721 praeparavit.

700 2706 844 2766 Haec
894 2721 950 2769 et
991 2717 1295 2788 bujusmodi
1343 2725 1607 2786 deiferum
1652 2733 1797 2792 hunc
1846 2737 2025 2795 virum
2074 2741 2222 2799 arbi-

626 2804 742 2854 tror
790 2800 1179 2877 intelligentcm
1234 2814 1416 2873 dicere
1470 2835 1488 2875 :
1554 2839 1673 2878 cum
1721 2826 1974 2897 cleiforme
2026 2832 2123 2887 hoc
2174 2845 2222 2890 et

623 2891 860 2949 divinum
900 2909 1136 2957 nostrum
1182 2908 1418 2965 animum
1457 2923 1505 2967 et
1545 2916 1801 2973 rationem
1852 2923 2069 2993 proprio
2127 2927 2222 2981 ad-

622 2983 972 3056 miscebimus,
1003 3002 1052 3046 et
1081 2994 1255 3068 imago
1293 3013 1579 3058 revertetur
1615 3006 1686 3060 ad
1720 3010 2012 3082 principale
2046 3031 2225 3072 exem-

620 3075 760 3146 plar,
806 3081 958 3152 cujus
986 3101 1126 3141 nunc
1162 3090 1314 3146 liabet
1341 3097 1662 3165 appetitum;
1696 3075 1760 3155 ac
1796 3116 1896 3172 per
1921 3104 2024 3161 hoc
2062 3108 2217 3165 simi-

620 3166 746 3224 liter
784 3187 881 3242 per
921 3191 1091 3246 pauca
1141 3181 1274 3238 haec
1310 3187 1474 3243 verba
1518 3190 1881 3266 quodcunque
1927 3197 2217 3269 aliquando
2246 3180 2292 3245 (ἶ

622 3275 833 3332 eorum,
865 3283 1007 3338 quae
1052 3281 1200 3341 sunt,
1250 3278 1493 3345 tetigisse
1534 3299 1844 3342 mensuram
1883 3288 2217 3350 arbitrantes

618 3357 1015 3419 aestimandum
1054 3365 1427 3427 doctrinaliter
1462 3377 1774 3447 retrahere,
1819 3390 1874 3437 et
1911 3386 2215 3455 rationem,

616 3449 877 3517 quomodo
901 3469 1027 3522 pars
1056 3454 1153 3510 Dei
1182 3474 1384 3527 smnus,
1409 3463 1700 3535 declarare,
1722 3479 1779 3525 et
1818 3470 2054 3531 futuram
2084 3478 2219 3535 bea-

619 3545 709 3593 tae
730 3540 927 3609 quietis
947 3546 1328 3617 proprietatem
1362 3553 1688 3625 insinuasse,
1716 3569 1770 3616 et
1790 3563 1857 3617 ad
1885 3565 2215 3626 immobilem

619 3631 795 3703 ipsius
826 3644 879 3691 et
909 3640 1170 3709 quietem,
1205 3654 1260 3701 et
1290 3647 1439 3704 nullo
1466 3651 1627 3709 modo
1655 3656 1943 3715 cadentem
1974 3658 2215 3721 fructum

621 3725 883 3787 incitasse
905 3732 958 3788 in
990 3750 1075 3802 ea,
1113 3753 1253 3810 quae
1283 3740 1335 3797 in
1366 3744 1468 3801 hoc
1496 3756 1598 3815 est,
1641 3765 1735 3820 spe
1762 3764 2022 3824 purgatos
2053 3767 2108 3813 et
2137 3757 2223 3816 fe-

618 3820 910 3881 stinantes.
956 3826 1252 3899 Oportebat
1295 3837 1462 3906 enim,
1516 3820 1968 3911 quemadmodum
2008 3852 2076 3908 ad
2113 3853 2218 3912 hoc

616 3912 885 3973 habemus
916 3928 970 3975 et
995 3920 1048 3976 in
1081 3927 1317 3982 essentia
1358 3938 1413 3985 et
1453 3935 1665 3991 ratione
1695 3939 1962 4008 notiones,
2003 3960 2100 4016 per
2130 3963 2217 4002 ra-

617 4004 819 4064 tionem
878 4019 935 4069 et
985 4023 1235 4074 naturam
1292 4031 1439 4078 recte
1484 4026 1701 4095 quidem
1746 4004 1956 4104 ingredi
2004 4004 2216 4110 .simplo

614 4100 831 4169 ordine,
861 4112 917 4160 et
945 4121 1043 4165 nos
1096 4110 1214 4169 sine
1270 4117 1419 4171 omni
1463 4121 1830 4192 qualicunque
1868 4130 2213 4200 quaestione,

614 4191 761 4250 circa
788 4209 953 4266 quam
976 4200 1144 4259 solam
1173 4213 1228 4261 et
1253 4223 1481 4278 peccare
1511 4223 1592 4269 est
1612 4227 1666 4272 et
1688 4216 1819 4285 falli,
1853 4220 2213 4294 deil'ormiter,

614 4296 878 4356 quantum
908 4294 1166 4364 possibile
1190 4308 1292 4367 est,
1316 4303 1498 4359 omnia
1524 4321 1946 4383 cognoscemus;
1972 4331 2077 4372 non
2099 4317 2213 4390 jam

616 4393 718 4449 per
749 4380 1110 4452 ignorantiam
1158 4392 1225 4447 ab
1254 4408 1339 4461 eo,
1374 4396 1464 4467 qui
1491 4399 1634 4455 circa
1679 4418 1742 4459 ea
1790 4415 1895 4473 est,
1933 4418 2083 4466 motu
2121 4411 2217 4468 de-

616 4472 773 4539 tenti,
800 4477 996 4535 merito
1024 4495 1222 4555 magno
1250 4488 1433 4545 animo
1463 4500 1518 4548 et
1553 4495 1750 4553 rationi
1782 4508 1836 4555 et
1863 4502 2077 4573 Spiritui
2115 4521 2213 4562 no-

2335 1925 2532 1982 eorpns
2562 1912 2775 1968 animae
2828 1923 2885 1969 et
2925 1932 3024 1986 per
3076 1918 3308 1974 mediam
3353 1920 3561 1977 animam
3594 1922 3775 1991 οὰωψω

2336 2000 2529 2068 factus,
2565 2004 2705 2060 sicut
2746 2007 2897 2063 novit
2939 2008 3074 2079 ipse,
3116 2019 3176 2065 ut
3203 2026 3266 2067 ea
3294 2011 3493 2083 quidem
3517 2013 3775 2069 incontersilti-

2332 2094 2539 2152 litatem
2569 2099 2819 2169 accipiat,
2854 2100 2984 2156 illud
3018 2118 3152 2159 vero
3186 2104 3772 2172 immortalitatem,ettotnt

2333 2186 2495 2243 homo
2536 2189 2818 2246 deiﬁcetur
2852 2207 2950 2264 per
2992 2194 3324 2252 iubumanati
3354 2198 3437 2254 Dei
3489 2197 3664 2270 gratiam
3688 2195 3768 2251 deii‘

2332 2280 2537 2346 cautis;
2567 2287 2713 2337 totus
2744 2282 2959 2352 quidem
3014 2284 3183 2342 homo
3218 2304 3432 2344 manens
3469 2288 3689 2344 secundum
3708 2286 3772 2340 uti-

2331 2389 2477 2428 mam
2522 2383 2578 2430 ct
2599 2391 2797 2447 corpus
2834 2394 2930 2448 per
2964 2390 3241 2448 naturam,
3293 2390 3345 2438 et
3391 2391 3519 2437 totus
3537 2380 3666 2437 lactus
3694 2377 3772 2433 Dus

2330 2469 2629 2523 secundum
2657 2470 2896 2525 animam
2925 2480 2981 2527 et
3011 2488 3214 2545 corpus
3244 2491 3336 2546 per
3356 2476 3579 2547 gratiam,
3602 2482 3643 2528 et
3658 2485 3771 2528 conn-

2330 2561 2572 2617 nientem
2600 2563 2702 2618 sibi
2729 2580 2826 2636 per
2866 2575 3034 2621 totum
3066 2569 3305 2624 divinam
3347 2571 3520 2625 beatae
3553 2563 3772 2664 gloriae-cla:

2330 2654 2571 2721 ritatem,
2609 2667 2732 2728 post
2758 2673 2921 2729 quam
2962 2659 3098 2715 nihil
3138 2671 3225 2717 est
3251 2661 3317 2716 ad
3347 2659 3672 2730 intelligendum
3696 2654 3772 2710 lusi-

2329 2745 2452 2803 dius
2478 2758 2576 2804 aut
2608 2733 2899 2808 excelsius.
2943 2752 3082 2820 Quid
3130 2756 3275 2811 enim
3305 2757 3515 2822 etans;
3545 2751 3772 2823 dignism‘

2326 2836 2511 2906 bilius,
2552 2856 2838 2913 perquam
2892 2843 3036 2901 Deus
3083 2847 3191 2903 diis
3241 2846 3396 2904 factis
3447 2847 3612 2911 unitus,
3639 2842 3772 2899 omnino

2326 2934 2737 2992 universitatem
2767 2954 2919 2994 suam
2951 2939 3083 2996 facit
3107 2956 3207 3012 per
3228 2941 3535 2999 bonitatem?
3563 2934 3771 3038 Acperltot

2325 3029 2741 3088 delectationem
2772 3044 2827 3090 et
2851 3036 3165 3105 passionem
3192 3047 3248 3094 et
3284 3037 3514 3109 gaudium
3552 3029 3772 3134 bene

2325 3125 2567 3180 navcrim
2595 3127 2756 3183 talem
2785 3137 3010 3196 statum,
3033 3131 3130 3201 qui
3161 3141 3247 3189 est
3268 3146 3361 3204 per
3384 3131 3581 3226 divinant
3599 3124 3770 3226 notitiam,

2323 3224 2381 3272 et
2404 3229 2831 3289 consequentem
2861 3237 2921 3277 se
2946 3222 3190 3279 laetitiae
3221 3223 3473 3280 fructum:
3496 3219 3771 3312 delectationem

2320 3307 2539 3376 quidem
2589 3311 2809 3378 merito,
2855 3311 2981 3367 dum
3013 3313 3085 3369 sit
3118 3315 3244 3370 linis
3273 3311 3563 3370 naturalium
3598 3308 3771 3408 opetim:

2320 3415 2471 3468 num,
2502 3401 2580 3457 sic
2626 3404 2771 3458 enim
2804 3404 3225 3463 delectationem
3266 3407 3540 3471 deﬁniunt;
3573 3401 3771 3472 anSim

2320 3508 2472 3559 vero,
2502 3493 2665 3550 veluti
2708 3497 3094 3555 extendentem
3140 3501 3410 3567 virtutem,
3435 3510 3483 3556 et
3522 3496 3570 3551 ad
3605 3491 3661 3557 id,

2320 3582 2472 3653 facit,
2505 3584 2582 3652 id,
2612 3587 2755 3658 quod
2786 3589 3015 3660 patitur,
3040 3585 3655 3683 inducentent,secundultt

2323 3686 2431 3733 tam
2458 3679 2601 3736 aéris
2628 3680 2696 3735 ad
2732 3679 2905 3737 lucem
2941 3691 2997 3737 et
3048 3684 3118 3738 ad
3174 3686 3347 3756 ignem
3372 3681 3489 3737 l'erri
3518 3672 3771 3749 paradiil‘iiu‘

2321 3786 2441 3827 cam
2468 3789 2709 3842 causam,
2728 3784 2786 3831 et
2811 3776 3130 3833 credibilem
3156 3777 3463 3834 naturaliter
3483 3788 3535 3829 ac
3551 3768 3771 3858 vitredtﬂl‘fe

2320 3863 2464 3920 aliud
2503 3865 2757 3934 quidesse
2786 3878 3001 3939 praeter
3026 3869 3155 3937 hoc,
3185 3885 3387 3934 eorum,
3408 3879 3532 3938 quae
3552 3864 3770 3965 siml.-

2321 3956 2492 4013 tulum
2519 3957 2648 4030 [hoc
2691 3969 2774 4015 est
2801 3960 3371 4035 consummationem],
3413 3971 3549 4031 qnam
3571 3939 3770 4045 ίῐηρλξωθέ

2319 4047 2446 4105 litas
2498 4059 2803 4121 opportune
2855 4053 3136 4124 sequitur;
3190 4054 3433 4127 gaudium
3490 4054 3654 4118 (ιιιοειιιθ

2318 4143 2444 4198 dum
2476 4143 2609 4199 nihil
2647 4143 2845 4202 habeat
2870 4149 3319 4220 contrapositum,
3360 4133 3769 4245 nequcvmff‘ii‘ﬂﬂ

2318 4250 2496 4307 neque
2522 4235 2796 4315 futurum;
2833 4238 3089 4310 gaudium
3122 4240 3270 4295 enim
3310 4237 3478 4294 dicunt
3517 4222 3752 4323 neque

2319 4325 2450 4382 tiam
2482 4344 2644 4384 nosse
2676 4313 3053 4401 praeteritam,
3087 4346 3263 4401 neque
3290 4345 3353 4385 ex
3379 4327 3547 4445 timor?

2319 4428 2598 4445 nhnnnl..m
2657 4419 2721 4445 :_:
2766 4421 3111 4445 .....--.-___.____
3192 4421 3327 4445 ,κῃ-Λ
3389 4438 3399 4445 Α
3424 4428 3519 4445 ΔΜ,
3542 4426 3596 4445 ,Η

2318 4428 2601 4489 “emplum
2657 4395 2724 4476 {ri
2764 4421 3135 4491 spectandam,
3191 4421 3331 4478 sicut
3388 4407 3638 4472 delectatio.
3675 4395 3726 4452 Un

2317 4509 2480 4566 etiam
2522 4510 2689 4567 veluti
2721 4513 3209 4569 demonstrativam
3244 4507 3609 4584 appellationem
3635 4492 3769 4584 lutum

612 4571 783 4620 strum
806 4568 1045 4627 animum
1078 4583 1131 4631 et
1160 4578 1423 4636 rationem
1446 4592 1502 4639 et
1525 4586 1797 4657 spiritum,
1828 4568 2000 4665 magis
2025 4606 2208 4653 autem
2236 4576 2291 4638 Β
2316 4602 2567 4658 veritatis
2591 4603 2976 4662 subsistentem
3009 4606 3367 4662 decreverunt
3399 4600 3569 4669 ubique
3597 4597 3636 4645 ει
3660 4600 3681 4638 ³

615 4656 712 4712 toti
740 4656 850 4715 Dco
897 4669 1038 4720 totos
1082 4682 1180 4723 nos
1235 4670 1403 4741 ipsos,
1441 4675 1603 4732 veluti
1651 4656 2207 4759 principaliexemplo

612 4765 810 4822 imago,
842 4756 1160 4816 accedentes
1182 4762 1233 4830 ἓν,
1253 4764 1392 4821 sicut
1422 4768 1586 4824 etiam
1620 4771 1670 4825 in
1695 4788 1968 4845 sermone,
2001 4779 2099 4850 qui
2126 4789 2210 4837 est

611 4842 678 4901 de
706 4848 986 4923 grandine,
1020 4854 1209 4912 edocet
1245 4859 1324 4915 sic
1372 4861 1556 4919 dicens
1588 4881 1601 4919 :
1645 4864 1715 4920 Et
1744 4884 1838 4923 nos
1877 4842 2087 4942 quidem
2121 4876 2206 4930 in-

610 4937 836 5009 e/fabilis
866 4942 961 4999 Iun:
1009 4949 1254 5020 accipiet,
1296 4961 1343 5007 et
1377 4964 1590 5011 sanctae
1631 4973 1694 5012 ac
1740 4961 1930 5032 regalis
1980 4976 2211 5023 contem-

538 5024 541 5027 λ
610 5029 774 5101 platio
805 5037 1059 5093 trinitatis
1083 5039 1429 5099 illuminantis
1449 5046 1660 5116 planius
1687 5060 1735 5104 et
1767 5024 1950 5122 purius
1972 5065 2019 5110 et
2049 5058 2208 5115 totius

612 5128 709 5181 toti
740 5130 915 5186 animo
944 5135 1161 5202 mixtae,
1192 5153 1352 5208 quam
1381 5141 1538 5195 etiam
1576 5142 1742 5198 solam
1775 5163 1989 5218 regnum
2030 5151 2207 5207 caelo-

612 5233 729 5275 rum
755 5240 847 5295 ego
870 5242 1038 5296 pono,
1069 5244 1193 5284 cum
1224 5229 1583 5288 delectatione
1614 5235 1914 5293 delectatur
1937 5249 1993 5296 et
2040 5242 2208 5299 lacta-

610 5321 720 5380 tur,
751 5322 810 5371 ut
840 5318 944 5386 bis,
977 5336 1116 5391 quae
1148 5332 1274 5379 sunt
1299 5324 1490 5394 ipsius,
1523 5326 1699 5382 audax
1723 5331 2042 5405 conjungam
2068 5351 2209 5406 quae

610 5406 731 5466 mea
762 5421 909 5482 sunt,
940 5417 1118 5473 omnis
1149 5408 1400 5475 creatura
1452 5421 1735 5479 rationalis
1782 5425 2097 5497 angelorum
2151 5438 2207 5485 et

2320 4695 2568 4764 inspirati
2597 4711 2893 4761 sermones,
2911 4706 2966 4753 et
2982 4714 3047 4754 ex
3070 4698 3151 4754 eis
3173 4699 3350 4754 divina
3364 4680 3766 4788 sapientes

2317 4786 2511 4844 Patres
2533 4790 2724 4845 nostri.
2750 4788 2937 4861 Itaque
2952 4791 3398 4862 quemadmodum
3415 4788 3462 4843 in
3485 4777 3767 4871 transl!“fo

2321 4890 2402 4937 ret
2430 4897 2527 4953 per
2551 4898 2637 4939 me
2685 4883 2982 4954 paululum,
3014 4893 3069 4941 et
3100 4882 3411 4998 naturaliter
3431 4886 3480 4935 et
3504 4866 3765 4998 ιῖξτηξᾜεᾚ·

2321 4970 2462 4998 ’λη-Ἰ
2495 4970 2681 4998 πει-ηυ-
2715 4984 2987 4998 ιι--η-..ημ
3038 4983 3115 4998 --ι
3168 4989 3372 4998 ----,,,,,,,,
3395 4986 3422 4998 Α
3449 4985 3506 4998 ,,,,
3546 4980 3568 4998 η
3648 4997 3651 4998 ν
3754 4979 3765 4998 ,

2320 4970 2463 5047 ram]
2494 4970 2684 5029 Patres
2712 4984 2989 5030 ostensum
3032 4983 3135 5040 est,
3164 4973 3424 5046 quomodo
3449 4963 3767 5092 nullumnegzus:

2320 5079 2455 5092 mu...
2483 5064 2617 5092 tam...
2649 5076 2770 5092 κη...
2830 5083 3063 5092 ....,.,,,,,,
3090 5068 3233 5092 ,ξηιλ
3265 5073 3405 5092 mn,“
3442 5069 3609 5092 "Amm,
3655 5087 3662 5092 _

2315 5079 2457 5136 quae
2480 5064 2622 5121 facta
2648 5076 2793 5133 sunt,
2830 5083 3065 5138 unquam
3088 5068 3236 5124 sistis
3265 5073 3424 5129 motu,
3441 5057 3765 5179 ttmltteltpnfccz:

2319 5154 2550 5179 φημι-.-μ
2581 5156 2811 5179 ,ιεηεημμ
2842 5157 3257 5179 ηηημηΑΔη-
3287 5162 3470 5179 “um.
3491 5161 3588 5179 mm
3670 5173 3680 5179 Δ

2315 5154 2554 5211 cundum
2576 5156 2815 5212 divinam
2840 5157 3260 5229 speculationem
3284 5153 3471 5225 accep"
3489 5144 3767 5256 qmc'enj'jf:

2316 5247 2402 5304 his
2418 5264 2655 5320 quoque,
2671 5252 2943 5320 quomodo
2966 5252 3297 5324 impossibile
3319 5259 3398 5306 est
3421 5248 3465 5302 in
3488 5233 3764 5367 0003ῖὲηῇ

2316 5340 2485 5367 αξη-εει.
2534 5342 2812 5367 ,12η..η........
2871 5344 3187 5367 ...ι..-,.ι.-....Ιξ
3243 5340 3522 5367 η..-..2ιη1ιιιιη

2316 5340 2488 5396 Sionis
2530 5342 2815 5414 dignorum
2869 5344 3190 5417 reprehendi
3243 5327 3763 5454 ﬁrtniMlem.'Q:l:“r:u°:

2320 5433 2457 5454 -,,ε,,,
2507 5432 2870 5454 _-.._--_..,g._
3179 5453 3195 5454 η
3249 5451 3297 5454 ,,
3344 5434 3453 5454 η-.-
3482 5439 3561 5454 -..η

2315 5433 2461 5488 enim
2499 5445 2584 5491 est
2605 5432 2898 5506 lpossibile,
2931 5445 2991 5492 ut
3031 5436 3135 5505 bis,
3167 5451 3303 5509 quae
3328 5434 3457 5490 dicta
3481 5428 3598 5487 sunt,
3620 5418 3730 5486 Pam

2156 5540 2409 5601 NOTAE.

682 5643 829 5732 f§ile
857 5646 908 5702 J.
941 5646 1153 5732 scelus.
1190 5647 1353 5732 Yezte
1391 5663 1438 5709 et
1481 5651 1789 5732 Pantaenus
1825 5660 1916 5730 qui
1954 5660 2206 5732 magister

632 5715 711 5792 uit
740 5714 1018 5792 Qleruentis
1052 5720 1235 5792 Magni
1266 5720 1569 5782 Stromatei.
1835 5714 1848 5730 ’
1936 5749 1959 5763 ν

684 5784 714 5828 δ
746 5784 804 5844 In
846 5788 1055 5849 Graeco
1082 5784 1470 5872 ὡς’ἁρχιτύπῳ
1499 5801 1670 5870 εἰκόνι,
1700 5809 2202 5879 προσχωρήσαντας.

2316 5661 2492 5755 Verte
2503 5668 2784 5738 principau
2809 5669 3099 5755 eaemplari
3112 5670 3336 5755 .iconem,
3360 5659 3668 5755 permittant“:
3691 5642 3757 5695 οαο

2388 5748 2410 5776 ο
2453 5737 2927 5818 ϐηιρερίπιριφύς,
2952 5737 3310 5815 complectens.
