4004 6290
186 215 324 273 1209

1263 200 1512 266 VERSIO
1547 198 2008 260 AMBIGUORUM
2043 198 2101 258 S.
2142 200 2402 255 MAXlMl.

3300 201 3440 258 1210

183 327 452 402 quoddam
476 323 542 383 ad
564 323 1029 381 conﬁrmationem
1057 335 1122 377 ex
1146 317 1645 376 ratiocinationibus
1666 317 1760 373 de-
1784 324 1837 383 Α
1860 325 2008 372 ctum
2042 314 2454 388 providentiam,
2503 322 2558 369 et
2603 313 2668 369 de
2697 312 2969 384 diligendo
3010 312 3256 385 proximo
3295 318 3443 375 sicut

182 438 306 480 mus
333 418 680 492 adiutorium,
713 417 881 475 semel
910 417 964 472 iu
998 415 1109 471 Deo
1134 413 1564 471 substantialiter
1591 410 1764 467 factos

183 514 454 586 ingratam
476 525 574 581 per
602 509 927 567 desiderium
958 506 1232 577 accepisse
1275 506 1605 570 satietatem,
1637 503 1766 559 dum

182 605 361 665 omnis
380 604 605 660 satietas
622 602 916 659 secundum
945 616 1099 658 suam
1124 600 1389 657 rationem
1414 605 1471 654 et
1496 597 1768 654 deﬁnitio-

184 711 311 761 nem
354 695 649 751 constituta
691 692 1018 751 desiderium
1051 692 1353 762 extinguat,
1387 699 1443 747 et
1469 689 1768 746 secundum

184 786 323 844 duos
357 786 717 842 constituatur
753 784 963 839 modos.
1010 783 1120 838 Aut
1163 782 1329 848 enim,
1356 795 1497 853 quae
1522 778 1768 849 subjecta

187 889 335 943 sunt,
358 876 525 934 veluti
568 892 730 945 parva
760 876 1211 932 circumscribens
1239 874 1565 930 desiderium
1587 872 1768 928 extin-

185 972 323 1043 guit,
346 977 441 1025 aut
458 983 720 1040 spernens
740 968 903 1025 veluti
931 968 1106 1039 turpia
1126 982 1192 1023 ac
1211 966 1472 1037 deformia
1492 964 1773 1020 abomina-

190 1072 309 1129 tur;
341 1076 409 1119 ex
434 1062 520 1121 his
540 1063 762 1118 satietas
790 1061 906 1118 fieri
931 1060 1230 1116 consuevit.
1256 1057 1401 1113 Deus
1430 1071 1558 1113 vero
1578 1065 1773 1111 natura

190 1155 494 1211 subsistens
531 1153 772 1209 inﬁnitus
818 1167 885 1208 ac
931 1154 1222 1224 pretiosus,
1268 1151 1561 1207 extendere
1599 1142 1781 1220 magis

192 1232 487 1302 fruentium
505 1259 564 1301 se
573 1259 671 1316 per
682 1244 1149 1316 participationem
1168 1246 1236 1297 ad
1257 1242 1330 1307 id,
1347 1241 1490 1311 quod
1503 1239 1773 1294 infinitum

191 1347 300 1406 est,
320 1337 648 1395 desiderium
671 1338 968 1394 consuevit.
993 1336 1050 1393 Si
1072 1345 1252 1392 autem
1272 1335 1377 1390 hoc
1400 1347 1609 1400 verum,
1635 1331 1777 1388 sicut

195 1439 381 1498 etest,
406 1446 513 1487 non
538 1438 658 1486 erat
685 1430 848 1502 igitur
875 1430 985 1497 illa,
1006 1443 1149 1501 quae
1168 1429 1314 1509 dicta
1342 1435 1448 1493 est,
1484 1427 1663 1481 unitas
1690 1440 1777 1479 ra-

200 1522 561 1589 tionabilium,
598 1536 739 1592 quae
773 1520 1083 1577 satietatem
1123 1519 1396 1590 accipiens
1427 1527 1778 1589 perseveran-
1814 1514 1829 1553 ἒ

199 1616 325 1680 tiae,
339 1627 479 1684 quae
494 1612 549 1668 in
569 1611 704 1679 Deo,
730 1611 929 1683 partita
942 1618 1044 1676 est,
1056 1619 1113 1665 et
1131 1623 1199 1666 ex
1216 1608 1435 1680 propria
1459 1605 1779 1662 discissione

1863 406 2095 477 seipsam
2126 406 2324 476 jubens
2370 405 2703 470 mandatum,
2746 406 3042 477 prudenter
3071 422 3267 477 corpus
3297 410 3439 467 reci-

1862 502 1974 572 pit,
2018 515 2115 571 per
2164 500 2389 555 virtutes
2426 501 2589 555 etiam
2637 498 2767 553 illud
2815 499 3067 554 famulari
3127 500 3239 559 Deo
3281 502 3444 561 ellictt

1866 601 1927 649 ut
1972 607 2313 659 conservum,
2353 601 2409 648 et
2454 607 2553 664 per
2587 607 2741 647 suam
2786 595 3129 650 medietatem
3181 595 3444 654 factorem

1868 685 2031 741 faciet
2059 699 2454 755 possessurum,
2480 693 2536 740 et
2562 683 2688 740 data
2726 685 3133 757 immortalitate
3174 688 3448 747 insolubili

1867 777 2084 834 vinculo
2145 777 2273 834 illud
2320 777 2424 833 sibi
2477 775 2893 846 conjuncturum
2926 820 2941 847 ,
2993 790 3052 836 ut
3105 783 3249 851 quod
3304 783 3449 840 Deus

1869 868 2107 933 animae,
2134 868 2236 923 hoc
2266 868 2445 922 anima
2475 869 2690 955 cprpori
2735 869 2850 935 fiat,
2876 878 2932 925 et
2963 886 3103 927 unus
3131 874 3450 932 ostendatur

1871 961 2112 1016 omnium
2174 959 2417 1026 Creator,
2468 960 2947 1030 proportionaliter
3002 977 3100 1033 per
3148 964 3453 1021 humanitas

1876 1062 1981 1109 tem
2029 1052 2210 1109 omnia
2258 1053 2565 1124 ingrediens
2609 1067 2750 1125 quae
2793 1063 2939 1121 sunt,
2982 1063 3038 1110 et
3065 1055 3120 1111 in
3150 1071 3315 1112 unum
3356 1072 3453 1113 ve-

1874 1146 2029 1201 niant
2050 1147 2219 1202 multo
2253 1161 2284 1200 a
2306 1160 2365 1202 se
2389 1147 2625 1202 invicem
2648 1148 2945 1203 secundum
2970 1157 3220 1204 naturam
3248 1150 3458 1206 distan-

1877 1239 1951 1296 tia
2004 1239 2148 1294 circa
2209 1254 2371 1295 unam
2444 1239 2679 1311 hpminis
2741 1248 3010 1313 naturam,
3066 1241 3169 1297 sibi
3224 1242 3455 1298 invicem

1877 1332 2279 1398 convenientia,
2322 1341 2376 1387 et
2414 1331 2475 1386 fit
2519 1333 2698 1388 omnia
2748 1333 2801 1386 in
2840 1334 3091 1390 omnibus
3136 1335 3250 1405 ipse
3291 1336 3457 1402 Deus,

1880 1427 2063 1481 omnia
2101 1428 2585 1499 comprehendens,
2645 1434 2701 1482 et
2738 1443 2903 1482 unum
2961 1428 3292 1486 substituens
3327 1431 3460 1487 sibi-

1879 1526 2012 1584 met,
2041 1530 2109 1572 eo
2156 1517 2300 1589 quod
2349 1517 2555 1574 nullum
2606 1516 2836 1589 amplius
2865 1531 3075 1587 eorum,
3122 1536 3260 1591 quae
3311 1531 3457 1589 sunt,

1880 1605 2082 1662 sinitur
2110 1607 2387 1677 possidere
2414 1618 2644 1675 motum,
2675 1616 2731 1662 et
2765 1609 2934 1679 ipsius
2973 1624 3170 1680 expers
3207 1625 3462 1682 praesen~

194 1703 383 1761 mundi
410 1703 572 1775 hujus
590 1704 998 1775 generationem
1019 1701 1406 1766 cointrodusit,
1428 1713 1496 1755 ne
1516 1698 1779 1769 optimum
1806 1700 1857 1763 Β
1885 1700 2015 1765 tiae,
2041 1713 2140 1770 per
2166 1713 2329 1770 quain
2363 1709 2417 1755 et
2436 1698 2519 1754 Dii
2549 1710 2603 1756 et
2630 1699 2725 1755 lilii
2755 1700 2804 1767 ι),
2829 1711 2885 1757 ει
2918 1717 3113 1774 corpus
3142 1714 3198 1760 et
3222 1704 3464 1761 membra

198 1799 399 1856 bonum
427 1796 900 1868 circumscriptum
948 1792 1210 1849 faciamus
1238 1791 1451 1858 et,vile,
1491 1788 1652 1845 veluti
1691 1804 1779 1844 sa-

200 1895 388 1950 tietate
410 1892 645 1963 quadam
672 1888 1116 1953 circumlinitum,
1144 1894 1202 1942 et
1240 1884 1522 1942 seditionis
1552 1897 1777 1940 causam

197 1987 397 2045 factam
424 1984 553 2051 illis,
582 1998 815 2056 quorum
839 1981 1168 2040 desiderium
1193 1980 1268 2046 id,
1300 1979 1445 2051 quod
1475 1978 1779 2033 incommu-

202 2078 362 2137 tabile
389 2087 496 2147 est,
528 2087 715 2151 tenere
740 2090 846 2132 non
874 2073 1068 2147 potuit.
1098 2072 1165 2135 Et
1190 2087 1259 2127 ne
1293 2073 1586 2126 vanitatem
1619 2068 1783 2124 talem

200 2173 422 2245 quidam
469 2172 541 2227 de'
576 2180 759 2227 cetero
803 2169 1028 2225 adorent
1081 2177 1130 2232 α,
1166 2174 1226 2220 ut
1268 2164 1400 2219 mihi
1440 2162 1677 2227 videtur,
1718 2174 1784 2215 ea

200 2279 340 2336 quae
355 2278 463 2319 non
487 2262 915 2333 suntllngentes,
939 2268 1018 2324 et,
1046 2258 1191 2327 quod
1211 2270 1277 2310 eo
1300 2253 1540 2326 gravius,
1567 2252 1786 2306 beatum

202 2356 347 2412 hunc
372 2353 611 2420 Patrem,
638 2351 804 2406 veluti
846 2349 975 2405 talia
1002 2349 1323 2418 sapientem,
1362 2344 1785 2409 calumniantur,

205 2447 262 2503 in
289 2461 397 2517 quo
428 2460 536 2502 non
559 2442 732 2500 solum
757 2456 817 2499 se
837 2457 903 2499 ex
929 2440 1098 2512 priori
1127 2439 1308 2510 specie
1336 2436 1476 2493 vitae
1497 2435 1707 2491 animas
1730 2435 1788 2489 in

203 2551 434 2609 corpora
465 2536 653 2594 venire
679 2535 733 2590 in
770 2533 1029 2589 ultionem
1054 2545 1264 2596 eorum,
1292 2543 1431 2602 quae
1457 2534 1584 2583 ante
1599 2540 1790 2599 perpe-

206 2638 347 2687 trata
375 2636 523 2693 sunt,
552 2626 818 2685 malorum
848 2624 1090 2681 dicentes
1117 2628 1513 2693 consequenter
1541 2626 1788 2692 possunt,

206 2721 305 2778 sed
314 2731 369 2776 et
385 2718 519 2775 alios
533 2719 792 2776 seducere
805 2716 886 2774 sic
901 2715 1121 2781 habere,
1137 2711 1526 2770 rationabiliter
1545 2709 1792 2767 conando

206 2828 304 2886 per
322 2825 673 2883 personarum
696 2808 1041 2881 probitatem,
1062 2822 1236 2878 neque
1254 2806 1392 2861 bene
1411 2817 1588 2873 neque
1602 2809 1790 2858 sancte

207 2913 456 2976 agentes,
478 2904 571 2959 sed
589 2901 733 2968 illos,
756 2903 848 2971 qui
868 2901 949 2956 sic
970 2900 1190 2965 habent,
1215 2897 1415 2953 habere
1434 2894 1789 2959 dimittentes,

207 3013 312 3054 nos
339 2997 444 3069 ipsi
468 2997 559 3069 pie
581 2994 911 3051 intellectum
934 2992 1182 3065 magistri
1206 3007 1328 3048 cum
1359 2991 1467 3057 his,
1490 3002 1629 3060 quae
1649 2987 1792 3044 dicta

208 3101 360 3159 sunt,
396 3093 560 3147 etiam
587 3102 683 3159 per
708 3088 874 3143 alium
897 3086 1381 3158 conteniplahitnur
1406 3081 1646 3139 modum.

283 3182 402 3240 Non
430 3180 669 3237 arbitror
716 3180 880 3251 igitur
931 3180 1200 3235 humanae
1243 3192 1369 3235 eum
1423 3173 1794 3249 generationis

212 3276 324 3342 hic,
359 3274 455 3331 sed
482 3273 756 3346 ingenitae
800 3271 850 3327 ei
896 3271 1150 3328 miseriae
1197 3285 1417 3326 causam
1449 3284 1675 3326 narrare
1701 3284 1798 3326 vo-

211 3365 397 3422 luisse.
439 3365 656 3437 Lugens
682 3362 827 3420 enim
872 3360 1115 3432 corporis
1162 3360 1336 3416 nostri
1383 3359 1659 3415 miseriam
1701 3373 1798 3430 per

174 3478 189 3489 ·
213 3459 319 3515 hoc
368 3456 594 3513 dicendo
644 3473 659 3510 :
720 3453 764 3510 0
822 3453 1240 3525 conjunctionetn
1299 3463 1347 3508 et
1394 3452 1797 3523 separationem,

211 3568 396 3625 quam,
434 3551 560 3605 dum
604 3551 779 3616 timeo,
825 3549 1232 3620 circumsequor,
1262 3557 1309 3601 et
1333 3547 1472 3617 quod
1498 3563 1618 3601 amo
1646 3545 1798 3616 dedi,

214 3657 274 3704 et
303 3646 532 3718 reliqua,
586 3653 642 3703 et
691 3645 858 3701 veluti
884 3646 1027 3715 apud
1082 3643 1433 3714 semetipsum
1482 3641 1796 3698 deliberans

216 3731 287 3798 de
329 3755 492 3796 causa
524 3754 735 3807 eorum,
773 3738 970 3811 quibus
1016 3736 1459 3801 dehonestamur,
1511 3733 1799 3801 malorum,

217 3844 277 3890 ct
328 3845 514 3892 contra
560 3850 682 3890 eam
736 3832 1137 3904 sapientissima
1189 3830 1474 3902 prudentia
1524 3828 1806 3901 disputans

217 3941 320 4000 per
348 3929 451 3984 hoc
496 3929 638 4000 quod
679 3927 848 3984 dicit:
916 3924 1063 3992 Quae
1116 3940 1239 3994 erga
1277 3939 1358 3978 me
1416 3922 1698 3996 sapientia,
1755 3929 1805 3976 et

219 4020 362 4095 quod
426 4036 673 4092 magnum
747 4017 1094 4091 mysterium?
1179 4016 1423 4084 addidit,
1482 4015 1806 4071 solutionem

219 4112 382 4184 plane
413 4110 640 4176 faciens,
691 4109 771 4165 sic
801 4126 815 4165 :
849 4110 931 4163 An
978 4108 1086 4163 vult
1129 4118 1330 4179 partem
1362 4123 1455 4162 nos
1479 4123 1587 4161 esse
1615 4104 1733 4172 Dei,
1760 4114 1808 4161 et

220 4205 498 4260 desursum
533 4205 770 4275 ﬂuentes,
828 4212 882 4256 ut
935 4216 1041 4256 non
1085 4217 1177 4271 per
1219 4201 1528 4271 dignitatem
1567 4198 1806 4265 excitati,

220 4307 274 4351 et
298 4295 544 4350 caelestia
582 4291 1019 4365 contemplantes;
1053 4292 1400 4363 despiciamus
1430 4289 1731 4345 Creatorem
1752 4289 1809 4345 in

222 4392 507 4445 luctatione
528 4407 589 4444 ac
615 4404 811 4462 pugna,
838 4404 973 4459 quae
996 4396 1177 4441 contra
1197 4400 1386 4457 corpus
1408 4395 1505 4452 est,
1539 4384 1608 4437 ad
1633 4384 1807 4455 ipsum

172 4548 179 4557 Δ
219 4502 425 4558 semper
445 4486 825 4556 aspiciendam,
855 4494 905 4540 et
930 4483 1264 4555 conjunctam
1303 4481 1664 4552 inﬁrmitatem
1711 4497 1812 4535 nu-

221 4583 473 4638 trituram
491 4595 601 4636 esse
641 4580 928 4650 dignitatis.
975 4582 1054 4634 Ac
1079 4579 1125 4635 si
1171 4578 1253 4635 sic
1283 4577 1483 4633 diceret
1515 4593 1528 4631 :
1555 4576 1812 4647 quoniam

222 4673 447 4742 quidem
471 4687 538 4727 ex
568 4672 747 4725 anima
792 4680 849 4724 et
872 4683 1101 4740 corpore
1138 4685 1235 4740 per
1279 4669 1573 4725 bonitatem
1621 4684 1653 4723 a
1700 4668 1811 4725 Deo

224 4770 405 4826 factus
461 4776 548 4823 est
598 4767 780 4832 homo,
829 4766 882 4819 in
934 4766 1037 4821 hoc
1090 4763 1458 4830 meditabitur,
1516 4762 1659 4833 quod
1707 4762 1810 4818 sibi

228 4862 514 4919 rationalis
551 4870 608 4917 et
652 4858 1032 4916 intellectualis
1078 4859 1203 4913 data
1257 4858 1331 4913 sit
1379 4859 1583 4923 anima,
1612 4857 1811 4930 quippe

225 4955 528 5013 secundum
565 4953 855 5024 imaginem
885 4950 1133 5007 facientis
1159 4965 1280 5007 eam
1318 4951 1633 5018 substituta,
1667 4966 1809 5022 quae

231 5061 332 5119 per
356 5030 684 5106 desiderium
737 5044 996 5115 quidem,
1062 5054 1118 5099 et
1161 5059 1229 5100 ex
1276 5052 1384 5100 tota
1438 5043 1639 5101 virtute
1687 5043 1812 5100 uni-

233 5138 498 5196 versalem
537 5138 825 5194 caritatem
871 5135 1101 5192 firmiter
1139 5136 1309 5193 Deum
1339 5136 1648 5209 cognitione
1685 5149 1813 5206 pos-

231 5233 415 5298 sidet,
462 5241 519 5289 et
595 5230 893 5287 secundum
956 5229 1365 5286 similitudinem
1418 5230 1817 5287 deificationem

235 5331 469 5404 accipiet
487 5372 505 5395 .
560 5330 858 5387 secundum
900 5343 1031 5385 vero
1077 5326 1466 5401 disciplinalem
1517 5327 1586 5384 ad
1636 5325 1819 5399 subje-

1882 1798 1937 1845 ει
1961 1804 2090 1859 pars
2112 1790 2207 1845 Dei
2229 1798 2284 1844 et
2308 1792 2500 1845 horum
2528 1791 2723 1846 similia
2752 1801 2808 1847 et
2834 1807 3020 1850 sumus
3048 1804 3103 1849 et
3126 1795 3356 1853 dicimur
3376 1812 3460 1863 ea,

1885 1895 2026 1952 quae
2059 1881 2128 1936 ad
2154 1880 2315 1936 linem
2350 1889 2454 1949 est,
2495 1881 2757 1939 relatione
2807 1884 3019 1942 divinae
3061 1888 3464 1960 speculationis.

1955 1971 2224 2039 Quoniam
2257 1972 2423 2043 igitur
2448 1982 2503 2028 et
2536 1974 2639 2031 hoc
2663 1986 2718 2030 et
2748 1976 2801 2031 in
2838 1976 2941 2034 hoc
2975 1979 3135 2037 homo
3165 1980 3341 2040 factus
3363 1993 3466 2052 est,

1885 2063 1941 2120 in
1966 2065 2144 2135 primo
2170 2080 2300 2121 vero
2323 2076 2478 2137 patre
2515 2081 2601 2135 eo,
2655 2070 2797 2139 quod
2838 2082 3086 2142 paratum
3134 2083 3217 2132 est
3261 2077 3330 2133 ad
3373 2092 3472 2149 po-

1888 2157 2132 2223 tentiam,
2163 2157 2363 2213 abusus
2400 2168 2485 2214 est
2525 2159 2594 2213 ad
2637 2161 2856 2228 malum,
2911 2166 3245 2224 transferens
3286 2184 3353 2226 ex
3381 2166 3471 2239 eo,

1887 2251 2031 2322 quod
2075 2264 2398 2306 concessum
2438 2261 2542 2318 est,
2580 2253 2650 2309 ad
2697 2254 2771 2322 id,
2818 2257 2960 2326 quod
3003 2260 3334 2329 prohibitum
3364 2271 3473 2329 est,

1888 2341 2215 2398 desiderium
2242 2372 2313 2382 —
2338 2343 2538 2398 etenim
2567 2353 2688 2400 erat
2715 2360 2815 2416 per
2840 2361 2900 2402 se
2939 2358 3152 2420 potens,
3177 2360 3231 2407 et
3277 2349 3476 2410 adhae-

1889 2446 2011 2488 rere
2048 2431 2299 2498 Domino,
2340 2442 2395 2488 et
2438 2435 2492 2489 in
2530 2436 2783 2508 Spiritum
2838 2437 2987 2507 fieri;
3029 2442 3329 2500 adhaerere
3358 2458 3477 2500 mc-

1892 2525 2097 2591 retrici,
2127 2534 2183 2580 et
2210 2527 2265 2580 in
2292 2540 2490 2599 corpus
2520 2526 2639 2584 lieri
2670 2531 2923 2587 seductus
2969 2533 3150 2606 elegit,
3199 2545 3253 2591 ct
3297 2535 3477 2593 divina

1890 2627 1948 2676 et
2000 2620 2158 2674 beata
2211 2619 2421 2675 visione
2486 2619 2672 2679 volens
2733 2623 2969 2695 seipsum
3039 2626 3290 2697 expulit,
3355 2629 3477 2696 sic,

1891 2710 2020 2766 dum
2053 2721 2201 2767 esset
2235 2711 2376 2768 Deus
2416 2713 2615 2784 gratia,
2661 2722 2807 2770 terra
2847 2714 2967 2772 fieri
3006 2731 3105 2788 per
3150 2718 3480 2778 voluntatem

1892 2806 2696 2879 praehouorans—sapienter
2742 2809 2904 2865 simul
2953 2819 3010 2866 et
3055 2812 3483 2872 misericorditer

1880 2894 1951 2953 ἐι
1992 2912 2126 2954 suae
2170 2900 2555 2956 convenienter
2605 2901 2834 2957 bonitati
2882 2910 3101 2960 nostrae
3145 2903 3335 2961 salutis
3365 2904 3482 2964 dis-

1898 3001 2157 3062 iensator
2180 2991 2348 3059 Deus,
2375 2991 2737 3049 irrationabili
2777 2995 2947 3050 motui
2972 2995 3352 3053 intellectualis
3373 2997 3487 3054 vir-

1820 3072 1868 3138 C
1900 3091 2054 3151 tutis,
2074 3099 2213 3157 quae
2241 3084 2297 3138 in
2324 3084 2484 3141 nobis
2504 3094 2610 3152 eat,
2637 3097 3059 3156 consequentem
3090 3096 3390 3159 opportune
3404 3086 3486 3142 af-

1900 3173 2018 3230 fixit
2048 3176 2365 3245 vindictam,
2392 3176 2524 3233 illud
2549 3177 2724 3249 ipsum
2753 3176 3000 3235 fortassis
3041 3179 3196 3251 juxta
3221 3182 3486 3239 rationem

1898 3269 2133 3342 puniens
2156 3279 2354 3338 morte,
2381 3285 2481 3342 pro
2509 3286 2619 3344 quo
2642 3273 2938 3329 secundum
2978 3274 3219 3330 animum
3250 3274 3349 3331 soli
3377 3273 3489 3333 Deo

1902 3363 2140 3418 debitam
2192 3364 2438 3420 caritatis
2507 3363 2837 3436 projecitnus
2885 3365 3184 3431 virtutem,
3241 3376 3301 3423 ut
3354 3366 3490 3423 nihil

1901 3467 2184 3522 amantes,
2218 3471 2316 3527 per
2364 3457 2674 3529 passionem
2728 3457 3051 3529 quandoque
3104 3454 3491 3530 poenitentiam

1904 3558 2156 3619 agentes,
2208 3550 2277 3603 ad
2303 3548 2379 3615 id,
2426 3550 2571 3622 quod
2597 3558 2704 3616 est,
2754 3550 2950 3605 iterum
2980 3552 3207 3609 eandem
3233 3553 3494 3611 reducere

1905 3640 2242 3696 disceremus
2270 3641 2555 3697 virtutem.
2600 3642 2751 3712 Quod
2798 3644 3014 3714 quidem
3041 3646 3340 3717 procedens
3373 3663 3492 3702 ma-

1906 3732 2159 3788 nifestius
2202 3730 2335 3788 facit
2377 3733 2564 3790 dicens
2611 3733 2762 3790 :Sett
2816 3737 2944 3792 mihi
2995 3739 3208 3809 quidem
3260 3755 3379 3810 per,
3396 3740 3493 3795 hoc

1904 3826 2110 3881 videtur
2134 3825 2265 3879 nihil
2293 3827 2378 3881 hic
2400 3827 2653 3882 bonorum
2682 3845 2791 3883 esse
2815 3829 2973 3899 ﬁdele
3000 3832 3297 3887 hominibus
3328 3848 3492 3905 neque

1906 3918 2325 3991 longaevitatem,
2353 3932 2406 3976 at
2450 3922 2496 3976 si
2534 3923 2660 3996 quid
2701 3924 2872 4007 aliud,
2914 3935 2963 3981 et
2995 3928 3092 3981 hoc
3143 3926 3269 3984 bene
3299 3928 3491 3999 artiﬁci

1908 4013 2076 4078 verbo,
2105 4021 2153 4067 et
2193 4028 2396 4068 onmem
2441 4014 2759 4069 intellectum
2797 4028 3074 4088 superante
3099 4020 3356 4091 sapientia
3384 4039 3497 4078 ma-

1908 4104 2175 4158 chinatum
2206 4115 2302 4170 est,
2333 4104 2627 4160 deludendo
2654 4123 2746 4160 nos
2793 4108 3099 4180 visibilibus,
3147 4112 3200 4165 in
3250 4112 3496 4184 aliudque

1910 4196 2067 4253 aliter
2091 4202 2454 4253 transmutatis
2497 4208 2543 4253 et
2590 4202 3063 4257 transmutantibus
3087 4244 3104 4270 ,
3134 4213 3182 4259 et
3214 4220 3420 4262 sursum
3451 4217 3499 4263 et

1908 4292 2153 4347 deorsum
2173 4290 2476 4363 ferentibus,
2502 4304 2550 4351 et
2571 4294 2932 4361 titubantibus,
2958 4305 3005 4351 et
3029 4297 3337 4368 priusquam
3359 4315 3501 4355 com-

1841 4436 1888 4497 Β
1911 4396 2300 4467 prehendantur
2328 4401 2633 4457 abeuntibus
2661 4413 2708 4457 et
2739 4403 3059 4475 fugientibus
3081 4446 3097 4473 ,
3131 4414 3186 4459 ut
3229 4405 3282 4460 in
3312 4404 3393 4459 his
3420 4404 3501 4459 in-

1888 4564 1891 4567 _
1917 4493 2103 4549 stabile
2124 4503 2171 4547 et
2197 4494 2498 4548 anomalum
2522 4494 2950 4565 contemplantes,
2975 4497 3044 4551 ad
3066 4497 3303 4567 futuram
3328 4509 3502 4553 trans-

1917 4601 2119 4640 eamus.
2173 4582 2312 4651 Quid
2338 4585 2476 4638 enim
2499 4583 2789 4654 faceremus
2814 4588 2866 4640 in
2896 4589 3179 4665 praesenti,
3203 4589 3329 4644 dum
3355 4589 3501 4645 nobis

1918 4678 1987 4732 ad
2017 4676 2141 4731 bene
2171 4676 2429 4747 agendum
2458 4692 2560 4729 non
2586 4686 2910 4746 permaneat,
2935 4688 3139 4735 tantum
3174 4680 3223 4736 ei
3260 4680 3501 4736 attribui-

1917 4789 2056 4839 mus,
2082 4781 2130 4826 et
2175 4770 2250 4825 sic
2300 4788 2393 4827 nos
2435 4787 2558 4841 erga
2590 4773 2762 4843 ipsum
2805 4772 3077 4830 delectatio
3103 4784 3149 4830 et
3178 4791 3326 4830 error
3350 4774 3503 4831 habet

1918 4863 2150 4920 servituti
2178 4862 2482 4932 subjiciens,
2511 4863 2583 4915 ita
2606 4872 2661 4917 ut
2688 4863 2820 4919 nihil
2849 4865 3035 4921 melius
3060 4884 3221 4939 neque
3247 4866 3500 4923 excelsius

1915 4955 2273 5028 praesentibus
2296 4952 2585 5025 intelligere
2622 4956 2907 5025 valeamus,
2936 4969 2983 5014 et
3010 4962 3054 5015 si
3079 4961 3205 5015 haec
3232 4960 3503 5018 audientes

1919 5057 1968 5104 et
1998 5047 2262 5103 credentes
2285 5046 2571 5102 secundum
2595 5049 2874 5120 imaginem
2906 5052 2999 5106 Dei
3029 5069 3120 5107 nos
3149 5053 3317 5122 factos
3342 5053 3505 5123 fuisse

1922 5157 2131 5198 sursum
2184 5140 2533 5196 attendentem
2587 5151 2635 5196 et
2699 5143 2768 5196 ad
2815 5144 3037 5215 seipsam
3084 5144 3394 5200 trahentem.
3438 5145 3507 5202 Et

1926 5235 2124 5292 iterum
2174 5234 2226 5289 in
2263 5248 2517 5291 sermone
2559 5234 2625 5289 ad
2654 5235 2858 5292 urbane
2883 5236 3146 5304 viventes,
3177 5238 3361 5294 dicens
3390 5255 3405 5294 :
3439 5237 3507 5296 Ut

1882 5368 1885 5371 ι
1925 5329 2177 5397 sciamus,
2207 5327 2342 5387 nihil
2385 5345 2479 5384 nos
2506 5344 2616 5385 esse
2656 5329 2725 5384 ad
2768 5345 2941 5385 veram
2986 5330 3295 5387 sapientiam
3327 5342 3376 5389 et
3401 5334 3512 5404 pri-

1770 5442 2022 5502 NOTAE.

1023 5560 1198 5616 λοιπὸν
1237 5576 1370 5623 τινες
1401 5559 1594 5618 ταύτην
1636 5559 1816 5614 Ora-nim

178 5650 187 5653 ‘
238 5645 432 5705 ζουσιν,
469 5636 612 5706 quod
636 5627 950 5706 vertendum
970 5639 1088 5689 erat
1113 5630 1183 5685 Et
1229 5632 1430 5705 frustra
1470 5646 1587 5687 eam
1623 5627 1820 5704 [unita-

170 5730 177 5735 ‘
242 5704 377 5784 tem]
404 5704 643 5768 deinceps
665 5704 989 5775 praedicant,
1030 5708 1136 5759 cet.
1240 5722 1245 5727 -
1296 5704 1343 5715 "
1448 5772 1461 5784 .
1519 5761 1555 5784 (Α
1638 5734 1639 5737 η

312 5577 339 5607 α
377 5564 435 5621 In
463 5565 670 5637 Graeco
694 5565 791 5619 Kal
825 5562 987 5637 prima»

1212 5785 1266 5829 es
1448 5772 1461 5787 '
1519 5761 1555 5801 τ’

1713 5814 1740 5823 ιο

1309 5867 1319 5876 ,
1348 5849 1388 5862 ..α
1426 5847 1495 5871 iw
1518 5850 1570 5867 ιη.
1624 5846 1690 5866 ,ιδ-
1719 5826 1763 5848 ﬁ.

1996 5555 2027 5595 ι’
2080 5554 2288 5629 Βεωρ
2312 5568 2399 5629 re_
2416 5552 2527 5629 egit
2558 5551 2828 5610 Maximus
2852 5553 3221 5629 inrifrooemio
3246 5557 3315 5629 ad
3346 5570 3514 5629 quae-

1927 5627 2135 5683 stiones
2163 5626 2218 5680 in
2256 5625 2316 5680 S.
2366 5623 2733 5694 Scripturam,
2761 5633 2819 5680 et
2852 5624 3015 5693 alibi;
3040 5626 3211 5684 fusius
3238 5628 3312 5685 ibi
3340 5623 3517 5684 innuit

1925 5713 1987 5756 se
2013 5707 2284 5776 acturum,
2315 5694 2461 5771 quod
2492 5691 2591 5781 hic
2620 5691 2771 5780 fecit.
2798 5694 2858 5753 γ.
2902 5691 3154 5758 Ριισιὶυιη
3187 5700 3254 5759 ad
3294 5698 3353 5756 P.
3386 5697 3511 5767 498.
