4004 6290
563 309 698 373 1211
761 302 772 308 ’

1927 311 2216 372 JOANNIS
2254 311 2456 372 SCOTl

3705 319 3846 380 ΙΞΒ

559 441 721 490 mam,
756 440 844 479 sea
881 441 947 479 aa
991 441 1158 494 ipsum
1188 439 1391 495 semper
1438 424 1771 479 intendamus
1801 423 2147 490 solummodo,
2182 446 2226 499 Α
2257 438 2330 480 est
2360 427 2413 480 in
2439 423 2649 480 Christo
2673 465 2688 491 ,
2717 425 2978 480 suscitans
2998 442 3115 481 eum
3141 442 3206 481 ex
3247 429 3471 482 mortuis
3496 469 3512 493 ,
3540 439 3591 483 et
3618 447 3741 485 eum
3769 451 3852 488 se-

557 527 603 572 et
633 535 946 589 quaeramus
975 519 1064 589 qui
1115 519 1234 573 inde
1281 529 1398 571 sunt
1441 517 1805 588 splendoribas
1845 533 2142 582 coruscare,

554 611 812 681 siquidem
840 628 932 682 per
972 610 1394 680 inaequalitatem
1428 609 1708 664 visibilium
1733 620 1780 665 et
1808 610 2144 664 titubantium

553 700 847 756 transducit
900 718 991 754 nos
1022 702 1075 755 in
1125 718 1184 756 ea
1225 717 1358 773 quae
1384 710 1523 754 stant
1574 709 1620 754 et
1673 711 1996 770 permanent.
2029 697 2143 752 Non

555 789 751 863 igitur,
785 801 844 845 ut
893 793 1130 846 arbitror
1151 832 1165 857 ,
1201 791 1399 860 ipsius,
1430 806 1568 861 quae
1597 791 1892 845 secundum
1920 805 2142 860 genera-

555 881 757 935 tionem
793 881 1148 936 humanitatis
1169 891 1272 945 est,
1304 881 1577 938 causaeJn
1603 881 1822 946 talibus,
1857 891 1913 934 ut
1939 881 2140 935 dictum

552 982 655 1039 est,
698 972 956 1044 Magister
1003 973 1133 1028 facit
1175 972 1619 1038 declarationem,
1659 970 1754 1027 sed
1807 971 1921 1042 ipse
1969 979 2141 1043 usque

549 1067 674 1136 post
694 1065 1100 1137 generationem
1136 1075 1378 1119 nostram
1416 1075 1677 1135 aggravat
1707 1065 1869 1117 vitam
1912 1061 2142 1118 infelici-

553 1158 680 1212 tatis
707 1168 928 1229 propter
949 1159 1473 1229 praevaricationem
1501 1198 1514 1222 ,
1562 1156 2013 1227 quemadmodum
2042 1171 2138 1211 cu-

550 1252 748 1307 riosius
781 1265 943 1324 atque
979 1253 1276 1307 studiosius
1306 1251 1516 1306 divinas
1541 1251 1710 1321 ipsius
1756 1250 1946 1306 literas
1993 1248 2140 1320 cogi-

548 1346 788 1400 tantibus
816 1355 900 1400 est
934 1345 1299 1401 manifestum.
1333 1345 1496 1400 Istius
1524 1345 1670 1399 enim
1701 1359 1921 1398 causam
1954 1344 2095 1398 unde
2119 1383 2134 1410 ,

545 1449 600 1493 et
631 1454 726 1508 per
755 1439 914 1508 quid,
948 1450 1002 1494 et
1046 1456 1113 1493 ex
1167 1456 1295 1511 quo,
1337 1449 1392 1493 et
1438 1447 1656 1510 propter
1703 1438 1831 1508 quid
1880 1453 1978 1508 per
2005 1439 2138 1494 haec

546 1531 704 1586 nobis
750 1533 956 1586 addidit
1012 1532 1209 1598 verba,
1255 1542 1474 1604 propter
1517 1547 1636 1587 eam
1705 1531 2134 1586 administratam

540 1635 784 1680 nostram
829 1627 1108 1696 sapienter
1140 1642 1170 1678 a
1222 1627 1330 1680 Deo
1373 1626 1598 1680 salutem
1632 1625 1954 1691 declarans;
1992 1626 2136 1682 illius

539 1728 689 1779 vero,
715 1707 768 1768 in
801 1732 906 1784 quo
930 1715 1072 1770 facta
1101 1727 1184 1770 est
1212 1718 1470 1787 mysterio
1491 1757 1506 1781 ,
1536 1716 1820 1771 insinuans
1851 1717 2131 1783 virtutem,
2173 1705 2176 1710 ’

2246 517 2368 572 dere
2388 518 2587 588 faciens
2617 519 2670 571 in
2698 519 2882 572 dextra
2905 535 3001 571 sua
3029 519 3083 572 in
3105 521 3430 588 caelestibus,
3453 541 3616 594 super
3639 543 3849 584 omnem

2243 608 2593 677 principatum
2616 619 2662 660 et
2681 618 2985 677 potestatem
3007 618 3053 661 et
3077 611 3313 664 virtutem
3340 624 3386 664 et
3405 615 3847 680 dominationem,

2244 709 2292 753 et
2326 716 2476 752 omne
2507 716 2693 754 nomen
2725 701 3053 754 nominatum
3099 719 3204 757 non
3235 703 3416 776 solum,
3436 707 3492 760 in
3519 709 3707 761 seculo
3730 711 3850 777 hoc,

2242 790 2334 846 sed
2354 792 2511 844 etiam
2559 791 2614 845 in
2657 792 2857 861 futuro.
2890 790 2956 844 Et
2997 794 3171 846 omnia
3202 794 3341 848 dedit
3383 797 3481 848 sub
3510 800 3675 866 pedes
3707 802 3850 870 ejus,

2242 894 2290 939 et
2322 900 2438 937 eum
2477 883 2620 938 dedit
2651 894 2806 952 caput
2838 901 2995 953 super
3045 887 3223 939 omnia
3256 885 3559 954 Ecclesiae,
3589 907 3737 960 quae
3773 905 3850 946 est

2243 991 2431 1046 corpus
2456 975 2569 1045 ejus
2592 986 2641 1029 et
2673 975 2944 1045 plenitudo
2975 975 3106 1046 ejus,
3155 980 3331 1032 omnia
3372 981 3426 1034 in
3471 984 3725 1038 omnibus
3753 986 3852 1039 inp

2239 1071 2448 1142 plentis.
2475 1071 2540 1125 Et
2561 1080 2681 1141 post
2710 1071 2988 1140 aliquanta
3014 1072 3241 1127 iterum:
3268 1072 3389 1144 Ipse
3409 1075 3552 1129 dedit
3585 1081 3850 1146 quosdam

2239 1163 2448 1234 quidem
2470 1163 2767 1233 Apestolos,
2795 1167 3049 1235 quosdam
3089 1182 3212 1220 vero
3238 1165 3557 1236 PrOphetos,
3584 1174 3850 1240 quosdam

2240 1253 2640 1325 Evangelistas,
2709 1259 2967 1327 quosdam
3020 1266 3254 1325 pastores
3297 1269 3343 1311 et
3395 1263 3728 1329 magistros,
3785 1268 3850 1319 ad

2239 1345 2585 1416 cognitionem
2615 1345 2931 1401 Sanctorum
2963 1348 3017 1400 in
3050 1363 3179 1416 opus
3218 1349 3711 1408 administrationis
3737 1395 3755 1419 ,
3799 1359 3850 1411 in

2239 1437 2658 1505 aediﬁcationem
2721 1441 2956 1508 corporis
3004 1439 3242 1506 Christi,
3281 1442 3449 1497 donec
3499 1461 3852 1500 occurramus

2240 1544 2415 1582 omnes
2465 1527 2519 1582 in
2565 1531 2820 1590 unitatem
2867 1531 2992 1599 ﬁdei
3015 1573 3027 1594 ,
3059 1542 3106 1585 et
3139 1535 3450 1602 cognitionis
3480 1533 3620 1588 Filii
3653 1537 3775 1602 Dei,
3805 1541 3852 1591 in

2237 1618 2411 1671 virum
2459 1621 2770 1688 perfectum,
2821 1622 2875 1674 in
2923 1638 3224 1676 mensuram
3269 1628 3458 1679 aetatis
3495 1627 3851 1695 plenitudinis

2239 1709 2436 1765 Christi
2459 1724 2481 1762 .'
2513 1722 2569 1765 ut
2591 1712 2702 1781 jam
2730 1729 2834 1766 non
2860 1714 3028 1767 simus
3050 1715 3257 1785 parvuli
3281 1717 3637 1784 ﬂuctuantes,
3673 1734 3726 1774 et
3757 1725 3850 1773 cir-

538 1801 709 1858 altero
752 1806 1042 1859 verborum
1092 1822 1222 1861 usus
1267 1817 1344 1861 est
1382 1808 1570 1872 modo,
1609 1817 1775 1861 totam
1800 1809 1882 1862 sui
1935 1809 2000 1861 de
2031 1809 2123 1862 hoc

2239 1801 2600 1871 eumleramur
2633 1801 2774 1855 omni
2802 1814 2949 1857 vento
2981 1805 3254 1859 doctrinae
3296 1807 3348 1860 in
3395 1810 3650 1878 nequitia
3684 1813 3849 1865 homi-

533 1897 683 1968 piam
707 1896 1039 1955 voluntatem
1083 1897 1286 1955 faciens
1327 1901 1715 1966 manifestam;
1751 1901 1891 1954 sicut
1937 1900 1989 1954 in
2041 1913 2127 1964 eo,

535 1993 628 2064 qui
676 2003 759 2049 est
787 1993 841 2049 in
867 1996 1113 2070 γενέθλια,
1145 1994 1196 2050 id
1225 2004 1308 2050 est
1343 1997 1678 2062 nativitates,
1729 2009 1981 2049 sermone
2018 2011 2131 2048 ma-

535 2087 761 2149 nifestat
801 2086 990 2143 dicens
1025 2106 1038 2142 :
1081 2089 1304 2143 Animas
1335 2089 1496 2159 igitur
1513 2089 1632 2159 jant
1662 2097 1710 2142 et
1739 2103 1946 2152 sensus,
1981 2088 2054 2140 sic
2099 2099 2131 2140 a

533 2193 588 2234 se
616 2177 834 2232 invicem
867 2179 1078 2234 discreti
1102 2179 1328 2250 proin-iis
1358 2179 1775 2248 deﬁnitionibus,
1808 2180 1947 2232 imus
1975 2187 2132 2231 stete-

535 2279 690 2337 runt,
741 2280 789 2324 et
846 2260 1118 2324 creatoris.
1172 2269 1323 2324 Verbi
1373 2272 1790 2342 magnitudinem
1841 2273 1895 2325 in
1945 2272 2128 2341 seipsis

535 2359 793 2430 ferebant,
825 2363 1032 2416 silentes
1087 2362 1377 2418 laudabant
1432 2365 1876 2435 magniﬁcentiam
1920 2364 2125 2436 magni-

534 2453 646 2508 voci
687 2455 1105 2524 praedicatores,
1154 2457 1386 2511 nondum
1436 2474 1551 2511 vero
1592 2468 1704 2512 erat
1752 2460 2010 2512 concretio
2066 2473 2130 2512 ea:

531 2545 796 2617 utrisque,
844 2565 1006 2620 neque
1053 2549 1309 2620 quaedam
1338 2551 1571 2604 mixtura
1619 2553 2006 2605 contrariorum
2041 2570 2129 2605 sa-

528 2636 759 2706 pientiae
807 2639 1024 2710 majoris
1067 2652 1113 2697 et
1156 2643 1298 2696 circa
1326 2643 1766 2698 naturasmaltae
1790 2645 2126 2715 perfectionis

529 2729 759 2800 indicia,
789 2749 953 2804 neque
993 2750 1171 2789 omnes
1201 2735 1433 2790 thesauri
1464 2736 1708 2792 bonitatis
1749 2740 1962 2809 cogniti.
2009 2737 2126 2794 IIoc

527 2834 704 2876 autem
727 2825 900 2878 volens
931 2825 1125 2896 artifex
1155 2827 1359 2881 verbum
1389 2828 1679 2893 ostendere,
1710 2829 1909 2884 animal
1939 2847 2122 2898 unum,

527 2931 592 2969 ea:
621 2914 866 2971 invisibili
890 2920 1007 2972 dico
1040 2929 1087 2973 et
1120 2919 1306 2974 visibili
1337 2931 1549 2987 natura,
1577 2921 1840 2976 hominem
1866 2934 2043 2991 creat,
2073 2935 2122 2980 et

525 3025 590 3062 ea:
617 3012 836 3064 materia
877 3011 1084 3082 quidem
1126 3013 1382 3082 "accipiens
1412 3029 1597 3093 corpus
1627 3014 1747 3084 jam
1779 3025 1899 3070 ante
1935 3017 2123 3071 substi-

525 3108 682 3167 tuta,
727 3118 757 3154 a
802 3102 970 3172 seipse
1028 3119 1143 3157 vero
1202 3103 1360 3158 vitam
1413 3105 1666 3177 imponit;
1717 3108 2120 3166 intellectualem

2234 1907 2380 1959 num,
2411 1894 2466 1947 in
2495 1895 2689 1948 astutia
2734 1895 2804 1948 ad
2833 1905 2999 1949 artem
3031 1898 3225 1951 erroris
3255 1910 3276 1950 .'
3299 1900 3524 1953 veridici
3575 1913 3761 1954 autem
3805 1907 3849 1956 in

2233 1986 2474 2051 caritate,
2505 2003 2801 2042 crescamus
2851 1988 2908 2041 in
2931 2004 3050 2042 eum
3079 2006 3172 2059 per
3193 1993 3393 2059 omnia,
3423 1994 3524 2064 qui
3570 2006 3650 2048 est
3703 2007 3848 2064 caput

2233 2075 2494 2143 Christus,
2522 2094 2588 2132 ea:
2613 2095 2713 2150 quo
2741 2095 2892 2134 omne
2922 2097 3112 2150 corpus
3135 2085 3588 2154 compaginatum
3620 2098 3671 2140 et
3693 2091 3846 2140 mito-

2233 2178 2405 2221 Catum
2432 2185 2525 2238 per
2547 2185 2751 2223 omnem
2781 2170 2846 2223 ab
2876 2187 2936 2224 eo
2969 2172 3528 2240 administrationem,
3560 2185 3839 2232 secundant

2237 2266 2602 2331 operationem
2627 2267 3024 2338 unuscujusqae
3049 2271 3289 2336 membri,
3316 2272 3719 2329 incrementum
3742 2295 3847 2332 cor-

2229 2356 2373 2426 poris
2411 2355 2538 2425 facit
2561 2357 2615 2412 in
2654 2359 3074 2427 aediﬁcationem
3101 2363 3286 2416 suimet
3311 2363 3366 2417 in
3391 2367 3713 2421 dilectione.

2302 2447 2421 2504 Non
2448 2451 2679 2506 aeStimo
2708 2451 2773 2506 de
2802 2462 2986 2508 cetero
3011 2452 3239 2522 alicujus
3269 2457 3526 2527 indigere
3551 2460 3841 2513 testimonii

2226 2544 2320 2615 'pie
2364 2545 2550 2600 vivere
2607 2555 3024 2617 cognoscentem
3076 2548 3142 2602 ad
3196 2548 3718 2606 manifestationem
3765 2567 3841 2606 se-

2227 2637 2467 2692 cundum
2501 2635 2843 2693 Christianos
2877 2652 3007 2693 vere
3035 2639 3278 2695 creditae
3329 2643 3621 2707 veritatis,
3670 2656 3843 2714 aperte

2229 2728 2529 2784 discentem
2566 2744 2663 2801 per
2695 2729 2868 2785 illud:
2899 2729 3040 2797 Quia
3083 2741 3129 2784 et
3175 2733 3406 2789 membra
3461 2747 3516 2786 et
3561 2751 3759 2804 corpus
3795 2745 3842 2788 et

2227 2820 2496 2891 plenitudo
2525 2839 2706 2876 sumus
2754 2824 2932 2876 omnia
2963 2825 3019 2877 in
3063 2825 3305 2879 omnibus
3341 2824 3624 2893 impleatis
3653 2828 3844 2882 Christi

2231 2913 2324 2970 Dei
2355 2918 2641 2971 secundum
2671 2928 2794 2971 ante
2839 2917 3015 2971 secula
3042 2920 3096 2972 in
3138 2917 3248 2972 Deo
3275 2928 3323 2972 et
3373 2915 3546 2973 Patre
3580 2923 3846 2975 occultam

2227 3009 2543 3066 voluntatem
2592 3013 2928 3084 recapitulati
2973 3015 3026 3067 in
3072 3015 3243 3085 ipsum
3289 3031 3385 3085 per
3432 3013 3649 3070 Filium
3694 3034 3846 3070 sua

2227 3120 2274 3164 et
2326 3110 2612 3165 Dominum
2660 3109 2843 3165 Iesum
2911 3110 3177 3165 Christum
3233 3111 3526 3166 Dominum
3584 3125 3844 3168 nostram.

522 3209 724 3264 quoque
755 3196 985 3248 animam
1033 3207 1078 3250 et
1108 3196 1387 3268 imaginem
1428 3197 1525 3253 Dei
1570 3200 1707 3255 novit
1753 3203 1996 3272 verbum,
2039 3223 2119 3260 ve—
2147 3201 2193 3264 C
2217 3200 2541 3275 'Mysterium
2575 3203 2721 3257 cutim
2762 3203 3031 3258 occultum
3075 3212 3247 3258 erata
3291 3205 3501 3260 seculis
3526 3216 3584 3260 et
3618 3224 3649 3260 a
3679 3225 3847 3279 gene—

522 3286 619 3341 luti
656 3289 914 3361 quendam
944 3293 1197 3345 mundum
1224 3295 1530 3361 secundant,
1578 3294 1632 3350 in
1658 3313 1818 3366 parvo
1846 3303 2116 3370 magnam",

520 3382 578 3436 in
605 3391 744 3436 terra
784 3385 990 3449 statuit,
1017 3386 1259 3456 angelum
1288 3388 1473 3454 aliaat,
1497 3390 1830 3444 adoratorem
1869 3394 2116 3462 mixtum,

521 3482 577 3528 et
605 3473 832 3545 reliqua.
861 3473 922 3528 In
946 3490 1012 3531 eo
1049 3492 1200 3545 vero,
1231 3479 1324 3548 qui
1363 3489 1450 3534 est
1479 3481 1533 3533 in
1577 3485 1737 3554 φῶτα,
1775 3483 1882 3538 hoc
1913 3495 1997 3539 est
2024 3486 2119 3540 ba-

519 3567 1072 3639 ptismata,sermone
1096 3587 1108 3623 :
1137 3568 1395 3635 Quoniam
1424 3572 1657 3637 sichaec,
1680 3583 1770 3626 aut
1801 3581 1916 3628 hoc.
1949 3575 2117 3646 Opor-

519 3658 656 3713 tebat
714 3675 833 3714 vero
887 3677 992 3715 non
1040 3660 1153 3727 his,
1204 3663 1293 3732 qui
1331 3679 1541 3718 sursum
1585 3676 1735 3730 sunt,
1787 3666 2116 3723 solummodo

519 3753 885 3809 adorationem
912 3757 1296 3824 circumscribi,
1329 3760 1418 3811 sed
1447 3776 1556 3813 esse
1601 3761 1856 3830 quosdam
1884 3773 1928 3815 et
1966 3763 2118 3816 deor-

517 3864 634 3902 sum
685 3847 1027 3915 adoratores,
1074 3859 1127 3903 ut
1175 3851 1514 3905 imolerentur
1553 3852 1729 3905 omnia
1779 3852 1948 3923 gloria
1981 3853 2112 3921 Dei,

516 3945 765 4016 quoniam
788 3955 834 3998 et
861 3945 987 4010 Dei;
1017 3956 1063 3999 et
1085 3956 1358 4016 propterea
1389 3956 1600 3998 creatur
1625 3947 1778 4000 homo
1806 3964 1965 4001 manu
2001 3948 2114 4015 Dei,

515 4037 894 4107 Itonoriﬁcatus
936 4039 1093 4092 etiam
1136 4039 1383 4109 imagine.
1417 4037 1561 4093 llaec
1609 4040 1827 4109 quidem
1871 4037 2117 4096 sufﬁcere

516 4115 754 4203 suscipio
774 4173 788 4198 ,
820 4133 924 4187 etsi
968 4149 1132 4203 parva
1164 4133 1534 4199 constituant,
1582 4149 1688 4187 non
1718 4134 1938 4188 omnino
1981 4150 2114 4188 con-

518 4225 751 4280 tentiosa
783 4225 1138 4293 discernenti,
1187 4236 1240 4283 et
1269 4226 1607 4281 solummodo
1641 4243 1880 4298 pugnare
1911 4227 2114 4299 glorio-

517 4334 635 4373 sum
667 4336 774 4374 non
796 4317 1060 4386 judicanti
1087 4360 1101 4383 ,
1132 4320 1198 4373 ad
1238 4322 1627 4375 ostendendam
1663 4330 1829 4374 totam
1868 4319 2115 4393 Magistri

518 4417 582 4470 de
611 4417 713 4482 his,
749 4432 890 4487 quae
913 4417 1056 4470 dicta
1092 4425 1237 4481 sunt,
1278 4417 1716 4488 intelligentiam.
1749 4418 1804 4471 Si
1839 4427 2017 4470 autem
2050 4417 2116 4471 de

516 4511 615 4566 hoc
638 4551 653 4576 ,
697 4513 968 4581 quomodo
1004 4511 1094 4565 Dei
1143 4511 1443 4581 portionem
1474 4510 1726 4581 Magister
1758 4525 1854 4564 nos
1880 4510 2111 4575 vocavit,

519 4614 846 4675 repugnatur
874 4643 888 4669 ,
931 4603 1305 4673 nudtipliciter
1337 4603 1552 4672 quidem
1592 4599 1707 4668 jam
1757 4603 2006 4671 superius
2042 4602 2109 4656 de

514 4697 617 4751 hoc
645 4695 853 4749 reddita
883 4702 966 4748 est
1001 4697 1156 4749 ratio.
1187 4693 1256 4749 Ut
1284 4704 1463 4748 autem
1502 4693 1710 4747 fidelior
1732 4692 1826 4745 fiat
1853 4693 2110 4762 spiritua-

514 4787 655 4842 libus
679 4789 1008 4842 etmtendens
1039 4786 1238 4851 verbis,
1272 4796 1492 4841 sanctus
1522 4796 1575 4840 ct
1604 4787 1794 4840 beatus
1821 4785 2109 4856 Apostolus

513 4881 710 4939 Paulus
735 4879 1002 4936 occultam
1034 4881 1083 4933 in
1116 4879 1225 4933 Deo
1257 4889 1380 4932 ante
1428 4878 1611 4933 secula
1643 4878 1869 4934 laudans
1899 4880 2110 4948 sapien-

513 4976 680 5041 tiam,
712 4985 766 5030 et
807 4989 1022 5030 onmem
1058 4973 1397 5027 tenebrosam
1426 4972 1718 5026 humanam
1769 4973 1933 5026 vitam
1989 4971 2108 5025 illu—

512 5069 750 5133 minans,
780 5075 834 5123 et
864 5064 1205 5138 ignorantiae
1231 5064 1518 5134 caliginem
1551 5065 1838 5119 animabus
1862 5065 2108 5135 abigens,

514 5164 581 5217 de
613 5161 716 5216 hoc
762 5159 1025 5214 satisfacit
1054 5156 1326 5227 Ephesiis,
1374 5157 1559 5209 dicens
1616 5158 1748 5210 haec
1792 5175 1804 5209 :
1855 5154 1921 5209 Ut
1968 5155 2109 5210 Deus

512 5253 727 5309 Domini
759 5254 919 5306 nostri
946 5252 1072 5306 Jesu
1117 5245 1351 5312 Christi,
1406 5246 1568 5302 Pater
1598 5247 1820 5318 gloriae,
1852 5248 1936 5301 det
1967 5245 2108 5301 vobis

513 5348 757 5420 spiritum
786 5347 1074 5418 sapientiae
1102 5353 1149 5397 et
1177 5341 1532 5406 reuelationis,
1555 5344 1609 5395 in
1635 5342 1930 5413 cognitione
1953 5340 2066 5410 ejus
2089 5357 2108 5394 :

514 5441 842 5496 itluminatos
872 5437 1050 5493 oculos
1093 5437 1265 5490 cordis
1292 5435 1482 5500 vestri,
1535 5443 1590 5488 ut
1619 5435 1800 5489 sciatis
1841 5449 1947 5500 vos,
1973 5448 2110 5504 quas

514 5546 582 5591 sit
611 5551 726 5606 spes
747 5533 1033 5588 vocationis
1060 5530 1200 5601 ejus,
1225 5539 1273 5584 et
1302 5542 1435 5600 quae
1466 5528 1681 5581 divitiae
1702 5525 1901 5597 gloriae
1929 5529 2111 5580 haere-

515 5626 698 5682 ditatis
754 5624 870 5694 ejus
923 5623 978 5677 in
1033 5622 1265 5687 sanctis,
1312 5629 1359 5674 et
1419 5635 1553 5690 quae
1602 5619 1670 5672 sit
1719 5618 2108 5688 supereminens

514 5717 823 5786 magnitudo
859 5716 1061 5770 virtutis
1108 5715 1222 5785 ejus
1265 5714 1319 5767 in
1350 5725 1466 5776 nos,
1516 5712 1780 5767 credentes
1820 5711 2106 5766 secundum

521 5813 872 5877 operationem
927 5811 1150 5881 potentis
1199 5807 1404 5894 virtutis
1448 5807 1594 5877 ejus,
1656 5823 1813 5878 quam
1862 5814 2105 5880 operatus

2225 3295 2546 3360 rationibus,
2596 3311 2739 3350 nunc
2776 3305 2956 3350 autem
3004 3294 3413 3350 manifestatum
3461 3314 3561 3368 per
3599 3298 3730 3355 Filii
3760 3300 3850 3354 Dei

2221 3389 2407 3442 'veram
2454 3398 2509 3442 et
2554 3385 2849 3459 perfectam
2893 3387 3436 3454 inhumanationem,
3467 3391 3564 3458 qui
3618 3391 3725 3446 sibi
3759 3395 3848 3445 ad.

2218 3483 2410 3537 unavit
2427 3483 2722 3537 secundum
2739 3483 3098 3538 substantiam
3123 3483 3564 3553 inseparabiliter
3579 3496 3644 3540 ct
3670 3488 3847 3540 incon-

2210 3576 2339 3632 ‘fuse
2383 3586 2626 3631 nostram
2669 3587 2939 3641 naturam,
2991 3585 3046 3630 et
3090 3591 3191 3631 nos
3239 3591 3339 3646 per
3380 3591 3531 3642 eam,
3594 3595 3740 3648 quae
3782 3595 3848 3634 ex

2220 3671 2377 3726 nobis
2421 3682 2474 3726 et
2520 3680 2703 3725 nostra
2747 3679 2853 3736 est,
2903 3669 3345 3725 intellectualiter
3389 3681 3451 3727 et
3495 3675 3851 3727 rationaliter

2219 3765 2512 3818 animatum
2542 3774 2784 3819 sanctam
2823 3779 2976 3818 suam
3007 3778 3250 3829 carnem,
3295 3765 3463 3819 veluti
3505 3783 3612 3836 per
3651 3771 3848 3838 primi-

2220 3859 2323 3912 tias
2351 3857 2567 3912 sibimet
2600 3856 2866 3928 copulavit
2895 3897 2909 3922 ,
2953 3866 3006 3911 et
3039 3873 3208 3911 unum
3241 3866 3294 3911 et
3334 3858 3575 3928 idipsnm
3626 3863 3849 3916 sibimet

2217 3968 2337 4008 esse
2359 3967 2455 4022 per
2479 3967 2630 4006 suam
2660 3951 3050 4006 humanitatem
3082 3953 3336 4025 dignatus
3361 3963 3478 4019 est;
3511 3959 3662 4010 sicut
3689 3972 3847 4027 prae-

2217 4044 2547 4099 destinatum
2573 4053 2658 4098 est
2689 4054 2815 4098 ante
2851 4044 3033 4099 secula
3070 4044 3123 4098 in
3159 4045 3275 4114 ipso
3304 4062 3428 4101 esse
3456 4049 3633 4103 veluti
3668 4069 3843 4106 mem-

2215 4138 2313 4192 bra
2349 4136 2591 4206 corporis
2634 4135 2740 4200 sui,
2778 4138 2828 4189 in
2888 4138 3102 4190 modum
3149 4139 3362 4193 animae
3415 4141 3479 4193 ad
3533 4160 3741 4214 corpus
3789 4146 3848 4198 in

2217 4228 2406 4297 spiritu
2440 4227 2838 4298 compaginavit
2871 4229 2972 4283 sibi
3023 4238 3076 4282 et
3106 4229 3364 4294 contubt,
3402 4233 3546 4286 etin
3581 4252 3850 4291 tuerisura

2218 4320 2427 4373 induxit
2458 4319 2651 4373 aetatis
2693 4319 2986 4388 spiritualis
3030 4321 3325 4375 secundum
3381 4325 3564 4391 ipsum
3593 4329 3846 4396 plenitu-

2217 4411 2400 4465 dinis:
2439 4411 2675 4465 Ostendit
2717 4411 2903 4478 ctimn,
2953 4429 3048 4467 nos
3096 4416 3147 4467 in
3201 4417 3303 4470 hoc
3344 4414 3525 4472 factos
3566 4421 3763 4482 fuisse,
3790 4431 3851 4477 et

2217 4513 2343 4557 ante
2374 4503 2552 4556 secula
2587 4518 2712 4574 erga
2755 4520 2852 4558 nos
2896 4505 3152 4574 optimam
3187 4507 3280 4560 Dei
3318 4509 3687 4574 voluntatem,
3733 4529 3851 4570 non

2145 4579 2192 4638 D
2219 4599 2587 4667 accipiendam
2621 4614 2714 4667 per
2745 4597 2976 4668 aliquam
3008 4602 3323 4667 novitatem,
3363 4609 3678 4659 secundum
3707 4625 3846 4677 pro-

2213 4691 2386 4762 priam
2447 4706 2574 4744 vero
2633 4692 2936 4758 rationem,
2991 4693 3043 4746 in
3095 4693 3488 4762 plenitudinem
3544 4700 3698 4753 venit
3744 4717 3849 4771 per

2217 4784 2379 4836 alium
2431 4782 2671 4852 profecto
2727 4783 3091 4838 introductum
3146 4785 3541 4842 mirabiliorem
3582 4793 3844 4847 modum.

2215 4871 2512 4944 Oportebat
2546 4876 2689 4929 enim
2721 4874 2886 4928 Deum
2936 4876 3172 4944 quidem.
3217 4879 3437 4932 sibimet
3475 4881 3697 4938 similes
3738 4901 3848 4941 ms

2214 4965 2505 5020 facientem
2536 5010 2547 5026 ,
2605 4968 2866 5022 habentes
2909 4969 3164 5023 bonitatis
3214 4970 3384 5039 ipsius
3421 4975 3848 5046 participialiter

2213 5069 2371 5112 acuta
2400 5058 2652 5129 insignia,
2683 5070 2736 5112 et
2771 5059 2822 5112 in
2852 5073 2910 5115 se
2935 5074 3056 5114 esse
3077 5070 3203 5113 ante
3227 5062 3411 5116 secula
3439 5065 3751 5126 videntur}.
3779 5081 3846 5125 ct

2212 5151 2266 5206 in
2297 5154 2440 5206 hunc
2475 5154 2693 5207 omnino
2729 5155 3096 5208 beatissimum:
3141 5159 3300 5210 linem
3348 5159 3672 5228 ducentem,
3719 5179 3846 5218 nso-

2215 5246 2340 5300 dum
2379 5247 2536 5301 nobis
2583 5263 2680 5317 per
2718 5249 2916 5300 bonum
2973 5265 3127 5303 usum
3188 5251 3529 5307 naturalibus
3565 5258 3844 5323 potentiis

2214 5338 2569 5409 largientem,
2617 5339 2835 5394 homine
2882 5355 3012 5394 vero
3055 5340 3358 5396 voluntarie
3406 5345 3555 5400 hunc
3603 5349 3839 5403 malum

2213 5430 2515 5500 expellente
2554 5445 2651 5500 per
2689 5432 3000 5486 abusionem
3053 5434 3390 5490 naturalibus
3428 5441 3724 5507 potentiis,
3767 5451 3838 5494 Is

2211 5541 2320 5582 non
2362 5525 2518 5596 longe
2567 5540 2596 5579 a
2645 5524 2756 5579 Deo
2797 5526 2950 5580 fieret
2997 5529 3348 5599 peregrinans
3405 5532 3594 5598 homo,
3656 5534 3829 5589 alium

2210 5619 2556 5678 introducere
2590 5618 2752 5689 priori
2785 5617 3168 5673 mirabiliorem
3187 5628 3242 5674 et
3262 5620 3609 5687 diviniorem,
3642 5639 3828 5695 quan-

2212 5721 2326 5767 tum
2371 5727 2459 5777 eo,
2502 5711 2644 5782 quod
2685 5721 2769 5766 est
2808 5711 3102 5766 secundum
3136 5721 3409 5781 naturam,
3455 5717 3604 5786 quod
3657 5733 3830 5787 super

2211 5815 2458 5862 naturam
2482 5810 2559 5861 est
2595 5803 2858 5873 superius.
2915 5803 2976 5858 Et
3021 5803 3122 5860 hoc
3158 5813 3244 5860 est
3283 5807 3691 5865 secretissimae
3717 5807 3823 5865 Dei
