4004 6290
535 260 677 319 HIS

1827 257 2114 315 JOANNIS
2153 256 2351 316 SCOTI

3689 260 3833 319 1216

531 374 765 433 termisit
787 386 1019 447 plurima
1047 379 1236 428 contra
1265 370 1526 427 materiae
1549 378 1823 428 amatores
1854 380 1908 428 et
1932 387 2122 442 carpo.
2152 378 2198 435 Α
2228 387 2297 428 ne
2326 371 2379 425 in
2407 364 2917 444 sanitatecorporis
2945 362 3250 437 conﬁdant,
3279 379 3335 426 et
3372 370 3698 429 distillando
3717 389 3835 430 ma-

527 468 629 532 ris,
658 468 795 523 haec
821 466 1050 529 addidit,
1099 474 1158 520 ut
1208 464 1335 520 hinc
1377 472 1601 536 possent
1643 466 1729 535 pie
1763 466 2118 521 intentionem

529 559 718 617 Sancti
762 569 1170 633 perscrutantes
1201 559 1475 631 conjicettt|
1503 559 1602 615 sic.
1644 559 1912 627 Quoniam
1938 561 2120 616 incor-

526 654 901 726 ruptibilitatis
926 663 982 709 et
1028 652 1453 713 immortalitatis
1501 654 1902 724 pulchritudine
1940 669 1973 709 a
2013 654 2123 711 Deo

525 744 858 801 clarificatus
901 741 1078 800 factus
1114 754 1197 800 est
1241 744 1425 810 homo,
1470 744 1768 799 materialis
1800 760 1928 801 vero
1973 745 2120 802 circa

527 853 587 896 se
632 848 863 894 naturae
903 837 1294 909 turpitudinem
1331 836 1683 894 intellectuali
1734 837 2121 909 pulchritudini

524 946 887 1005 praeponens,
928 932 1130 989 oblitus
1160 941 1246 988 est
1279 932 1512 989 decorae
1553 933 1850 989 secundum
1882 933 2119 989 animam

526 1023 839 1097 dignitatis,
880 1022 1053 1094 magis
1106 1030 1288 1077 autem
1329 1022 1465 1088 Dei,
1512 1022 1748 1077 animam
1786 1021 2123 1078 deifortniter

524 1113 831 1177 formantis,
859 1111 1035 1186 [omne
1053 1113 1194 1183 quod
1209 1112 1353 1186 fecit]
1378 1115 1647 1169 sententia
1669 1114 1915 1185 dignum,
1929 1129 2122 1171 secun-

524 1204 652 1261 dum
695 1203 936 1260 divinum
969 1202 1235 1273 judicium
1267 1212 1509 1260 nostram
1556 1204 1835 1276 sapienter
1868 1205 2123 1262 adminis-

524 1305 632 1353 trat
670 1296 925 1363 salutem,
963 1296 1272 1367 colligitque
1301 1296 1560 1362 fructum,
1606 1312 1711 1353 non
1742 1297 1915 1353 solum
1949 1299 2119 1369 ipsam

523 1389 771 1462 corporis
819 1388 1228 1460 corruptionem
1289 1398 1346 1445 et
1397 1396 1629 1444 mortem
1688 1396 1745 1444 et
1787 1390 1855 1444 ad
1902 1405 2120 1446 omnem

521 1482 831 1555 passionem
858 1481 1326 1554 promptissimum
1342 1490 1548 1538 motum
1565 1490 1619 1538 et
1637 1483 2117 1554 opportunitatem,

523 1574 620 1631 sed
662 1582 720 1631 et
765 1582 920 1632 extra
950 1582 1005 1630 et
1033 1573 1178 1630 circa
1212 1590 1337 1631 eum
1378 1574 1679 1631 materialis
1726 1576 1997 1632 essentiae
2033 1575 2119 1631 in-

521 1664 721 1723 stabile
765 1674 824 1723 et
880 1665 1192 1723 anomalum
1233 1675 1292 1723 et
1334 1666 1403 1722 ad
1446 1667 1789 1723 alienandum
1834 1666 2017 1723 ferens
2064 1675 2121 1724 et

2228 466 2319 521 bili
2351 480 2533 520 rerum
2577 478 2739 521 cursu
2782 481 2881 535 per
2914 480 3101 521 earum
3139 464 3383 521 defectus
3430 465 3763 522 exaltcntur
3782 469 3834 536 δ,

2224 557 2353 613 dum
2385 572 2644 628 praesens
2672 559 2887 613 steterit
2908 558 3039 622 vita,
3062 569 3121 613 et
3146 557 3200 613 in
3224 557 3387 613 talem
3411 559 3834 627 corruptionem

2222 649 2744 715 circumvolvantur,
2779 649 2927 705 circa
2951 665 3114 722 quam
3144 649 3431 706 conversio
3449 659 3540 705 est
3568 658 3625 704 et
3656 659 3840 705 muta-

2223 745 2448 813 bilitas;
2488 746 2618 801 dum
2668 746 2742 801 sit
2780 747 2885 801 hoc
2910 746 3203 811 incertum,
3230 743 3358 815 quid
3396 759 3466 799 ex
3495 758 3742 815 corpore
3784 752 3840 798 et

2224 838 2465 895 exterius
2511 854 2692 894 rerum
2731 837 3170 894 dissimilitudine
3221 853 3285 894 ac
3310 837 3738 908 perturbatione
3761 836 3841 891 eis

2223 932 2525 1005 contingat.
2565 931 2683 988 Hoc
2722 932 2869 987 enim
2896 932 3138 987 arbitror
3182 930 3368 986 dicere
3405 944 3536 984 eum
3569 943 3677 999 per
3708 929 3834 992 hoc,

2222 1027 2350 1081 dum
2376 1044 2409 1080 ιι
2430 1027 2602 1097 seipse
2624 1028 2868 1093 materies
2903 1024 3003 1096 [ert
3029 1024 3416 1087 inordinatum,
3459 1038 3569 1093 pro
3587 1036 3664 1076 eo
3690 1020 3837 1092 quod

2223 1129 2327 1185 est,
2352 1119 2481 1175 dum
2511 1119 2614 1175 sub
2643 1118 2995 1190 corruptione
3014 1128 3072 1173 et
3102 1115 3463 1172 mutabilitate
3498 1123 3589 1169 est
3620 1113 3733 1168 hoc
3762 1122 3840 1167 to—

2224 1221 2362 1279 tum,
2411 1220 2467 1268 et
2492 1227 2690 1283 corpus
2725 1211 3051 1267 humilitatis
3096 1211 3408 1275 induamur,
3454 1216 3513 1264 et
3554 1222 3743 1278 amne
3773 1222 3839 1263 ex

2224 1307 2341 1378 ipso
2376 1321 2475 1378 per
2518 1305 2739 1361 insitam
2780 1305 3152 1360 infirmitatem
3201 1302 3389 1358 multis
3435 1302 3623 1359 modis
3679 1301 3840 1357 malis

2222 1397 2563 1468 subjicimur,
2588 1412 2657 1452 ne
2677 1396 2748 1452 ab
2771 1397 3003 1452 invicem
3056 1410 3374 1467 separemur
3397 1408 3501 1465 per
3524 1408 3681 1460 eam,
3702 1408 3842 1465 quae

2224 1490 2367 1547 circa
2391 1505 2493 1546 nos
2541 1498 2642 1556 est,
2694 1488 3159 1560 inaequalitatem,
3207 1487 3303 1543 sed
3352 1486 3536 1557 magis
3580 1485 3839 1557 prudenti

2223 1583 2557 1655 cogitatione
2599 1582 2835 1638 naturali
2885 1580 3115 1654 collegio
3160 1580 3619 1652 inaequalitatem
3685 1578 3843 1648 plane

2224 1674 2509 1741 faciamus,
2542 1674 2774 1730 aliorum
2808 1675 3051 1731 defectus
3073 1674 3278 1729 uestris
3303 1672 3438 1744 ipsis
3466 1663 3842 1742 adimplentes

522 1757 708 1826 facile,
731 1760 850 1818 sive
869 1768 998 1817 tunc
1023 1761 1194 1832 ipsam
1218 1759 1476 1834 [videlicet
1499 1761 1756 1836 animam]
1779 1764 1888 1819 Deo
1904 1770 2124 1835 propter
2153 1752 2202 1817 Β
2226 1767 2767 1839 superabundantiis.
2817 1767 3050 1839 Propter
3095 1768 3199 1824 hoc
3248 1764 3507 1822 fortassis
3569 1780 3840 1836 praeses

521 1851 1054 1923 praevaricationem
1100 1860 1289 1909 nostro
1336 1854 1553 1924 corpori
1596 1855 2007 1925 eommiscente,
2066 1866 2123 1915 et

520 1943 591 2000 ad
625 1941 971 2002 alienandum
1013 1959 1160 2011 eam,
1197 1946 1279 2003 sic
1324 1961 1556 2019 corpore
1600 1950 1670 2004 ad
1711 1950 2019 2021 passionem
2067 1958 2123 2007 et

520 2038 926 2110 corruptionem
976 2047 1033 2096 et
1086 2041 1311 2098 omnino
1348 2040 1697 2111 solutionem,
1737 2045 1882 2101 sicut
1922 2054 2126 2102 morta-

519 2130 655 2188 lium
681 2133 734 2189 in
756 2134 1013 2205 paradiso
1046 2135 1269 2207 pellium
1298 2135 1543 2193 declarat
1566 2138 1820 2206 amictus,
1850 2140 2125 2199 inserente

517 2228 844 2297 potentiam,
884 2227 1040 2299 juxta
1088 2231 1231 2302 quod
1276 2232 1541 2304 scriptum
1591 2244 1697 2301 est,
1753 2236 1881 2307 quia
1901 2236 1965 2293 'et
2010 2239 2123 2309 ipsa

521 2326 768 2373 creatura
794 2319 1032 2391 subjecta
1065 2329 1143 2376 est
1177 2323 1506 2392 corruptioni
1552 2324 1753 2391 nolens,
1783 2326 1874 2380 sed
1915 2337 2128 2399 propter

520 2404 885 2482 subjicientem
915 2414 971 2469 in
992 2431 1120 2487 spe;
1148 2430 1243 2472 seu
1276 2430 1343 2472 ex
1367 2416 1655 2489 principio,
1691 2435 1790 2492 per
1815 2423 2126 2493 praescieri-

522 2504 657 2561 tiam
704 2507 784 2563 sic
832 2523 955 2565 eam
991 2518 1237 2578 creante,
1279 2522 1507 2586 propter
1552 2515 1860 2586 praevisam
1891 2515 2127 2574 hominis

520 2598 1070 2671 praevaricationem,
1100 2602 1175 2659 ita
1204 2613 1265 2661 ut
1290 2604 1550 2678 patiendo
1589 2615 1645 2662 et
1676 2606 1915 2662 vitiando
1944 2623 2043 2680 per
2069 2623 2128 2664 se

523 2688 580 2745 in
607 2702 933 2747 consensum
969 2693 1141 2765 ipsius
1184 2703 1240 2751 et
1258 2697 1513 2770 pr0priac
1566 2698 1846 2771 dignitatis
1893 2700 2125 2768 veniret,

522 2787 579 2837 et
606 2780 918 2855 inseparate
943 2786 1213 2858 reciperet
1252 2790 1319 2845 ad
1360 2805 1560 2862 corpus
1588 2799 1644 2847 et
1672 2791 1904 2863 seipsam
1930 2791 2125 2848 iterum

522 2872 796 2931 aﬂectum.
821 2874 1083 2934 Concedit
1102 2880 1248 2936 enim
1277 2881 1714 2954 sapientissimus
1741 2884 1883 2939 vitae
1909 2891 2128 2941 nostrae

521 2965 793 3038 provisor,
826 2968 1151 3027 naturaliter
1201 2972 1283 3027 uti
1314 2988 1477 3045 saepe
1507 2976 1669 3031 rebus
1695 2976 1932 3048 propriis
1970 2976 2130 3032 moti-

521 3057 626 3115 bus
644 3054 724 3114 ad
753 3068 997 3120 nostram
1020 3054 1468 3135 temperantiam,
1519 3065 1790 3122 interdum
1821 3067 2011 3125 insane
2033 3081 2129 3124 eas

523 3158 852 3220 tractantes,
875 3167 945 3209 ex
981 3154 1303 3212 confusione
1343 3165 1397 3211 et
1422 3158 1832 3228 perturbatione
1860 3158 2007 3214 circa
2034 3173 2130 3215 eas

523 3250 580 3300 et
602 3256 668 3300 ex
697 3244 799 3312 eis,
824 3246 891 3301 ad
937 3245 1013 3313 id,
1061 3246 1205 3318 quod
1232 3247 1465 3302 amabile
1501 3258 1585 3304 est
1628 3249 1928 3304 secundum
1970 3256 2130 3304 natu-

522 3347 666 3402 ram,
713 3334 988 3392 adducens
1019 3337 1240 3394 interim
1289 3347 1538 3394 nostrum
1582 3341 2023 3397 irrationabilem
2058 3340 2131 3396 ad

524 3441 589 3484 ea
615 3441 756 3501 quae
783 3430 1092 3501 praesentia
1138 3439 1266 3487 sunt
1304 3446 1569 3489 amorem.
1604 3432 1803 3490 Tribus
1841 3435 1987 3491 enim
2017 3435 2132 3491 exi-

524 3520 799 3604 stentibus
865 3522 1267 3580 universalibus
1319 3527 1541 3594 modis,
1602 3542 1700 3598 per
1758 3543 1895 3599 quos
1941 3529 2133 3585 dicunt

526 3613 739 3671 erudite
767 3623 983 3670 nostras
1011 3615 1195 3670 sanari
1218 3618 1520 3687 passiones,
1549 3633 1648 3691 per
1673 3619 1914 3690 singulos
1941 3621 2131 3680 modos

528 3706 805 3778 sapienter
842 3707 1153 3764 inordinata
1199 3711 1480 3778 materiae,
1534 3712 1787 3769 ordinate
1830 3716 2131 3770 secundum

530 3814 695 3871 super
717 3816 819 3858 nos
853 3810 911 3858 et
958 3802 1241 3860 meliorem
1274 3806 1561 3873 rationem,
1613 3809 1680 3863 ad
1711 3809 1984 3881 cognitam
2018 3810 2133 3866 Deo

528 3891 728 3949 bonam
755 3892 1149 3966 pulchramque
1183 3896 1598 3967 perfectionem,
1634 3900 1935 3971 gubernata
1979 3900 2134 3956 mali-

528 3984 641 4055 tiae
669 3986 985 4056 passionum
1029 3988 1345 4059 gravedine,
1394 3990 1853 4047 medicamentum
1888 3992 2130 4064 ponitur.

529 4075 641 4132 Aut
683 4078 828 4133 enim
909 4081 1454 4137 antecommissorum
1502 4092 1854 4155 peccatorum
1901 4100 2134 4157 poenam

528 4176 858 4238 repetentes,
883 4183 1117 4241 quorum
1145 4186 1317 4243 aeque
1345 4187 1522 4244 neque
1553 4174 1839 4245 vestigium
1872 4175 2134 4232 memoria

533 4261 837 4320 detinemus
870 4271 1095 4335 propter
1146 4264 1551 4336 ignorantiam;
1581 4264 1842 4327 lfortassis
1887 4282 2019 4323 vero
2048 4283 2136 4324 re-

534 4353 842 4421 cordantes,
869 4364 1233 4427 opportunam
1268 4354 1481 4415 delictis
1512 4357 1802 4414 reStituere
1842 4358 2137 4415 correctio-

535 4459 659 4500 nem
689 4460 799 4502 non
832 4446 1213 4512 sustinuimus,
1257 4462 1356 4502 seu
1384 4448 1653 4513 nolentes,
1686 4464 1780 4505 seu
1814 4465 1921 4505 non
1947 4450 2136 4506 valen-

2225 1872 2488 1915 concessa
2524 1867 2609 1913 est
2656 1858 2969 1914 conversari
3014 1856 3304 1923 anomalia,
3341 1864 3404 1911 ut
3442 1857 3841 1912 ostenderem

2224 1951 2471 2019 rationis,
2503 1967 2645 2023 quae
2680 1954 2734 2008 in
2779 1952 2937 2009 nobis
2975 1960 3084 2019 est,
3116 1951 3383 2024 potentia,
3413 1950 3843 2022 praehonorans

2223 2045 2476 2103 omnibus
2521 2046 2799 2102 virtutem.
2845 2045 3101 2103 Omnium
3142 2045 3286 2101 enim
3318 2045 3620 2100 hominum
3654 2045 3839 2101 eadem

2224 2148 2312 2196 est
2344 2142 2591 2210 corporis
2622 2147 2673 2196 et
2715 2154 2925 2207 eorum,
2971 2154 3115 2210 quae
3155 2147 3310 2194 extra
3354 2147 3511 2203 sunt,
3555 2138 3843 2193 conversio

2226 2242 2282 2288 et
2308 2232 2659 2299 mutabilitas,
2689 2248 2828 2303 quae
2850 2231 2956 2287 fert
2975 2241 3030 2288 et
3053 2232 3245 2297 fertur,
3273 2240 3331 2287 et
3350 2230 3724 2286 solummodo
3752 2229 3841 2284 hoc

2227 2323 2420 2381 stabile
2462 2326 2705 2396 possidet
2743 2340 2809 2382 ac
2840 2326 3083 2393 firmum,
3133 2324 3279 2397 quod
3331 2324 3608 2380 instabile
3661 2332 3752 2380 est
3786 2340 3841 2380 ac

2227 2413 2482 2471 volubile.

2763 2487 2967 2544 CAPIT
2977 2486 3170 2545 ULUM
3204 2486 3293 2543 Ν.

2466 2594 2702 2636 εδινευειι
2742 2596 2811 2635 EX
2850 2594 3094 2636 SERIONE
3132 2595 3186 2635 IN
3223 2592 3609 2635 ΑἸἮΔΕΔὸΙΠΙ.

2228 2669 2288 2727 In
2320 2669 2469 2729 hoc:
2502 2670 2630 2727 Non
2674 2673 2816 2728 enim
2856 2670 3172 2799 haeetbz‘uid
3201 2669 3365 2725 altius
3409 2686 3582 2741 quam
3634 2671 3842 2726 omnia

2960 2761 3010 2797 ta
3104 2781 3117 2797 .

2960 2761 3114 2797 ιαυιμ

2300 2836 2530 2893 Videtur
2566 2834 2701 2892 mihi
2741 2849 2836 2906 per
2867 2835 3006 2893 haec
3046 2826 3346 2891 absolvisse
3390 2832 3467 2889 ab
3499 2833 3664 2890 omni
3703 2848 3844 2888 com-

2229 2928 2477 3000 parativo
2519 2935 2574 2983 et
2612 2926 2905 2983 discretivo
2936 2935 2992 2982 et
3043 2925 3432 2997 quoquomodo
3484 2925 3657 2981 aliter
3705 2926 3845 2981 dicto

2231 3020 2421 3078 habitu
2461 3021 2714 3077 edoctum
2747 3021 2852 3077 iste
2888 3019 3063 3076 deifer
3101 3019 3379 3091 Magister.
3421 3020 3571 3077 Nam
3616 3022 3845 3077 imaeu-

2157 3135 2202 3199 ρ
2233 3130 2348 3169 sam
2400 3126 2523 3169 esse
2576 3112 2737 3168 talem
2785 3096 3055 3168 orationis
3100 3112 3340 3183 speciem
3382 3112 3606 3178 dicunt,
3654 3113 3748 3182 qui
3794 3111 3843 3166 in

2231 3209 2430 3265 talibus
2463 3208 2740 3279 sapientes
2783 3216 2933 3272 sunt,
2964 3215 3021 3263 et
3064 3207 3206 3263 hanc
3244 3221 3408 3278 posse
3440 3205 3843 3277 incomparabi-

2230 3299 2354 3357 liter
2381 3314 2544 3371 super
2570 3298 2750 3355 omnia
2781 3313 2903 3355 esse
2928 3298 3131 3366 dicere,
3158 3298 3360 3370 quippe
3388 3297 3661 3354 virtutem
3687 3297 3844 3354 balnei

2232 3392 2693 3465 superemineutis
2725 3393 3053 3465 negationis.

2778 3485 3181 3544 CAPITULUM
3222 3484 3287 3541 V.

2308 3594 2540 3636 ειυευειι
2579 3595 2650 3635 EX
2688 3593 2976 3636 EPITAPBIO
3016 3595 3067 3634 IN
3107 3594 3353 3635 SANCTUM
3392 3591 3779 3633 ᾹἹἯΔῈΙᾹΞῘῙΞΙ.

2233 3670 2294 3726 ln
2326 3673 2431 3728 hoc
2462 3689 2476 3725 :
2507 3671 2607 3725 Cui
2636 3671 2798 3741 igitur
2830 3670 3034 3725 licitum
3064 3670 3188 3740 fuit,
3218 3686 3311 3740 per
3339 3671 3615 3725 rationem
3647 3681 3699 3723 et
3727 3684 3844 3741 cott-

2306 3738 2712 3814 tentplationent
2744 3738 3133 3814 parti-ansetmti
3181 3738 3465 3795 materiam
3508 3750 3567 3814 Aet
3635 3738 3843 3794 carnale

2305 3816 2427 3877 hoc,
2454 3814 2560 3868 sive
2585 3810 2817 3866 nimbitm
2842 3823 3039 3882 oportet
3071 3812 3267 3876 dicere,
3299 3814 3405 3866 sive
3434 3810 3708 3876 velamen,
3734 3826 3843 3862 ru-

2309 3885 2420 3939 Deo
2455 3884 2594 3954 ﬁeri,
2641 3893 2688 3938 et
2736 3883 3024 3954 purissimo
3069 3883 3267 3938 lumine
3300 3885 3531 3955 teneri,
3591 3894 3843 3955 φωιιιιιι

2306 3954 2553 4027 possibile
2589 3964 2664 4009 est
2703 3956 2969 4027 humanae
3013 3965 3254 4027 naturae,
3288 3954 3478 4027 beatus
3522 3956 3629 4007 iste
3669 3968 3845 4005 σεται

2309 4025 2457 4083 tione
2486 4026 2626 4089 hinc,
2673 4036 2719 4080 et
2772 4025 2919 4079 illinc
2965 4026 3330 4094 deiﬁcatione,
3375 4026 3444 4078 de
3484 4042 3596 4094 qua
3638 4036 3845 4094 agnem

2308 4097 2672 4169 philosophari
2715 4096 2967 4169 donatur,
2999 4092 3623 4169 etisuperintaterialem
3670 4092 3845 4148 duali-

2310 4167 2470 4223 tatem
2503 4168 2621 4237 ﬁeri
2652 4183 2746 4238 per
2772 4167 3090 4222 intellectam
3118 4168 3173 4221 in
3201 4168 3443 4221 trinitate
3470 4168 3758 4221 unitatem.

2310 4261 2424 4333 Ego
2455 4258 2673 4331 quidem
2706 4276 2812 4317 non
2846 4275 3068 4333 possum
3098 4258 3362 4315 deficiens
3404 4259 3620 4315 habere
3665 4259 3844 4315 reddi-

2242 4360 2354 4409 tam
2396 4353 2463 4409 de
2504 4356 2703 4408 virtute
2742 4363 3059 4408 sanctorum
3102 4350 3343 4423 Magistri
3388 4350 3703 4413 ratimtem,
3745 4349 3844 4405 etsi

2240 4446 2494 4518 quidam,
2547 4454 2604 4500 ut
2646 4443 2967 4515 scripsistis,
3013 4444 3119 4499 hoc
3162 4442 3527 4506 arbitrantur,
3578 4456 3682 4513 per
3725 4442 3843 4505 lmc,

535 4542 621 4591 tes
641 4543 866 4607 propter
902 4536 1202 4609 ingenitum
1242 4537 1485 4595 malitiae
1525 4537 1807 4607 habitum;
1859 4555 1954 4596 seu
1979 4541 2133 4597 inﬁr-
2163 4537 2216 4600 D
2244 4541 2458 4595 ratione
2487 4547 2543 4593 et
2570 4537 3025 4608 contemplatione
3056 4536 3422 4601 solummodo,
3454 4536 3581 4591 sine
3611 4536 3845 4598 actione,

538 4625 789 4683 mitatem
818 4644 1135 4700 purgamur,
1168 4639 1262 4685 aut
1288 4639 1631 4700 praesentem
1656 4641 1709 4687 et
1732 4632 2077 4688 distributam
2104 4647 2132 4679 ι

538 4719 804 4778 malitiam
850 4724 1186 4795 repellimus,
1215 4735 1270 4782 et
1308 4727 1508 4782 iterum
1538 4727 1605 4783 ad
1632 4718 1875 4783 habitum
1922 4728 2136 4786 futurae

536 4816 684 4873 vitae
710 4816 1105 4887 praediscimus
1131 4821 1377 4892 aspicere
1406 4837 1422 4888 ;
1464 4829 1557 4875 aut
1585 4819 1740 4875 ﬁrma
1770 4819 2056 4877 tolerantia
2082 4831 2139 4877 et

536 4906 627 4980 pia
656 4906 976 4965 fortitudine
1027 4910 1274 4966 mirabile
1313 4910 1618 4983 exemplum
1662 4910 1783 4967 aliis
1826 4912 2141 4971 hominibus

538 5000 679 5058 alius
705 5003 961 5075 proponit
986 5003 1171 5070 homo,
1221 5004 1490 5075 siquidem
1519 5004 1788 5071 excelsus,
1815 5014 1908 5061 aut
1942 5005 2134 5061 intelli-

539 5091 718 5162 gentia
745 5099 910 5166 atque
929 5093 1131 5150 virtute
1152 5094 1435 5167 gloriosus,
1466 5104 1520 5150 et
1542 5094 1766 5152 idoneus
1787 5111 1884 5167 per
1898 5096 2135 5167 seipsum

539 5183 908 5256 imperterrita
969 5197 1162 5243 contra
1234 5199 1471 5244 terrores
1524 5189 1729 5260 copula
1784 5188 2136 5245 manifestare

539 5276 756 5334 interim
810 5278 1084 5336 occultam
1132 5280 1439 5353 veritatem.
1487 5280 1759 5337 Admonet
1794 5283 1980 5354 itaque
2017 5296 2133 5349 eos,

538 5370 633 5442 qui
656 5369 790 5427 nihil
803 5386 966 5444 supra
997 5382 1341 5444 praesentem
1361 5374 1531 5434 vitam
1554 5375 1857 5449 intelligere
1884 5385 2132 5450 possunt,

2242 4641 2369 4705 post
2389 4631 2561 4688 Deum
2588 4631 2989 4686 transeuntium
3012 4630 3186 4700 ipsam
3214 4629 3397 4685 dicere
3414 4628 3847 4699 philosophiam;

2218 4740 2273 4781 ‘e
2300 4725 2575 4780 contrario
2604 4738 2735 4780 vero
2761 4732 3101 4795 compactam
3129 4722 3332 4778 actioni
3363 4736 3557 4778 veram
3590 4722 3739 4777 circa
3762 4736 3847 4785 ea,

2243 4835 2384 4891 quae
2412 4830 2559 4885 sunt,
2590 4834 2777 4875 eorum
2823 4827 2879 4873 et
2917 4817 3308 4890 iudicationem
3338 4827 3392 4871 et
3440 4815 3851 4886 attentionem,

2245 4927 2408 4982 quam
2457 4909 2857 4982 philosophiam
2912 4908 3085 4964 solam
3132 4922 3261 4963 vere
3318 4905 3704 4978 plenissimam
3750 4922 3854 4977 ego

2244 5004 2437 5059 saltem
2458 5005 2630 5059 audax
2648 5001 2874 5069 definio,
2897 5001 3068 5073 magis
3087 5007 3277 5071 aperte
3291 4998 3673 5054 introduxisse
3686 5013 3813 5054 eam
3827 5008 3849 5037 ε

2245 5095 2508 5166 suscipio,
2527 5095 2741 5150 ratione
2761 5101 2817 5149 et
2836 5091 3294 5163 contemplatione
3312 5090 3514 5162 corrigi
3531 5105 3659 5145 eam
3682 5092 3855 5145 mani-

2246 5188 2451 5244 festans
2465 5187 2490 5227 ἀ
2501 5227 2515 5242 .
2540 5186 2749 5259 Quippe
2773 5186 2967 5242 rationi
2990 5184 3278 5256 coniuncta
3291 5184 3515 5241 omnino
3531 5185 3786 5250 actione,
3802 5193 3855 5240 et

2240 5282 2598 5354 judicatione,
2645 5296 2786 5353 quae
2824 5281 2877 5337 in
2912 5281 3025 5353 ipsa
3055 5287 3165 5346 est,
3189 5294 3288 5352 per
3321 5277 3855 5349 contemplationem

2246 5375 2658 5449 comprehensa.
2695 5374 2974 5447 Siquidem
3015 5372 3249 5432 rationis
3291 5380 3397 5442 est,
3432 5372 3706 5431 ordinare
3738 5386 3855 5430 cor-

2063 5486 2314 5547 NOTAE.

616 5616 642 5679 9
672 5602 878 5679 Graece
901 5603 1194 5679 νεμομένην,
1224 5603 1263 5659 i.
1291 5618 1344 5661 e.
1372 5604 1733 5676 deponentem
1760 5622 1871 5661 nos.

615 5673 645 5714 δ
678 5674 901 5749 Rectius
922 5673 1005 5749 ita
1022 5673 1283 5732 vertisset
1308 5694 1320 5731 :
1356 5673 1448 5731 nec
1475 5687 1687 5749 propter
1717 5694 1892 5735 rerum
1913 5693 2135 5733 suarum

545 5760 756 5809 cursum
787 5745 843 5801 in
872 5744 1128 5823 oﬂcntum
1158 5757 1341 5805 contra
1367 5744 1484 5817 eos,
1498 5749 1589 5823 qui
1614 5748 1726 5807 ictis
1757 5758 1959 5820 carent,
1988 5749 2136 5806 exal-

2244 5614 2386 5662 lentu
2395 5622 2439 5660 r.

2315 5689 2339 5718 ο
2370 5677 2577 5733 Graece
2614 5676 2781 5740 αὐτὸν,
2820 5691 2957 5729 eum.

2254 5752 2263 5759 '
2313 5748 2339 5792 tl
2364 5748 2571 5811 Graece
2601 5750 2995 5821 ἀποφηνάμενον)
3022 5743 3472 5832 manifestantent.
