4004 6290
153 340 291 400 1217

1195 344 1439 400 VERSIO
1477 343 1940 402 AMBIGUORUM
1981 343 2040 401 S.
2082 343 2351 402 ΜΛΧΙΜΙ.

3186 398 3190 403 .
3281 351 3419 410 ιω

153 456 302 529 ραι-ῖς
329 462 558 520 motum,
589 452 752 508 veluti
785 450 940 508 freno
978 455 1210 523 quodam
1244 466 1392 512 recta
1441 457 1733 512 ratiocina-
1764 458 1814 517 A
1840 457 2067 513 virtutes
2093 458 2327 513 divinam
2345 454 2560 513 sibimet
2574 465 2892 527 coaptavere
2915 460 3144 518 formam
3163 465 3418 523 omnino:

153 548 305 603 tione
335 548 402 602 ab
429 547 516 611 eo,
557 546 647 617 qui
690 555 774 601 est
815 546 881 600 ad
931 546 1432 617 inconsequentiam
1459 563 1508 615 ει,
1556 557 1737 604 meatu

151 638 568 709 disciplinaliter
597 645 889 701 retentum,
916 638 1392 707 contemplationis
1414 653 1566 704 vero,
1599 653 1738 707 quae

153 732 294 786 bene
339 729 607 784 intellecta
641 739 803 798 atque
843 729 1077 783 discreta
1119 739 1264 794 sunt,
1307 731 1603 799 prudenter
1641 747 1738 784 ex-

153 829 347 884 tollere
382 826 699 897 iudicando,
735 836 988 896 tanquam
1021 825 1194 881 lucem
1227 825 1612 888 clarissimam,
1643 841 1740 895 per

152 935 344 976 veram
387 919 670 975 scientiam
707 918 876 987 ipsam
909 917 1192 973 veritatem
1223 920 1515 973 ostendens
1549 919 1598 972 δ.
1646 918 1740 974 llis

152 1013 424 1067 ambobus
466 1011 702 1065 maxime
743 1019 962 1064 creatur
1007 1011 1186 1064 omnis
1225 1012 1443 1080 sapiens
1486 1011 1658 1064 virtus
1687 1018 1741 1065 et

153 1105 481 1166 custoditur,
529 1104 597 1158 ab
639 1103 724 1158 his
763 1103 928 1158 etiam
980 1103 1362 1158 manifestatur
1407 1119 1504 1174 per
1547 1119 1742 1173 corpus

155 1207 266 1250 non
301 1205 442 1260 tota;
491 1211 596 1250 non
641 1195 786 1248 enim
822 1195 1034 1265 capitur
1075 1209 1325 1265 corpore,
1357 1195 1482 1249 dum
1518 1195 1590 1248 sit
1615 1197 1742 1248 cha-

154 1293 340 1338 racter
368 1283 578 1338 divinae
607 1283 906 1353 potentiae,
933 1285 1026 1338 sed
1053 1286 1316 1353 quaedam
1362 1300 1572 1350 eorum,
1605 1300 1742 1354 quae

154 1376 331 1448 ipsius
357 1385 501 1440 sunt,
540 1377 783 1431 umbrae.
819 1377 885 1430 Et
930 1378 1032 1432 hoc
1075 1393 1182 1432 non
1218 1387 1444 1447 propter
1484 1378 1741 1447 seipsam,

154 1479 384 1541 propter
412 1469 584 1524 nudos
614 1484 740 1523 vero
771 1470 940 1540 ipsius
971 1471 1168 1540 gratia,
1201 1481 1257 1523 ut
1300 1470 1352 1524 in
1385 1470 1743 1524 imitationem

153 1560 380 1615 veniant
417 1557 699 1612 deiformis
751 1559 914 1613 Deum
961 1560 1294 1628 diligentium
1339 1559 1576 1614 virorum
1618 1575 1746 1614 con-

157 1649 526 1714 versationis;
594 1659 652 1702 ut
703 1664 803 1718 per
849 1651 1318 1720 participationem
1365 1651 1491 1706 boni
1539 1659 1595 1705 et
1644 1649 1745 1720 ipsi

158 1741 403 1796 malitiae
459 1741 850 1810 turpitudinem
905 1743 1258 1811 deponentes,
1291 1744 1575 1815 dignorum
1637 1743 1746 1798 Deo

1843 564 1949 604 non
1978 566 2099 606 esse
2124 550 2490 606 necessarium
2514 549 2764 618 judicans
2791 567 2888 623 per
2917 569 3112 625 corpus
3141 557 3425 619 nominare

1842 641 2132 707 actionem,
2170 658 2502 713 cognoscens
2528 659 2634 696 non
2680 659 2801 698 eam
2840 647 3053 700 virtutis
3089 663 3208 702 esse
3231 647 3425 704 factri-

1843 746 1982 794 cem,
2008 733 2101 786 sed
2127 731 2630 799 manifestatricem,
2659 742 2714 788 et
2745 735 3080 790 solummodo
3112 737 3418 794 divinarum

1843 822 2325 894 intelligentiarum
2351 835 2406 880 et
2437 825 2860 895 disputationum
2891 827 3198 882 ministrum

1916 914 1986 970 Ut
2029 925 2208 969 autem
2254 923 2311 970 et
2361 931 2457 986 per
2501 917 2666 970 alium
2710 917 2926 972 modum
2958 917 3302 974 manifestum
3334 917 3430 973 fiat

1843 1007 1986 1074 quod
2014 1007 2216 1061 dictum
2256 1013 2340 1060 est
2370 1023 2383 1060 :
2415 1008 2620 1072 dicunt,
2650 1008 2742 1076 qui
2773 1019 3080 1063 nostrarum
3127 1025 3308 1064 rerum
3346 1011 3428 1064 di-

1846 1095 2077 1166 ligenter
2107 1096 2345 1150 rationes
2374 1106 2720 1166 percurrunt,
2757 1098 3035 1152 rationalis
3061 1099 3276 1168 quidem
3305 1113 3427 1155 esse

1844 1189 2322 1258 c0ntemplativnin
2382 1197 2438 1243 et
2498 1191 2761 1244 activum.
2819 1190 2887 1245 Et
2943 1192 3426 1262 contemplativum

1844 1281 2059 1351 quidem
2121 1281 2417 1336 secundum
2469 1281 2834 1347 intellectum;
2895 1283 3094 1352 quippe
3153 1281 3316 1337 habet
3361 1297 3428 1337 ea

1846 1388 1986 1444 quae
2013 1384 2139 1427 sunt
2171 1389 2184 1426 :
2215 1373 2447 1427 activum
2471 1389 2600 1428 vero
2622 1373 2918 1427 secundmn
2943 1372 3252 1436 consilium,
3282 1373 3428 1442 quod

1847 1466 2036 1521 definit
2069 1465 2376 1518 actionibus
2409 1474 2612 1518 rectam
2646 1464 2932 1518 rationem.
2965 1463 3033 1516 Et
3074 1473 3271 1518 vocant
3310 1463 3429 1532 qui-

1848 1556 1971 1610 dem
2017 1555 2524 1625 contemplativum,
2580 1554 2958 1619 intellectum;
3010 1554 3247 1608 activum
3297 1567 3431 1609 vero

1849 1647 2151 1712 rationem;
2185 1656 2240 1700 et
2289 1645 2418 1700 illud
2461 1646 2678 1715 quidem
2724 1645 3083 1715 sapientiam,
3136 1644 3264 1700 illud
3302 1659 3431 1702 vero

1847 1739 2213 1809 prudentiam.
2255 1739 2310 1792 Si
2356 1747 2536 1792 autem
2570 1738 2671 1792 hoc
2701 1753 2906 1800 verum,
2937 1752 3003 1792 ex
3045 1751 3208 1791 causa
3252 1737 3433 1805 itaque

156 1842 344 1902 partes
390 1832 543 1898 fiant,
587 1841 681 1886 aut
715 1833 1072 1902 deprecantes
1108 1833 1429 1902 adjutorinin
1475 1835 1742 1904 quoddam
1779 1849 1819 1906 Β
1849 1833 2138 1893 actionem,
2169 1829 2460 1884 secundum
2489 1829 2628 1896 quod
2654 1841 2994 1896 consequens
3017 1836 3120 1892 est,
3149 1836 3204 1880 at
3232 1842 3336 1880 non
3365 1840 3434 1880 ex

155 1941 196 1981 a
247 1926 557 1997 potentibus
612 1927 894 1996 consequi,
945 1936 1004 1981 ut
1053 1927 1326 1982 occultum
1372 1929 1424 1981 in
1479 1927 1744 1997 profundo

157 2018 376 2074 animae
439 2017 765 2073 eximiorum
821 2016 1072 2073 affectum
1134 2035 1230 2089 per
1286 2035 1483 2088 corpus
1533 2019 1746 2072 actione

158 2110 452 2166 manifesta
485 2110 842 2180 accipientes,
887 2111 1070 2165 omnia
1103 2110 1453 2165 inomnibus
1503 2109 1700 2164 factam
1728 2151 1745 2178 ,

158 2207 218 2254 et
237 2215 333 2270 per
359 2199 539 2254 omnia
567 2201 820 2255 omnibus
840 2212 1181 2271 praesentem
1207 2200 1300 2256 Dei
1326 2201 1743 2272 providentiam,

159 2297 220 2344 et
248 2290 392 2360 ipsos
423 2289 674 2357 laudent;
711 2302 770 2344 nt
807 2293 850 2346 si
883 2308 1043 2347 nemo
1073 2301 1241 2358 esset,
1278 2293 1368 2362 qui
1413 2293 1550 2348 bene
1587 2308 1748 2364 agere

161 2382 574 2452 deprecaretur,
605 2399 698 2439 seu
730 2384 820 2454 qui
860 2385 926 2437 ad
960 2386 1216 2439 virtutem
1247 2385 1494 2454 exemplo
1523 2383 1747 2440 formari

161 2472 375 2540 debeat,
409 2473 582 2544 ipsmn
615 2473 786 2528 solum
815 2473 1059 2528 sullieere
1089 2474 1191 2529 sibi
1221 2476 1463 2537 omnino,
1496 2491 1634 2544 quae
1665 2489 1749 2529 se-

160 2564 400 2620 cundum
451 2564 689 2619 animam
743 2575 887 2630 sunt,
935 2563 1194 2620 virtutum
1248 2565 1405 2622 donis
1454 2567 1744 2622 fruentem.

161 2655 233 2709 Et
260 2656 377 2710 sine
405 2672 593 2710 earum
633 2672 726 2727 per
757 2674 953 2728 corpus
984 2659 1052 2712 ad
1094 2659 1441 2714 manifestum
1483 2662 1749 2730 approba-

166 2746 313 2802 tione
360 2763 465 2802 non
517 2758 599 2804 est
645 2751 998 2822 incongruum
1040 2753 1245 2807 dicere.
1291 2752 1393 2820 Qui
1448 2754 1613 2825 igitur
1663 2755 1748 2824 pie

162 2853 264 2911 per
319 2841 828 2912 contemplationem
878 2844 1171 2916 intelligit,
1227 2847 1498 2916 quomodo
1550 2848 1750 2903 habent

163 2945 229 2986 ea
255 2947 394 3002 quae
419 2941 564 2998 sunt,
597 2944 652 2988 et
690 2949 786 3003 per
818 2936 1141 2990 rationabile
1183 2937 1468 2992 consilium
1500 2939 1748 2994 conside-

164 3033 283 3079 rate
320 3040 383 3079 ac
421 3035 568 3080 recte
600 3025 666 3080 de
699 3026 828 3095 ipsis
865 3028 1130 3082 rationem
1169 3029 1375 3092 delinit,
1416 3040 1472 3085 et
1512 3032 1749 3086 custodit

163 3119 384 3174 sibimet
421 3118 712 3187 judicium,
749 3121 924 3190 magis
967 3137 1094 3178 vero
1141 3124 1375 3193 seipsum
1414 3121 1620 3192 judicio
1675 3125 1748 3180 ir-

1850 1923 2078 1977 materia
2118 1921 2416 1975 nominavit
2455 1919 2712 1990 Magister
2750 1921 3037 1984 rationem,
3080 1918 3283 1974 nullam
3332 1918 3431 1973 ha-

1847 2015 2066 2070 bentem
2119 2013 2428 2083 oppositum
2480 2011 2852 2066 habitudinem
2905 2009 3223 2081 appellans;
3264 2008 3435 2064 ratio-

1849 2106 2106 2160 nabiliter
2143 2107 2289 2159 enim
2325 2113 2380 2159 et
2415 2104 2674 2168 scienter,
2725 2112 2781 2157 at
2821 2118 2926 2158 non
2958 2118 3054 2171 per
3093 2101 3434 2156 inimicitiam

1847 2203 1904 2249 et
1922 2194 2346 2258 contentionem,
2362 2194 2525 2247 instat
2545 2193 2688 2246 veris
2706 2207 2806 2246 con
2816 2190 3176 2260 templativus,
3203 2199 3258 2244 et
3279 2203 3434 2259 prac-

1851 2295 1934 2341 ter
1965 2286 2078 2356 ipsa
2111 2285 2256 2340 aliud
2283 2284 2413 2354 quid
2436 2283 2619 2340 videre
2645 2292 2868 2354 propter
2889 2297 3081 2337 eorum
3114 2281 3436 2337 delectatio.

1851 2394 1973 2434 nem
2014 2394 2120 2433 non
2148 2379 2358 2448 recipit.

1921 2469 1977 2522 Si
2005 2483 2134 2522 vero
2154 2484 2290 2538 opus
2324 2476 2487 2524 estet
2512 2468 2670 2526 aliter
2699 2469 2803 2525 hoc
2832 2470 3074 2540 apertius
3109 2468 3307 2531 facere,
3333 2467 3438 2523 ite-

1849 2575 1992 2626 rum,
2033 2561 2124 2632 qui
2173 2562 2469 2616 secundum
2520 2563 2773 2617 virtutem
2821 2561 3171 2632 perfectionis
3205 2559 3440 2614 ratione:

1848 2666 2126 2723 exercent,
2161 2656 2366 2724 dicunt,
2393 2659 2654 2728 quosdam
2682 2660 2918 2713 nondum
2943 2660 3010 2712 ad
3044 2659 3325 2713 materiam
3353 2671 3440 2714 sc-

1848 2751 2082 2805 cundum
2117 2749 2361 2804 habitum
2402 2752 2781 2806 communione
2810 2761 3064 2822 purgatos
3093 2752 3238 2806 circa
3269 2750 3438 2804 actio-

1848 2859 1946 2898 nes
1978 2843 2114 2898 eliici
2138 2885 2152 2908 ,
2185 2842 2312 2898 dum
2362 2845 2434 2900 sit
2467 2845 2631 2898 mixta
2666 2845 2844 2899 adlme
2871 2845 2950 2899 eis
2976 2845 3120 2899 circa
3172 2857 3266 2906 ea,
3304 2857 3441 2912 quae

1849 2946 1995 3002 sunt,
2015 2935 2302 3005 iudicatio,
2327 2924 2384 2992 et
2425 2947 2553 2992 sunt
2578 2937 2981 3002 conversibiles,
3020 2939 3256 2991 nondum
3299 2935 3438 2990 circa

1849 3027 2234 3083 conversibilia
2264 3029 2504 3083 habitum
2522 3029 2885 3100 deponentcs;
2913 3027 3173 3098 quosdam
3196 3040 3326 3081 vero
3349 3041 3442 3097 per

1851 3120 2068 3174 virtutis
2121 3120 2488 3174 summitatem
2548 3118 2659 3175 Deo
2715 3119 3010 3174 secundum
3057 3118 3297 3172 habitum
3347 3134 3444 3188 ap-

165 3210 670 3280 reprehensibiletn,
701 3226 918 3266 onmem
949 3214 1108 3267 simul
1138 3215 1603 3285 comprehendens
1647 3217 1746 3273 ha-
1777 3210 1821 3271 C
1852 3213 2495 3284 proximantes,etipsius
2524 3212 2820 3268 secundmn
2844 3212 3249 3283 intelligentiam
3281 3213 3446 3267 beati-

165 3311 259 3354 Det
301 3302 576 3366 virtutem,
621 3302 688 3355 ad
726 3303 862 3357 nihil
902 3304 1044 3358 aliud
1079 3313 1200 3375 post
1245 3308 1515 3377 cognitam
1551 3309 1749 3364 verita-

171 3401 305 3458 tem,
339 3394 518 3448 adhue
555 3402 754 3459 motus,
788 3404 842 3448 et
869 3395 1050 3449 omnia
1078 3397 1357 3466 praeteriit
1404 3397 1747 3467 festinanter,

168 3484 363 3539 nullius
395 3486 616 3540 omnino
639 3486 901 3542 rationem
928 3487 1134 3544 faciens
1159 3505 1369 3557 eorum,
1393 3508 1750 3562 quaecunque

169 3579 350 3632 carnis
406 3587 460 3633 et
515 3580 695 3633 mundi
762 3589 887 3634 sunt
933 3590 988 3634 et
1049 3582 1340 3648 dicuntur,
1401 3584 1749 3642 inl‘ormatam

169 3667 534 3739 nabensﬁjam
601 3671 809 3724 ratione
870 3673 1316 3742 comprehensam
1387 3676 1504 3730 sine
1569 3693 1747 3746 pugna

169 3762 468 3830 actionem;
515 3765 714 3834 quippe
753 3779 944 3818 omnes
971 3766 1190 3822 sibimet
1235 3768 1614 3825 intellectualis
1658 3785 1752 3825 no-

169 3853 268 3910 stri
316 3857 718 3925 potentissimas
769 3856 1127 3926 impassibiles
1179 3859 1419 3916 inferens
1475 3861 1747 3928 rationes,

168 3961 266 4018 per
291 3963 426 4016 quas
453 3949 630 4004 omnis
659 3948 834 4002 virtus
876 3959 929 4004 et
973 3952 1198 4006 scientia
1246 3962 1330 4008 est
1377 3962 1431 4008 et
1477 3954 1748 4021 consistit,

169 4035 289 4107 iure
335 4041 460 4094 dum
511 4041 620 4095 sint
671 4040 1010 4096 rationabilis
1059 4044 1275 4099 animae
1323 4047 1597 4114 potentiae
1626 4087 1640 4113 ,
1693 4055 1752 4101 nt

167 4131 280 4187 sint
306 4132 519 4199 quidem
545 4135 767 4188 omnino
795 4149 1020 4203 corpore
1050 4151 1154 4188 non
1184 4135 1505 4206 indigentes,
1543 4147 1600 4192 ut
1627 4154 1750 4194 vere

167 4223 492 4280 manifestae
549 4228 660 4280 sint
723 4238 948 4298 propter
1005 4243 1202 4283 causas
1263 4231 1612 4299 praedictas,
1666 4247 1751 4286 se-

164 4316 405 4371 cundum
451 4326 662 4387 tempus
705 4334 772 4375 eo
815 4321 892 4373 uti
938 4335 1045 4375 non
1097 4320 1494 4390 vituperantur.
1559 4322 1751 4377 Dicunt

161 4407 314 4464 enim
359 4409 736 4464 intellectualis
784 4426 904 4466 esse
947 4411 1258 4482 specialiter
1297 4413 1546 4468 notiones
1591 4413 1748 4468 intel-

162 4500 475 4570 ligibilium,
509 4501 758 4568 virtutes,
794 4505 1070 4568 scientias,
1099 4505 1300 4559 artium
1331 4506 1593 4573 rationes,
1623 4522 1747 4578 pro-

161 4593 424 4663 positum,
468 4593 777 4659 consilium,
817 4597 1140 4665 generaliter
1177 4614 1306 4654 vero
1339 4597 1570 4667 judicia,
1601 4615 1748 4654 com-

162 4682 498 4752 parationes,
540 4680 718 4752 fugas,
759 4687 1069 4752 appetitus;
1115 4697 1170 4742 et
1217 4691 1480 4759 quaedam
1529 4691 1746 4759 quidem

161 4787 289 4828 esse
342 4773 509 4827 solius
563 4778 892 4830 secundum.
933 4779 1174 4832 animum
1232 4783 1705 4850 contemplationis
1733 4825 1748 4850 ,

162 4863 434 4933 quaedam
474 4880 600 4918 vero
628 4867 926 4921 secundum
963 4868 1226 4923 rationem
1269 4871 1621 4939 disciplinalis
1659 4891 1757 4945 po-

165 4957 394 5034 tentiae.
429 4957 485 5012 Si
527 4969 708 5013 autem
754 4961 954 5016 talibus
997 4962 1326 5017 custoditum
1369 4967 1644 5036 propriatn
1679 4969 1755 5022 vi-

167 5056 282 5104 tam
323 5051 493 5105 sancti
541 5063 1050 5118 conservaverunt,
1105 5056 1268 5125 igitur
1315 5062 1751 5129 comprehensim

167 5159 269 5215 per
312 5146 577 5201 rationem
618 5156 672 5201 et
718 5149 1232 5218 contemplationem
1282 5151 1475 5208 beatus
1530 5155 1632 5210 iste
1673 5156 1756 5210 vir

165 5248 380 5297 omnes,
413 5251 554 5303 quae
583 5246 708 5290 sunt
737 5241 1033 5292 secundum
1066 5241 1322 5294 virtutem
1350 5253 1404 5295 et
1442 5244 1744 5309 scientiam,

167 5325 472 5382 introduxit
520 5329 762 5386 rationes
813 5347 844 5385 a
895 5333 1100 5388 sanctis
1147 5335 1606 5403 comprehensas,
1653 5353 1752 5408 per

167 5431 308 5489 quas
345 5418 580 5473 divinam
613 5421 858 5475 notitiam
901 5439 997 5493 per
1033 5425 1543 5494 contemplationem
1579 5427 1750 5482 scien-

168 5514 257 5565 ter
286 5508 636 5580 accipientes,
674 5512 968 5581 prudenter
995 5515 1291 5570 secundum
1340 5516 1614 5575 rationem
1657 5534 1755 5591 per

1857 3305 2039 3360 tudine
2057 3303 2322 3370 fruentes,
2347 3307 2413 3360 ad
2436 3306 2640 3376 seipsos
2665 3306 3005 3360 solummodo
3031 3315 3086 3360 et
3116 3305 3280 3360 Deum
3317 3321 3444 3361 con-

1851 3411 2077 3462 versos,
2137 3397 2436 3468 rumpendo
2496 3398 2707 3452 sincere
2761 3397 3059 3452 materialis
3111 3397 3444 3454 hahitndinis

1851 3488 2088 3555 vincula,
2121 3489 2427 3544 actionibus
2450 3489 2666 3558 quidem
2713 3506 2740 3543 a
2787 3490 3010 3544 materia
3050 3489 3285 3560 perfecte
3315 3490 3447 3544 alic-

1852 3590 2076 3645 nantur,
2105 3580 2565 3651 contemplatione
2593 3596 2722 3636 vero
2749 3590 2802 3635 et
2837 3580 2948 3635 Deo
2975 3581 3266 3636 familiares
3288 3582 3443 3635 fiunt.

1851 3674 2170 3745 Propterea,
2219 3675 2501 3744 inquiunt,
2550 3685 2772 3730 manent
2819 3676 3283 3742 incom'ersibiles,
3335 3691 3442 3731 non

1852 3763 2116 3820 habentes
2137 3763 2312 3818 adhuc
2341 3765 2406 3818 ad
2431 3766 2714 3820 materiam
2746 3765 3138 3830 habitudinem,
3169 3783 3265 3833 per
3283 3782 3444 3836 quam

1851 3872 1974 3913 cum
2008 3858 2234 3912 materia
2261 3859 2578 3913 naturaliter
2601 3859 2783 3915 mobili
2803 3869 2990 3915 contra
3016 3870 3263 3914 naturam
3293 3874 3446 3914 com-

1853 3951 2056 4006 moveri
2104 3966 2168 4005 ex
2212 3953 2537 4007 necessitate
2581 3953 2893 4018 consuevit,
2927 3955 3014 4022 qui
3046 3953 3302 4008 materiae
3350 3967 3448 4022 per

1852 4042 2223 4098 habitudinem
2255 4053 2543 4098 concretus
2571 4053 2676 4109 est,
2702 4055 2756 4099 et
2785 4046 3053 4101 maximae
3086 4046 3272 4100 videns
3309 4045 3449 4100 indi-

1851 4149 1978 4204 gere
2005 4136 2278 4204 potentiae
2319 4136 2385 4189 ad
2428 4136 2822 4204 depositionem
2856 4136 3147 4192 materialis
3176 4135 3449 4206 passibili-

1855 4225 2002 4288 tatis,
2026 4225 2093 4280 ab
2122 4241 2185 4280 ea
2213 4225 2430 4281 liberari
2463 4227 2754 4291 volentem,
2785 4228 2862 4282 ait
2889 4227 3143 4296 Magister
3171 4247 3185 4282 :
3218 4227 3318 4283 Cui
3349 4228 3448 4299 igio

1851 4325 1939 4368 tur
1995 4315 2196 4371 licitum
2255 4317 2356 4386 [uit
2409 4335 2500 4384 per
2562 4321 2816 4374 rationem
2864 4329 2910 4373 et
2959 4320 3445 4392 contemplationem

1849 4409 2232 4479 pertranseunti
2277 4411 2573 4471 materiam,
2601 4421 2648 4465 et
2679 4412 2892 4466 carnale
2929 4415 3046 4477 hoc,
3071 4413 3174 4467 sive
3212 4413 3445 4469 nimbum

1852 4509 2052 4569 oportet
2082 4500 2254 4555 dicere
2281 4501 2387 4556 sive
2426 4503 2678 4568 velamen,
2708 4521 2824 4557 cum
2860 4504 2965 4558 Deo
2992 4506 3108 4574 ﬁeri
3140 4515 3247 4562 cet.

2384 4595 2782 4653 CAPITULL'M
2826 4597 2906 4652 Vl.

2046 4701 2296 4751 QUOMODO
2333 4702 2431 4743 EST
2469 4705 2663 4744 Μιιιιυε
2699 4705 2768 4744 ΕΤ
2810 4705 3054 4747 νειΑιιεΝ
3090 4708 3247 4751 ϐΛΙὶο.

1931 4779 2042 4834 Cur
2070 4791 2247 4836 autem
2297 4783 2528 4835 nimbum
2566 4797 2684 4837 esse
2715 4791 2770 4836 et
2800 4783 3030 4839 velamen
3070 4803 3280 4842 carnem
3315 4787 3448 4846 dicit

1863 4873 2137 4939 Magister,
2167 4874 2356 4930 videns
2387 4877 2604 4947 quippe,
2650 4877 2776 4946 quia
2812 4879 2990 4935 omnis
3021 4881 3287 4938 humanus
3330 4883 3448 4938 ani-

1865 4982 1985 5021 mus
2011 4981 2219 5029 errans,
2243 4977 2298 5021 et
2326 4983 2354 5020 a
2383 4967 2612 5022 naturali
2646 4978 2789 5024 motu
2815 4980 2958 5027 retro
2987 4974 3272 5042 aspiciens,
3301 4975 3444 5031 circa

1860 5057 2168 5126 passionem
2198 5066 2252 5112 et
2285 5073 2500 5113 sensum
2531 5072 2585 5115 et
2615 5063 2889 5118 sensibilia
2927 5075 3127 5119 motum
3158 5064 3305 5130 facit,
3338 5080 3443 5122 non

1862 5147 2067 5211 habens
2095 5147 2354 5202 aliorsum
2383 5152 2606 5216 moveri,
2644 5152 2712 5207 ab
2749 5133 2815 5208 eo
2856 5164 3024 5218 motu,
3059 5155 3150 5224 qui
3181 5157 3247 5211 ad
3275 5155 3445 5212 Deum

1862 5242 2183 5297 naturaliter
2224 5242 2351 5303 fert.
2388 5242 2669 5306 deﬁciens.
2706 5251 2759 5298 et
2783 5245 2964 5299 divisit
2989 5261 3209 5302 carnem
3242 5249 3294 5303 in
3323 5265 3448 5319 pab-

1861 5335 2067 5390 sionem
2105 5343 2162 5389 et
2201 5348 2442 5400 sensum,
2471 5335 2652 5390 carnis
2675 5335 2818 5390 enim
2850 5337 3120 5394 animatae
3155 5351 3446 5412 utrumque

1861 5435 1963 5490 est,
1999 5440 2094 5497 per
2124 5423 2363 5480 nimbum
2402 5432 2457 5479 et
2494 5424 2734 5478 velamen
2776 5425 2909 5481 haec
2939 5427 3250 5484 declaravit.
3299 5431 3446 5489 Nini-

1862 5520 1964 5574 bus
1993 5517 2136 5574 enim
2177 5526 2260 5573 est
2295 5515 2577 5588 principali
2628 5525 2649 5554 ε
2700 5517 2912 5573 animae
2951 5521 3446 5591 superobumbreas

1687 5609 1933 5669 NOTAE.

241 5705 268 5734 ι
294 5692 498 5749 Graece
527 5696 753 5760 ἀτοπίαν,
787 5701 1110 5760 maritalem.

242 5763 272 5804 δ
295 5763 602 5837 Legendum
647 5771 981 5836 ostendentis,
1013 5773 1217 5832 Graece
1245 5775 1600 5848 δεικνυούσης,
1632 5779 1738 5836 sci-

531 5860 797 5923 ΡΑτιιοι..
845 5865 1013 5927 CXX
1032 5867 1106 5931 ll.

1875 5708 2022 5787 licet_
2035 5709 2270 5787 ριωρξας.

1925 5791 1947 5820 ο
1992 5779 2082 5838 Sic
2119 5778 2185 5838 ad
2225 5779 2465 5848 verbum,
2506 5793 2606 5852 pro
2641 5778 2980 5852 principalem
3016 5791 3235 5852 partem.

3013 5873 3092 5936 39
