4004 6290
581 376 725 442 1919

1966 348 2248 438 ιόΑΝΝιε
2288 350 2486 439 soon

3736 384 3874 440 ιω

580 476 812 556 carnalis
834 488 1037 567 passio,
1077 503 1131 551 et
1166 506 1409 552 vetamen
1429 499 1511 550 est
1534 507 1689 551 error
1721 493 2016 550 secundum
2048 478 2246 561 seu-'A
2275 496 2396 563 slis,
2428 500 2690 567 quantum
2719 492 3030 553 hominibus
3049 491 3304 567 possibile
3321 501 3427 561 est,
3467 493 3775 568 imaginem
3805 498 3877 554 le-

578 606 721 659 sum,
755 588 1142 660 superﬁciebus
1164 586 1507 663 sensibilium
1535 587 1710 659 ipsum
1735 588 1980 654 vincens,
2011 595 2068 642 et
2099 587 2167 644 ad

577 670 932 757 intelligibilia
972 681 1255 738 transitum
1290 680 1539 737 muniens
1562 692 1609 734 ει.
1652 679 1757 736 Per
1784 680 1917 736 haec
1945 680 2189 737 oblivio-'

576 796 701 838 nem
743 778 1070 835 naturalium
1122 777 1388 835 bonorum
1436 775 1710 848 accipiens
1757 777 1969 843 anima,
2024 776 2167 832 circa

574 860 852 935 sensibilia
880 884 1046 935 lotam
1072 888 1225 931 suam
1254 872 1621 944 operationem
1644 871 1933 937 convertit,
1957 869 2170 925 furores

574 966 1118 1039 cteoucupiscentias
1145 974 1200 1019 et
1221 962 1609 1020 delectationes
1647 974 1745 1034 per
1776 976 1864 1032 ea,
1908 977 2047 1034 quae
2092 961 2171 1015 di-

572 1066 659 1113 cta
696 1066 842 1125 sunt,
884 1057 1198 1113 inhonestas
1232 1053 1453 1108 invenit.

1090 1164 1486 1232 CAPlTULUM
1540 1163 1648 1231 VII.

1008 1271 1257 1323 00031000
1303 1271 1577 1313 VOLUPTAS
1633 1270 1744 1311 Fl'l’.

646 1372 839 1432 Omnis
858 1371 1002 1427 enim
1026 1368 1315 1426 delectatio
1347 1383 1558 1435 eorum,
1587 1382 1727 1439 quae
1752 1365 2170 1438 ittterdicuntur,

577 1478 647 1518 ex
674 1464 926 1534 passione
949 1474 1045 1530 per
1079 1458 1319 1515 medium
1346 1472 1568 1514 sensum
1593 1457 1663 1513 ad
1688 1456 1894 1528 aliquid
1914 1457 2173 1514 sensibile

577 1552 799 1607 omnino
823 1550 941 1606 fieri
965 1549 1262 1606 consuevit.
1291 1546 1478 1618 Neque
1506 1548 1652 1604 enim
1689 1547 1835 1603 aliud
1864 1547 2065 1618 aliquid
2088 1557 2175 1605 est

576 1641 883 1707 delectatio,
914 1654 1076 1710 quam
1103 1639 1316 1711 species
1338 1651 1529 1694 sensus
1558 1638 1613 1692 in
1636 1638 1852 1694 sensivo
1877 1653 1973 1709 per
2004 1637 2175 1709 quod-

574 1736 700 1792 dam
740 1733 995 1791 sensibile
1031 1732 1270 1799 formati,
1305 1731 1392 1789 vel
1427 1730 1620 1788 modus
1642 1731 1671 1772 ιι
1709 1731 1957 1788 sensivae
1983 1744 2177 1803 Opera-

575 1826 739 1883 tionis
764 1838 865 1896 per
900 1823 1323 1881 irrationabilem
1363 1822 1859 1894 concupiscentiam
1903 1821 2172 1879 constitu-

575 1926 685 1973 tus.
708 1915 1158 1987 Coneupiscentia
1179 1914 1323 1970 enim
1363 1913 1546 1972 sensui
1587 1914 1830 1985 apposita
1858 1913 1912 1969 in
1937 1911 2173 1970 delecta-

573 2011 779 2067 tionem
814 2010 1064 2075 vertitur,
1096 2007 1302 2064 addens
1332 2006 1382 2063 ei
1423 2007 1695 2078 speciem;
1741 2015 1799 2061 et
1840 2020 2034 2062 sensus
2072 2017 2173 2075 per

571 2098 1065 2171 concupiscentiam
1134 2106 1313 2153 motus
1372 2096 1790 2153 delectationem
1858 2103 2119 2165 operatur
2147 2134 2164 2160 ,

570 2196 826 2267 quiddam
882 2193 1135 2251 sensibile
1202 2191 1493 2262 accipiens.
1551 2188 1955 2261 Cognoscentes
2004 2186 2170 2258 igitur

571 2288 764 2352 sancti,
792 2286 920 2356 quia
944 2284 1304 2357 permediam
1329 2297 1550 2343 carnem
1577 2281 1645 2336 ad
1670 2280 1956 2336 materiam
1985 2280 2167 2335 anima

571 2386 764 2434 contra
796 2387 1045 2432 naturam
1085 2384 1258 2441 mota,
1299 2384 1574 2429 terrenam
1622 2373 1864 2427 induitur
1910 2370 2165 2438 formam,

572 2471 687 2539 ipse
715 2462 903 2538 magis
924 2464 1028 2538 per
1046 2466 1280 2523 mediatn
1313 2464 1551 2520 animam
1578 2463 1871 2519 secundum
1916 2473 2166 2519 naturam

570 2559 640 2616 ad
670 2554 836 2616 Deum
867 2566 1070 2614 motam
1095 2559 1259 2613 etiam
1301 2570 1523 2613 carnem
1566 2557 1676 2611 Deo
1708 2555 1965 2611 decenter
1996 2555 2167 2611 famu-

586 2650 669 2706 ari
701 2650 1084 2707 intellexerunt
1111 2659 1163 2716 ε,
1201 2663 1299 2720 per
1335 2648 1734 2704 institutionem
1774 2649 2032 2703 virtutum
2071 2662 2166 2705 ac-

569 2744 905 2815 ceptabiliter
932 2744 1103 2815 ipsam
1134 2741 1332 2798 divinis
1353 2749 1615 2796 oruautes
1636 2739 2021 2798 intellectibus.

1073 2852 1473 2909 CAPITULUM
1523 2826 1654 2907 vin.

734 2963 987 3013 ουοιιουο
1025 2963 1093 3003 E'l‘
1132 2962 1327 3011 QL’ANTI
1371 2960 1550 3001 MOTUS
1586 2960 1723 3001 SUNT
1764 2960 1987 3000 ΑΝΙΠΑΕ.

638 3061 775 3117 Tres
803 3061 946 3116 enim
996 3059 1330 3114 universales
1369 3067 1548 3113 motus
1592 3056 1794 3113 habere
1827 3056 2063 3112 animam
2107 3055 2163 3111 in

565 3167 733 3206 unm
762 3150 1040 3216 collectos,
1088 3164 1118 3202 a
1163 3149 1391 3203 caritate
1437 3148 1739 3203 docuerunt
1773 3146 1833 3213 τις
1873 3161 2043 3201 unum
2082 3160 2166 3203 se-

565 3241 799 3298 cundum
838 3241 1094 3307 animam,
1136 3238 1365 3294 alterum
1394 3237 1691 3294 secundum
1734 3237 2027 3304 rationem,
2059 3246 2167 3293 ter-
2193 3216 2240 3281 (ἶ

567 3337 704 3390 tium
727 3333 1025 3389 secundum
1057 3346 1295 3387 sensum.
1332 3331 1396 3385 Et
1441 3347 1606 3385 unum
1646 3330 1869 3400 quidem
1911 3330 2167 3400 simplum

566 3437 623 3481 ct
648 3426 1100 3497 interpretatione
1127 3432 1425 3490 carentem,
1439 3438 1535 3494 per
1549 3437 1709 3493 quem
1732 3423 2010 3493 incognite
2023 3423 2165 3479 circa

567 3516 736 3572 licunt
781 3527 923 3571 mota
945 3557 960 3582 ,
993 3516 1142 3571 nullo
1169 3515 1330 3572 modo
1358 3531 1426 3570 ex
1458 3515 1564 3569 ullo
1591 3530 1805 3579 eorum,
1847 3530 1987 3586 quae
2018 3524 2165 3583 sunt,

570 3608 747 3677 ipsunt
783 3623 881 3677 per
917 3606 1292 3662 excellentiam
1326 3607 1621 3678 cognoscit.
1656 3606 1901 3661 Alterum
1931 3622 2061 3663 vero
2083 3622 2167 3662 se-

566 3698 799 3754 cundum
824 3713 1043 3753 causam
1072 3698 1403 3754 deﬂttitivatu
1449 3698 1733 3769 incogniti,
1772 3714 1869 3769 per
1887 3714 2047 3769 quem
2070 3714 2165 3753 na-

568 3788 813 3844 turaliter
842 3797 1009 3854 mota,
1038 3803 1228 3844 omnes
1250 3787 1522 3843 naturales
1545 3789 1785 3845 rationes
1810 3803 1908 3860 per
1944 3804 2163 3846 causam

567 3883 905 3938 solummodo
930 3882 1153 3955 cogniti,
1182 3881 1309 3937 dum
1350 3883 1460 3938 sint
1492 3883 1547 3938 itt
1579 3898 1641 3937 ea
1678 3881 2036 3947 formatrices,
2060 3883 2163 3938 sibi

560 3975 666 4046 ipsi
701 3991 798 4046 per
824 3975 1193 4046 operationem
1236 3976 1532 4031 secundum
1579 3975 1861 4031 scientiam
1913 3975 2159 4046 imponit.

560 4065 807 4123 Tertium
839 4075 1015 4121 autem
1037 4066 1419 4137 compositum,
1457 4082 1554 4137 per
1579 4081 1743 4137 quem
1772 4081 1858 4133 ca,
1892 4082 2033 4136 quae
2062 4081 2161 4122 ex-

561 4157 645 4215 tra
672 4167 816 4225 sunt,
849 4167 1104 4231 tangens,
1133 4157 1296 4214 veluti
1322 4173 1389 4215 ex
1427 4159 1746 4229 quibusdam
1778 4158 1949 4230 signis
1972 4156 2161 4214 visibi-

558 4251 693 4308 lium
720 4253 959 4308 rationes
992 4253 1132 4324 apud
1164 4254 1397 4323 seipsam
1430 4251 1713 4317 reformat,
1743 4251 2161 4323 magnanimiter

554 4359 657 4419 per
678 4345 779 4403 hos
807 4347 1104 4402 secundum
1141 4362 1327 4403 verum
1368 4356 1425 4403 et
1461 4346 1854 4402 immutabilem
1888 4348 2159 4404 naturalis

559 4437 991 4502 motusmudum,
1012 4437 1525 4509 praescnslahorum
1545 4437 1785 4495 seculum
1805 4442 2156 4497 transcende-

558 4535 707 4581 runt.
751 4526 1248 4599 Sensum‘quidem
1294 4529 1615 4602 simpliciter
1658 4531 1971 4602 spirituales
2008 4534 2154 4589 solas

558 4620 1149 4676 rationesscnsibilium
1174 4622 1488 4689 habentem,
1506 4637 1604 4694 per
1624 4624 1858 4679 mediam
1890 4625 2155 4680 rationem

554 4712 624 4767 ad
665 4713 902 4767 animam
953 4712 1276 4781 referentes,
1319 4714 1588 4770 rationem
1633 4729 1762 4770 vero
1811 4712 2156 4772 unlftirmiter

554 4817 655 4874 per
679 4818 843 4858 unam
874 4802 1231 4874 simplamque
1260 4814 1423 4875 atque
1454 4804 1871 4877 inseparabilem
1918 4790 2151 4875 pruden-

555 4894 691 4949 tiam
720 4908 932 4959 eorum,
960 4909 1099 4966 quae
1143 4906 1289 4963 sunt,
1339 4896 1651 4963 habentem,
1692 4895 1949 4967 rationes]
1971 4896 2153 4952 animo

556 4987 879 5055 adunantes,
913 4988 1088 5058 ipsum
1117 4986 1298 5045 autem
1330 4987 1570 5043 animum
1603 4988 1746 5042 circa
1777 4988 1980 5054 omnia,
2010 5003 2150 5058 quae

556 5080 704 5148 sunt,
732 5090 881 5137 motu
912 5094 1047 5151 pure
1078 5080 1408 5146 absolutum,
1448 5088 1503 5136 et
1524 5080 1591 5134 ab
1623 5079 1737 5150 ipsa
1767 5079 2064 5134 secundum
2090 5094 2149 5135 se

555 5171 790 5227 naturali
816 5171 1131 5242 operatione
1156 5170 1399 5241 quietum
1424 5169 1535 5226 Deo
1556 5167 1870 5235 oﬂ‘crentes,
1898 5183 1997 5239 per
2024 5184 2147 5225 eum

556 5263 941 5321 universaliter
966 5265 1032 5319 ad
1062 5266 1231 5319 Deum
1260 5263 1712 5337 conscendentes,
1758 5265 1855 5320 toti
1898 5273 2010 5320 toto
2040 5263 2149 5319 Deo

554 5359 820 5417 contineri
852 5375 951 5432 per
977 5359 1228 5433 Spiritum
1253 5358 1400 5431 digni
1429 5357 1561 5415 facti
1583 5367 1749 5427 sunt,
1782 5367 1953 5416 totam
1972 5358 2148 5416 caele-

2270 596 2474 655 reutes,
2516 595 2573 643 et
2612 596 2817 643 tantum
2856 588 3194 643 attrahentes
3235 586 3416 642 divina
3464 589 3688 654 notitia,
3718 591 3769 645 si
3800 591 3879 647 fas

2270 688 2356 735 est
2377 680 2483 735 hoc
2506 679 2708 745 dicere,
2734 688 2993 750 quantum
3019 680 3118 750 ipsi
3142 681 3359 736 attracti
3384 681 3711 737 Deoinserti
3735 694 3879 738 sunt.

2271 772 2468 827 Dicunt
2492 773 2658 838 enim,
2681 773 2822 827 inter
2840 786 2902 826 se
2925 771 3155 828 invicem
3170 785 3291 827 esse
3310 773 3694 846 paradigmata
3712 775 3880 830 Deum

2270 850 2326 921 et
2353 865 2647 930 hominem,
2673 873 2727 920 et
2757 872 2968 919 tantum
2996 863 3200 935 homini
3234 864 3400 919 Deum
3429 880 3532 936 per
3560 865 3881 922 misericor-

2273 955 2416 1011 diatn
2452 955 2759 1021 humanari,
2802 962 3063 1033 quantum
3106 956 3270 1010 homo
3321 957 3564 1026 seipsum
3617 958 3744 1013 Deo
3793 973 3878 1027 pr:

2272 1045 2555 1100 caritatem
2587 1044 2924 1100 confortatus
2962 1047 3324 1112 consecravit,
3360 1057 3419 1102 et
3445 1056 3671 1102 tantum
3706 1064 3738 1102 a
3776 1049 3879 1104 Da

2273 1139 2546 1195 hominem
2593 1139 2889 1195 secundum
2934 1139 3174 1194 animum
3229 1141 3345 1211 rapi
3393 1140 3461 1195 ad
3512 1142 3881 1213 incognitum,

2273 1240 2533 1301 quantum
2555 1231 2721 1286 homo
2749 1229 3075 1286 iuvisibilem
3098 1240 3294 1285 natura
3325 1231 3494 1286 Deum
3525 1247 3634 1303 per
3656 1232 3883 1288 virtutes

2275 1323 2402 1380 fecit
2432 1322 2800 1379 manifestum.

2343 1415 2425 1470 Ab
2462 1414 2565 1469 hac
2601 1414 2786 1484 itaque
2818 1428 2916 1486 per
2949 1415 3215 1470 rationem
3252 1421 3308 1470 et
3343 1414 3880 1487 contemplationem

2275 1494 2569 1563 constituta
2615 1507 2990 1577 philosophia,
3039 1521 3138 1579 per
3188 1523 3351 1578 quam
3404 1509 3584 1564 etiam
3638 1512 3887 1582 corporis

2274 1597 2586 1653 necessario
2623 1597 2946 1653 nobilitatur
2980 1606 3208 1664 natura,
3250 1598 3458 1669 absque
3511 1614 3761 1665 errore,
3810 1601 3883 1655 di-

2275 1689 2403 1744 vino
2440 1689 2670 1744 sauciati
2710 1690 2885 1745 sancti
2925 1688 3231 1756 desiderio,
3272 1704 3370 1759 per
3406 1689 3617 1745 insitas
3659 1691 3750 1745 eis
3798 1686 3885 1744 na-

2277 1779 2483 1836 turales
2520 1780 2588 1835 ad
2624 1780 2807 1835 divina
2842 1779 3231 1851 iutelligentias
3258 1780 3424 1851 digne
3449 1794 3525 1834 ac
3556 1779 3803 1851 pulchre
3825 1783 3885 1835 ad

2204 1860 2248 1921 Β
2277 1870 2444 1925 Deum
2493 1878 2876 1940 pervenerunt,
2899 1884 3099 1940 corpus
3142 1877 3199 1925 et
3243 1870 3513 1924 mundum
3569 1870 3884 1926 militariter

2271 1967 2760 2029 pertranseuntes,
2810 1958 2914 2016 sibi
2961 1959 3197 2014 invicem
3245 1958 3386 2014 haec
3429 1959 3707 2029 capulus
3761 1975 3880 2015 eon-

2271 2047 2597 2119 templautes
2617 2090 2632 2117 ,
2669 2048 2931 2104 mundum
2963 2049 3183 2119 quidem
3215 2057 3480 2115 naturae,
3518 2065 3740 2121 corpus
3769 2065 3880 2106 vero

2269 2142 2488 2210 sensui,
2529 2149 2586 2198 et
2614 2141 2854 2198 alterum
2907 2140 3064 2197 alteri
3117 2142 3482 2198 succumbere
3538 2156 3655 2212 per
3703 2158 3877 2199 conse-

2268 2234 2549 2304 quentiam
2579 2232 2806 2289 alterius
2842 2232 2911 2288 ad
2945 2232 3178 2289 alterum
3217 2232 3609 2305 qualicunque
3649 2237 3875 2305 proprie-

2270 2336 2399 2381 tate.
2443 2325 2510 2380 Et
2549 2325 2684 2380 nihil
2723 2325 2920 2379 horum
2956 2339 3056 2394 per
3092 2326 3326 2396 seipsum
3362 2324 3596 2381 ratione
3651 2327 3875 2381 cit-cun-

2268 2417 2582 2489 scriptionis
2629 2410 2928 2474 subsistere
2976 2417 3241 2483 libermn,
3286 2426 3342 2472 et
3394 2426 3566 2487 turpe
3628 2419 3878 2475 ducentes

2268 2512 2589 2567 tnortalibus
2626 2520 2681 2566 et
2717 2510 3145 2581 circumscriptis
3187 2511 3469 2581 corrumpi
3524 2520 3587 2566 et
3648 2513 3872 2566 circum-

2268 2604 2432 2659 scribi
2465 2603 2681 2658 animae
2712 2602 3020 2658 immortale
3046 2612 3101 2656 et
3126 2615 3343 2671 semper
3373 2601 3624 2666 mobile,
3654 2602 3755 2657 soli
3780 2603 3877 2657 Deo

2269 2696 2565 2752 immortali
2607 2704 2662 2751 et
2696 2697 2842 2750 omni
2882 2694 3150 2750 inﬁnitate
3186 2692 3462 2763 superiori
3506 2692 3877 2749 insolubiliter

2269 2788 2480 2859 scipsos
2508 2787 2898 2859 alligaverunt,
2929 2785 3077 2840 nullo
3114 2784 3274 2839 modo
3311 2784 3507 2838 mundi
3548 2795 3729 2854 atque
3766 2800 3875 2840 car-

2269 2884 2354 2940 nis
2401 2882 2789 2938 relluxiouibus
2839 2881 2996 2936 inditi
3041 2890 3086 2935 ε.
3127 2878 3273 2935 Haec
3312 2888 3399 2934 est
3436 2879 3634 2934 omnis
3673 2878 3875 2933 virtutis

2266 2983 2323 3030 et
2351 2974 2615 3029 scientiae
2643 2971 2942 3044 plenitudo.
2974 2972 3222 3026 Aestimo
3252 2985 3416 3034 vero,
3450 2970 3590 3040 quia
3640 2980 3700 3024 et
3739 2968 3871 3022 linis.

2268 3065 2377 3123 Sed
2406 3067 2450 3122 si
2484 3066 2777 3136 aliquando
2804 3064 2951 3120 circa
2982 3078 3171 3121 eorum
3196 3103 3212 3127 ,
3239 3076 3380 3132 quae
3407 3069 3545 3116 sunt
3569 3101 3588 3126 ,
3638 3059 3875 3131 specula-

2269 3159 2417 3214 mina
2455 3158 2586 3213 moti
2619 3167 2747 3213 sunt
2776 3157 2951 3212 sancti
2980 3171 2996 3210 :
3029 3171 3136 3211 non
3169 3154 3223 3209 in
3258 3155 3364 3209 hoc
3393 3154 3487 3209 illa
3520 3154 3647 3223 ipsa
3680 3153 3873 3223 prind-

2269 3249 2469 3321 paliter
2497 3247 2858 3318 contemplari
2889 3256 2944 3302 et
2972 3260 3332 3318 cognoscere,
3364 3245 3514 3299 sicut
3538 3258 3685 3307 nos,
3713 3251 3875 3298 mate-

2269 3346 2478 3403 rialiter
2507 3345 2639 3400 moti
2670 3351 2832 3410 sunt,
2863 3343 2958 3398 sed
2988 3350 3049 3397 ut
3077 3356 3174 3411 per
3200 3339 3383 3395 omnia
3433 3347 3491 3394 et
3527 3338 3587 3392 in
3627 3336 3873 3391 omnibus

2267 3448 2321 3494 et
2370 3438 2694 3493 esistentem
2736 3445 2790 3491 et
2841 3443 3191 3505 apparentem
3237 3433 3410 3487 Deum
3463 3431 3871 3486 multiformiter

2265 3529 2590 3595 laudarent,
2629 3538 2685 3584 et
2727 3527 2958 3583 multum
2990 3526 3210 3581 sibimet
3236 3524 3635 3580 admirationis
3662 3522 3870 3593 coal

2265 3630 2390 3676 rent
2441 3622 2696 3675 virtutem
2748 3627 2805 3674 et
2854 3616 3269 3690 glorificationis
3314 3629 3570 3671 causam.
3623 3616 3869 3669 Animal:

2265 3726 2501 3781 namque
2533 3726 2564 3765 a
2601 3709 2713 3765 Deo
2747 3708 3101 3780 accipientes,
3136 3704 3475 3761 intellectum
3509 3712 3566 3759 et
3611 3704 3869 3758 rationem

2264 3813 2321 3860 et
2351 3819 2569 3861 sensum
2603 3803 2893 3858 habentem
2914 3841 2929 3866 ,
2961 3815 3086 3855 cum
3124 3795 3451 3867 iutelligibili
3480 3803 3541 3849 et
3572 3794 3718 3849 hanc
3749 3806 3868 3847 sea-

2264 3895 2477 3952 sibilem
2499 3936 2515 3961 ,
2549 3894 2692 3949 sicut
2722 3901 2779 3947 et
2822 3891 3090 3946 rationem
3111 3930 3127 3954 ,
3167 3902 3307 3959 quae
3342 3894 3432 3941 est
3462 3900 3568 3957 per
3603 3885 3865 3940 enuntia-

2263 3987 2468 4044 tionem
2500 4002 2623 4042 cutn
2657 4000 2718 4039 ea
2738 4024 2753 4050 ,
2787 3998 2928 4054 quae
2961 3979 3402 4050 inseparabiliter
3426 3988 3548 4043 est,
3577 3987 3636 4031 et
3659 3977 3868 4032 intelle-

2263 4087 2413 4135 ctum
2469 4093 2593 4132 eum
2646 4074 2995 4131 intellectuali
3047 4068 3363 4143 passibilem
3395 4109 3413 4135 ,
3469 4084 3644 4139 quem
3703 4070 3865 4125 etiam

2262 4171 2610 4246 phantasiam
2641 4177 2842 4225 vocant
2869 4165 3153 4228 animalis,
3203 4179 3305 4236 per
3348 4177 3513 4233 quem
3557 4170 3619 4217 et
3660 4162 3864 4229 reliqua

2260 4264 2515 4322 a;.imalia
2558 4274 2615 4317 et
2653 4277 2713 4318 se
2741 4262 2970 4316 invicem
3001 4269 3058 4315 et
3086 4274 3187 4314 nos
3222 4266 3279 4312 et
3321 4257 3503 4321 locos,
3539 4270 3683 4325 quos
3714 4269 3867 4324 pera-

2261 4370 2526 4428 gravere,
2563 4360 2901 4425 coguoscuut
2923 4391 2937 4415 ,
2971 4350 3120 4405 circa
3154 4362 3319 4418 quam
3353 4346 3713 4416 phantasiam
3743 4359 3862 4399 sen-

2261 4466 2378 4506 sum
2423 4446 2681 4503 constitui
2725 4444 2947 4508 dicunt,
2994 4440 3085 4511 qui
3133 4440 3258 4494 talia
3304 4439 3557 4508 sapiunt,
3595 4448 3862 4506 organum

2263 4539 2430 4609 ipsius
2477 4536 2604 4591 dum
2653 4536 2765 4600 sit,
2821 4547 2920 4604 per
2966 4531 3111 4601 quod
3151 4528 3387 4599 recipit,
3422 4541 3571 4598 quae
3604 4540 3713 4597 per
3743 4540 3864 4581 eaut

2262 4630 2559 4703 imaginata
2613 4636 2781 4693 sunt,
2835 4633 3201 4697 opportunum
3250 4636 3373 4678 esse
3423 4620 3685 4676 arbitrati
3740 4628 3864 4676 sunt

2258 4723 2455 4777 horum
2498 4719 2843 4792 operationes
2882 4723 3284 4786 consequenter
3326 4729 3436 4769 non
3464 4713 3697 4769 sibimet
3718 4753 3738 4777 ,
3770 4712 3859 4766 sed

2256 4811 2481 4868 donanti
2530 4811 2641 4864 Deo
2660 4849 2674 4874 ,
2704 4822 2803 4879 per
2827 4821 2989 4878 quem
3037 4814 3093 4863 et
3120 4820 3190 4861 ex
3219 4819 3328 4875 quo
3358 4803 3500 4858 haec
3528 4809 3681 4864 sunt,
3717 4799 3861 4858 rele-

2256 4906 2445 4961 rendn.
2500 4903 2637 4959 Tres
2692 4904 2836 4959 enim
2885 4900 3189 4956 existentes
3239 4895 3583 4952 universales
3630 4895 3859 4959 mdis,

2254 5007 2519 5070 quantum
2548 4995 2861 5051 hominibus
2888 5001 2977 5049 est
3001 4991 3297 5064 possibile,
3323 5005 3386 5045 es
3424 4989 3542 5058 ipsa
3573 4988 3733 5043 circa
3762 5003 3826 5061 ea
3846 5027 3862 5051 .

2253 5105 2396 5161 quae
2425 5096 2582 5153 sunt,
2615 5085 2859 5158 diligenti
2889 5082 3333 5140 consideratione
3362 5078 3602 5142 eruditi,
3634 5077 3698 5132 in
3743 5078 3862 5146 qui-

2253 5184 2357 5239 bus
2382 5181 2525 5237 Deus
2552 5164 2736 5235 omnia
2772 5178 2940 5243 fecit;
2975 5175 3029 5231 in
3059 5175 3163 5230 hoc
3199 5186 3436 5242 namque
3471 5184 3602 5225 esse
3630 5178 3698 5226 et
3730 5169 3861 5226 bene

2252 5287 2377 5328 esse
2406 5278 2461 5326 et
2490 5283 2705 5340 semper
2731 5281 2852 5322 esse
2882 5264 3134 5320 conditor
3156 5277 3259 5317 nos
3287 5260 3606 5324 substituit,
3635 5270 3699 5316 et
3732 5260 3859 5315 duos

2253 5364 2470 5434 quidem
2511 5374 2789 5418 extremos
2815 5376 2846 5415 a
2888 5357 3004 5416 solo
3034 5357 3144 5413 Deo
3175 5357 3395 5413 habitos
3426 5354 3444 5393 ί
3482 5361 3547 5410 ιιι
3589 5368 3623 5408 a
3656 5368 3857 5415 causa.

2090 5450 2341 5514 NOTAE.

630 5558 658 5620 ξ
696 5544 1372 5620 Graeceﬁnotuxicoyaa,
1402 5545 1439 5600 i.
1481 5558 1546 5620 e.
1577 5545 1869 5601 obstruens.

632 5618 661 5659 ι’
699 5616 877 5695 Qonjg
905 5616 1203 5695 Calentes;
1232 5618 1438 5673 Graece
1456 5618 1677 5695 τρόπος.

630 5700 655 5727 ο
699 5687 923 5745 Rectius
946 5691 1185 5743 meditati
1223 5698 1367 5743 sum.

631 5760 667 5834 d_
693 5759 899 5815 Graece
936 5761 1294 5834 pmtaeiv'uc,
1332 5760 1546 5834 eruditi.
1591 5759 1871 5820 Sententia
1897 5759 2097 5833 pendet
2123 5775 2153 5814 a

558 5832 725 5888 verbo
754 5831 1117 5901 ascenderunt,
1156 5832 1296 5902 quod
1321 5831 1582 5900 sequitur.
1900 5831 1912 5845 τ

2339 5550 2600 5635 {graece
2625 5550 2707 5604 καὶ
2735 5547 2922 5623 σαρκὸς
2952 5545 3240 5611 ἀνθολκαῖς,
3265 5542 3303 5598 ἰ.
3330 5556 3381 5598 e.
3414 5550 3460 5597 el
3493 5544 3689 5600 carnis
3721 5544 3853 5600 unf-

2259 5634 2455 5679 tentiis.

2315 5689 2354 5733 ’ί
2393 5693 2605 5750 Graece

2315 5689 2354 5733 ’ί
2393 5693 2605 5750 Graece
2649 5699 2803 5766 μονδῦ
2853 5692 2969 5747 θεοῦ
3008 5688 3316 5762 ἱκομένους,
3360 5685 3399 5751 i.
3440 5699 3494 5740 c.
3526 5702 3561 5741 rt
3597 5686 3718 5741 solo
3750 5683 3851 5739 De!

2257 5765 2561 5837 pendentes.
2764 5790 2778 5796 -
