3954 5736
141 368 256 426 Mil

1608 361 1902 420 VERSUS.

3247 369 3383 434 1223

140 484 288 540 alium
314 493 436 536 vero
466 478 705 536 medium
734 486 791 536 et
817 487 1004 538 nostro
1026 479 1352 552 pendentem
1384 479 1612 536 arbitrio
1640 487 1696 536 et
1720 482 1774 544 Α
1800 474 2048 534 fortassis
2074 474 2211 553 lucri
2260 475 2384 544 erit,
2415 477 2484 532 ad
2518 477 2727 550 seipsos
2764 490 2935 552 aeque
2965 479 3391 566 ratiocinantes,

141 577 306 640 motu,
331 579 383 626 et
408 585 507 642 per
547 571 785 643 seipsum
828 573 1088 628 extremis
1128 571 1349 642 proprie
1388 571 1492 628 dici
1534 586 1693 642 prae-

137 671 350 719 stantem
369 701 383 726 ,
411 669 470 726 et
495 676 561 717 eo
584 661 809 718 absente
837 663 1059 718 abusive
1087 663 1166 718 eis
1197 663 1360 718 etiam
1404 663 1692 734 appellatio

136 753 478 820 constituitur,
506 753 636 808 illud
663 754 801 809 bene
832 769 936 809 non
959 754 1282 810 habentibus
1313 753 1689 822 conjunctum,

134 862 234 903 non
263 846 516 916 aliterque
543 861 704 918 posse
731 847 922 902 adesse
947 848 1027 902 eis
1056 856 1110 902 et
1140 847 1437 915 custodiri,
1466 863 1604 918 quae
1636 847 1689 901 in

131 939 370 996 extremis
394 947 511 1006 est,
540 940 828 994 veritatem
848 981 862 1005 ,
902 955 1066 1010 quam
1105 939 1286 996 facere
1326 940 1608 996 consuevit
1637 941 1689 996 id

125 1033 259 1104 quod
283 1040 365 1088 est
387 1033 522 1088 bene
550 1046 672 1088 esse
697 1045 793 1102 per
819 1031 1053 1087 medium
1080 1033 1340 1088 extremis
1365 1033 1687 1097 admixtum,

123 1139 275 1194 quam
309 1138 370 1177 ex
403 1122 519 1192 ipso
550 1123 817 1178 ad‘Deum
842 1110 1064 1195 semper
1090 1132 1236 1179 motu
1269 1122 1684 1187 intellexerunt,

120 1222 172 1269 et
198 1213 444 1283 deinceps
494 1214 727 1269 naturali
776 1214 988 1269 ratione
1035 1214 1163 1270 hinc
1207 1214 1688 1284 contemplativum

118 1301 324 1358 animae
347 1303 733 1368 extendentes,-
765 1312 820 1359 et
851 1305 1010 1359 modo
1040 1304 1271 1374 quodam
1301 1321 1409 1360 non
1437 1315 1686 1374 oportere

117 1393 536 1449 conversibiliter
566 1395 640 1450 uti
671 1396 1008 1452 naturalibus
1033 1397 1437 1467 operationibus
1468 1405 1686 1467 propter

112 1496 446 1558 superantem
505 1491 814 1546 necessario
866 1491 1270 1561 corruptionem
1302 1519 1318 1556 ,>
1368 1506 1434 1546 eo
1482 1491 1681 1556 modo,

112 1578 200 1649 qui
244 1587 326 1634 est
370 1592 468 1649 per
511 1580 829 1637 abusionem
871 1581 1209 1637 naturalibus
1244 1583 1536 1652 potentiis,
1569 1584 1683 1654 ipsa

109 1683 210 1723 non
248 1677 432 1725 utente
470 1671 684 1727 ratione
722 1680 911 1743 aperte
953 1673 1272 1740 audientes,
1302 1688 1368 1729 ac
1404 1673 1561 1744 plane
1587 1689 1684 1745 per

109 1759 380 1815 decentem
406 1770 636 1817 naturae
666 1764 930 1819 rationem
962 1764 1028 1818 ad
1073 1764 1242 1834 ipsius
1287 1779 1505 1820 causam
1548 1763 1680 1820 ferri

1799 567 2089 634 dicebant,
2137 581 2246 622 non
2297 581 2329 622 a
2377 567 2555 638 seipso
2601 568 2853 624 existenti
2923 572 3128 627 causali
3180 574 3247 629 ad
3296 590 3389 630 se--

1799 657 1995 727 ipsum,
2039 665 2136 712 aut
2172 656 2318 712 aliud
2357 657 2486 726 quid
2508 667 2724 726 praeter
2763 658 2932 714 Deum
2972 670 3136 729 moto,
3167 665 3382 733 quando

1799 750 1854 805 in
1886 750 2150 806 rationem
2188 749 2358 820 ipsius
2385 765 2505 805 esse
2538 750 2670 804 nihil
2712 751 2930 806 sibimet
2974 769 3005 808 a
3046 755 3257 824 seipso,
3290 767 3385 810 aut

1798 843 1867 897 ab
1892 841 1996 897 alio
2025 843 2258 912 quodam
2288 850 2506 912 praeter
2531 843 2698 897 Deum
2725 843 3004 913 acquirere
3030 847 3249 914 poterit.
3279 847 3385 904 Per

1799 937 1902 993 hoc
1931 937 2170 991 animum
2201 935 2420 1006 quidem
2454 935 2599 990 circa
2639 935 2810 989 solum
2857 935 3024 990 Deum
3064 945 3118 993 et
3154 939 3386 996 virtutes

1797 1027 1914 1097 ejus
1958 1026 2211 1098 intelligi,
2260 1033 2314 1082 et
2356 1024 2609 1081 inell‘abili
2648 1024 2851 1096 gloriae
2880 1025 3229 1083 beatitudinis
3265 1027 3384 1097 ejus

1797 1120 2012 1186 addici,
2065 1119 2334 1174 rationem
2387 1134 2519 1176 vero
2564 1119 2916 1192 interpretem
2965 1118 3382 1190 intelligibilium

1799 1214 1912 1268 fieri
1933 1253 1948 1279 ,
1980 1221 2037 1268 et
2063 1211 2444 1275 laudatricem,
2482 1221 2539 1267 et
2571 1212 2636 1266 ad
2667 1228 2730 1268 ea
2761 1211 2988 1269 unificos
3017 1216 3164 1269 recte
3203 1214 3384 1286 dispu-

1797 1315 1914 1362 tare
1941 1307 2130 1362 modos
2150 1346 2164 1372 ,
2198 1321 2421 1362 sensum
2455 1322 2586 1362 vero
2615 1323 2715 1378 per
2741 1307 3011 1366 rationem
3039 1309 3382 1366 nobilitatum

1796 1397 1941 1468 ipsas
1971 1397 2024 1452 in
2054 1397 2309 1452 universo
2337 1397 2648 1454 dill‘erentcs
2674 1399 2913 1471 virtutes.
2944 1407 3000 1454 et
3036 1383 3386 1470 operationes

1795 1486 2183 1558 imaginantem
2221 1486 2275 1553 in
2303 1487 2418 1554 his,
2451 1501 2591 1558 quae
2619 1497 2779 1566 sunt,
2815 1501 3083 1567 quantum;
3105 1489 3380 1559 possibile,

1793 1589 1878 1636 est
1905 1580 2120 1636 animae
2157 1581 2495 1637 annunciare
2534 1581 2775 1638 rationes
2806 1583 3065 1640 docentes
3094 1595 3153 1648 8,
3189 1591 3243 1638 et
3285 1597 3384 1654 per

1793 1671 2034 1725 animum
2062 1677 2118 1726 et
2145 1671 2415 1726 rationem
2443 1670 2610 1726 veluti
2640 1671 2818 1726 navim
2845 1672 3121 1743 sapienter
3145 1672 3384 1728 animam

1792 1762 2178 1832 gubernantes,
2208 1763 2473 1819 lubricam
2504 1763 2644 1820 hanc
2670 1771 2725 1819 et
2755 1763 3060 1828 instabilem
3084 1773 3137 1819 et
3158 1765 3210 1818 in
3237 1761 3384 1819 aliud

105 1847 430 1916 didicerunt,
467 1859 559 1917 ut,
586 1852 729 1908 unde
753 1853 1070 1923 simpliciter
1095 1854 1175 1910 eis
1207 1862 1436 1923 estesse
1472 1863 1528 1910 et
1555 1869 1682 1910 vere
1713 1852 1758 1911 Β
1785 1854 1942 1910 aliter
1994 1853 2261 1911 ferentem
2310 1863 2367 1912 et
2429 1869 2649 1921 sensum
2699 1856 2991 1928 agitantem
3041 1856 3183 1912 vitae
3235 1855 3400 1911 viam.

105 1953 258 2012 esse,
307 1943 636 2016 quandoque
686 1944 957 2016 adjectum
1009 1946 1300 2018 accipiant.
1355 1946 1495 2015 Quid
1544 1946 1738 2017 enim,
1801 1946 1960 2003 siccis
1988 1945 2427 2019 pertransierunt
2453 1945 2722 2018 vestigiis.
2821 2000 2824 2004 ί

1612 2057 1862 2114 NOTAE.

169 2154 193 2183 α
225 2141 444 2202 Mallem
474 2146 682 2204 docent.
715 2146 923 2205 Graece
950 2148 1260 2216 διδάξαντες.

96 2321 1186 2364 m.m

1028 2483 1828 2601 JOANNIS
1903 2451 2421 2601 sco-r1

2421 2326 3379 2367 Μ

1451 2893 1916 3038 SPCTIO
2003 2892 2064 2988 Ii

1096 3064 1334 3126 LIBER
1371 3065 1751 3129 VERSUUM
1793 3065 2355 3129 PLUBIMORUM.

81 3229 385 3290 VERSUS
410 3226 744 3287 JOANNIS
783 3215 1366 3308 SAPIENTISSI'MI
1403 3228 1498 3283 AD
1526 3225 1878 3284 caaowu
1911 3209 2213 3283 CALVUM
2246 3200 2525 3284 ἱέϊιιωι
2567 3226 2972 3288 umor/mc:
3007 3230 3121 3288 PII
3157 3229 3382 3293 cvws

1134 3320 1331 3378 AVUS
1368 3319 1551 3376 FUIT
1585 3317 1923 3390 CAROLUS,
1959 3318 2341 3378 MAGNUS‘.

67 3477 110 3532 Ε
153 3479 273 3532 cod.
301 3483 595 3544 pervetusto
619 3477 771 3545 vatio.
797 3479 909 3545 gec:
929 3475 975 3545 Χ
1009 3475 1090 3527 vel
1111 3473 1526 3545 Δξῑῐ-εξᾲ..Αρὲξεε19
1568 3473 1908 3545 liai._Classlc_.
1932 3472 2076 3526 Auct.
2099 3474 2319 3545 TomZY,
2357 3475 2532 3545 p-426
2554 3491 2664 3542 sqq.
2689 3479 2806 3545 Jam,
2838 3491 3084 3545 proaeuut
3121 3487 3182 3536 ad
3227 3485 3369 3538 tidem

591 3541 773 3590 codicis
798 3540 1078 3590 Christinae
1106 3539 1243 3598 15:57,
1269 3538 1349 3588 fol.
1376 3537 1537 3601 57-65,
1568 3537 1808 3600 ejusdem,
1829 3540 2020 3602 Opinor,
2046 3551 2146 3602 quo
2201 3539 2296 3589 Mai
2331 3537 2580 3603 utebatur,
2597 3537 2870 3606 'recogniti'.

862 3682 905 3737 l.

140 3835 168 3852 ί,
250 3849 337 3852 μ
581 3773 660 3831 De
681 3773 886 3830 Christo
911 3772 1182 3842 cruci/imo.

129 3849 453 3930 :Helltanas
482 3866 760 3938 Troasque
785 3881 912 3923 suos
940 3873 1187 3921 cantarat
1213 3864 1500 3931 Homerus,

258 3958 595 4017 Romuleam
621 3958 830 4031 prolem
856 3942 1088 4012 finxerat
1111 3955 1225 4026 ipse
1253 3954 1419 4012 Maro.

164 4059 246 4113 At
280 4069 390 4112 nos
416 4053 750 4124 caeligenum
778 4051 921 4123 regis
946 4049 1034 4122 pia
1063 4048 1203 4106 facta
1233 4064 1513 4114 canamus,

223 4205 228 4210 .
255 4148 542 4206 Continuo
565 4162 730 4202 cursu
755 4159 917 4216 quem
947 4143 1095 4199 canit
1119 4141 1267 4198 orbis
1295 4157 1484 4198 ovans.

50 4241 93 4301 5
171 4241 303 4298 Illis
333 4238 528 4295 Iliacas
552 4236 797 4293 ﬂammas
821 4234 1136 4304 subitasque
1161 4234 1366 4299 ruinas,

253 4331 663 4401 Trojorumque
692 4326 910 4405 μάχαςι
939 4325 1120 4382 dicere
1145 4323 1302 4380 ludus
1332 4332 1468 4380 erat.

169 4422 290 4479 Ast
321 4419 484 4476 nobis
509 4418 784 4474 Christum
815 4416 1026 4473 devicto
1046 4415 1290 4485 principe
1319 4414 1506 4470 mundi

249 4512 543 4583 Sanguine
568 4511 845 4582 perfusum
872 4508 1102 4582 psallere
1135 4508 1291 4564 dulce
1322 4503 1552 4586 sonat.7

166 4607 263 4664 llli
285 4614 311 4646 ²
344 4604 648 4676 composito
673 4604 807 4659 falso
831 4605 929 4660 sub
956 4603 1190 4674 imagine
1212 4603 1328 4659 veri

42 4700 126 4757 10
243 4696 473 4754 Fallere
496 4696 744 4752 oondocti
773 4696 1024 4752 versibus
1052 4695 1332 4753 Arcadias.

163 4788 368 4846 Nobis
404 4787 658 4842 virtutem
689 4785 866 4842 Patris
896 4800 1192 4855 veramque
1221 4786 1467 4855 sopltiam

252 4877 600 4947 Hymnizare
627 4875 758 4932 licet
783 4874 1031 4931 laudibus
1055 4874 1290 4931 eximiis.

155 4967 504 5026 Musarum’
534 4977 751 5035 cantus,
778 4967 934 5024 ludos
963 4975 1288 5040 satyrasque
1317 4967 1570 5040 loquaces

250 5060 406 5132 Ipsis
431 5075 561 5117 usus
585 5071 707 5116 erat
733 5050 992 5131 plaudere
1011 5073 1110 5131 per
1131 5059 1378 5132 populos.

15 5150 350 5224 {SwDicta
391 5148 780 5221 prophetarum
818 5150 974 5205 nobis
1021 5149 1385 5206 modulamine
1417 5150 1645 5220 pulchro

248 5237 520 5295 Consona
548 5243 850 5310 procedunt
876 5241 1150 5309 cordibus,
1179 5255 1297 5305 ore,
1329 5241 1449 5296 ﬁde.

1385 5350 1644 5411 VARIAE
1680 5357 2088 5417 LECTIONES.
2179 5418 2181 5420 .

134 5459 161 5493 ι
209 5446 426 5506 Glossa
456 5465 684 5520 pugnas.

15 5538 72 5579 to
95 5531 234 5578 rte.-
300 5523 312 5530 ’
336 5521 359 5554 ⁸
397 5519 534 5577 COd.
563 5519 870 5594 fagis(sic!)
900 5523 1074 5594 glossa
1102 5522 1227 5595 palu
1254 5522 1462 5594 inferni.

780 5451 800 5483 ³
831 5449 994 5528 Corr.
1033 5451 1194 5528 Μαίη
1243 5452 1362 5528 cod.
1396 5451 1614 5528 videtur
1656 5455 1882 5514 habere.
1908 5458 2051 5528 falli.

1708 3684 1756 3746 C
1848 3669 2048 3763 (Nunc
2074 3681 2238 3752 igitur
2271 3680 2475 3739 Christi
2506 3649 2782 3742 videamus
2815 3704 3029 3746 summa
3063 3655 3304 3764 tropaea,

1954 3771 2034 3837 Ac
2057 3780 2280 3828 nostrae
2311 3775 2508 3830 mentis
2533 3775 2711 3831 sidera
2738 3781 3043 3851 perspicua.

1890 3863 2032 3920 Ecce
2057 3864 2236 3941 crucis
2273 3864 2479 3937 lignum
2513 3867 2839 3938 quadratum
2880 3875 3123 3930 continet
3165 3877 3375 3946 orbem,

1783 3957 1856 4013 2O
1963 3959 2019 4014 ln
2042 3960 2445 4030 quo-pendebat
2470 3969 2662 4030 sponte
2687 3977 2783 4017 sua
2810 3963 3092 4031 Dominus,

1888 4049 1957 4106 Et
1992 4050 2224 4106 Verbum
2264 4050 2443 4107 Patris
2472 4052 2750 4121 dignatum
2783 4070 2999 4112 sumere
3027 4071 3249 4114 carnem

1964 4141 2020 4197 In
2049 4157 2154 4213 qua
2182 4157 2282 4212 pro
2303 4143 2460 4199 nobis
2484 4143 2658 4199 hostia
2686 4155 2839 4216 grata
2866 4146 2985 4203 fuit.
3253 4205 3266 4220 κ

1885 4233 2080 4304 Aspice
2105 4227 2385 4292 confoséas
2409 4236 2617 4307 palmas
2648 4239 3012 4314 humerosque
3033 4229 3330 4318 pedesque,

1966 4321 2254 4394 Spinarum
2279 4324 2459 4381 serto‘
2485 4333 2726 4398 tempora
2751 4331 2928 4390 cincta
2955 4331 3090 4391 fero.

1783 4412 1855 4470 25
1893 4413 1951 4471 ln
1981 4416 2160 4498 medio
2187 4415 2377 4475 lateris
2408 4430 2657 4478 reserato
2685 4422 2836 4480 fonte
2863 4425 3055 4483 salutis

1963 4512 2166 4571 Vitales
2190 4513 2416 4572 haustus
2456 4517 2677 4588 sanguis
2707 4527 2761 4576 et
2789 4521 2933 4577 unda
2961 4520 3156 4579 ﬂuunt.

1893 4604 2049 4663 Unda
2078 4605 2220 4662 lavat
2250 4614 2422 4663 totum
2460 4610 2630 4666 veteri
2675 4614 2993 4682 peccamine
3024 4615 3303 4684 mundum,

1965 4695 2198 4769 Sanguis
2227 4697 2486 4755 mortales
2530 4714 2630 4754 uos
2659 4699 2790 4756 facit
2819 4717 2941 4759 esse
2979 4705 3131 4762 deos.

1894 4785 2055 4842 Binos
2081 4786 2216 4842 adde
2245 4802 2368 4844 reos
2393 4787 2688 4862 pendentes
2712 4792 2910 4850 arbore
2933 4793 3095 4863 bina;

1785 4875 1856 4931 50
1959 4874 2066 4930 Par
2094 4873 2270 4930 fuerat
2298 4877 2575 4957 meritum,
2607 4881 2784 4956 gratia
2819 4884 3006 4955 dispar
3032 4883 3154 4938 erit.

1891 4963 2042 5022 Unus
2063 4980 2186 5022 cum
2213 4963 2430 5023 Christo
2458 4970 2693 5038 paradisi
2711 4971 2903 5029 limina
2933 4973 3091 5038 vidit,

1958 5056 2113 5113 Alter
2141 5045 2468 5128 sulphureae
2504 5075 2718 5136 mersus
2745 5065 2798 5120 in
2829 5066 2934 5120 ima
2970 5061 3204 5133 Stygis'.
3258 5105 3262 5108 .

1890 5148 2122 5220 Eclipsis
2153 5148 2285 5205 solis
2312 5151 2471 5206 lunae
2500 5155 2779 5230 redeuntis
2806 5173 2905 5214 eoo

1968 5245 2192 5302 Insolito
2229 5261 2394 5306 cursu
2423 5249 2838 5312 sideris-umbra
2869 5253 2944 5308 fui

2149 5460 2174 5494 ³
2210 5459 2347 5521 Cod.
2401 5460 2729 5532 Moysarum.
2829 5464 2852 5497 ⁸
2883 5463 3043 5520 Corr.
3076 5457 3238 5530 Mai.,
3261 5467 3393 5525 eod.

1659 5599 1840 5658 NOTA
1851 5602 1913 5658 E.

112 5701 145 5730 ι
195 5684 377 5736 Liber
413 5702 657 5736 versuum
694 5690 1036 5736 nim-imarum
1083 5701 1169 5736 ραι
1215 5689 1401 5736 titulus:
1448 5694 1649 5736 nmlinic

1798 5699 2015 5736 Ifnnnuo
2063 5701 2252 5736 nudam
2305 5712 2501 5736 manus!
2556 5698 2622 5736 an!
2680 5703 2980 5736 mou-ninam
3038 5698 3238 5734 nn:"n:a
3301 5704 3370 5734 λιι
