3954 5590
178 222 197 276 1
208 219 314 277 229

345 419 603 477 Alternos
636 423 850 488 statuis,
891 423 1077 494 psallis
1105 434 1162 480 et
1193 425 1328 495 ipse,
1357 426 1574 482 choros.

173 512 239 570 43
271 511 582 579 Credimus,
613 514 718 569 ista
750 514 848 568 tibi
876 525 1164 570 servantur
1187 516 1423 573 culmine
1453 517 1609 583 caeli,

347 604 516 659 lleres
543 605 824 661 davidicus
853 605 1086 663 eﬂiciere
1113 607 1256 678 pius.

275 704 588 772 Προσευχῆς
617 697 853 766 petimus
881 698 1022 753 votis
1052 707 1108 752 et
1144 699 1307 753 corde
1336 714 1649 769 precamur,

350 789 449 856 Qui
474 790 620 845 dedit
647 791 750 847 hoc
774 791 932 858 velle,
965 793 1055 846 det
1081 793 1174 848 tibi
1213 810 1369 863 posse
1399 794 1562 851 Deus.

281 884 504 938 Βασιλέα
526 884 732 960 Καρῶῳ
755 887 892 958 ἡμῶν
919 889 984 941 σὺ
1007 891 1192 962 Χριστὲ
1220 888 1410 959 βοήθει,

179 973 246 1034 50
349 973 440 1039 Ὠς
468 976 776 1037 emacem
805 970 1001 1055 χοροὖς
1034 978 1241 1042 δυνατὸς
1267 982 1537 1058 οὐρανίους
1566 991 1614 1033 ι.

920 1070 1008 1126 Vl.

306 1159 511 1216 Christi
553 1161 831 1218 descensus
871 1162 939 1218 ad
978 1162 1174 1232 inferos
1211 1172 1260 1217 et
1299 1165 1632 1219 resurrectio.

281 1240 496 1308 Emicat
522 1271 586 1310 ex
619 1256 784 1312 erebo
810 1255 901 1311 lux
935 1257 1119 1312 mundi
1158 1273 1349 1328 magna
1397 1258 1781 1328 triumphans,’

345 1339 625 1400 Primitias
659 1345 802 1400 vitae
827 1360 966 1416 quae
995 1346 1011 1377 ¹
1041 1347 1360 1402 moribunda
1394 1356 1588 1418 stupet.

273 1428 575 1488 Prosiliunt
626 1435 844 1503 Furiae,
888 1447 1224 1493 concurrunt
1269 1440 1507 1509 undique
1536 1439 1758 1506 Parcae,

347 1520 622 1578 Mirantur
647 1527 857 1580 tristem
895 1527 1270 1598 congemuisse
1299 1527 1545 1598 Stygem.

197 1607 235 1666 5
270 1608 373 1665 Ille
399 1611 522 1667 dein
556 1612 807 1684 princeps
849 1613 1095 1670 barathri
1141 1617 1277 1685 petit
1314 1631 1464 1672 arma
1511 1625 1662 1673 sueta
1695 1618 1758 1672 ιε

338 1701 484 1767 Quis
510 1719 680 1774 genus
716 1707 1012 1765 humanum
1041 1707 1278 1761 subdidit
1307 1707 1421 1777 ipse
1443 1707 1585 1762 sibi?

262 1793 388 1848 Sed
425 1809 548 1848 mox
591 1805 650 1850 ut
673 1796 811 1850 vidit
851 1798 1108 1853 ruitantia
1140 1797 1324 1852 limina
1353 1799 1546 1864 fracta,

337 1881 624 1950 Territus,
655 1886 922 1941 attonitus
950 1887 1085 1958 fugit
1110 1889 1175 1942 ad
1205 1889 1310 1942 itna
1337 1889 1550 1946 domus.

271 1971 393 2028 Non
440 1982 620 2029 tamen
649 1977 822 2030 evasit
854 1979 1138 2034 tenebrosa
1168 1993 1264 2048 per
1291 1990 1446 2036 antra
1479 1990 1759 2052 tyrannus,

166 2060 235 2127 10
342 2063 566 2120 Fortior
594 2065 818 2122 intravit
850 2069 940 2138 qui
969 2085 1062 2124 sua
1089 2086 1217 2126 vasa
1247 2072 1384 2127 tulit.

273 2156 585 2222 Attractus,
633 2160 1110 2229 captus,-vinctns,
1143 2163 1456 2234 strictisque
1487 2165 1693 2220 catenis

347 2249 642 2314 Detcntus,
674 2250 932 2318 domitus,
964 2252 1151 2323 pulsus
1187 2255 1254 2309 ab
1283 2270 1440 2321 arce,
1470 2255 1621 2325 prius

270 2337 392 2404 Qua
428 2341 612 2394 mundi
639 2341 896 2430 princeps
926 2343 1100 2400 elatus
1136 2347 1524 2411 sederatolim,

349 2429 536 2484 Bestia
561 2445 723 2486 saeva
747 2429 913 2488 vorax
954 2435 1322 2506 indomitaque
1359 2437 1447 2491 ditt
1483 2437 1525 2492 ³.

161 2523 232 2585 15
273 2525 388 2583 Sel
421 2527 596 2582 victor
622 2529 807 2583 mundi
851 2531 1215 2599 praestantior
1243 2533 1496 2588 omnibus
1529 2547 1667 2588 unus

350 2616 553 2670 Totum
597 2616 795 2674 collisit
822 2621 1247 2692 comminuitque
1274 2631 1454 2692 caput.

267 2707 482 2762 Aestus
508 2709 716 2763 aeterni
745 2711 1067 2766 comburunt
1097 2721 1250 2783 turpe
1272 2717 1520 2779 cadaver,

345 2795 862 2870 Pyrphlegethontis
889 2803 910 2833 ⁸
938 2801 1145 2859 fervida
1176 2805 1197 2836 ⁸
1223 2803 1436 2860 ﬂamma
1461 2806 1612 2863 furit.

273 2885 590 2943 Laetantur
617 2891 826 2958 miseri,
857 2909 993 2964 quos
1029 2895 1186 2952 laesit
1217 2896 1332 2952 dira
1363 2908 1626 2967 potestas,

152 2979 233 3044 20
353 2979 573 3051 Captivi
601 2985 853 3053 redeunt,
880 2988 1096 3044 vincula
1127 2989 1249 3044 laxa
1278 3001 1497 3047 vacant.

270 3071 406 3126 Jam
442 3083 631 3144 regnat
657 3075 895 3132 Verbum
924 3077 1124 3135 Patris.
1149 3080 1262 3150 jam
1289 3091 1482 3140 cuncta
1505 3084 1770 3155 gubernat

357 3163 572 3232 Virtus,
597 3166 734 3234 vita,
769 3167 950 3235 salus;
979 3185 1129 3226 mors
1165 3171 1278 3226 fera
1303 3173 1444 3228 victa
1473 3174 1616 3230 silet.

271 3254 544 3310 Surrexit
581 3257 734 3314 vivus
762 3275 1020 3331 rumpens
1045 3263 1345 3318 retinacula
1373 3264 1465 3320 leti
1494 3267 1535 3334 °,

357 3345 524 3403 Nulla
549 3349 692 3406 valet
719 3367 989 3409 summum
1016 3357 1100 3411 vis
1133 3356 1366 3412 retinere
1402 3359 1594 3412 Deum.

149 3440 228 3497 ὢ
271 3440 408 3512 Ipse
443 3439 619 3498 libens
642 3444 878 3500 animam
911 3447 1110 3517 posuit,
1144 3448 1529 3519 propriamque
1561 3464 1765 3504 resum-

1612 3541 1770 3611 (psit;

352 3621 580 3677 Ponere
609 3639 770 3694 quam
798 3627 995 3697 potuit,
1030 3645 1137 3683 non
1169 3643 1452 3683 remanere
1483 3631 1631 3684 sinit.

267 3716 471 3782 Quam
497 3713 592 3768 dat
614 3730 712 3786 pro
735 3718 918 3772 mundi
951 3719 1083 3786 vita,
1113 3719 1392 3798 revocavit
1417 3722 1681 3787 eandem;

353 3807 524 3874 Quae
547 3807 728 3876 datur,
767 3811 1064 3880 accipitur;
1100 3811 1297 3866 tradita
1327 3811 1479 3866 salva
1508 3821 1712 3871 manet.

265 3895 425 3953 Tale
457 3893 621 3953 datur
647 3899 881 3968 pretium
916 3900 1126 3966 mundi,
1165 3899 1416 3956 mirabile
1448 3901 1598 3956 fatul

143 3993 225 4053 30
355 3989 577 4048 Totum
609 4000 882 4056 servatur,
921 3992 1165 4046 redditur
1199 4001 1361 4062 atque
1385 3993 1562 4047 datur.

266 4088 427 4156 Quis
462 4083 564 4137 fari
597 4082 778 4138 valeat
806 4083 934 4152 quid
967 4082 1157 4139 fecerit
1190 4084 1305 4154 ipse
1338 4083 1670 4156 Redemptor
1685 4087 1718 4140 ?~

354 4177 574 4243 Empto
602 4173 826 4242 potitur,
849 4173 1094 4242 possidet
1117 4182 1174 4228 et
1209 4173 1466 4242 pretium.

265 4270 320 4325 0
352 4269 457 4322 lux
496 4273 761 4335 perpetuo
804 4263 1014 4334 fulgens
1042 4265 1410 4333 mundumque
1439 4267 1709 4332 revelans,

355 4355 587 4412 Victrix
613 4353 949 4422 umbrarum,
977 4371 1116 4425 quas
1149 4356 1235 4426 pia
1271 4356 1433 4411 corda
1462 4356 1678 4424 timent,

140 4455 225 4513 55
271 4451 506 4509 Custos
528 4447 605 4501 sis
618 4447 835 4514 ,Caroli,
870 4457 1015 4503 tutus
1044 4457 1098 4503 et
1127 4450 1368 4519 undique
1400 4465 1610 4517 murus,

354 4540 612 4610 I’rotege
636 4545 850 4619 sceptra
878 4538 952 4602 tui
992 4538 1084 4608 qui
1119 4539 1316 4611 rogitat
1341 4541 1551 4608 famuli.

1650 217 1919 274 VERSUS

265 329 378 397 Qui
412 330 514 388 sub
539 331 746 388 honore
776 331 861 388 sui
887 331 1078 390 humili
1109 349 1232 391 cum
1261 334 1426 393 corde
1456 351 1689 394 canoros
1785 338 1840 403 Λ

3305 225 3444 286 ηδο

1970 335 2070 392 Sat
2098 346 2178 394 sat
2209 353 2511 411 perpaucos
2539 340 3010 414 Ingratos'ponere
3035 355 3245 409 versus,

2032 430 2285 487 Molestos
2313 433 2446 504 regi.
2478 432 2616 501 Quid
2647 435 2790 490 valet
2818 443 3085 502 astruere,

1961 519 2114 588 Quod
2137 522 2294 593 plane
2315 525 2563 594 perhibet
2589 525 2700 596 jam
2729 541 2902 596 nuper
2924 527 3105 582 dedita
3127 527 3150 559 '
3178 523 3372 582 musa!

1852 610 1925 667 40
2036 612 2244 682 Expers
2287 615 2551 670 mercedis
2581 616 2750 671 tristis
2774 618 2950 672 inanis
2977 625 3113 671 erat.

1959 713 2165 777 Στοῐχοι
2198 705 2424 762 Ἰωάννου
2460 715 2533 778 τῷ
2562 708 2768 778 βασιλιῖ
2796 706 3004 784 Rapa?
3033 706 3086 760 δ.

2594 798 2704 853 VII.

2174 885 2357 940 Adhuc
2405 886 2468 941 de
2499 885 2698 942 Christi
2727 898 3119 943 resurrectione.

1964 977 2076 1032 Lux
2107 991 2370 1048 superans
2394 980 2603 1034 animas
2625 979 2904 1036 hominum
2928 995 3290 1052 superumque
3316 979 3443 1036 deo-

2034 1068 2267 1140 Agmina
2295 1072 2524 1128 terrenis
2552 1073 2893 1129 constabilita
2919 1074 3080 1140 tonis,
3297 1071 3443 1146 [rum

1962 1163 2020 1218 In
2053 1165 2260 1219 sinibus
2288 1167 2546 1236 genitoris
2574 1177 2712 1234 erat,
2744 1167 3008 1240 longeque
3037 1177 3243 1224 remota

2039 1253 2294 1309 Sensibili
2327 1256 2527 1310 mundo
2555 1257 2908 1327 empyrioque
2946 1256 3090 1328 polo,

1895 1343 1930 1399 5
1966 1342 2239 1399 Lustravit
2282 1345 2509 1401 miseros
2535 1349 2876 1402 tenebrarum
2909 1347 3126 1402 sedibus
3157 1347 3279 1402 imis

2041 1432 2282 1500 Vinctos,
2307 1436 2567 1505 captivos,
2594 1437 2990 1506 'l‘artareosque
3021 1451 3140 1490 reos
3165 1436 3208 1490 ⁸.

1971 1525 2286 1583 lncarnatus
2306 1537 2426 1582 erat
2448 1527 2695 1582 Christus
2721 1529 2786 1583 de
2822 1528 3032 1598 virgine
3057 1540 3324 1594 nascens,

2008 1679 2010 1681 ,
2037 1617 2298 1674 Conlixus
2327 1617 2494 1688 ligno,
2519 1619 2765 1673 conditus
2790 1627 2949 1687 atque
2969 1620 3112 1693 τάφῳ
3129 1619 3172 1671 '.

1967 1709 2206 1780 Corpore
2235 1711 2329 1766 sed
2364 1710 2621 1776 moriens,
2674 1710 2864 1765 vivens
2893 1709 3181 1779 animoque
3207 1707 3446 1779 Deoqne',

1865 1801 1930 1868 10
2036 1801 2136 1854 Ast
2165 1801 2303 1856 Deus
2329 1809 2384 1855 et
2411 1800 2660 1865 moritur,
2693 1800 2839 1854 vivat
2863 1808 2919 1854 et
2943 1799 3235 1870 ipsacaro.

1969 1889 2120 1960 Mens
2154 1891 2400 1955 erebum,
2449 1906 2644 1961 corpus
2674 1899 2902 1960 petram,
2938 1899 3083 1946 tenet
3122 1889 3300 1945 omnia
3351 1904 3452 1943 nu-

2036 1982 2092 2036 ln
2118 1982 2289 2038 tribus
2307 1991 2391 2038 est
2414 1998 2574 2047 unus,
2601 1997 2849 2052 corpore,
2879 1994 3080 2048 mente,
3101 1982 3229 2037 Deo.
3276 1979 3449 2054 [men,

1966 2070 2258 2142 Postquam
2282 2088 2380 2143 per
2404 2071 2636 2130 triduum
2659 2081 2830 2127 totum
2853 2073 3201 2128 destruxerat
3229 2070 3352 2132 ἄδην
3381 2071 3447 2136 ⁸⁸.
3473 2130 3476 2132 .

2042 2165 2210 2220 Totus
2235 2164 2494 2230 surrexit,
2517 2164 2592 2218 nil
2625 2173 2940 2220 remanente
2971 2165 3168 2220 minus.

1865 2256 1934 2312 15
1968 2255 2225 2312 Ascendit
2253 2266 2418 2322 totus,
2453 2265 2624 2311 totum
2665 2258 2821 2326 regit,
2854 2257 3066 2326 aspice,
3098 2253 3375 2317 mundum,

2043 2345 2150 2401 Pro
2181 2361 2292 2416 quo
2310 2361 2503 2416 passus
2531 2354 2652 2401 erat
2673 2345 2919 2400 conditor
2939 2354 3100 2414 atque
3126 2347 3288 2401 Deus.

1969 2437 2384 2506 Humanumque
2428 2452 2601 2506 genus
2643 2445 2813 2491 totum
2848 2437 3124 2492 revocavit
3153 2436 3222 2490 ab
3272 2442 3446 2499 antro,

2041 2526 2413 2596 Aeternaeque
2443 2527 2482 2557 “
2507 2527 2719 2592 mortis,
2751 2541 2860 2596 quo
2881 2526 3028 2581 cadit
3065 2525 3244 2581 omnis
3267 2525 3451 2580 homo.

1972 2617 2212 2672 Muneris
2244 2617 2488 2687 ingratus
2523 2619 2667 2672 vitae
2692 2626 3012 2688 spretorque
3046 2617 3256 2681 salutis,

1865 2710 1937 2766 20
1978 2701 1982 2706 ’
2082 2709 2256 2776 Quam
2287 2708 2515 2780 largitus
2540 2717 2660 2764 erat
2687 2708 2957 2764 maximus
2987 2707 3298 2777 archipater
3320 2707 3382 2761 “.

1974 2799 2018 2857 Ο
2046 2818 2163 2866 rex,
2196 2801 2475 2871 praeclaro
2499 2801 2593 2870 qui
2623 2799 2826 2855 lustras
2852 2799 3053 2854 lumine
3075 2798 3384 2864 mundum,

2081 2891 2302 2962 Largito
2328 2891 2522 2946 Carolo
2552 2905 2810 2960 prospera
2834 2897 3027 2945 cuncta
3055 2897 3165 2943 tuo.

1976 2983 2193 3054 lndulge
2218 2982 2418 3037 famulo
2443 2981 2651 3051 fragilis
2678 2981 2988 3037 contamina
3015 2981 3180 3046 vitae,

2048 3076 2118 3132 Ut
2151 3075 2326 3130 valeat
2348 3091 2512 3144 purus
2532 3089 2757 3130 cernere
2789 3089 2956 3144 regna
2997 3083 3108 3128 tua.

1872 3169 1941 3224 25
1978 3177 2184 3242 Στοῐχοι
2203 3165 2292 3224 τοῦ
2315 3168 2544 3222 Ἰωάννου
2560 3175 2634 3241 τῷ
2654 3168 2810 3239 κυρίῳ
2823 3167 2982 3222 αὐτοῦ
2999 3162 3176 3221 ἄνακτι
3190 3162 3392 3240 Κεφάλῳ
3410 3173 3457 3216 ο.

2607 3257 2734 3312 Vill.

2336 3350 2410 3405 De
2482 3348 2651 3404 Verbo
2698 3351 2998 3403 incuruata.

1981 3445 2040 3500 Si
2065 3445 2145 3499 vis
2169 3446 2401 3518 οὐρανίας
2423 3439 2469 3472 ¹³
2497 3455 2710 3496 sursum
2740 3439 2966 3495 volitare
2988 3452 3085 3508 per
3106 3452 3288 3502 auras,

1981 3537 2373 3607 Empyriosqne
2403 3533 2448 3567 ιδ
2473 3535 2627 3609 polos
2656 3533 2854 3589 mentis
2877 3531 3089 3587 sulcare
3118 3539 3322 3594 meatu,

1981 3625 2230 3682 Ommate
2254 3629 2296 3659 "
2319 3627 2621 3698 glaucivido
2645 3625 2689 3658 ⁸⁸
2715 3623 2975 3679 lustrabis
2997 3620 3192 3690 templa
3219 3617 3465 3690 sophiae,

1985 3718 2227 3786 Quorum
2254 3733 2473 3784 summa
2488 3719 2619 3788 tegit
2641 3716 2910 3770 condensa
2933 3712 3078 3768 nube
3099 3711 3294 3782 caligo,

1915 3809 1950 3864 5
1989 3809 2190 3869 Omnes
2240 3824 2381 3880 quae
2441 3816 2662 3878 superat
2703 3821 2914 3862 sensus,
2947 3817 3249 3873 noerosqne
3297 3802 3338 3834 "
3391 3801 3472 3855 lo-

3217 3891 3460 3962 [gosquc.

1986 3995 2116 4052 lude
2137 3992 2312 4067 γνόφος
2333 3993 2377 4028 ¹⁸
2413 3991 2684 4064 quondam
2732 3987 2946 4044 velabat
2986 3985 3117 4041 Sina
3149 3989 3370 4060 κορυφήν
3401 3984 3465 4047 η,

1991 4087 2126 4142 Dum
2151 4084 2292 4139 Deus
2312 4083 2592 4153 antiquum
2619 4081 2805 4153 θεσμὸν
2831 4080 2874 4111 ²⁰
2905 4078 3118 4148 Moysea
3144 4077 3386 4139 doceret,

1994 4178 2317 4234 Umbrarum
2351 4176 2526 4231 medio
2563 4171 2811 4242 linquens
2863 4171 3090 4241 vestigia
3138 4176 3368 4241 ταρσῶν.
3403 4171 3472 4230 ἰ,

1992 4271 2106 4326 Illic
2147 4270 2376 4340 aspicies
2405 4267 2689 4336 Seraphin:
2721 4265 2942 4320 oculosa
2983 4263 3182 4324 volare,

1811 4382 1862 4443 D
1895 4363 1957 4418 10
1993 4361 2057 4416 Et
2075 4378 2233 4418 senas
2253 4363 2513 4440 πτέρυγας
2547 4361 2592 4392 ¹¹
2623 4369 2777 4414 terno
2811 4358 2876 4412 de
2907 4355 3127 4412 cardine
3150 4369 3365 4424 pansas,

1997 4454 2155 4511 Circa
2206 4464 2438 4526 postque
2481 4455 2648 4510 Deum
2684 4451 3099 4523 polymorphota
3145 4445 3474 4610 "[cplurima

3237 4545 3310 4594 ῶα
3386 4579 3400 4601 ,

3237 4545 3310 4594 ῶα
3333 4545 3400 4601 ΙΨ,

1518 4632 1774 4692 VARIAE
1812 4635 2216 4696 LECTIONES.

356 4740 476 4780 uae
513 4738 624 4778 om.
670 4723 825 4787 cod.;
885 4726 979 4780 sed
1033 4728 1264 4798 spatium
1317 4730 1477 4783 unius
1533 4731 1681 4783 verbi
1729 4735 1904 4790 adest.

356 4793 622 4850 idomita.
727 4797 749 4827 ⁸
793 4793 926 4849 Cod.
977 4799 1383 4857 pyrﬂegelonlis.
1489 4807 1510 4836 ³
1545 4801 1636 4853 Sic
1677 4805 1824 4857 cod..
1879 4805 1904 4857 Β

1489 4801 1636 4871 “Sic
1677 4805 1824 4871 cod.,

137 4802 269 4857 diu
306 4793 622 4868 indomita.
727 4797 749 4827 ⁸
793 4793 926 4849 Cod.
976 4793 1383 4868 pyf/iegetonlis.

137 4871 164 4905 ⁸
187 4862 759 4940 Lustrapjtptiseros
781 4894 865 4940 _—_—
901 4862 1301 4940 reos'o'ntfjlai.
1380 4873 1400 4902 ⁹
1426 4868 1557 4925 Cod.
1588 4871 1766 4940 lup/to.

135 4941 297 4999 om.)
424 4933 478 4966 ⁸⁸
515 4932 648 4986 Cod.
675 4934 960 4989 arcliiater.
1075 4937 1118 4968 “
1144 4937 1335 4993 Glossa
1378 4943 1642 4994 caelestes.

139 5013 189 5046 "
213 5002 447 5065 Glossa
478 5002 797 5079 intellectus.
860 5005 1059 5079 “Cod.
1093 5009 1277 5079 gnofos
1294 5049 1307 5073 ,
1331 5009 1508 5079 glossa
1533 5011 1720 5079 caligo.

139 5079 376 5158 ταρσὸς
417 5075 617 5144 planta
639 5075 808 5143 pedis.
912 5075 1115 5133 “'tlod'.
1139 5075 1404 5150 pt'erugas,
1434 5081 1610 5152 glossa
1639 5075 1777 5141 alas.

1747 4945 1796 4976 ⁸⁸
1830 4949 2022 5008 Glossa
2053 4946 2252 5016 igneos.

1809 5021 1856 5053 ³³
1885 5009 2369 5076 ϐιοδςείιοενιὶεεοη.
2445 5012 2495 5046 ’⁸
2526 5009 2922 5079 ϐιοδδ³,ίεθθ²ηο

1871 5091 1919 5127 ³⁸
1943 5087 2126 5144 Glossa
2174 5083 2548 5154 multiformia,

1999 4740 2019 4769 ³
2066 4733 2200 4787 Cod.
2235 4741 2442 4786 suaeta.
2546 4737 2568 4769 ³
2605 4727 2699 4782 Sic
2751 4728 2898 4792 cod.,
2948 4727 3053 4782 Mai
3107 4739 3278 4779 vorax
3331 4733 3488 4792 atque

1879 4803 2004 4858 Mai.
2058 4805 2195 4856 enim
2239 4802 2471 4856 fervida.
2579 4797 2600 4828 ⁸
2633 4799 2767 4853 Cod.
2815 4801 2960 4853 loeti.
3058 4796 3077 4826 ⁷
3115 4796 3246 4850 Cod.
3293 4793 3492 4847 aea‘ita.

2425 4875 2465 4904 “
2500 4869 2591 4924 Sic
2635 4869 2779 4941 cod.,
2826 4868 2926 4923 Mai
2977 4875 3220 4941 aeternae
3259 4863 3498 4941 (iique

2361 4943 2404 4975 ⁸³
2429 4941 2620 4999 Glossa
2645 4940 2817 4994 oculo.
2919 4941 2962 4972 ¹⁶
2995 4935 3186 4990 Glossa
3216 4933 3498 4985 noctivido.

3001 5007 3044 5035 “
3067 5003 3257 5072 Glossa
3287 5000 3502 5072 pedum,

2624 5079 2669 5110 ”
2703 5069 2894 5137 Glossa
2939 5069 3218 5132 animalia.

1877 4876 1922 4910 ¹⁰
1942 4873 2076 4930 Cod.
2132 4873 2324 4925 achan.

1700 5178 1983 5250 NOTAE.

298 5255 615 5318 Distichon
650 5257 703 5315 in
731 5260 854 5315 cod.
887 5267 994 5323 tale
1022 5266 1252 5337 legitur:

206 5379 370 5442 regis
612 5435 627 5442 _
703 5378 929 5442 nostrum
954 5394 1003 5432 tu
1284 5387 1388 5435 fave

136 5435 438 5504 Berct-iet»:
497 5435 696 5509 Ῐῖ(προλον
751 5439 893 5508 ἡμῶν
947 5468 1015 5501 συ
1043 5455 1229 5520 Χριστε
1257 5451 1434 5520 sane“.

301 5539 597 5582 nnaaidn’“
662 5541 840 5579 οῆηνηο
947 5550 1091 5580 mea“
1189 5551 1424 5588 analogiae

2002 5277 2026 5314 δ
2063 5271 2262 5324 Versus
2292 5271 2349 5325 in
2377 5272 2496 5328 cod.
2546 5265 2665 5322 talis
2694 5272 2777 5318 est
2813 5281 2828 5317 :

2007 5383 2097 5420 't'ou
2127 5379 2346 5432 στοιχοι
2374 5375 2579 5422 Immo
2601 5379 2672 5413 τω
2697 5356 2897 5427 βασιλιι
2922 5349 3153 5429 Καρολω.

2008 5475 2028 5502 ε
2058 5460 2110 5514 1η
2135 5456 2252 5530 cod.
2286 5473 2482 5516 versus
2506 5455 2626 5511 talis
2661 5459 2784 5503 est:

2032 5561 2201 5590 marum
2619 5542 2813 5590 domino
2851 5557 2940 5590 SUO
3115 5535 3224 5590 regi
