3954 5474
226 337 359 397 1233
1690 328 1980 386 VERSUS.
3330 338 3465 395 1254

322 446 551 519 impleas
574 445 826 517 vativomi
848 445 1183 518 prognostica
1211 444 1451 518 symbola
1481 444 1583 501 ceti
1809 449 1858 508 Α
1887 442 1957 499 55
1992 443 2186 509 Clausa
2208 445 2298 502 diu
2325 448 2485 505 terris
2510 449 2742 523 paradisi
2765 450 2948 507 limina
2972 452 3157 523 pandi,

325 539 560 595 Umbrae
585 546 709 593 tunc
730 538 963 608 .pavidae
997 537 1228 607 sparsim
1271 536 1677 608 Phlegethontis
1727 535 1796 591 ab
1972 570 1976 573 -
2002 535 2066 590 Et
2085 527 2352 592 mortale"
2379 555 2568 609 genus,
2591 541 2731 611 quod
2751 539 2983 597 ﬂuxerat
3009 542 3135 597 inde
3157 557 3256 613 per
3275 558 3464 610 unum,

325 629 786 694 Exiliuntysubito,
816 630 1073 685 mirantes
1099 645 1319 699 surgere
1340 629 1513 685 lucem
1662 630 1795 703 [imo
2000 626 2173 685 Unius
2207 631 2275 684 oh
2304 643 2531 686 mortem
2556 648 2741 688 rursus
2762 649 2922 703 super
2945 645 3092 690 astra
3123 637 3321 693 redire.

325 719 516 774 Tetras
539 728 701 788 atque
726 731 905 774 truces
934 718 1239 789 abigentem
1274 734 1490 774 carcere
1531 718 1710 774 larvas
1751 718 1790 772 ⁸.
2001 717 2114 774 illic
2140 719 2323 775 felices
2348 721 2525 786 sedes,
2555 738 2689 791 quas
2718 733 2907 792 sponte
2932 725 3143 795 reliqui,

218 810 286 865 Η)
326 808 372 866 0
394 825 561 874 mors,
595 826 740 865 mors
762 811 932 865 vitae!
964 809 1011 869 si
1035 827 1200 874 mors,
1229 826 1334 869 non
1376 819 1484 872 vnta
1515 810 1787 876 vocanda;
1998 808 2351 879 Terrigenam
2383 811 2561 881 proles
2588 813 2847 867 habitabit
2869 814 2992 884 jure
3012 815 3299 885 perhenni,

325 899 477 967 Quod
508 910 749 971 praestat
779 902 968 965 vitam,
1004 916 1109 955 non
1138 902 1311 964 ausim
1334 902 1512 956 dicere
1540 910 1789 956 mortem.
1893 901 1962 957 60
2000 902 2100 965 Me.
2128 918 2213 958 me
2240 906 2512 972 torquebit
2536 920 2748 975 semper
2768 921 2889 971 mea
2920 922 3083 977 prava
3114 908 3395 975 voluntas,

323 989 460 1065 Nam
494 991 743 1044 tenebras
774 991 967 1061 recipit
993 991 1139 1044 clare
1163 989 1459 1046 substantia
1485 989 1654 1053 lueis?
1996 990 2301 1063 Languidus
2331 994 2529 1049 invidia
2561 997 2784 1068 morior,
2821 999 3121 1067 meritoque
3148 1014 3393 1071 peruror.

317 1080 549 1145 Fervida
575 1081 658 1135 vis
681 1081 816 1159 ignis
847 1081 1061 1136 nescit’
1086 1080 1187 1135 sibi
1217 1095 1434 1149 serpere
1466 1078 1674 1153 frigus?
2000 1078 2175 1135 Unam
2205 1081 2513 1153 confugium
2540 1092 2805 1155 superest,
2837 1084 3074 1140 solamen
3108 1094 3162 1141 et
3187 1102 3353 1141 unum
3378 1103 3393 1142 :

320 1168 494 1235 Nemo
533 1178 713 1226 tamen
750 1171 912 1224 vitam
941 1179 1167 1225 mortem
1195 1178 1442 1239 gustasse
1471 1169 1717 1240 negarit:
1997 1168 2097 1223 Est
2122 1171 2341 1240 antiqua
2372 1175 2563 1227 domus
2596 1175 2789 1230 mortis
2833 1176 3115 1245 noctisque
3147 1176 3465 1247 profundae,

206 1260 267 1314 l5
314 1261 462 1333 Mors
484 1261 667 1316 carnis
688 1261 848 1325 vitae,
879 1261 1023 1316 vitae
1051 1275 1196 1316 mors
1214 1260 1338 1329 jure
1362 1270 1618 1325 vocatur;
1994 1257 2276 1322 Jadaictun
2300 1272 2505 1332 pectus,
2532 1264 2781 1324 vitiorum
2813 1263 2967 1341 plena
2995 1280 3215 1336 vorago,

318 1349 461 1405 Nam
488 1365 765 1420 compassa
790 1350 890 1404 fuit
916 1351 1065 1405 carni
1098 1365 1239 1420 quae
1266 1349 1378 1404 sola
1410 1348 1683 1421 pependit.
1890 1346 1959 1402 65
1997 1348 2224 1403 Fraudis
2244 1360 2298 1403 et
2322 1351 2556 1406 invidiae
2587 1367 2800 1424 semper
2825 1354 3095 1424 possessio
3122 1353 3287 1424 larga,

305 1441 488 1496 Altius
513 1440 813 1511 ingreditur
837 1455 1003 1510 purae
1035 1440 1259 1494 rationis
1283 1454 1527 1503 acumen,
1992 1435 2237 1503 Luminis
2263 1440 2410 1494 exosi
2439 1442 2618 1495 radios
2646 1441 2781 1495 irata
2804 1442 3087 1512 repellens.

305 1531 376 1609 Et
404 1546 628 1585 carnem
658 1530 801 1585 vitae
826 1522 991 1584 vitam
1014 1530 1093 1584 sic
1120 1529 1326 1599 colligit
1352 1543 1493 1583 esse.
1997 1526 2108 1583 lllic
2136 1528 2246 1582 sola
2275 1539 2467 1599 potens
2493 1531 2795 1601 hypocrisis
2821 1531 3020 1602 perfida
3050 1541 3262 1604 regnat,

301 1619 360 1674 Si
379 1620 493 1674 vita
516 1619 1113 1685 estVerbnmNerbum
1130 1635 1341 1690 quoque
1363 1620 1407 1674 si
1422 1633 1550 1673 caro
1564 1617 1786 1683 factum,
1991 1618 2082 1674 illa
2116 1628 2263 1689 putet
2295 1621 2541 1687 nimium,
2572 1622 2847 1692 nimiaque
2867 1624 3150 1693 putredine
3178 1623 3341 1679 corda

197 1710 266 1766 20
304 1709 567 1766 Profecto
596 1710 860 1780 sequitur,
885 1711 995 1765 vita
1019 1711 1318 1764 concedere
1346 1724 1585 1764 carnem.
1991 1709 2239 1765 Carnalis
2268 1710 2447 1779 populi
2471 1712 2767 1781 corrumpit
2794 1713 2969 1768 nescia
3000 1714 3133 1767 veri.

300 1802 358 1857 Si
379 1816 519 1856 caro
533 1801 1140 1864 sitVerbum,converso
1157 1801 1369 1855 tramite
1384 1798 1547 1865 facta,
1815 1794 1861 1854 Β
1887 1799 1957 1855 70
1993 1800 2105 1855 Illic
2134 1801 2440 1873 confugiam
2471 1804 2689 1874 gentilia
2721 1815 2940 1873 pectora
2976 1805 3246 1875 linquens,

296 1892 544 1948 Carnem
573 1890 829 1945 continuo
858 1890 1025 1945 vitam
1048 1889 1178 1945 dare
1204 1904 1397 1959 cogere
1420 1888 1640 1946 factam.
1994 1887 2220 1959 0dibilis
2243 1882 2460 1947 Christo
2482 1884 2813 1949 'dominabor
2837 1894 3009 1967 gentis
3042 1910 3262 1962 avarae,

302 1985 435 2060 εάρξ
467 1982 489 2014 ³
520 1981 685 2052 igitur
708 1980 907 2035 Christi
932 1979 1143 2036 substat
1173 1979 1457 2035 verissima
1481 1980 1615 2044 vita,
1990 1982 2163 2039 Omne
2190 1998 2369 2039 meum
2393 1984 2539 2056 virus
2568 1985 2785 2041 fundam
2813 1985 3122 2057 blasphema
3152 2001 3249 2057 per
3273 2002 3392 2053 ora,

302 2076 515 2133 Vivens
530 2091 592 2132 ac
617 2075 854 2129 moriens
875 2082 1104 2129 mortem
1127 2082 1779 2143 consumpseratomuem.
1988 2069 2158 2141 Ligno
2184 2087 2501 2147 suspensum
2534 2075 2815 2130 Dominum
2849 2091 3073 2151 regnare
3102 2077 3366 2148 negando.

196 2168 267 2245 25
307 2168 606 2236 Desursum
631 2165 801 2229 venit,
833 2173 1104 2219 terrenam
1129 2177 1346 2223 sumere
1374 2171 1619 2230 vestem;
1989 2162 2141 2218 Talia
2168 2171 2509 2221 contrectans
2534 2167 2768 2223 crudelis
2795 2165 2970 2222 bestia
3001 2166 3166 2222 fallax

298 2258 530 2331 indutus
555 2265 756 2312 vestem
780 2271 996 2327 sursum
1025 2270 1147 2325 cum
1175 2264 1323 2309 veste
1348 2253 1571 2319 volavit,
1883 2252 1953 2308 75
1984 2252 2153 2309 Retro
2182 2254 2329 2325 lapsa
2358 2256 2465 2311 ruit
2488 2256 2689 2329 gelidas
2716 2256 2938 2329 fugitiva
2965 2257 3066 2311 sub
3083 2256 3368 2318 ’umbras.

297 2348 472 2418 inque
495 2349 659 2402 Deum
683 2347 843 2402 vertit
865 2355 1069 2401 vestem
1099 2346 1165 2400 de
1184 2345 1395 2416 virgine
1416 2351 1711 2414 sumptam,
1990 2344 2277 2415 imperium
2306 2345 2481 2401 Patris
2505 2348 2806 2417 quaesitum
2834 2350 3097 2417 sanguine
3123 2349 3232 2403 nati

300 2442 486 2499 Unum
529 2440 823 2510 conﬁciens
852 2440 1088 2494 animam
1118 2428 1446 2506 carnemque
1482 2436 1780 2505 Deumque.
1990 2434 2221 2491 Telluris
2250 2444 2472 2506 superat
2501 2437 2636 2492 lines
2657 2437 2679 2469 ⁸
2701 2437 3031 2508 erebumque
3056 2438 3368 2509 polumque.~

295 2530 450 2588 Mors
478 2531 668 2584 mortis
703 2528 960 2584 Dominus
980 2528 1217 2583 surrexit
1235 2522 1392 2581 vivas
1413 2526 1466 2579 in
1490 2526 1657 2580 altum
1988 2528 2299 2585 Orthodcva
2327 2531 2460 2585 iides
2484 2531 2695 2587 diversa
2728 2545 2859 2587 voce
2889 2547 2984 2601 per
3009 2518 3196 2603 orbem

187 2621 260 2696 βο
294 2621 379 2676 Ac
401 2629 645 2676 nostram
677 2633 859 2674 secum
888 2628 1137 2672 naturam
1170 2617 1314 2671 vexit
1341 2616 1554 2671 eodem.
1988 2619 2140 2676 Abba
2167 2620 2331 2675 Pser
2355 2621 2571 2687 clamat,
2600 2622 2824 2677 laudans
2847 2610 3099 2693 mysteria
3132 2637 3343 2685 summa

292 2712 355 2768 In
389 2721 503 2765 tota
529 2711 724 2775 factus,
750 2718 918 2764 totam
949 2709 1253 2763 conformat
1282 2709 1334 2763 in
1358 2723 1545 2763 unum.
1882 2709 1952 2765 80
1996 2710 2163 2765 Unius
2193 2725 2256 2765 ac
2281 2711 2454 2766 trinae
2477 2711 2731 2766 bonitatis
2755 2696 2929 2766 fertile
2956 2725 3172 2781 germen
3197 2752 3212 2776 ,

298 2802 563 2858 Mundam
587 2802 822 2857 calcavit
847 2801 1098 2873 frigilem,
1128 2801 1423 2871 mundique
1446 2807 1741 2871 potentem,
1988 2797 2288 2869 lngeuitum
2334 2799 2684 2871 genitumque
2722 2798 2890 2853 Deum
2934 2813 3253 2868 mumurque
3284 2798 3310 2830 ⁸
3342 2814 3464 2879 ρετ-ι

297 2892 709 2973 Expulsumqne
730 2893 874 2948 foras
903 2892 1179 2963 superavit
1207 2891 1379 2945 Marte
1411 2891 1670 2946 secundo.
2029 2961 2033 2964 ν
3263 2891 3462 2965 [holmo

294 2981 582 3052 Captivam
611 2996 873 3055 revocans
903 2982 1156 3052 praedam
1189 2981 1425 3050 raptoris
1446 2981 1514 3035 ab
1540 2994 1637 3036 ore
1986 2979 2175 3038 Fontis
2201 2982 2527 3052 iuexhausti,
2552 2998 2657 3055 quo
2685 2993 2908 3040 manant
2936 2982 3156 3039 ﬂamina
3181 2984 3344 3039 vitae.

180 3077 257 3132 55
294 3075 564 3171 _A_hstuii‘t,
597 3073 685 3171 ille
714 3076 881 3171 gemit
908 3074 1455 3171 confossus-membra
1481 3072 1742 3143 superbus
1805 3143 1849 3171 η
2633 3115 2677 3171 Π

292 3165 631 3222 Vulneribus
652 3143 912 3231 duris,iac
936 3143 1118 3220 secum
1148 3163 1273 3217 talia
1296 3171 1534 3218 tractans
1563 3178 1578 3216 :
1805 3143 1850 3205 ε
2636 3143 2698 3171 ¹¹’

286 3256 381 3314 Me
412 3256 617 3333 victum
638 3255 821 3321 video,
852 3255 1135 3327 fugitivum
1165 3254 1384 3309 sedibus
1401 3253 1543 3319 “atris
1602 3284 1603 3287 η
2323 3232 2457 3288 Im”
2482 3232 2677 3287 “50"”
2703 3231 2746 3263 ¹⁰
2768 3232 3025 3301 dmem-

230 3410 235 3413 τ
283 3347 452 3419 Quae
487 3361 623 3401 nova
646 3344 736 3400 lux
765 3345 958 3411 oritur,
986 3359 1148 3416 quam
1186 3356 1476 3413 numquam
1503 3340 1647 3398 ferre
1677 3358 1770 3398 va-
1983 3340 2302 3409 Graeculus,
2324 3341 2562 3399 Iudaeus
2589 3343 2702 3415 jam
2729 3358 2893 3407 nunc,
2923 3343 3233 3414 Agarenns,
3264 3349 3315 3396 et
3346 3343 3458 3396 Au-

598 3452 601 3453 ν
1342 3421 1372 3462 Ὗ
1602 3431 1780 3504 [lebo?
1898 3462 1901 3467 ι
1985 3432 3457 3507 Paganusqneferussurgensaquilonisabaxe[son"‘,

284 3528 458 3595 Nunc
479 3542 599 3582 mea
628 3527 650 3559 ⁸
676 3543 837 3600 regna
874 3536 1035 3583 ruunt
1067 3541 1292 3598 passum,
1318 3538 1435 3578 ioca
1463 3524 1604 3579 nutla
1629 3534 1779 3581 tene—
1986 3523 2215 3580 Subdita
2250 3525 2387 3581 colla
2414 3526 2652 3592 dabunt,
2681 3525 2930 3582 Christus
2957 3524 3201 3597 regnabit
3240 3524 3456 3595 ubique,

1610 3618 1777 3689 [bris;
1985 3618 2091 3688 ipsi
2119 3619 2477 3674 succumbunt
2499 3634 2689 3674 omnes
2717 3601 2941 3690 regique
2971 3619 3210 3688 Deoque.

165 3712 243 3768 ιο
276 3709 485 3775 Sentio
506 3722 591 3762 me
612 3717 848 3778 captam,
881 3709 1160 3781 pandum,
1191 3709 1488 3777 vinclisque
1535 3707 1776 3776 ligatum.
1880 3707 1914 3761 5
1990 3708 2212 3763 Summe
2237 3707 2402 3763 Pater
2421 3710 2554 3773 nati,
2586 3709 2810 3776 largitor
2834 3710 3072 3764 muneris
3095 3711 3133 3740 “
3168 3709 3318 3775 almi,

282 3798 486 3856 Eheu!
506 3797 629 3868 quis
645 3791 775 3854 mihi
794 3795 1174 3869 congreditur?
1201 3798 1337 3865 Quis
1357 3797 1512 3854 fortis
1535 3799 1590 3853 in
1613 3798 1781 3853 armis
1986 3794 2148 3852 Festa
2175 3796 2249 3851 tui
2285 3812 2500 3868 semper
2519 3798 2879 3852 celebrantem
2908 3806 3133 3868 protege
3156 3798 3385 3868 plebem,

276 3892 492 3948 Audax
514 3890 803 3945 committit
830 3890 1014 3945 mundi
1038 3906 1159 3946 cum
1181 3891 1427 3961 principe
1448 3888 1684 3945 bellum?
1984 3884 2086 3941 Cui
2116 3894 2206 3940 tua
2227 3885 2519 3957 disponens
2555 3887 2818 3957 sapientia
2844 3902 3006 3958 regna
3030 3901 3127 3956 per
3154 3886 3339 3941 orbem

278 3983 465 4041 illene
489 3981 729 4036 conlisus
754 3981 899 4052 ligno
927 3989 1218 4051 septusque
1244 3980 1552 4053 sepulchro,
1989 3975 2258 4031 Praefecit
2276 3975 2527 4032 Carolum
2546 3991 2833 4048 regemque
2854 3977 3108 4047 piumque
3126 3976 3455 4042 ministrum,

281 4075 476 4142 Quem
499 4087 593 4133 rex
617 4072 859 4128 Herodes
886 4072 1091 4143 sprevit
1117 4060 1470 4140 summusque
1499 4072 1755 4139 sacerdos
1987 4066 2086 4123 Cui
2114 4067 2204 4121 lux
2232 4068 2459 4124 interior
2485 4068 2707 4125 donavit
2735 4067 2932 4122 mentis
2960 4081 3210 4133 acumen.

158 4171 237 4227 45
280 4170 517 4238 Raptus
542 4180 647 4220 non
680 4166 860 4219 timuit
887 4174 1093 4219 vestem
1120 4165 1381 4219 damnare
1409 4164 1645 4234 Caiphas
1883 4164 1951 4218 lt)
1988 4162 2105 4231 Quo
2135 4162 2313 4217 divina
2343 4159 2506 4216 simul
2532 4167 2766 4215 tractans
2792 4158 3026 4215 humana
3057 4158 3346 4229 gubernet,

220 4248 224 4252 Δ
277 4260 563 4318 Addictus
588 4257 768 4321 morti,
803 4256 1045 4311 Romano
1074 4256 1317 4327 principe
1347 4257 1573 4311 caesus?
1990 4256 2129 4311 Vere
2158 4253 2459 4309 subsistens
2491 4266 2586 4307 rex
2617 4258 2778 4319 atque
2808 4247 3085 4318 theologus
3112 4249 3274 4303 idem.

277 4351 410 4406 Hoc
436 4356 656 4417 egomet
674 4345 798 4411 feci,
831 4346 1025 4410 fateor,
1059 4353 1337 4413 totumque
1364 4346 1567 4416 peregi.
1988 4346 2210 4409 Praesul
2237 4346 2304 4400 ab
2329 4343 2555 4399 Athenis
2580 4341 2831 4411 Dionysi,
2869 4339 3181 4412 symmache
3206 4338 3355 4396 Pauli
3385 4341 3451 4406 ι’,

270 4440 366 4498 Me
396 4437 629 4511 stultum
661 4436 814 4491 latuit
842 4436 1012 4490 virtus
1043 4436 1364 4505 humilisque
1394 4444 1634 4506 potestas
1664 4456 1680 4490 :
1807 4508 1825 4511 κ
1986 4438 2188 4510 lnclyte
2214 4434 2497 4507 martyrio,
2528 4433 2615 4487 cui
2645 4431 2814 4488 servit
2848 4429 3017 4487 Gallia
3051 4438 3181 4494 tota,

274 4531 453 4587 Hunc
484 4526 528 4581 si
554 4508 887 4596 cognossem,
911 4536 1123 4601 σταυρῷ
1140 4529 1163 4565 ⁸
1212 4543 1315 4582 non
1362 4528 1618 4598 penderet
1663 4545 1780 4582 um-
1806 4508 1858 4568 Ῑ)
1991 4508 2247 4599 Prospice
2274 4526 2521 4582 caelestis
2547 4523 2689 4578 vitae
2717 4522 2782 4576 de
2803 4523 3019 4577 sedibus
3047 4521 3171 4577 altis

151 4624 233 4683 50
274 4617 557 4688 Corporis
584 4619 802 4672 humani
835 4619 1046 4674 servilis
1075 4620 1245 4674 forma
1277 4620 1487 4676 fefellit.
1572 4620 1712 4695 [quat

1888 4620 1955 4675 15
1994 4620 2127 4677 Vela
2172 4619 2246 4672 tui
2272 4617 2449 4675 τέκνου
2475 4614 2519 4646 ³³
2543 4611 2717 4668 Caroli
2750 4622 2838 4667 tua
2866 4611 3079 4684 λείψανα
3106 4611 3149 4642 ιδ
3176 4619 3362 4665 sancta

272 4718 510 4773 Interea
543 4710 713 4767 laetas
740 4712 950 4768 animas
977 4715 1202 4770 volitare
1232 4731 1329 4785 per
1355 4732 1535 4781 auras,
1988 4708 2261 4770 Ornantis,
2298 4716 2611 4778 gratamque
2641 4710 2782 4755 tuam
2812 4699 3150 4772 magnalibus
3171 4702 3356 4756 aedem

273 4805 700 4870 Tartareosqne
728 4801 880 4856 sinus
906 4819 1105 4859 vacuos
1128 4804 1384 4876 laxasqne
1413 4814 1636 4863 catenas
1990 4799 2163 4854 lustar
2184 4798 2523 4853 ﬂammarum
2545 4791 2769 4862 gemmis
2789 4789 3142 4863 ﬂagrantibus
3162 4806 3329 4849 intro-7

277 4889 563 4959 Suspicit,
588 4900 643 4944 et
675 4891 848 4946 nutrit
872 4893 1012 4948 tristi
1041 4894 1143 4947 sub
1165 4905 1380 4962 pectore
1414 4895 1628 4950 vulnus.
1992 4891 2240 4960 Undique
2273 4884 2576 4943 turicremis
2604 4881 2843 4936 redolent
2863 4880 3059 4939 altaria
3083 4880 3245 4935 fumis

272 4978 448 5052 Quod
468 5018 486 5042 ,
522 4994 708 5051 mage,
747 4993 834 5034 nne
859 4983 1115 5039 miserum
1146 4992 1357 5054 torquet
1382 5027 1398 5050 ,
1421 4984 1535 5053 jam
1562 4986 1777 5056 eonSpi-
1991 4980 2299 5037 Harmonici
2326 4984 2517 5034 cantus
2543 4975 2802 5029 Θιασωτῶν
2833 4973 2880 5005 ¹⁸
2902 4972 3086 5029 sidera
3114 4969 3166 5045 3'
3189 4967 3423 5038 pulsant,

1340 5076 1479 5150 [con
1508 5074 1700 5146 inquit.
1882 5078 1953 5135 '20
1990 5073 2176 5133 Oliicio
2207 5082 2390 5130 vatum
2419 5064 2753 5126 sanctissima
2779 5079 2944 5122 coena
2968 5060 3012 5093 "
3035 5069 3284 5129 paratur.

1485 5208 1734 5264 VARIAE
1774 5206 2180 5269 LECTIONES.

230 5335 256 5442 ι.
277 5321 718 5436 ϐῗρέἔιίτζςςξ.⁸
1018 5322 1408 5424 qoggﬂcfic'it."
1426 5323 1606 5407 '.Cod.
1634 5322 1800 5404 Sarx.
1875 5327 1899 5360 δ
1927 5323 2190 5402 ξῇιλοοᾴη
2206 5322 2343 5402 Mai.
2368 5320 2517 5394 milii.
2592 5318 2613 5350 '
2639 5314 2767 5371 Cod.
2792 5324 2995 5369 statim.
3084 5311 3108 5343 ⁸
3132 5312 3287 5367 Corr.
3319 5309 3467 5365 Mai..

144 5409 256 5450 “nl.
328 5409 718 5436 .lnrln'anlnua
767 5412 934 5428 κιιιιιιη
1039 5409 1050 5424 1
1085 5409 1171 5422 δι”*
1200 5410 1284 5424 Ann
