3954 5304
526 313 666 372 ηεξ
1875 294 2087 354 JOANN

2204 290 2393 349 SCOTI
3640 284 3765 341 1156

1820 475 2182 562 SECTIO
2262 475 2419 556 III.

1130 660 1462 728 JOANNIS
1502 656 1735 724 SCOTI
1776 653 2080 722 VERSUS
2120 654 2231 719 DE
2271 648 2654 717 AMBIGUIS
2695 650 2759 713 S.
2803 645 3136 713 MAXIM].

516 840 558 892 Ε
582 836 690 892 eod.
715 849 809 890 ms.
829 835 1157 887 bibliothecae
1182 833 1553 886 Armamentarit
1572 827 1971 892 Parisiensised.
1998 824 2070 877 Ι.
2086 822 2240 892 Febr
2260 822 2522 892 namisson
2543 822 2592 892 in
2615 819 2745 892 libro
2762 818 2846 892 qui
2864 817 3179 892 inscribllnur:
3197 817 3547 892 Harpagus}!
3564 812 3768 866 me

766 877 1639 961 ἇὶἿ”’ίῖ.ὶὲἶιὶίῑοὶι”ῥιὶῐῦὶιιῖῑῖιὶίιᾱ
1649 877 1657 880 ⁷
1672 877 2013 953 bibliothecae:
2061 890 2148 941 des
2174 884 2531 949 “pertenuem:
2551 884 2615 939 de
2645 877 2848 945 rem,
2870 879 3021 933 Paris
3048 879 3189 940 isti,
3205 893 3256 942 p.
3273 877 3368 929 εδδ
3401 889 3507 940 sqq.

1273 1044 1318 1106 l.
2116 1034 2171 1098 Α
2371 1029 2595 1087 Possem
2624 1028 2980 1098 tardiloquus,
3008 1032 3291 1098 pragmata
3317 1021 3431 1080 sola
3457 1036 3705 1094 sequens.

573 1141 769 1203 Carolo
807 1138 967 1198 Calvo
1019 1138 1228 1195 dedicat
1263 1136 1641 1209 Ambiguorum
1685 1131 1745 1191 S.
1793 1130 2020 1190 Maximi
2231 1122 2271 1207 5.
2299 1121 2533 1179 Interior
2557 1121 2729 1176 virtus
2756 1133 3067 1174 sermonum
3095 1118 3199 1173 rite
3227 1115 3511 1171 tenenda:

1142 1202 1447 1265 versionem:
2266 1202 2271 1207 ’
2374 1214 2671 1272 Verborum
2701 1214 2703 1265 Ῐ

2266 1202 2271 1207 ’
2374 1214 2671 1272 Verborum
2701 1212 2882 1269 bombi
2912 1210 3098 1266 fallere
3127 1224 3293 1281 saepe
3321 1208 3521 1265 solent.

609 1303 826 1377 Kyrrie,
857 1302 1166 1374 caeligonae
1194 1301 1278 1356 cui
1313 1298 1478 1371 pollet
1503 1301 1675 1370 gratia
1707 1297 1936 1363 formae,

2298 1296 2369 1365 Si'
2390 1308 2514 1378 quis
2544 1307 2600 1363 in
2630 1305 2893 1361 ambobus
2919 1303 3103 1358 divino
3131 1316 3358 1357 munere
3384 1299 3588 1370 pollet,

605 1396 806 1455 Astrea
837 1396 1107 1475 caesareo
1136 1393 1223 1450 cui
1253 1392 1476 1463 cingunt
1506 1399 1792 1448 stemmata
1824 1389 2027 1457 vultus,
2369 1400 2469 1456 Hic
2494 1400 2733 1471 primum
2758 1397 2921 1454 debet
2942 1393 3066 1464 jure
3093 1402 3282 1451 tenere
3307 1395 3551 1448 inodum.

606 1489 817 1560 Regum
846 1486 1158 1559 progenies,
1186 1500 1323 1555 quos
1353 1483 1504 1538 auxit
1531 1482 1761 1539 Francia
1791 1479 1943 1547 felix,

2299 1493 2408 1551 Sed
2440 1494 2484 1549 si
2516 1491 2830 1564 perspicuos
2859 1503 3051 1547 sensus
3078 1487 3169 1543 vix
3197 1500 3333 1542 voce
3361 1485 3623 1556 loquaris,

609 1574 772 1633 Orbis
802 1588 1071 1633 ιθππυηι
1104 1591 1239 1647 quos
1269 1575 1377 1631 3113
1406 1589 1538 1630 νοεθ
1567 1573 1785 1640 salum.
2197 1582 2261 1640 10
2368 1583 2457 1640 Sis
2485 1566 2702 1654 quoque
2731 1588 3049 1646 contentus;
3080 1594 3207 1634 nam
3240 1576 3469 1634 meliora
3499 1587 3672 1633 tenes.

536 1668 571 1725 5
606 1668 882 1728 Laudibus
911 1667 1228 1740 amplificat,
1258 1676 1569 1733 veneratur,
1602 1667 1759 1734 ditat,
1791 1666 2053 1731 honorat,
2299 1673 2357 1731 Si
2391 1674 2618 1729 meliora
2650 1682 2823 1739 tenes,
2854 1685 3121 1742 quaenam
3156 1669 3253 1725 tibi
3285 1683 3439 1730 cura,
3474 1677 3663 1723 tenere

604 1761 856 1839 Undique
885 1776 1220 1818 concurrens
1247 1768 1470 1832 pontum
1501 1767 1672 1824 secat,
1700 1758 1904 1813 eminet
1932 1772 2086 1825 arva,
2370 1766 2520 1834 Quae
2547 1773 2676 1822 sum,
2702 1763 2970 1821 inferius?
3003 1762 3236 1833 Semper
3264 1761 3321 1818 in
3350 1760 3464 1816 alta
3491 1770 3641 1832 pete.

603 1852 788 1920 Salve,
819 1852 1208 1910 Christicolum
1236 1861 1447 1920 vertex,
1476 1850 1791 1924 gratissime
1816 1864 2028 1924 regum,
2933 1853 3023 1910 Ill.

598 1941 719 1998 Rex
747 1942 834 2013 pie
858 1982 873 2010 ,
906 1942 1084 1999 devoti
1114 1956 1182 1997 ne
1209 1957 1437 2013 spernas
1462 1940 1658 1998 donula
1688 1940 1849 1997 servi.
2481 1944 2691 2003 Lectori
2718 1945 3098 2018 Ambiguorum
3129 1943 3193 2000 S.
3227 1941 3478 1998 Maximi.

601 2031 870 2107 Exiguum
900 2048 1099 2088 munus
1126 2032 1298 2103 largo,
1331 2033 1425 2089 sed
1456 2032 1606 2090 fonte
1634 2043 1911 2102 receptum
2294 2037 2552 2111 Quisquis
2573 2044 2722 2093 amat.
2749 2035 2979 2092 formam
3003 2022 3265 2106 pulchrae
3292 2033 3517 2089 laudare
3540 2031 3787 2103 50pm

494 2123 563 2178 10
598 2123 978 2201 Christiferum
1007 2123 1253 2193 Patrum,
1274 2126 1535 2197 mysteria
1562 2126 1791 2195 plurima
1824 2134 2084 2183 tractans.
2367 2129 2444 2186 Te
2471 2129 2613 2202 legat
2639 2128 2878 2194 assidue,
2911 2126 3144 2183 Maxime
3172 2125 3508 2197 Graiugena.

596 2214 712 2272 Hoc
740 2230 878 2289 opus
905 2216 958 2272 in
986 2216 1195 2274 Graeco
1227 2217 1535 2274 construxit
1563 2217 1829 2273 Maximus
1858 2217 2049 2281 abbas.
2293 2221 2372 2277 Ac
2403 2222 2579 2297 primo
2606 2230 2787 2276 motus
2818 2234 2998 2276 rerum
3031 2217 3336 2273 rationibus
3366 2215 3516 2273 altis.

594 2308 858 2381 Egregius
885 2317 1092 2381 pastor,
1121 2309 1407 2383 scripturis
1436 2309 1665 2382 inclytus
1691 2318 1902 2377 auctor,
2366 2312 2622 2368 Mundam
2652 2310 2962 2368 sensibilcm
2992 2308 3209 2366 deserat
3241 2315 3407 2378 atque
3437 2315 3604 2377 neget
3632 2325 3647 2360 :

596 2396 777 2469 Magni
802 2397 1051 2469 Gregorii
1082 2399 1408 2470 perplanans
1435 2400 1580 2455 dicta
1609 2409 1839 2465 remota,
2104 2393 2152 2452 B

2139 2395 2152 2450 ι
2214 2405 2248 2463 5
2288 2403 2396 2460 Nec
2424 2419 2532 2460 non
2560 2414 2616 2460 et
2645 2417 2838 2460 sensus
2868 2402 3037 2472 ipsos,
3067 2399 3160 2471 qui
3190 2413 3360 2469 saepe
3390 2397 3700 2461 retardant,

595 2488 860 2546 Sensibus
886 2491 1138 2547 humanis
1180 2493 1516 2550 theoremata
1547 2503 1734 2567 mente
1771 2493 2075 2554 revolvens.
2361 2494 2617 2553 Gnostica
2648 2495 2776 2551 dum
2808 2496 3021 2551 scandit
3049 2490 3324 2566 βῆμα-ταν
3354 2490 3563 2546 mentis
3592 2491 3711 2544 iter.

490 2576 560 2633 15
597 2577 708 2636 Nec
735 2595 842 2636 non
878 2580 931 2637 in
962 2582 1149 2638 multis
1179 2582 1470 2656 Dionysius
1499 2585 1716 2643 additur
1746 2586 1863 2656 ipse
2291 2586 2505 2645 Deliciis
2536 2586 2743 2659 fragilis
2770 2588 2938 2653 vitae,
2967 2586 3277 2654 mundoque
3306 2581 3516 2654 fugaci,

592 2670 955 2744 Ariopagites,
985 2683 1146 2730 ornat
1173 2690 1336 2745 quem
1366 2674 1617 2731 laudibus
1646 2676 1861 2747 amplis,
2358 2680 2426 2734 Et
2453 2680 2635 2737 carnis
2666 2693 2797 2735 cura
2825 2678 2919 2750 qui
2946 2684 3125 2743 vacat,
3160 2675 3264 2730 ista
3292 2673 3443 2745 legat
3472 2691 3489 2727 :

593 2760 885 2849 Explanat,
917 2772 1218 2836 testemque
1245 2774 1406 2827 vocat
1432 2764 1757 2837 Patremque
1786 2767 2028 2834 beatum,
2289 2771 2691 2842 Mundanisque
2714 2774 2873 2828 datus
2901 2768 3119 2847 studiis,
3149 2766 3449 2836 tardusque
3479 2765 3732 2836 pigerque

594 2846 847 2923 Tangeris
876 2856 1201 2926 symbolicas
1225 2857 1510 2928 praeclaro
1540 2857 1746 2914 lumine
1776 2857 1985 2930 byblos,
2183 2864 2254 2918 10
2366 2862 2484 2919 lluc
2513 2840 2621 2918 non
2653 2862 2907 2928 accedat;
2944 2840 3126 2915 nullus
3157 2858 3311 2913 adest
3338 2856 3547 2911 aditus.

594 2942 767 3011 Quem
798 2961 897 3001 nos
927 2946 1216 3015 edidimus,
1245 2948 1413 3007 Vobis
1441 2949 1807 3021 poscentibus,
1835 2948 1986 3005 olim.
2292 2953 2554 3009 Sensibus
2583 2951 2798 3007 inﬂatus
2825 2949 3082 3021 propriis,
3115 2946 3489 3016 tumidusque,
3519 2945 3788 3013 superi”.

486 3031 558 3087 20
737 3049 952 3137 quoque
977 3037 1045 3093 de
1074 3053 1236 3096 causa
1264 3040 1544 3137 praefatus
1571 3040 1839 3137 Maximus
1865 3042 2035 3100 abbas
2361 3042 2482 3099 Stet
2508 3042 2715 3114 procul,
2746 3043 2862 3114 ipse
2890 3054 3095 3111 negans
3124 3038 3218 3095 hic
3245 3036 3497 3107 reperire
3525 3036 3717 3090 locum.

591 3123 783 3181 Editus
811 3134 897 3180 est
925 3142 1121 3197 nuper,
1153 3138 1340 3186 nostro
1370 3131 1597 3186 sudante
1625 3130 1836 3198 labore,
2287 3136 2514 3192 Artibus
2543 3136 2803 3202 imbutus,
2833 3148 2970 3207 quas
2996 3131 3150 3197 novit
3190 3129 3391 3187 mentis
3419 3142 3681 3190 acumen,

593 3214 910 3288 Ellectuque
938 3220 1029 3290 pio
1059 3220 1315 3277 Vestrum
1342 3221 1433 3293 pia
1454 3220 1612 3291 jussa
1639 3230 1961 3293 sequentes,
2356 3227 2524 3284 Fidus
2552 3225 2837 3299 procedat,
2870 3239 2994 3280 nam
3025 3237 3123 3279 sua
3153 3229 3269 3278 stat
3292 3218 3499 3290 patria.

592 3307 806 3366 Cursim
831 3311 1227 3381 transtulimus,
1245 3329 1386 3386 quae
1415 3315 1586 3372 multo
1608 3324 1852 3387 tempore
1870 3317 1888 3349 ¹
1914 3330 2080 3387 quae-
2181 3317 2250 3377 15
2287 3317 2538 3375 Practica
2566 3317 2657 3373 hic
2681 3317 2842 3372 ducet
2867 3330 3078 3371 morum
3105 3311 3395 3383 praeclara
3424 3311 3710 3383 magistra,

1899 3406 2081 3479 [ιυιιιιιἰ
2357 3410 2553 3466 Custos
2580 3408 2865 3474 virtutum,
2896 3403 3137 3477 pervigil
3159 3403 3380 3458 idonea.

588 3488 660 3573 Et
695 3490 884 3551 doctos
923 3508 1150 3560 sensus,
1188 3505 1246 3551 et
1282 3511 1451 3566 purae
1491 3494 1690 3557 mentis
1726 3512 1974 3557 acumen.
2287 3503 2386 3563 Hic
2414 3503 2645 3578 gustavi?
2677 3515 2872 3557 causas
2897 3512 3082 3554 rerum
3109 3496 3347 3568 vestigat
3374 3509 3609 3565 opacas,

1245 3585 1310 3641 Π·
2359 3595 2721 3663 lnvcnmsque
2750 3590 2913 3648 simul
2938 3598 3217 3661 segregat,
3245 3586 3501 3643 unificat.

680 3698 693 3777 ζ
803 3763 817 3777 0
864 3718 869 3721 -
908 3766 922 3777 1
983 3674 1291 3777 pecudem-
1314 3678 1566 3734 versione.
1886 3771 1901 3777 _
2099 3756 2142 3777 Π
2290 3686 2391 3742 llic
2417 3688 2521 3759 θεῷ
2544 3684 2651 3740 fert
2678 3682 2912 3753 palmam
2942 3680 3160 3737 cunctis
3195 3677 3535 3750 perpulchra
3565 3676 3716 3749 loga

588 3761 850 3833 Quisquis
878 3766 1153 3847 rhetorico
1180 3770 1467 3826 verborum
1498 3779 1737 3843 syrmate
1762 3771 1982 3844 gaudet,
2097 3756 2143 3821 C
2172 3776 2243 3834 20
2276 3756 2565 3848 Omnial?)
2603 3774 2771 3845 quod,
2799 3770 2945 3845 quod
2970 3786 3105 3841 non,
3140 3768 3329 3826 omnia
3362 3768 3605 3840 denegat
3630 3781 3787 3822 omne

665 3853 901 3922 Quaerat
930 3859 1338 3931 grandiloquos,
1366 3861 1541 3917 Tullia
1570 3872 1749 3918 castra
1778 3872 1988 3934 petens.
3533 3858 3715 3934 [simul
3735 3856 3781 3923 ⁸.,

589 3945 662 4002 At
687 3947 823 4005 mihi
852 3958 940 4007 sat
965 3949 1152 4019 fuerit,
1186 3953 1231 4009 si
1261 3953 1455 4025 planos
1480 3969 1712 4027 carpere
1739 3970 1937 4012 sensus

1831 4162 2193 4249 SECTIO
2252 4162 2397 4243 IV.

1321 4340 1655 4406 JOANNIS
1698 4340 1931 4407 SCOTI
1972 4340 2355 4407 VERSUUM
2400 4285 2921 4405 FRAGMENTA.

1254 4511 1295 4567 l.
2096 4513 2150 4573 D
2317 4508 2394 4571 Te
2423 4508 2648 4565 laudant
2672 4507 2831 4575 caeli,
2864 4515 2918 4562 te
2945 4505 3090 4562 votis
3118 4504 3352 4578 inclytat
3375 4505 3401 4537 ⁸
3425 4507 3604 4563 orbis.

652 4599 837 4659 Versus
866 4602 1093 4659 Joannis
1123 4602 1268 4660 Stati
1286 4604 1311 4637 ⁵
1336 4606 1408 4661 ad
1435 4605 1683 4664 Curatum
1715 4624 1904 4681 regem.
2316 4601 2570 4657 Proxima
2597 4601 2714 4658 sis“
2739 4598 2934 4657 Carolo
2965 4597 3158 4661 tutrix,
3192 4597 3487 4654 munimen
3518 4608 3577 4654 et
3599 4596 3777 4658 altum.

536 4697 652 4749 rod.
675 4696 898 4752 Cantabr.
922 4702 1126 4768 Collegil
1144 4704 1369 4769 Corporis
1393 4706 1572 4759 Christi
1596 4718 1650 4758 n°
1671 4711 1782 4773 2:3,
1802 4721 1906 4761 see.
1930 4707 2013 4761 lx.
2208 4692 2278 4750 85
2316 4692 2418 4761 Qui
2453 4693 2549 4748 tibi
2579 4691 2809 4748 miriﬁce
2837 4690 3182 4763 praeclaram
3212 4689 3458 4747 fabricat
3486 4691 3701 4755 aedem,

2312 4785 2492 4841 Aedes
2523 4799 2882 4841 marmoreas.
2913 4781 3082 4839 Varie
3112 4792 3440 4840 constructa
3472 4782 3736 4840 columnis

632 4915 647 4930 .
688 4915 703 4930 .
742 4914 757 4931 .
802 4916 815 4931 .
852 4914 869 4931 .
912 4912 928 4934 .
1083 4918 1099 4936 .
1142 4918 1158 4935 .
1196 4918 1210 4934 .
1254 4919 1270 4935 .
1313 4920 1328 4937 .
1368 4922 1383 4938 .
1423 4921 1438 4937 .
1481 4919 1496 4937 .
1540 4921 1556 4939 .
1599 4922 1614 4938 .
1657 4923 1672 4938 .
1716 4922 1732 4938 .
1770 4922 1786 4938 .
1827 4925 1843 4939 .
2313 4877 2437 4933 Alta
2465 4877 2658 4933 domus
2688 4875 2911 4946 pulchre
2937 4875 3250 4930 conterno'
3281 4883 3546 4930 normate
3573 4873 3724 4928 facta.

625 4968 705 5027 Da
737 4978 922 5028 nostro
950 4972 1061 5045 regi
1089 4970 1304 5040 Carolo,
1333 4973 1422 5031 cui
1451 4974 1887 5048 sceptra'dedisti
1908 5017 1922 5043 ,
2316 4969 2511 5039 Aspice
2540 4969 2834 5045 polygenos
2857 4968 3054 5033 “eius,
3084 4983 3367 5043 arcusque
3401 4968 3619 5024 \‘OIUIOS

627 5061 701 5119 Ut
727 5079 944 5136 semper
972 5065 1204 5122 famulus
1235 5067 1331 5123 tibi
1359 5068 1509 5124 vivat
1536 5077 1719 5125 mente
1740 5068 2013 5141 benigna.
2314 5062 2616 5134 Compages
2646 5062 2877 5118 laterum
2906 5060 3134 5126 similes,
3167 5060 3459 5132 capitella,
3488 5062 3766 5127 basesqu.

521 5153 589 5200 κθ
622 5153 888 5199 Ῥνηεηονα
922 5156 1155 5206 labentis
1180 5157 1326 5213 vitae
1356 5161 1689 5212 revolumina
1719 5168 1956 5210 praesta-

2206 5154 2276 5196 Qn
2316 5155 2515 5186 Tun-nent
2574 5153 2728 5180 ‘----:-
2782 5153 2861 5174 ’³⁸-
2916 5153 2931 5166 “
2998 5166 3062 5172 ⁷“⁴
3146 5153 3186 5170 ’⁸
3354 5153 3368 5162 “
3412 5153 3460 5172 ³⁸
3493 5158 3667 5194 ἰι-’1,-
