4004 6290
1574 282 2144 342 ADDITAMENTUM.
3365 280 3516 338 1212

1265 499 2468 620 ADDlTAMENTUM.

303 754 487 811 Codex
522 751 898 809 Laudunensis
926 751 1015 819 8|,
1057 766 1088 808 e
1133 766 1241 821 quo
1279 749 1352 804 M.
1393 745 1459 804 F.
1497 748 1797 805 Ravaisson
1823 764 1877 805 v.
1910 748 1978 806 cl.
2017 749 2242 806 Joannis
2277 753 2423 808 Scoti
2463 753 2924 810 Commentariu‘m
2967 756 3020 811 in
3051 757 3109 812 S.
3154 753 3503 827 Evangelium

226 843 529 902 secundum
559 839 822 899 Joannem
855 843 1034 896 minus
1083 850 1338 912 accurate
1376 840 1565 904 edidit,
1609 856 1732 895 cum
1775 855 1898 895 sero
1944 841 1996 894 in
2042 856 2231 896 manus
2263 859 2410 897 tuens
2437 844 2666 908 venerit,
2700 846 3015 899 varietatem
3063 846 3308 901 lectionis
3338 856 3503 899 totam

225 935 643 1008 diligentissime
672 936 771 990 hoc
801 935 918 990 loco
961 933 1366 988 describendam
1395 932 1600 986 curavi.
1646 929 1932 985 Praeterea
1981 929 2224 999 ejusdem
2257 932 2652 988 Commentarii
2709 933 3075 1005 fragmentum
3125 935 3327 990 codicis
3369 933 3504 991 calci

227 1030 558 1102 subjectum,
590 1033 734 1102 quod
764 1031 853 1088 ille
882 1027 1221 1102 neglexerat,
1251 1021 1614 1100 adjiciendum
1645 1042 1766 1084 esse
1794 1027 1998 1097 putavi.
2038 1025 2233 1082 Varias
2263 1027 2525 1084 lectiones
2561 1029 2820 1084 varietate
2851 1030 3230 1087 characterum
3259 1032 3502 1088 distinxi.

220 292 362 349 12M

216 395 3457 446 Μ

1883 1249 1909 1283 Q

1361 1382 1737 1471 VARIAE
1813 1387 2388 1466 LECTIONES

1831 1543 1896 1585 IN

576 1650 857 1714 JOANNIS
895 1649 1091 1709 SCOTI
1125 1646 1682 1709 COMMENTARIUM
1719 1646 1787 1702 IN
1827 1648 1885 1704 S.
1925 1646 2375 1704 EVANGELIUM
2417 1647 2788 1706 SECUNDUM
2827 1649 3165 1707 JOANNEM.

1281 1786 1358 1838 Ad
1381 1782 1524 1834 tidem
1544 1783 1728 1836 codicis
1751 1795 1842 1835 ms.
1865 1781 1922 1832 81
1950 1781 2066 1831 bibl.
2095 1781 2453 1834 ιδυάιιιιεηεὶε.

303 1935 417 1992 Col.
449 1933 555 1992 298
599 1933 634 1987 1.
663 1933 696 1989 8
736 1942 794 1988 ut
833 1948 929 2003 per
961 1927 1136 2004 ipsum
1176 1920 1493 1987 ascenderet
1540 1929 1704 2009 homo
1754 1927 1808 1983 in
1839 1933 1887 1993 Α
1918 1916 2032 1981 Dei.
2071 1926 2173 1982 ΠΜ
2201 1927 2360 1981 datur
2383 1924 2627 1998 intelligi,
2660 1944 2764 1983 non
2799 1928 2943 1984 aliud
2978 1945 3096 1986 esse
3119 1940 3226 1987 cet.
3258 1932 3384 1988 1.17
3417 1934 3504 1990 in-

229 2030 422 2086 Deum.
456 2027 601 2082 Haec
632 2026 927 2097 evangelica
963 2025 1216 2080 sententia
1255 2023 1647 2095 proloquiorum
1673 2037 1818 2076 more

229 2119 471 2174 recurrit.
519 2116 674 2172 Sicut
704 2118 851 2173 enim
881 2116 1148 2172 dicimus:
1182 2115 1417 2172 Verbum
1445 2129 1574 2168 caro
1616 2112 1818 2168 factum

232 2217 341 2275 est,
376 2209 449 2263 ita
475 2222 760 2278 possumus
791 2209 972 2263 dicere
1001 2226 1016 2262 :
1044 2217 1100 2263 et
1119 2223 1250 2263 caro
1278 2207 1510 2262 Verbum
1541 2204 1686 2261 facta
1711 2215 1815 2260 est.

232 2299 301 2355 Et
329 2298 593 2354 habitavit
621 2299 674 2353 in
703 2298 882 2364 nobis,
913 2299 1018 2353 hoc
1041 2307 1150 2363 est,
1175 2306 1558 2353 conversatum
1585 2303 1692 2350 cet.
1725 2295 1818 2367 (Et

239 2389 464 2444 Verbum
491 2406 614 2444 caro
639 2389 837 2460 factum
871 2399 982 2455 est,
1012 2390 1140 2444 haec
1179 2419 1250 2429 -—
1270 2389 1488 2442 recurrit
1511 2386 1547 2441 l.
1605 2387 1688 2442 10.
1729 2387 1815 2442 11.

233 2482 300 2537 12
329 2482 524 2538 desunt
572 2482 628 2538 in
679 2480 910 2538 codicel.
955 2480 994 2536 1.
1039 2481 1112 2536 40
1159 2481 1254 2537 sed
1305 2479 1671 2535 subsistentiae
1726 2479 1820 2534 de-

228 2572 421 2628 clarat.

297 2666 412 2722 Col.
443 2667 541 2720 501
578 2666 616 2721 l.
647 2667 714 2723 19
740 2667 835 2722 sed
863 2666 931 2722 de
960 2675 1068 2720 tota
1101 2664 1386 2720 Trinitate.
1429 2663 1465 2718 1.
1511 2663 1583 2718 26
1625 2663 1818 2718 incun-

225 2767 440 2813 ctanter
459 2759 665 2813 asserit.
695 2757 733 2813 1.
763 2757 828 2813 41
860 2748 1070 2813 dicatur
1093 2759 1157 2813 de
1181 2758 1328 2814 deest
1357 2758 1410 2812 in
1433 2757 1640 2813 codice.
1678 2755 1712 2811 1.
1743 2755 1815 2812 45

223 2851 316 2920 qui
348 2864 585 2919 semper.

297 2941 414 2998 Col.
446 2943 552 2997 502
580 2942 618 2996 l.
652 2943 721 2998 15
749 2942 853 2998 hoc
882 2949 965 2998 est
989 2943 1046 2997 in
1073 2943 1269 2998 divinis
1296 2940 1740 3012 apparitionibus.
1772 2938 1810 2994 l.

224 3033 294 3087 18
322 3033 453 3089 item
485 3035 700 3088 virtutes
731 3034 1257 3104 ourgatissimarum.
1283 3033 1398 3087 1.51
1425 3033 1480 3088 in
1517 3033 1654 3088 sini.
1688 3031 1813 3101 1.;54

222 3121 255 3176 Ι
259 3122 326 3177 lle
358 3123 652 3178 enarravit.

294 3213 412 3268 Col.
449 3212 615 3267 5051.
649 3214 676 3268 1
705 3214 948 3270 doctrina
975 3223 1032 3270 et
1069 3215 1512 3286 manifestationé.
1557 3214 1596 3268 1.
1639 3213 1706 3268 15
1739 3214 1808 3268 ab

1920 2017 2272 2086 corruptibile
2300 2029 2591 2088 ceteraque,
2621 2033 2780 2088 quae.

1989 2107 2106 2165 Col.
2144 2109 2248 2162 517
2287 2108 2323 2162 1.
2363 2111 2434 2165 55
2469 2110 2561 2181 qui
2595 2125 2701 2166 non
2744 2119 2830 2167 est
2877 2121 3038 2170 natus
3085 2113 3262 2172 adhuc
3314 2116 3502 2186 spiritu

1905 2200 2009 2272 '(de
2042 2201 2194 2256 deest
2231 2204 2283 2256 in
2310 2203 2481 2272 cod.).

1989 2293 2102 2348 Col.
2141 2293 2246 2348 520
2284 2295 2322 2347 Ι.
2365 2294 2398 2349 5
2439 2297 2682 2350 umbram
2713 2311 2867 2350 suam
2894 2298 3064 2368 ipsum
3091 2313 3288 2368 corpus
3315 2301 3500 2369 aperit.

1918 2383 1954 2439 l.
1989 2385 2055 2441 19
2084 2386 2344 2456 ﬁguratur
2370 2404 2431 2442 ea
2462 2386 2653 2442 forma.
2684 2388 2720 2442 l.
2745 2387 2814 2442 40
2840 2389 3138 2458 consepulti
3166 2405 3353 2446 sumus
3379 2407 3502 2446 cum

1917 2477 2134 2533 Christo
2161 2495 2253 2548 per
2279 2479 2593 2548 baptismum
2617 2481 2672 2534 in
2698 2491 2915 2536 mortem
2938 2484 3062 2554 (nisi
3085 2485 3236 2538 deest
3258 2484 3310 2537 in
3332 2484 3500 2554 cod.).

1916 2566 1954 2623 1.
1993 2568 2063 2622 47
2093 2586 2255 2624 causa
2288 2581 2363 2624 est
2403 2572 2670 2626 humanae
2695 2572 2885 2627 salutis

1987 2662 2104 2718 Col.
2143 2665 2241 2719 521
2282 2664 2318 2718 1.
2357 2665 2427 2719 50
2461 2665 2717 2733 Quamvis
2747 2667 2892 2720 enim
2914 2665 3180 2734 judicium
3205 2670 3340 2735 eius,
3372 2684 3500 2738 quo.

1916 2753 1956 2812 1.
1981 2755 2053 2813 48
2081 2756 2170 2826 qui
2203 2766 2381 2811 autem
2413 2771 2586 2826 neque
2622 2773 2741 2810 eum
2770 2759 2942 2811 credit
2971 2757 3049 2828 (in
3078 2759 3230 2813 deest
3254 2759 3307 2813 in
3329 2760 3500 2828 cod.).

1983 2848 2098 2906 Col.
2141 2850 2247 2903 525
2281 2849 2317 2903 1.
2354 2850 2410 2903 .6
2436 2847 2558 2904 Non
2586 2851 2730 2904 enim
2764 2850 2960 2905 missus
2985 2852 3173 2904 eratin
3199 2867 3499 2906 carcerem.

1914 2941 1953 2997 1.
1980 2943 2050 2997 51
2085 2942 2148 2996 ab
2176 2939 2422 2999 Joanne?
2462 2942 2732 3012 Suﬁicerat
2773 2943 2930 3014 (sic!)
2963 2944 3128 2996 enim.

1985 3032 2100 3087 Col.
2141 3033 2246 3086 521
2286 3033 2322 3086 1.
2366 3032 2396 3085 7
2436 3034 2499 3086 ab
2527 3032 2756 3087 Joanne.
2785 3033 2823 3086 1.
2863 3034 2916 3086 11
2952 3032 3176 3087 Joannis
3202 3033 3502 3101 baptismati

1912 3123 2174 3180 ell‘ecissc.
2214 3125 2249 3179 l.
2301 3125 2364 3179 51
2426 3126 2520 3180 sed
2570 3139 2637 3180 ne
2686 3124 2783 3179 hoc
2822 3137 3075 3182 errarent
3127 3126 3203 3195 (in
3250 3127 3400 3179 deest
3449 3125 3502 3177 in

1913 3217 2078 3284 cod.).

221 3304 572 3377 Jerosolymis
600 3315 646 3360 et
673 3316 863 3360 cetera.
892 3306 960 3361 Et
978 3317 1064 3362 est
1091 3307 1243 3362 ordo.
1264 3306 1302 3360 l.
1326 3305 1396 3360 29
1427 3305 1606 3360 Helias
1624 3319 1684 3358 es
1712 3304 1804 3357 tu?
1836 3295 1882 3354 Β
1980 3309 2096 3363 Col.
2136 3308 2242 3362 525
2282 3308 2317 3362 1.
2357 3307 2424 3363 47
2465 3308 2660 3362 Datum
2711 3307 2764 3362 in
2811 3308 2915 3363 hoc
2959 3306 3078 3362 loco
3103 3323 3202 3378 pro
3247 3323 3501 3362 aonatum

224 3395 366 3450 Dicit
393 3409 411 3450 :
439 3395 555 3452 Non
592 3411 709 3451 sum
739 3394 831 3468 (Et
864 3412 975 3452 om.
1004 3397 1175 3468 cod.).
1216 3395 1252 3450 1.
1283 3396 1345 3449 51
1385 3396 1583 3450 virtute
1624 3393 1810 3477 Heliae

224 3500 374 3542 γειιι.

295 3577 413 3634 Col.
439 3579 543 3634 504
571 3578 606 3632 1.
629 3580 665 3634 2
691 3579 984 3635 humanam
1001 3579 1394 3634 subsistentiam
1420 3576 1806 3632 consideravit.

292 3672 408 3728 Col.
435 3671 671 3727 5031.57
689 3673 860 3742 thui
886 3673 1040 3728 missi
1067 3673 1301 3742 fuerant.
1323 3679 1500 3725 erant.
1528 3669 1565 3722 1.
1594 3668 1662 3723 59
1689 3669 1810 3723 Ideo

226 3763 529 3834 specialiter
571 3763 847 3820 Pharisaei
894 3763 1041 3819 missi
1076 3773 1197 3818 sunt
1237 3761 1360 3834 quia
1397 3758 1676 3814 Pharisaei
1707 3776 1806 3815 au-

227 3856 435 3911 dientes
463 3857 939 3927 praedicationem.

294 3945 408 4001 Col.
437 3946 541 4001 506
570 3946 608 4000 1.
633 3947 702 4000 24
727 3946 974 4017 justitiae
1010 3948 1136 4003 solet
1168 3947 1307 4003 ﬁeri.

295 4038 410 4093 Col.
441 4038 544 4093 5οἸ
575 4039 611 4093 1.
645 4040 712 4095 15
737 4049 821 4096 est
847 4041 1025 4096 divina
1052 4041 1353 4112 Scriptura.
1376 4040 1415 4096 1.
1446 4040 1517 4098 28
1554 4040 1806 4113 perplexa

227 4131 510 4187 admodum
541 4133 888 4204 investigatio,
921 4135 1095 4206 cujus.

295 4221 410 4278 Col.
448 4222 552 4278 509
592 4223 626 4276 I.
667 4224 733 4278 12
769 4233 822 4279 et
847 4226 1084 4280 discerne
1115 4226 1278 4283 inter.
1304 4227 1341 4282 1.
1371 4225 1438 4282 16
1473 4227 1765 4282 violentiae.

293 4313 409 4369 Col.
450 4315 554 4371 510
593 4316 628 4370 1.
667 4315 736 4372 52
774 4324 856 4373 081.
880 4319 1039 4372 totius
1076 4319 1346 4374 humanae
1378 4329 1627 4374 naturae.

295 4406 410 4464 Col.
453 4409 549 4462 511
595 4408 632 4462 1.
677 4409 740 4463 14
780 4409 920 4465 Εο00
962 4425 1132 4482 agnus
1181 4410 1296 4476 Dei,
1348 4428 1464 4466 ecce
1502 4412 1594 4482 qui
1646 4411 1802 4467 tollit.

221 4495 260 4552 1.
302 4496 374 4552 25
428 4498 698 4572 cruciﬁgit
740 4500 942 4555 sibimet
997 4500 1265 4556 Christum
1307 4507 1500 4575 (ipsum
1548 4504 1700 4560 deest
1749 4505 1803 4559 in

224 4587 391 4660 cod.).

1911 3395 2149 3452 Joannes
2178 3399 2375 3467 posuit.

1981 3487 2096 3542 Col.
2137 3487 2241 3558 526
2280 3487 2316 3543 1.
2357 3486 2426 3541 55
2459 3488 2550 3557 qui
2581 3503 2724 3544 nunc
2752 3488 2975 3558 baptizet
3008 3488 3060 3542 in
3096 3486 3320 3543 Iudaea.

1980 3577 2096 3634 Col.
2138 3578 2243 3633 527
2283 3579 2314 3630 1.
2355 3579 2418 3633 21
2471 3579 2702 3632 Putastis
2734 3579 2994 3649 majorem
3025 3593 3172 3634 esse.

1980 3669 2095 3725 Col.
2136 3670 2240 3726 528
2278 3670 2314 3723 1.
2354 3672 2412 3724 11
2459 3672 2560 3738 Qui
2593 3671 2744 3727 caelo
2773 3674 2940 3736 venit,
2971 3687 3138 3740 super
3173 3687 3364 3725 omnes
3391 3679 3496 3725 est.

1909 3758 2147 3813 Eandem
2201 3761 2508 3813 sententiam
2568 3762 2783 3830 repetit,
2831 3778 2985 3830 quam
3044 3759 3203 3830 paulo
3262 3762 3500 3828 superius

1907 3846 2062 3909 dixit,
2077 3847 2165 3916 qui
2178 3846 2450 3899 desursum
2469 3848 2619 3908 venit,
2639 3863 2796 3916 super
2808 3863 2888 3900 om
2897 3863 2984 3901 nes
2997 3858 3071 3902 est
3089 3864 3107 3911 ,'
3131 3863 3268 3900 nunc
3290 3849 3496 3912 iterum,

1909 3939 1997 4010 qui
2019 3942 2082 3993 de
2103 3938 2247 3992 caelo
2270 3938 2422 4004 venit,
2439 3955 2594 4010 super
2618 3955 2795 3993 omnes
2823 3949 2917 3993 est.
2939 3939 3138 3992 Eadem
3167 3940 3327 3994 verba
3350 3950 3496 4006 sunt,

1909 4041 2125 4102 praeter
2150 4033 2290 4101 quod
2315 4041 2422 4087 cet.
2464 4031 2498 4085 Ι.
2537 4031 2597 4086 51
2636 4040 2690 4087 et
2728 4030 2998 4102 aequalem
3026 4031 3193 4101 ipsius
3223 4048 3344 4086 0880

1978 4123 2091 4178 Col.
2129 4124 2233 4178 529
2273 4125 2306 4177 l.
2354 4125 2418 4180 18
2454 4125 2546 4194 qui
2595 4126 2793 4195 accipit
2832 4124 2948 4192 ejus
2995 4126 3385 4189 testimonium,
3419 4124 3494 4178 si-

1907 4216 2109 4288 gnavit,
2139 4217 2263 4287 quia
2311 4216 2451 4272 Deus
2476 4233 2640 4271 verax
2681 4225 2784 4273 est.
2833 4216 2896 4270 Et
2939 4217 3064 4286 quid
3115 4226 3190 4272 est
3235 4217 3500 4287 signavit?

1907 4305 2020 4362 1100
2047 4319 2129 4360 est
2163 4308 2213 4360 in
2245 4308 2407 4362 corde
2445 4323 2544 4362 suo
2572 4315 2684 4362 cet.

1976 4399 2095 4455 Col.
2135 4398 2240 4454 550
2276 4399 2312 4452 1.
2351 4401 2385 4454 5
2422 4416 2487 4454 ea:
2513 4414 2788 4455 mensura.
2829 4397 2867 4452 l.
2908 4398 2978 4453 56
3003 4407 3058 4454 et
3090 4413 3310 4453 omnino
3353 4399 3494 4454 veri-

1909 4497 2035 4549 tatis
2062 4495 2408 4563 ignorantiae.

1975 4588 2091 4644 Col.
2132 4589 2230 4642 551
2275 4587 2310 4642 l.
2348 4587 2420 4642 28
2458 4587 2544 4642 lex
2584 4587 2728 4641 enim
2765 4585 3033 4641 neminem
3081 4584 3146 4638 ad
3197 4585 3496 4655 perrectum

295 4654 411 4736 Col.
453 4678 558 4734 512
595 4679 632 4734 1.
676 4679 742 4734 15
791 4689 954 4750 atque
1005 4683 1363 4754 intelligentia
1435 4685 1798 4754 provehantur.
1831 4654 1877 4715 C
1911 4682 2097 4749 duxit;
2126 4693 2174 4736 et
2203 4681 2328 4735 abiit
2363 4681 2551 4734 iterum
2592 4680 2647 4734 in
2690 4678 3008 4735 Galilaeam.
3051 4677 3087 4732 1.
3125 4654 3211 4733 52
3239 4678 3498 4732 Post/tae:

227 4769 264 4826 1.
295 4771 364 4826 55
394 4784 612 4826 carnem
648 4785 788 4837 esse,
821 4771 1069 4841 quoniam
1089 4771 1222 4842 jatn.
1271 4773 1308 4828 1.
1338 4774 1398 4827 41
1458 4775 1511 4828 in
1554 4776 1811 4846 mysteria

191 4931 198 4940 ι
229 4864 301 4918 int
311 4865 689 4918 roductionem.

299 4955 414 5013 Col.
454 4956 558 5012 515
595 4957 630 5012 1.
674 4957 740 5013 18
779 4957 979 5018 aratiae
1006 4956 1367 5027 baptismatis.
1391 4956 1429 5012 1.
1457 4956 1526 5014 48
1553 4956 1712 5014 Aliud
1733 4967 1810 5014 est

231 5049 388 5103 enim.

299 5141 413 5197 Col.
450 5141 554 5195 514
589 5142 624 5198 1.
663 5142 737 5197 22
773 5140 872 5197 Hic
907 5141 1052 5197 venit
1088 5141 1156 5196 ad
1196 5158 1314 5196 eum
1342 5150 1520 5197 nocte.
1560 5141 1596 5197 l.
1636 5142 1709 5197 25
1751 5143 1806 5198 in

233 5233 398 5305 ﬁgura
426 5236 807 5288 catecuminum
831 5235 1067 5305 ponitur.
1094 5234 1129 5290 1.
1153 5234 1224 5288 42
1256 5236 1451 5305 quibus
1483 5234 1810 5292 Nicodemus

232 5340 379 5381 orsus
403 5333 486 5380 est
509 5325 782 5380 Christum
805 5324 1023 5394 alloqui.

300 5418 414 5474 Col.
449 5419 554 5474 515
588 5419 624 5473 1.
666 5419 734 5475 15
767 5422 919 5475 aveo.
948 5434 1053 5474 non
1078 5419 1293 5490 legitur.

299 5509 413 5565 Col.
454 5511 558 5564 516
593 5511 626 5564 1.
666 5511 737 5565 25
771 5526 876 5566 non
905 5520 1083 5582 potest
1117 5511 1338 5566 introire
1360 5527 1413 5566 tn
1441 5527 1661 5582 regnum
1689 5512 1808 5566 Dei.

236 5599 392 5656 Prius
422 5603 577 5669 dixit,
602 5619 704 5657 non
725 5615 885 5674 potest
911 5605 1080 5659 ridere
1104 5621 1316 5675 regnum
1344 5604 1459 5670 Dei;
1485 5621 1620 5658 nunc
1637 5615 1811 5658 autem

236 5697 382 5767 quasi
422 5706 622 5751 mutato
652 5697 800 5754 verbo
832 5713 848 5750 :
888 5713 988 5750 non
1027 5706 1189 5767 potest
1241 5697 1457 5753 introire
1496 5697 1548 5750 in
1599 5713 1810 5768 regnum

1933 4775 2081 4829 tenit.

1933 4792 1942 4808 ν
1983 4792 2012 4828 n
2041 4791 2081 4829 ι.

1912 4791 2100 4922 ω(3101.
2142 4866 2246 4920 555
2283 4867 2317 4919 Ι.
2357 4865 2427 4920 22
2461 4865 2659 4920 dehinc
2688 4882 2849 4936 usque
2877 4865 2944 4920 ad
2968 4865 3158 4920 altare.
3191 4864 3226 4918 1.
3262 4865 3324 4919 51
3361 4865 3473 4918 inci

1911 4957 1992 5028 pit
2016 4974 2048 5011 a
2084 4956 2344 5029 martyrio
2371 4955 2528 5011 Abel.
2558 4956 2595 5010 1.
2621 4956 2688 5010 45
2719 4957 2974 5028 appetitu.
3009 4954 3048 5010 1.
3077 4955 3140 5009 51
3173 4955 3412 5009 abierunt
3452 4958 3501 5009 ὶι

1949 5061 1956 5063 “
2005 5061 2013 5063 “
2152 5067 2208 5103 tt.

1913 5061 2218 5198 ωνὲῒῧῗέω
2235 5140 2268 5193 l.
2285 5140 2356 5195 26
2371 5140 2582 5196 adorari
2604 5141 2770 5196 Deum
2790 5140 3069 5211 putabant.
3089 5137 3125 5192 l.
3147 5138 3209 5192 51
3230 5137 3404 5194 Christ
3418 5155 3501 5191 un;

1912 5234 1950 5289 1.
1985 5235 2055 5290 55
2093 5235 2159 5290 de
2196 5235 2430 5288 humana
2466 5235 2834 5288 substitutione
2858 5232 3181 5305 |sensibi|ive
3219 5241 3499 5288 creatura.

1985 5327 2098 5383 Col.
2139 5327 2242 5383 555
2278 5326 2314 5380 1.
2353 5327 2426 5382 24
2458 5345 2562 5398 qua
2589 5343 2690 5398 ego
2720 5326 2876 5382 dabo.
2927 5325 2966 5380 1.
2998 5325 3068 5380 29
3111 5343 3216 5382 oua
3245 5326 3386 5382 dabo
3427 5325 3502 5388 ei,

1914 5421 2008 5491 ﬁat
2043 5422 2094 5475 in
2125 5437 2212 5476 eo.

1986 5512 2102 5568 (Ζ-;1.
2141 5513 2246 5568 556
2284 5512 2322 5566 1.
2366 5514 2431 5568 16
2471 5512 2815 5568 habitudines
2843 5513 3207 5580 praetendunt.
3238 5511 3274 5567 1.
3303 5511 3372 5567 26
3403 5527 3496 5567 su-

1916 5605 2115 5677 periori
2145 5623 2199 5659 se
2236 5605 2394 5675 parti.
2439 5603 2474 5658 l.
2512 5605 2584 5658 29
2630 5606 3124 5674 quinquepertitum.
3175 5603 3211 5658 1.
3261 5604 3330 5660 44
3373 5605 3495 5676 quia

1918 5711 2046 5753 vere
2077 5697 2281 5754 dixisti.
2318 5696 2355 5751 l.
2383 5695 2442 5753 51
2485 5712 2677 5754 sensus
2709 5709 2993 5754 auctorum
3016 5707 3274 5754 variatur.
