3954 5708
174 339 314 396 1257

1450 331 1722 389 ΝΟΤΙΤΙΑ
1763 331 2145 389 HISTORICA.

3286 336 3424 401 125⁵8

168 450 380 522 stolica,
431 458 554 522 quae
593 446 687 504 tibi
720 455 826 522 tua
885 449 1141 522 restituit,
1170 465 1268 521 per
1297 458 1346 506 te
1395 467 1489 506 sua
1517 452 1745 522 perdere
1775 453 1820 512 Α
1849 452 1990 506 libus
2015 451 2191 521 regias
2213 462 2427 522 quoque
2455 448 2666 504 litteras
2685 447 2900 516 obtulit,
2927 463 3193 522 summum
3221 463 3426 522 prmsuf

167 520 436 594 videatur,
467 519 595 587 quin
625 520 820 594 potius.
848 522 911 582 si,
932 521 1075 594 quod
1098 519 1203 576 non
1228 519 1744 594 credimusl'justam

166 597 220 641 te
249 589 451 642 habere
499 589 890 655 querimoniam
945 589 1200 653 :eStimas,
1253 601 1452 646 sancta:
1493 589 1750 646 Rumame

165 657 421 733 Ecclesiae
451 658 766 713 restitutrici
817 668 920 716 tua:
966 661 1276 715 solemniter
1306 676 1598 733 suggerere
1643 677 1748 716 non

61 753 68 757 ι
161 727 403 782 omittas.

238 799 389 870 Tunc
421 799 728 870 patriarcha
755 799 1014 870 Ignatius,
1061 792 1411 870 apostolicam
1461 801 1746 870 epistolam

161 867 488 989 suscipiens,
542 869 670 924 licet
719 867 1044 938 magnopere
1090 867 1398 925 admonitus
1423 867 1542 926 eam
1572 871 1748 941 legere

161 939 306 989 «listu
335 939 486 989 isset.
533 940 810 989 resoomlit
844 959 856 989 ε
888 941 1042 989 Absit
1071 956 1100 989 a
1132 955 1238 989 me-
1269 949 1328 989 ut
1357 955 1456 989 ego
1501 941 1585 989 his
1612 957 1747 989 mm-

161 939 486 1010 distulisset,
533 940 810 1008 respondit
844 959 856 993 :
888 941 1042 994 Absit
1071 956 1100 994 a
1132 955 1240 1002 me,
1269 949 1328 994 ut
1357 955 1456 1009 ego
1501 941 1585 994 his
1612 939 1747 1010 prm-

158 1009 559 1080 sumptionibus
587 1018 772 1064 contra
801 1010 1046 1080 decorem
1078 1020 1280 1064 sancta:
1304 1011 1450 1066 sedis
1495 1009 1748 1080 apostoli-

156 1094 236 1160 cae
266 1079 526 1160 implicet,
583 1081 672 1148 qui
725 1095 829 1160 nec
868 1081 942 1134 ita
979 1079 1562 1160 juveniliter-ago,ut
1609 1081 1743 1160 mihi

156 1148 364 1220 subripi
407 1151 604 1215 valeat,
651 1165 751 1204 nec
799 1151 869 1204 ita
929 1151 1168 1206 seniliter
1213 1148 1405 1214 deliro',
1437 1159 1494 1204 ut
1524 1153 1664 1220 quod
1692 1152 1742 1206 in

153 1218 277 1291 aliis
307 1221 705 1291 reprehendere
734 1221 904 1274 debeo
934 1220 1046 1291 ipse
1088 1220 1442 1275 committam.
1494 1218 1608 1276 lloc
1639 1221 1743 1276 fine

153 1289 448 1349 collocutio
480 1291 565 1342 illa
590 1289 738 1344 finita
772 1298 872 1344 est.

225 1358 332 1413 Sed
369 1359 661 1430 imperialis
685 1360 996 1426 commotio,
1027 1359 1151 1416 licet
1176 1375 1327 1428 spem
1363 1359 1539 1416 fronte
1567 1360 1741 1415 famu—

153 1429 308 1492 laret,
341 1429 691 1502 augmentum
741 1432 996 1502 suscepit.
1035 1431 1267 1502 Legatos
1312 1441 1491 1502 tamen
1537 1441 1740 1487 sanctze

153 1502 412 1572 Romana:
434 1500 685 1572 Ecclesiae
705 1500 770 1554 ad
794 1502 1076 1572 prandium
1099 1500 1404 1572 convocans
1426 1501 1578 1572 donis
1599 1503 1738 1572 opti-

149 1570 252 1624 mis
277 1571 578 1641 decoravit.
609 1584 808 1641 cosque
851 1571 1155 1627 Theodosio
1204 1570 1496 1641 spathario,
1535 1570 1648 1626 non
1674 1587 1736 1628 ea

147 1656 250 1709 qua
275 1639 618 1722 congruebat
643 1639 1020 1722 sollicitudine,
1050 1639 1348 1722 deducendi
1390 1643 1737 1722 gratiaucom-

146 1711 446 1783 mandavit,
475 1710 933 1783 Acodyrcbarium
965 1727 1135 1783 usque
1180 1710 1444 1783 perducti,
1499 1713 1734 1781 neligen-

145 1790 339 1853 terque
366 1781 484 1835 sine
510 1781 948 1853 ullaAprovisione
975 1781 1202 1836 dimissi.
1226 1783 1356 1837 Post
1390 1782 1504 1838 dies
1527 1783 1734 1853 aliquot

145 1852 485 1922 navigantes,
519 1852 570 1905 in
605 1849 918 1907 Sbhvorum
967 1853 1178 1908 deducti
1230 1867 1440 1917 manus,
1469 1849 1730 1922 proh-do-

143 1920 255 1993 lor!
288 1920 645 1993 inciderunt,
696 1922 960 1993 bonisque
1006 1924 1277 1993 omnibus,
1303 1938 1367 1977 ac
1397 1920 1728 1989 authentico,

141 1992 192 2044 in
221 2006 331 2060 quo
387 1992 814 2062 subscriptiones
858 1992 1097 2047 Omnium
1151 1992 1383 2055 fuerant,
1438 1994 1729 2062 exemplari

139 2061 405 2133 denudati
453 2061 609 2127 sunt,
627 2064 835 2133 ipsique
863 2063 1040 2132 capite
1067 2063 1210 2133 plexi
1254 2063 1502 2123 fuissent.
1529 2061 1632 2119 nisi
1663 2065 1732 2122 ab

138 2131 246 2197 bis,
275 2133 376 2201 qui
405 2148 469 2186 ex
498 2133 605 2204 illis
628 2131 968 2204 aufu’gerant,
1004 2131 1103 2187 sihi
1135 2134 1457 2188 ιίηιιιίεςοηι.
1487 2133 1729 2204 Tandem

139 2204 463 2270 apostolicis
495 2203 968 2273 imperialibusque
1022 2204 1220 2273 litteris
1268 2204 1336 2257 ab
1382 2204 1571 2258 exsilio
1595 2203 1729 2260 libe-

138 2274 271 2339 rati,
321 2282 387 2328 ct
438 2271 723 2328 undecimo
781 2273 1142 2327 Kalendarum
1195 2271 1574 2327 Ianuariarum
1620 2275 1727 2340 die,

140 2343 442 2398 indictione
472 2353 688 2412 quarta,
724 2344 949 2414 Romam
981 2345 1206 2414 reversi,
1227 2344 1405 2398 omnia
1426 2360 1554 2414 qua:
1579 2359 1734 2414 supe-

143 2414 260 2468 rius
283 2414 524 2468 diximus
553 2429 738 2467 coram
773 2412 1115 2467 sanctissimo
1145 2429 1354 2466 summo
1381 2412 1634 2482 pontifice
1647 2412 1728 2470 ac

143 2485 463 2551 proceribus
493 2483 810 2545 retulerunt,
846 2481 1082 2550 nihilque
1127 2483 1271 2536 aliud
1312 2481 1725 2552 scripturarum,

143 2569 304 2633 qnam
336 2553 533 2608 librum
558 2554 787 2633 actionis
812 2553 1023 2633 l_gnatii,
1047 2562 1102 2633 et
1121 2553 1330 2633 libellos
1356 2568 1544 2633 quosha
1576 2553 1731 2633 Scia-.-

142 2625 225 2677 vis
276 2633 618 2693 receperant,
663 2632 719 2677 et
763 2622 996 2694 reliquos
1050 2622 1258 2694 libellos
1299 2639 1434 2694 quos
1489 2623 1724 2693 Supponi

142 2695 573 2757 archiministro,
605 2702 659 2748 et
687 2693 975 2748 Anastasio
1002 2693 1423 2762 prudentissimo
1446 2694 1730 2750 bibliothe-

140 2765 295 2818 cario
313 2765 683 2836 sanctgesedis
703 2763 1007 2836 apostolicae
1022 2763 1198 2836 (cujus
1218 2764 1570 2836 praescientize
1596 2765 1724 2836 [for-

141 2833 535 2904 te,pr:csentis]
569 2833 927 2889 sollicitudine
965 2833 1243 2903 exemplar
1272 2833 1723 2905 amissmisyu'odi,

136 2906 284 2972 quod
309 2904 412 2959 sibi
431 2906 773 2960 scribendum
797 2905 1197 2972 impetraverat,
1217 2905 1454 2959 Ecclesia
1482 2904 1724 2961 Remana

135 2975 400 3043 suscepit)
431 2975 629 3029 dudum
676 2974 1144 3044 Constantinopoli
1189 2974 1723 3044 commendaverant,

130 3046 427 3100 ostendere
454 3053 760 3112 potuerunt.
1263 3101 1266 3104 .

210 3114 504 3183 Superiore
532 3123 771 3183 tempore
790 3114 1084 3169 Formosus
1108 3115 1424 3172 Portuensis
1445 3125 1500 3172 et
1525 3115 1722 3172 Paulus

1851 522 1956 575 lem
2004 518 2356 590 summopere
2396 521 2762 590 deprecantes,
2803 526 2862 574 ut
2907 529 3001 574 aut
3028 518 3292 574 Marinum
3322 518 3422 572 sibi

1850 591 1990 646 bene
2016 599 2349 662 compertum
2398 590 2682 662 diaconum
2724 590 3182 662 archiepiscopum
3233 602 3428 662 consc-
3474 593 3477 598 '

1850 668 2060 715 oratum
2089 658 2404 726 remitteret,
2433 668 2525 714 aut
2553 660 2782 728 aliquem
2809 675 2875 714 ex
2899 658 3264 716 cardinalibus
3289 658 3426 712 dun-

1851 739 2002 784 taxat
2019 745 2130 786 sua:
2151 731 2391 786 ecclesia:
2419 730 2594 784 virum
2629 730 2910 800 sapientia,
2931 745 3182 800 persona,
3205 729 3424 800 vitaque.

1849 801 2309 872 archiepiscopatu
2369 798 2765 872 dignissimum
2803 798 3046 870 Bulgaris
3115 798 3423 872 eligendum

1849 871 2126 940 dirigeret,
2148 868 2308 941 quem
2328 868 2450 941 post
2491 868 2944 941 approbationem
2961 868 3294 941 earumdem,
3327 870 3423 922 de-

1848 938 2308 996 nuo—remeantem
2331 938 2782 1010 archiepiscopali
2815 940 3119 1010 ministerio
3145 938 3422 1010 sublimn-

1849 1018 1950 1091 ret.
1981 1010 2099 1091 Sed
2134 1008 3038 1091 Maritio__Constantinopolitanum
3087 1008 3420 1091 missaticum

1845 1079 2211 1147 devotissime,
2241 1090 2300 1135 ut
2328 1081 2581 1143 diximus,
2627 1077 2840 1145 sortito,
2901 1094 3142 1134 summus
3181 1077 3421 1148 pontifex

1847 1149 2166 1205 Silvestrum
2221 1150 2508 1219 quemdam
2559 1149 2809 1219 Bulgaris
2856 1147 3418 1220 eligendumjdirexit,

1845 1235 2005 1290 quem
2030 1236 2148 1276 cum
2181 1217 2462 1290 Leopardo
2493 1217 2851 1290 Anconitano,
2879 1217 2953 1274 et'
2978 1217 3257 1290 Donriuico
3287 1217 3422 1271 Tar-

1843 1288 2064 1360 visiensi
2094 1288 2376 1360 episcopis,
2398 1290 2630 1360 simulet
2660 1289 2868 1344 litteras
2888 1305 2985 1360 pro
3014 1288 3421 1360 archiepiscopo

1843 1369 1936 1412 aut
1961 1356 2221 1416 Formoso
2249 1356 2530 1416 Portuen'si
2568 1360 2818 1430 episcopo
2865 1356 3190 1430 remittendo
3219 1358 3416 1426 impor-

1843 1430 2134 1507 tunissime
2160 1432 2509 1507 deprecantes
2534 1428 2938 1507 remittentibus
2958 1428 3203 1507 Bulgaris
3223 1438 3416 1507 magna

1841 1501 1943 1554 sub
1969 1497 2254 1556 velocitate
2278 1500 2500 1571 recepit.
2526 1499 2732 1567 Quibus
2771 1501 2916 1556 inter
2941 1497 3193 1571 nonnulla
3220 1497 3420 1571 rescri-

1839 1571 1967 1640 psit,
1996 1579 2054 1624 ut
2074 1567 2451 1641 quemcunque
2475 1571 2791 1626 nominatim
2824 1570 3043 1641 devotio
3090 1567 3285 1641 regalis
3300 1582 3421 1641 _ex_-

1839 1635 2122 1711 primeret,
2151 1657 2273 1697 eum
2322 1635 2440 1696 sine
2495 1641 2657 1696 dubio
2688 1639 3010 1711 pontificalis
3039 1635 3275 1711 provisio
3300 1635 3420 1691 Bul-

1838 1708 1985 1778 garis
2009 1711 2474 1782 archiepiscopum
2499 1708 2981 1782 commodaret._At
2996 1723 3148 1782 vero
3163 1708 3419 1780 Bulgaro—

1839 1796 1957 1850 rum
1987 1797 2082 1836 rex
2126 1778 2590 1850 exspectationum
2639 1795 2821 1836 moras
2874 1780 3080 1836 diutius
3125 1778 3292 1850 ferre:
3309 1793 3416 1833 non

1835 1849 2040 1915 valens,
2070 1851 2137 1905 ad
2163 1849 2474 1907 Graecorum
2525 1851 2926 1921 imperatorem,
2956 1859 3209 1905 natorum
3235 1849 3415 1904 Theo-

1837 1921 1981 1975 ἀοι-ω
2005 1923 2292 1977 occasione
2312 1921 2516 1976 alterna
2547 1937 2711 1992 regna
2744 1921 2848 1992 sibi
2881 1921 3194 1992 alternatim
3225 1935 3418 1989 rapere

1833 1991 2282 2054 machinantium,
2311 1992 2600 2055 adductus,
2622 1991 2881 2047 eumdem
2911 1991 3154 2056 Petrum,
3185 2005 3346 2060 quem
3384 2007 3413 2044 a

1832 2061 2004 2116 Roma
2030 2064 2149 2117 sine
2170 2062 2421 2118 desiderii
2451 2063 2532 2116 sui
2557 2061 2749 2117 effectu
2797 2076 2919 2116 sero
2962 2069 3262 2130 receperat,
3291 2076 3414 2115 cum

1834 2131 1956 2186 aliis
1995 2148 2024 2187 e
2081 2133 2251 2188 latere
2296 2147 2394 2188 suo
2448 2131 2994 2202 Constantinopolim,
3047 2131 3418 2202 requisitionis

1833 2203 2005 2271 gratia
2026 2204 2108 2257 cui
2166 2202 2504 2272 potissimum
2552 2201 2821 2272 Bulgaria
2850 2201 3121 2272 pertinere
3171 2201 3410 2266 deberet,

1833 2272 2033 2338 emisit,
2077 2273 2258 2341 ibique
2288 2289 2317 2326 a
2347 2273 2536 2342 legatis
2581 2273 2802 2337 nostris,
2829 2273 2972 2342 quod
3019 2272 3128 2341 juri
3172 2272 3417 2342 Romano

1832 2343 2188 2413 pertinerent,
2213 2349 2340 2397 sunt
2363 2341 2624 2413 convicti;
2659 2353 2713 2396 at
2739 2341 3080 2413 postmodum
3109 2357 3205 2413 per
3225 2341 3415 2413 Orien-

1833 2411 1966 2483 tales
1988 2412 2719 2483 Constantinopolitanosque
2742 2411 2912 2468 donis
2948 2428 3012 2467 ac
3035 2411 3414 2483 promissioni-

1831 2482 2227 2554 bus_persuaﬁsi
2275 2480 2492 2538 Grmcos
2546 2480 2873 2548 sacerdotes,
2912 2480 3062 2554 juxta
3119 2481 3261 2554 quod
3297 2480 3417 2537 Gri-

1833 2551 2076 2624 moaldns
2105 2553 2410 2622 episcopus,
2443 2554 2533 2624 qui
2564 2554 2634 2624 ab
2664 2554 2749 2609 his
2777 2567 2835 2608 se
2882 2551 3153 2624 repulsum
3193 2552 3414 2624 fatetur,

1830 2621 2185 2694 suscipientes
2212 2621 2428 2694 nOStros
2453 2623 2693 2694 ejiciunt,
2743 2631 2796 2678 et
2838 2621 2957 2694 per'
2989 2624 3240 2678 eumdem
3293 2622 3416 2694 Gri-

1830 2692 2099 2763 moaldum
2155 2692 2493 2763 episcopum,
2538 2694 2660 2763 quia
2715 2692 2852 2749 sine
2882 2695 3214 2749 conscientia
3268 2693 3414 2748 sedis

1831 2761 2542 2836 apostolicre,_'commissum
2559 2761 2685 2836 ‘sibi
2739 2763 3140 2836 praedicationis
3177 2763 3412 2819 ofﬁcium

1829 2831 2104 2897 deserens,
2159 2832 2387 2903 Romam
2449 2831 2753 2890 ditissimus
2813 2835 3097 2900 remeavit,
3153 2849 3413 2903 magnum

1828 2903 2068 2971 epistola:
2091 2903 2341 2988 volumen
2367 2902 2574 2988 frivolis
2599 2905 3009 2988 allegationibus
3033 2902 3415 2988 tanquamsub

1826 2982 2090 3054 praetequ
2118 2973 2732 3054 deliberatresententize
2758 2977 2961 3046 synodo
3003 2973 3408 3054 praesidentium

1829 3044 2161 3116 implicatum
2212 3045 2520 3116 apostolicae
2550 3046 2660 3116 sedi
2717 3044 2878 3116 super
2911 3044 3259 3102 excusatione
3312 3061 3409 3100 sua

1829 3114 2056 3188 remisit.
2085 3114 2151 3188 1ηΔ
2194 3129 2302 3188 quo
2333 3114 2475 3170 facto
2501 3115 2629 3185 quia
2673 3114 2960 3188 episcopus
2991 3132 3021 3171 a
3049 3117 3295 3188 Bulgaris
3316 3131 3411 3171 ex-

130 3183 1195 3264 l’opuloniensis_venerabile§.cpi_se0pi,
1227 3186 1319 3256 qui
1347 3203 1488 3264 cum__
1515 3188 1726 3264 caeteris
1753 3193 1797 3255 ρ
1828 3183 2042 3264 pulsum
2068 3183 2293 3264 epistola
2329 3183 2645 3264 taeente_se_
2650 3183 2873 3264 asserit,
2888 3197 2944 3242 et
2971 3183 3273 3264 presbyteri
3301 3202 3410 3242 non

127 3253 284 3322 jussu
317 3256 650 3326 sanctissimi
681 3270 830 3325 papae
883 3253 1086 3309 Nicolai
1115 3253 1279 3310 causa
1326 3257 1723 3326 praedicationis

134 3326 390 3380 destinati
449 3325 690 3390 fuerant,
745 3333 1047 3380 remeantes
1075 3327 1140 3381 de
1175 3325 1580 3384 Cbristianitate
1605 3328 1726 3383 Bo!-

133 3411 412 3468 garoruiu,
441 3411 504 3450 ac
523 3395 843 3468 onmi_moda
877 3395 1225 3468 subiectione,
1258 3413 1361 3466 qua
1410 3399 1717 3468 specialiter

133 3475 336 3520 sanctze
363 3465 624 3520 Romana:
643 3465 898 3520 Ecclesia:
915 3467 1259 3521 devotissir’na
1278 3465 1418 3522 colla
1438 3465 1714 3524 submise-

132 3545 275 3600 rant,
309 3536 491 3590 sedem
536 3535 884 3603 apostolicam
944 3545 1278 3599 recrearunt,
1343 3547 1398 3592 et
1440 3539 1714 3600 Michaelis

131 3603 401 3676 Bulgarici
447 3606 589 3675 regis
637 3605 889 3676 legatum,
926 3603 1158 3676 Petrum
1210 3609 1449 3671 nomine,
1497 3623 1711 3664 summo

129 3673 370 3744 pontifici
399 3673 808 3747 przesentarunL
838 3673 938 3741 Qui
991 3674 1195 3747 legatus
1225 3692 1344 3730 cum
1370 3679 1526 3734 donis
1557 3694 1707 3750 rega-

1830 3267 1889 3328 se
1933 3253 2118 3323 pulsos
2163 3269 2192 3308 a
2224 3253 2450 3328 Grzncis,
2478 3255 2562 3310 vel
2591 3255 2873 3328 Bulgaris,
2932 3253 3025 3313 sed
3063 3253 3410 3328 ab'episcopo

1829 3324 2251 3397 circumventos,
2293 3325 2538 3397 profecto
2573 3324 2813 3397 dubium,
2847 3328 2976 3397 quin
3008 3324 3208 3383 mutua}
3235 3324 3411 3382 subsit

1827 3395 2152 3466 proditionis
2177 3396 2375 3466 imago,
2410 3396 2582 3452 donec
2605 3395 3072 3453 Christus'renum
3103 3399 3334 3454 rimator
3352 3409 3408 3452 et

1819 3465 2088 3530 cordium,
2119 3465 2172 3520 in
2218 3465 2438 3522 suorum
2470 3481 2749 3521 servorum
2802 3469 3052 3524 examine
3072 3470 3211 3525 hanc
3238 3469 3290 3524 ia
3324 3468 3407 3524 lt;-

1820 3549 1936 3589 cem
1963 3536 2268 3607 protulerit,
2300 3552 2406 3593 non
2441 3537 2668 3592 videtur.

2071 3662 2356 3735 (Videntur
2397 3665 2576 3737 aliqua
2606 3667 2782 3722 decue
2823 3670 2918 3724 sub
2947 3671 3150 3745 ﬁnem.)
