4004 6290
665 315 807 377 £259

679 450 1262 473 ———_—_

945 703 1030 770 [ΓΝ

1931 376 1934 378 γ
1997 304 2275 360 ΑΠΙὶΙΑΜ
2317 308 2514 364 ΡΑιιΑρῖ
2553 311 2614 364 ll-

3690 357 3771 414 liful)

2449 467 3571 490 *Ἥ

1029 734 1035 757 δ
1451 604 2196 776 gnatam:

2251 609 2260 718 ἱ
2329 609 2866 721 ΡΔΡΕ
2943 597 3088 720 Π

1076 839 2066 1021 EPISTOLZE
2173 849 2196 995 l

2251 845 2429 996 ΞΤ
2530 843 3452 1002 DECRETA.

1829 1109 1992 1172 (Apud
2019 1109 2188 1170 laba,
2209 1110 2388 1161 Conril.
2417 1120 2531 1162 tom.
2550 1113 2706 1170 Vill.)

1413 1339 1436 1394 l

959 1465 1212 1508 Ei‘lSTOLA
1243 1465 1644 1511 ADIOTHARII‘M
1693 1472 1888 1513 REGE“.

1210 1593 1214 1598 ·
1264 1569 1442 1640 (Auno
1465 1556 1586 1626 86⁸1..
1604 1571 1624 1642 )

643 1701 798 1766 Quod
822 1702 862 1756 Τ
865 1703 1198 1828 Ιιειιιὸεὲσπηι
1235 1705 1543 1761 solutionem
1569 1710 1889 1764 matrimonii
1920 1710 2096 1767 Romte
2123 1731 2216 1783 po-

707 1773 990 1828 stulantem
1019 1793 1050 1828 α
1119 1775 1425 1828 Lotharinm
1475 1779 1642 1828 redire
1692 1780 1922 1828 iusseriL
1973 1784 2134 1828 dmmc
2161 1787 2212 1828 in

707 1773 990 1849 stulautem
1019 1773 1088 1828 ad
1119 1775 1425 1829 Lotharium
1473 1779 1642 1849 redire
1682 1780 1923 1849 jusserit,
1973 1773 2134 1836 donec
2161 1787 2214 1840 in

707 1845 907 1912 :ynodo
937 1845 1001 1897 de
1021 1862 1081 1898 ea
1120 1861 1174 1898 re
1215 1857 1430 1900 statuat.
1464 1847 1636 1901 Monet
1679 1845 1986 1905 Lat/utrium
2018 1867 2071 1905 ut
2099 1873 2213 1908 eam

708 1915 760 1968 in
813 1919 1132 1969 cottsortium
1187 1917 1418 1984 recipiat,
1463 1927 1554 1970 aut
1578 1919 1622 1971 si
1657 1920 1761 1973 alio
1786 1921 1850 1972 in»
1868 1921 1979 1975 loco
2004 1923 2212 1978 interim

707 1986 973 2106 conﬂigat.
1010 1987 1292 2054 promissas
1330 1986 1408 2041 illi
1452 1988 1689 2042 abbatius
1716 1991 1784 2043 ad
1814 1993 1930 2045 rittv
1977 1994 2211 2048 subsidia

707 2070 856 2106 rauce
895 2064 976 2106 at.

701 2064 976 2109 cattceaat.

655 2241 661 2247 ,
701 2185 836 2251 Quia
862 2186 1019 2242 beato
1053 2185 1214 2244 Petro
1261 2190 1622 2261 apostolorum
1676 2194 1903 2265 principi
1953 2195 2210 2256 Dominus

628 2285 815 2328 uoster
837 2291 965 2331 oves
990 2293 1137 2342 suas,
1172 2287 1336 2334 totam
1363 2281 1610 2336 videlicet
1630 2283 1942 2349 Ecclesium,
1975 2290 2210 2356 pretioso

625 2362 734 2430 iam
774 2366 1032 2438 sanguine
1048 2383 1143 2422 suo
1167 2369 1519 2440 redemptam,
1543 2382 1664 2442 post
1687 2376 1952 2443 passionis
1975 2378 2206 2443 vincula,

628 2466 748 2523 post
780 2456 1054 2513 clavorum
1083 2459 1326 2528 vulnera,
1351 2471 1404 2517 et
1441 2463 1618 2520 crucis
1644 2465 1895 2531 ludibria,
1928 2480 2091 2540 atque
2117 2487 2206 2525 re-

625 2550 978 2604 surrectionis
1021 2551 1268 2622 gloriam,
1302 2555 1473 2610 tertio.
1519 2558 1918 2613 commendavit
1971 2560 2201 2616 dicens:

627 2640 792 2695 Pasce
838 2659 953 2697 oves
982 2659 1144 2706 meus,
1173 2661 1326 2715 pasce
1352 2662 1512 2716 agnos
1563 2665 1700 2701 meos
1733 2648 1912 2721 (Ιοιιη.
1944 2651 2076 2722 xm),
2109 2668 2207 2708 nos

2251 1351 2298 1408 Λ
2330 1351 2471 1404 ιίιηςιξ
2528 1351 2794 1408 vinculum
2831 1354 3162 1417 dissolvisse,
3197 1365 3251 1408 et
3277 1355 3342 1410 ad
3365 1352 3580 1408 illicitum
3601 1357 3774 1424 cepisti.

2323 1455 2447 1495 num
2480 1451 2722 1512 stuprum
2755 1445 3063 1516 incongruis
3093 1445 3286 1499 reverti
3343 1444 3469 1500 velle
3507 1446 3774 1500 occasionibus

2319 1550 2747 1604 agnosceremus.
2778 1539 3112 1610 'l‘beutbcrga
3147 1541 3325 1607 itaque
3372 1539 3774 1608 illustrissimaregi-

2317 1645 2386 1682 na
2413 1628 2604 1698 conjux
2631 1640 2827 1695 vestra,
2870 1644 3185 1688 sanctorum
3239 1631 3579 1702 apostolorum
3616 1630 3716 1686 Petri
3742 1641 3774 1684 et

2316 1720 2464 1776 Pauli
2494 1725 2562 1778 ad
2591 1724 2774 1778 limina
2809 1725 3050 1788 veniens,
3087 1734 3374 1793 menteque
3419 1726 3585 1779 devota
3603 1723 3774 1777 oramus

2315 1813 2638 1870 desiderium
2685 1817 2980 1887 complens,
3013 1825 3257 1871 nostram
3290 1815 3472 1870 faciem
3503 1812 3772 1880 contemplari,

2314 1922 2613 1977 causasque
2638 1923 2749 1963 sua:
2795 1909 3138 1964 necessitatis
3169 1908 3328 1963 nobis
3357 1921 3448 1962 ore
3470 1906 3650 1976 proprio
3667 1919 3772 1971 expo-

2314 2014 2444 2053 nere
2489 2000 2752 2069 qumsivit.
2784 1999 2914 2067 Qum
2943 2016 3064 2054 cum
3091 2016 3121 2054 a
3144 2000 3322 2063 nobis,
3358 2014 3448 2068 pro
3496 2010 3647 2050 amore
3669 1995 3774 2048 Dein

2316 2098 2516 2155 vestro,
2546 2100 2600 2145 et
2627 2092 2694 2146 ab
2721 2091 2865 2146 omni
2901 2101 3085 2144 nostra
3114 2089 3357 2145 Ecclesia
3407 2088 3668 2148 honorifice,
3691 2085 3773 2137 sicut

2311 2181 2612 2250 oportebat,
2661 2190 2908 2250 suscepta
2933 2179 3140 2244 fuisset,
3173 2179 3311 2234 dixit
3357 2193 3413 2232 se
3452 2184 3636 2246 propter
3656 2186 3771 2241 quant

2313 2273 2435 2328 dam
2464 2271 2707 2341 corporis
2730 2272 2810 2326 sui
2836 2270 3234 2334 infirmitatem,
3279 2277 3335 2324 ct
3366 2267 3481 2338 quia
3503 2283 3591 2321 non
3616 2262 3772 2330 legitimo

2311 2365 2464 2418 vobis
2494 2372 2647 2418 antea
2672 2361 2834 2417 fuerit
2859 2361 3142 2430 conjuncta
3163 2361 3456 2422 connubio,
3481 2373 3507 2410 a
3531 2365 3673 2408 vestro
3689 2350 3770 2403 velle

2312 2457 2550 2525 separari
2600 2455 2892 2518 consortio,
2923 2463 2974 2507 et
3005 2453 3075 2508 ob
3102 2467 3341 2507 amorem
3368 2450 3457 2504 Dei
3487 2446 3633 2504 szecttli
3667 2441 3772 2511 digni-

2312 2559 2475 2605 tatem
2511 2557 2566 2604 et
2607 2548 2830 2619 gloriam
2874 2545 3127 2614 abjicere,
3157 2559 3222 2598 ac
3245 2544 3345 2599 sub
3373 2542 3473 2596 leui
3505 2538 3614 2609 jugo
3644 2531 3769 2589 Cllflall

2312 2643 2576 2697 cervicem
2606 2641 2786 2696 cordis
2805 2639 3140 2694 submittere.
3168 2635 3378 2702 Quibus
3396 2631 3608 2705 profecto
3629 2623 3769 2683 auditis,

623 2735 741 2790 vice
789 2737 976 2807 utique
1023 2741 1352 2809 apostolatus
1404 2741 1568 2805 illius,
1621 2743 1847 2798 Domino
1878 2744 1930 2798 in
1953 2746 2196 2800 omnibus

2251 2721 2280 2780 Β
2308 2741 2363 2789 et
2412 2731 2639 2787 Domino
2693 2729 2984 2784 auxiliante
3009 2727 3298 2802 diligenter
3345 2719 3768 2809 cortsideratis,_tt0n

622 2837 964 2898 cooperante,
1003 2829 1298 2902 fungentes.
1334 2835 1386 2888 in
1413 2834 1558 2905 virga
1583 2835 1853 2906 a‘quitatis
1873 2846 1927 2890 ct
1953 2835 2202 2902 justitim,

624 2918 678 2971 in
723 2919 1128 2991 longanimitate
1175 2923 1420 2995 benignae
1465 2925 1783 2982 humilitatis
1826 2936 1880 2981 et
1908 2929 2197 2997 patientize,

621 3025 836 3080 gregem
867 3012 1076 3068 Domini
1118 3015 1312 3084 pabulo
1343 3016 1601 3085 spiritalis
1627 3016 1747 3072 vita:
1774 3019 2124 3088 pascendum,
2149 3031 2204 3076 et

621 3115 753 3154 cura
779 3101 962 3156 solerti
990 3105 1396 3172 custodiendum
1440 3108 1617 3163 divina
1648 3110 1982 3180 suscepimus
2009 3113 2201 3166 volun-

619 3201 750 3247 tate.
781 3191 854 3249 Os
882 3195 1211 3265 apostolatus
1236 3198 1425 3264 nostri,
1456 3199 1783 3268 septiformis
1811 3199 2044 3272 Spiritus
2073 3220 2202 3273 gra-

618 3284 692 3340 tia
728 3285 960 3356 plenum,
1016 3304 1115 3359 pro
1173 3291 1323 3362 regni
1371 3292 1446 3346 tui
1494 3292 1790 3348 stabilitate
1838 3294 2200 3366 felicitateque

615 3389 894 3448 perpetua,
920 3382 1254 3450 sempiterna
1286 3397 1478 3454 nempe
1503 3398 1630 3439 vera
1661 3384 1856 3440 animm
1876 3386 2072 3450 salute,
2095 3402 2204 3455 qua

618 3486 763 3525 nunc
787 3482 840 3525 et
866 3472 918 3525 in
941 3481 1204 3527 internum
1234 3474 1392 3528 beate
1412 3476 1783 3544 securiterque
1805 3476 2024 3542 fruaris,
2051 3492 2085 3531 ο
2113 3479 2194 3531 in-

617 3560 761 3630 clyte
792 3575 885 3616 rex
917 3561 1163 3628 Lothari,
1193 3563 1401 3618 vicibus
1431 3563 1712 3619 indefessis
1749 3566 2075 3635 aperientes.
2104 3581 2198 3620 cx-

616 3651 921 3707 cellentiam
971 3661 1116 3707 tuam
1165 3662 1392 3725 paterno
1417 3669 1698 3710 monemus
1747 3655 1958 3719 atfectu,
1991 3667 2047 3714 et
2078 3659 2199 3727 jure

616 3740 912 3810 apostolico
941 3741 1312 3808 exhortamur,
1349 3751 1616 3812 quatenus
1642 3745 2194 3800 malorumhominum

616 3832 856 3888 consiliis
885 3832 1103 3897 relictis,
1136 3841 1192 3887 et
1216 3833 1513 3890 mortiferis
1537 3836 1978 3905 persuasionibus
2018 3839 2193 3892 omni-

616 3929 777 3983 modo
808 3929 1025 3999 spretis,
1059 3945 1245 3984 aurem
1287 3930 1466 3985 cordis
1492 3931 1567 3984 tui
1597 3930 1826 3996 ccelesti,
1871 3947 2002 3987 sane
2033 3933 2196 3988 clavi-

614 4038 746 4091 gero
771 4023 928 4077 beato
953 4022 1110 4077 Petro
1138 4024 1191 4077 in
1218 4023 1371 4078 nobis
1398 4022 1634 4092 loquenti
1667 4023 1900 4093 aperias,
1937 4024 2194 4093 omnique

2306 2821 2516 2876 modico
2538 2819 2736 2875 fuimus
2763 2818 2954 2873 turbati
2985 2826 3206 2886 stupore
3232 2833 3248 2876 ;
3275 2813 3416 2886 quod
3457 2827 3510 2867 se
3548 2824 3626 2880 pro
3647 2801 3772 2857 talibus

2304 2930 2334 2967 a
2359 2913 2510 2966 vobis
2531 2921 2796 2982 quareret
2840 2924 3107 2982 separare,
3139 2925 3262 2962 cum
3295 2908 3536 2975 scriptum
3558 2898 3770 2956 sitdiceale

2304 3009 2530 3066 Domino
2572 3027 2586 3062 :
2641 3007 2681 3062 A
2727 3007 2836 3063 Deo
2861 3005 3102 3077 jungitur
3129 3003 3330 3058 mulier
3369 3002 3498 3062 viro,
3524 3006 3572 3052 et
3601 2997 3767 3049 itentm:

2305 3099 2458 3165 Quod
2501 3098 2642 3152 Deus
2680 3099 2862 3168 junxit
2902 3097 3056 3151 homo
3108 3112 3212 3149 non
3254 3099 3454 3161 separet
3489 3085 3767 3174 (Mantum;

2303 3190 2333 3243 Ι
2364 3189 2486 3245 Cor.
2515 3188 2630 3259 vn).
2660 3187 2874 3242 Etcum
2910 3187 3052 3256 ipsa,
3092 3185 3234 3240 sicut
3277 3181 3412 3236 dixit
3438 3173 3768 3259 Apostolus}!!!

2301 3281 2544 3350 corporis
2589 3255 2694 3333 non
2748 3255 2944 3332 habeat
2981 3282 3306 3346 potestatem
3326 3313 3341 3336 ,
3365 3269 3454 3325 sed
3483 3282 3591 3328 vos,
3619 3261 3680 3316 cui

2301 3346 2432 3428 mini
2497 3381 2580 3428 est
2635 3369 2910 3426 voluntate
2977 3367 3212 3437 legitimo
3283 3358 3604 3420 matrimonio
3647 3346 3768 3420 regali-

2301 3479 2406 3532 que
2438 3473 2555 3518 toro
2611 3460 2916 3530 conjuncta.
2945 3458 3041 3513 Cui
3094 3471 3224 3511 sane
3253 3452 3498 3525 quamvis
3521 3462 3621 3504 cum

2301 3556 2592 3610 voluntatis
2619 3569 2884 3609 consensu
2919 3561 3082 3621 atque
3109 3550 3329 3606 licentia
3359 3548 3517 3602 hocce
3535 3534 3702 3611 supplici
3719 3534 3766 3584 ﬁ“

2303 3649 2404 3703 mis
2429 3663 2560 3717 pace
2587 3646 2918 3715 deposceret,
2953 3651 3195 3697 nostrum
3223 3643 3278 3694 in
3310 3629 3765 3726 talivoluntatissut

2300 3716 2567 3792 desiderio
2591 3749 2911 3789 consensum
2941 3731 3086 3786 nullo
3116 3731 3277 3784 modo
3308 3727 3624 3800 praebuimus.
3643 3716 3766 3772 Licen-

2301 3832 2430 3886 tiam
2480 3845 2609 3886 vero
2659 3829 2730 3884 illi
2787 3827 3086 3885 revertendi
3144 3826 3209 3880 ad
3265 3818 3620 3895 magnitudinis
3644 3817 3766 3865 vestr!

2300 3921 2654 3985 consortium,
2680 3919 2910 3988 iuraque
2961 3915 3291 3972 matrimonii
3325 3911 3512 3982 regalis
3536 3905 3687 3962 illibata
3705 3908 3762 3948 cu-

2277 4009 2561 4070 'stodiendi
2583 4013 2955 4084 praecepimus.
2983 4011 3158 4083 Super
3193 4011 3279 4065 bis
3303 4020 3504 4070 autem,
3530 4000 3677 4073 quibus
3694 4000 3764 4045 sca

614 4085 958 4167 animositate
999 4121 1060 4167 'et
1089 4113 1285 4184 inclyta
1324 4085 1507 4168 mundi
1543 4085 1825 4168 dilectione
1880 4085 2066 4183 procul
2097 4085 2192 4169 ab-
2221 4085 2265 4145 Ο
2298 4109 2450 4162 vobis
2473 4107 2666 4177 (luserit
2691 4106 3015 4175 disjungere,
3047 4111 3154 4157 tam
3183 4109 3407 4170 repente
3436 4099 3541 4154 sine
3566 4088 3764 4184 multot'lﬂ'll

616 4202 777 4266 iectu,
810 4219 869 4256 ea
921 4219 1042 4273 qua:
1083 4202 1307 4272 iustitia:
1355 4219 1418 4258 ac
1449 4203 1756 4258 rectitudini
1803 4205 2036 4260 maxime
2065 4220 2194 4260 con-

611 4306 811 4365 gruunt
857 4295 1213 4365 praedicantes
1243 4304 1356 4351 toto
1383 4296 1650 4351 desiderio
1698 4296 1910 4363 audias,
1939 4297 2196 4353 evidenti-

613 4403 718 4456 que
765 4387 1017 4456 perficies
1048 4387 1270 4443 devotus
1297 4385 1514 4452 allecto,
1542 4387 1669 4457 quia
1726 4404 1832 4443 non
1892 4390 2189 4456 auditores,

612 4477 706 4532 sed
731 4476 959 4532 factores
1005 4476 1138 4549 legis
1168 4477 1308 4533 Deus
1337 4476 1451 4532 fore
1487 4474 1663 4544 iustos
1711 4479 1987 4547 approbat.
2042 4479 2192 4535 Unde

615 4569 759 4623 sedis
787 4569 1091 4638 apostolicae
1127 4570 1398 4625 salubrem
1453 4570 1873 4626 admonitionem
1911 4580 1966 4626 et
2013 4587 2192 4627 corre-

617 4664 849 4718 ctionem
874 4663 1166 4717 venerabili
1190 4665 1508 4733 sinceraque
1533 4670 1711 4717 mente
1727 4664 1999 4733 suscipere
2013 4664 2185 4720 stude.

613 4753 729 4807 Duo
756 4751 920 4823 igitur
948 4766 977 4804 a
1017 4760 1068 4804 te
1099 4752 1280 4806 carnis
1303 4752 1515 4807 devicto
1545 4751 1797 4807 illecebra
1822 4753 2019 4808 dudum
2043 4770 2190 4810 com-

612 4843 776 4900 missa
805 4844 1055 4898 videntur
1079 4843 1282 4909 illicita,
1326 4860 1446 4914 quae
1502 4845 1568 4900 ab
1619 4852 1959 4900 antecessore
2005 4855 2190 4902 nostro

612 4937 714 5007 piae
764 4937 1039 4992 memoria:
1069 4952 1204 5007 papa
1249 4936 1469 4992 Nicolao
1499 4951 1724 4993 censura
1759 4936 1973 4992 fuerant
2000 4953 2190 4994 emen-

611 5029 732 5081 data
761 5027 1038 5083 canonica.
1065 5027 1519 5092 Unum,videlicet
1541 5027 1806 5084 nefarium
1834 5030 2190 5102 Theutbergae

613 5121 862 5192 legitima:
892 5121 1132 5194 conjugis
1160 5131 1264 5177 tute
1293 5121 1611 5184 divortium;
1635 5122 1861 5177 alterum
1904 5138 2049 5188 vero,
2079 5139 2190 5180 sce-

611 5212 934 5267 lestissimus
964 5212 1263 5268 Waldradte
1287 5213 1512 5268 moecha:
1537 5214 1850 5270 concubitus
1883 5233 1895 5267 :
1935 5231 2054 5284 quae
2079 5231 2184 5271 non

610 5305 785 5360 solum
815 5303 902 5359 lex
927 5305 1102 5360 omnis
1126 5305 1304 5360 divina
1331 5303 1605 5375 reprobat,
1632 5305 1949 5360 condemnat
1988 5315 2042 5361 ct
2073 5307 2184 5362 fieri

610 5393 935 5450 omnimodis
959 5403 1122 5460 vetat,
1146 5395 1238 5450 sed
1253 5397 1416 5451 etiam
1447 5395 1715 5450 mundana
1739 5396 2024 5465 prohibent
2039 5399 2180 5468 jura.

610 5488 688 5542 De
710 5488 907 5557 quibus
928 5503 1026 5543 nos
1056 5489 1250 5544 iterum
1277 5490 1579 5545 rescribere
1597 5488 1900 5545 nullatenus
1935 5491 2179 5547 studere—

614 5595 754 5642 mus,
783 5579 884 5635 nisi
917 5595 1012 5636 vos
1047 5598 1074 5635 a
1099 5580 1322 5650 iustitiae
1352 5583 1563 5637 tramite
1590 5597 1685 5654 per
1704 5583 1969 5638 incentiva
2000 5585 2179 5637 carnis

610 5669 796 5734 procul
828 5669 986 5724 dubio
1003 5670 1265 5737 deviasse,
1294 5673 1601 5744 bonumque
1644 5673 2034 5745 coniunctionis
2058 5673 2180 5741 legi-

2297 4201 2524 4255 fralrum
2550 4209 2854 4255 nostr-orum
2881 4197 3128 4260 consilio,
3153 4205 3207 4250 et
3234 4193 3436 4266 ingenti
3463 4177 3763 4246 examinati!"-

2298 4292 2460 4346 tivam
2494 4307 2636 4345 nunc
2680 4288 2924 4361 proferre
2953 4287 3296 4350 sententiam,
3325 4292 3418 4339 aut
3442 4287 3684 4337 consensus
3698 4281 3759 4361 tur

2295 4382 2391 4436 stri
2419 4359 2758 4436 immaturam
2781 4381 2910 4433 dare
2943 4377 3214 4432 licentiam
3242 4375 3364 4443 jure
3406 4370 3676 4428 distulimus.
3696 4359 3762 4412 Deo

2293 4481 2472 4525 autem
2526 4471 2680 4526 nobis
2725 4470 2910 4525 salutis
2939 4483 3094 4538 opem
3119 4468 3396 4534 vitamque
3430 4459 3672 4532 pra:me
3695 4459 3762 4545 ut“

2293 4579 2388 4633 pro
2418 4563 2504 4617 his
2551 4578 2714 4632 quam
2742 4563 2904 4617 etiam
2958 4576 3058 4631 pro
3086 4559 3206 4614 aliis
3255 4550 3611 4613 ecclesiasticis
3651 4549 3762 4596 £30513

2292 4657 2555 4710 svnodum
2581 4654 2860 4720 facientes,
2891 4665 2946 4709 et
2973 4655 3097 4707 talia
3124 4651 3306 4706 subtili
3330 4647 3565 4706 examine
3587 4638 3764 4697 ίηάακειη·

2293 4756 2392 4813 tes,
2421 4756 2479 4802 ut
2519 4749 2808 4802 secundum
2863 4745 3029 4799 Deum
3070 4743 3203 4798 salsi
3249 4756 3368 4796 esse
3395 4733 3606 4809 possitis,
3639 4725 3761 4781 idem

2291 4841 2424 4896 satis
2447 4840 2742 4895 intentione
2772 4839 3191 4893 deliberabimus
3216 4849 3398 4890 coram
3436 4831 3537 4884 Deo
3565 4821 3763 4916 saltatori

2291 4940 2498 4997 nostro,
2529 4939 2689 4999 atque
2731 4929 2996 4984 ﬁniemus.
3028 4928 3253 4996 Propter
3300 4923 3441 4995 quod
3485 4912 3761 4999 excellentiae!

2292 5035 2438 5078 tuam
2467 5022 2774 5092 apostolicis
2803 5037 3082 5076 monemus
3128 5018 3395 5088 alloquiis,
3422 5025 3474 5068 et
3492 5007 3760 5066 borum"!rm

2293 5091 2538 5177 Domino,
2563 5127 2629 5167 ne
2655 5125 2839 5166 aurem
2869 5111 3165 5167 nobilitatis
3185 5122 3287 5163 tua:
3314 5102 3540 5163 consiliis
3557 5091 3761 5164 impiorum

2289 5215 2343 5260 et
2372 5205 2588 5260 veritati
2617 5204 3029 5274 repugnantium
3061 5203 3238 5257 verbis
3269 5199 3520 5260 inclines;
3547 5187 3625 5245 sed
3641 5179 3762 5253 ροῠιιε

2289 5297 2581 5356 Dominicis
2618 5304 2672 5352 et
2705 5295 3013 5368 apostolicis
3037 5295 3279 5365 praebens
3327 5295 3589 5363 gratanter
3621 5282 3763 5378 ρι’ξθῗ

2286 5393 2416 5464 ptis,
2439 5390 2682 5446 eamdem
2739 5389 3129 5460 Thcutbergam
3185 5382 3558 5439 nobilissimam
3593 5370 3761 5464 reginam

2287 5463 2568 5554 ecttjttgem
2597 5491 2740 5536 tuam
2768 5479 3066 5536 dilectionis
3115 5492 3295 5533 amore
3328 5475 3380 5529 in
3411 5463 3652 5540 conjugale

2289 5550 2513 5629 sortium
2540 5573 2693 5627 hctus
2721 5571 2970 5642 recipias,
2993 5580 3047 5625 et
3074 5586 3171 5640 pro
3197 5581 3407 5623 amore~
3428 5562 3516 5618 Dei
3565 5564 3610 5612 el
3645 5550 3760 5606 ε³¹¹⁶¹¹

2287 5666 2452 5731 Petri,
2500 5677 2791 5738 nostroque
2831 5664 3009 5730 simul,
3040 5666 3242 5720 honore
3271 5661 3425 5730 digno
3449 5669 3555 5711 eam
3578 5645 3756 5705 retine".
