4004 6290
198 384 332 442 ιεδι

1402 370 1758 430 EPISTOLIE
1798 370 1883 425 ET
1920 365 2258 424 DECRETA‘.

3270 409 3275 413 ς
3307 345 3448 413 rem

203 504 361 557 sicuti
417 497 659 569 corporis
687 494 888 568 proprii
926 491 1226 549 membrum
1267 487 1541 551 dilectum,
1577 497 1770 554 procu-
1800 489 1844 547 Α
1876 480 2166 537 secundum
2188 474 2554 534 definitionem
2576 446 3448 545 prtenomintatisanctissimi’prse:

205 606 295 646 res
345 591 498 657 Quod
527 590 572 644 si
594 590 664 645 ob
686 587 897 644 itineris
917 582 1304 655 longitudinem
1325 590 1380 636 et
1404 579 1773 649 asperitatem,

206 682 290 737 vel
318 682 550 751 aliquam
603 679 785 735 carnis
836 674 1347 737 incommoditatem,
1378 671 1445 727 ad
1473 684 1568 725 vos
1611 681 1779 737 usque

206 773 320 844 ipsa
366 772 650 843 pervenire
694 769 986 831 distulerit,
1043 766 1369 837 elegeritque
1421 763 1476 818 in
1524 762 1628 816 alio
1657 775 1779 830 pro-

205 861 452 933 prietatis
472 876 582 917 sua:
600 859 718 916 loco
736 860 838 915 sibi
862 858 981 914 utili
1006 855 1179 927 magis
1203 849 1777 917 consistere,interim,

208 954 381 1006 donec
403 950 659 1022 synodus,
690 956 752 1005 ut
786 947 1153 1019 prtediximus,
1180 944 1290 1003 fiat.
1325 942 1471 999 salva
1499 950 1554 996 et
1579 940 1782 995 incohi-

209 1042 312 1097 mis
333 1041 432 1098 sub
459 1050 639 1098 vestra
668 1038 832 1112 regali
864 1038 1089 1094 tuitione
1137 1043 1297 1106 atque
1347 1031 1658 1088 defensioue
1699 1044 1784 1086 se—

208 1150 340 1189 cura
393 1140 745 1204 permaneat;
802 1130 1103 1199 habeatque
1132 1126 1189 1184 in
1225 1133 1611 1195 potestate-sua
1637 1121 1784 1192 ipsas

210 1221 454 1277 abbatias
474 1235 608 1291 quas
627 1220 676 1275 ei
703 1220 834 1275 dare
871 1219 984 1289 ipse
1007 1230 1103 1273 ore
1123 1215 1342 1287 proprio
1375 1210 1691 1284 promisisti,
1718 1209 1785 1265 de

208 1328 438 1384 quarum
470 1311 772 1382 sumptibus
794 1318 956 1380 atque
993 1307 1255 1364 reditibus
1277 1303 1585 1362 necessaria
1613 1301 1787 1374 possit

211 1402 413 1459 habere
435 1401 992 1477 stipendiaﬁi'gnaque
1026 1399 1286 1455 subsidia.
1314 1396 1412 1452 Sin
1438 1409 1571 1451 vero
1617 1393 1784 1464 quili-

212 1492 302 1548 bet
325 1501 563 1548 vestrum
590 1492 641 1549 ei
669 1491 914 1563 aliquam
932 1488 1095 1545 fuerit
1115 1488 1330 1543 molitus
1353 1484 1788 1542 contrarietatem

212 1586 432 1650 inferre,
469 1595 563 1642 aut
582 1583 885 1658 periculose
905 1582 1309 1653 praesumpserit
1332 1594 1550 1644 nocere,
1578 1577 1716 1635 sciat
1732 1589 1791 1631 se

214 1694 244 1734 a
271 1679 424 1735 nobis
443 1677 686 1749 perpetui
715 1675 1075 1732 anathematis
1097 1673 1313 1730 vinculo
1331 1686 1454 1728 esse
1476 1667 1663 1742 procul
1689 1667 1789 1723 du-

214 1773 304 1828 bio
325 1771 712 1837 innodandum,
739 1770 885 1826 etab
905 1767 1510 1831 omniChristiauorum
1561 1775 1789 1818 consero

1877 571 2009 627 sulis
2052 567 2403 632 exbibuistis,
2453 563 2807 619 laudavimus.
2852 556 2922 616 Et
2966 558 3094 613 licet
3140 555 3209 611 ad
3254 551 3449 608 seriem

1878 674 2057 716 rerum
2083 666 2357 730 gestarum
2385 653 2506 709 luce
2533 652 2732 708 clarius
2756 646 3149 720 agnoscendam
3172 657 3277 699 non
3309 636 3452 702 solli:

1877 754 2042 816 ciant,
2086 765 2206 821 qua:
2256 757 2363 803 tam
2414 745 2485 801 de
2534 743 2769 800 Ebbonis
2811 739 3129 809 dejectione,
3172 749 3334 804 quam
3390 730 3455 784 de

1879 847 1965 903 bis
2011 861 2131 917 quae
2174 840 2517 913 postmodum
2570 844 2689 893 acta
2738 842 2864 891 sunt
2908 830 3235 887 unanimitas
3273 832 3456 879 vestra

1878 936 2186 1006 descripsit,
2224 942 2282 991 et
2316 928 2566 988 nonuulla
2608 924 2801 982 rationi
2838 932 3032 978 vestra:
3060 917 3238 976 desint
3269 925 3456 969 eorum

1880 1046 2001 1102 qua:
2035 1042 2198 1099 super
2225 1025 2312 1082 his
2349 1030 2500 1096 gesta
2536 1027 2681 1085 sunt,
2716 1029 2942 1089 quaeque
2970 1013 3082 1082 jam
3130 1012 3460 1102 memoratus

1883 1095 1941 1175 et
1968 1095 2180 1188 semper
2207 1095 2588 1171 memorandus
2612 1106 2853 1179 pontifex
2889 1100 3195 1174 apostolicae
3225 1095 3338 1165 sedi
3372 1107 3464 1148 vo-
3536 1131 3543 1141 .

1884 1209 1983 1264 luit
2007 1222 2073 1264 ex
2095 1207 2303 1277 integro
2332 1200 2597 1267 reserari;
2624 1199 2770 1270 pium
2800 1204 2982 1251 tamen
3003 1192 3240 1247 laborem
3268 1192 3465 1241 vestrm
3540 1235 3543 1239 _

1886 1297 2187 1356 sanctitatis
2215 1274 2280 1351 vet
2321 1292 2557 1351 studium
2598 1304 2706 1346 nou
2743 1286 2915 1343 solum
2955 1278 3245 1344 laudabile,
3284 1274 3379 1330 sed
3412 1278 3478 1328 et.
3532 1277 3546 1347 ξ

1886 1388 2043 1459 longe
2096 1387 2309 1455 lateque
2368 1377 2711 1452 praedicabile
2761 1373 3086 1445 iudicamus.
3155 1363 3465 1459 Innocentio

1889 1452 2085 1551 quippe
2106 1452 2388 1548 jam—nunc
2413 1471 2600 1528 fratris
2625 1477 2683 1525 et
2709 1463 3008 1538 coepiscopi
3032 1459 3203 1516 nostri
3227 1452 3478 1512 Wulfadi.

1891 1581 1945 1629 et
1985 1571 2309 1642 collegarum
2354 1564 2491 1635 ejus,
2538 1576 2698 1632 quam
2742 1557 2959 1629 quidam
3001 1564 3282 1620 emergens
3313 1558 3471 1601 casus

1892 1681 1989 1737 per
2017 1639 2332 1719 non‘brevis
2362 1655 2617 1727 temporis
2642 1647 3093 1720 intercapedinem
3117 1639 3471 1699 obumbrave-

1896 1733 1998 1821 rat,
2030 1750 2416 1811 retractatione
2452 1756 2509 1803 et
2545 1741 2890 1800 refricatione
2920 1742 3114 1800 vestrae
3148 1736 3385 1790 sacratae
3419 1733 3477 1779 et

217 1866 292 1922 tio
339 1823 725 1934 separandum;
774 1869 827 1917 te
871 1828 1086 1926 autem,
1139 1859 1184 1915 si
1235 1857 1432 1914 talibus
1460 1867 1787 1912 consensum
1820 1838 1863 1897 Β
1894 1844 2197 1918 apostolica:
2224 1842 2371 1899 sedis
2402 1837 2720 1895 auctoritate
2758 1830 3069 1934 frequenter
3107 1823 3477 1922 adunataeDso-

216 1953 529 2025 praebueris,
561 1951 885 2008 omnimodis
910 1947 1510 2007 exeommunicaudum.

967 2081 1041 2139 ιι
1102 2140 1111 2157 λ

430 2191 498 2230 AD
526 2188 737 2230 ADONEII
755 2186 1084 2229 νιευεεκδεθι
1109 2183 1581 2226 ARCBIEPISCOPUI.

832 2266 1011 2339 (Anno
1035 2262 1185 2332 868.)

224 2360 427 2416 Laudat
455 2359 569 2431 ejus
600 2357 1073 2439 alumingeuiique
1095 2370 1318 2439 ucumen
1356 2353 1409 2406 in
1437 2348 1796 2422 prtrcaveudis

743 2426 951 2484 insidiis
981 2426 1281 2497 impiorum.

293 2545 565 2600 ADDIANUS
613 2543 916 2615 episcopus,
956 2552 1149 2594 servus
1176 2548 1457 2592 servorum
1502 2531 1617 2597 Dei,
1652 2545 1805 2586 reve-

228 2635 534 2690 rentissimo
583 2641 639 2690 et
694 2632 1037 2689 sanctissimo
1085 2627 1347 2685 confratri
1403 2633 1589 2681 nostro
1633 2623 1809 2677 ADONI

228 2724 517 2783 Viennensi
546 2725 973 2796 archiepiscopo.

297 2818 530 2889 Legatus
554 2834 676 2875 cum
717 2817 919 2872 litteris
957 2831 985 2870 a
1029 2810 1364 2870 beatitudine
1403 2818 1494 2865 tua
1526 2804 1805 2864 decessori

234 2922 355 2964 meo
383 2915 583 2962 sanctze
605 2906 880 2962 memoriae
920 2919 1074 2976 papae
1114 2901 1336 2958 Nicolao
1371 2899 1691 2963 destinatus,
1716 2911 1806 2952 me

235 3000 288 3054 in
315 3001 441 3054 sedc
465 2999 634 3067 illius,
676 2999 805 3068 quia
847 2998 928 3052 sic
958 2995 1220 3051 Dominus
1266 2991 1458 3056 voluit,
1500 2990 1806 3047 ordinatum

233 3090 456 3146 invenit.
499 3089 566 3145 Et
601 3089 729 3158 quia
770 3087 1040 3144 noluimus
1067 3084 1333 3140 frustrare
1383 3083 1530 3154 pium
1571 3079 1806 3137 studium

1896 1907 2087 1999 lertiaz,
2119 1947 2273 2000 ecce,
2290 1931 2402 1987 Deo
2434 1926 2658 2000 gratias,
2687 1921 2837 1978 venit
2859 1919 2925 1983 ad
2951 1918 3235 1979 'lucem,et
3255 1907 3478 2000 iustitia:

1899 2043 2010 2085 sua:
2036 2023 2217 2082 radios
2252 1999 2321 2077 ad
2355 1999 2595 2079 omnium
2634 2014 2854 2072 omnino
2895 2004 3275 2066 certitudinem
3332 1999 3480 2053 foras

1900 2118 2054 2191 quasi
2090 2116 2219 2172 solis
2256 2110 2509 2183 splendor
2536 2104 2796 2165 extendit.
2833 2103 3063 2170 Ideoque
3104 2110 3206 2152 nos
3237 2099 3480 2191 vestrum

1894 2180 2177 2280 judicium,
2207 2180 2535 2262 acivestram
2578 2195 2921 2259 sententiam,
2964 2204 3126 2262 quam
3175 2180 3481 2258 apostolica:

1903 2272 2047 2358 sedis
2073 2272 2324 2363 censura,
2353 2296 2494 2353 sicut
2517 2290 2696 2361 exegit
2720 2285 2873 2350 ordo,
2900 2278 3194 2355 praecessit,
3219 2272 3483 2363 approba-

1903 2407 2057 2458 mus,
2093 2362 2426 2444 admittimus
2466 2392 2522 2441 et
2564 2378 3009 2440 corroboramus;
3041 2380 3203 2458 atque
3240 2362 3480 2437 postula—

1902 2457 2047 2538 tioni
2069 2487 2280 2542 vestrm,
2314 2472 2400 2531 cui
2440 2471 2728 2544 quidquam
2771 2463 2954 2537 negari
2982 2457 3347 2517 difﬁcillimum
3376 2460 3487 2544 est,

1905 2577 2224 2631 annuentes.
2247 2538 2314 2623 ad
2334 2538 2629 2635 pleniorem
2653 2551 3134 2614 conﬁrmationem,
3158 2558 3315 2601 usum
3338 2538 3490 2612 pallii

1899 2663 2012 2736 jam
2043 2661 2185 2717 dicto
2213 2630 2368 2712 fratri
2395 2662 2583 2711 nostro
2611 2646 2865 2705 Wulfado
2887 2638 3208 2699 Bituriccusi
3234 2630 3485 2696 antistiti,

1906 2732 2201 2815 secundum
2251 2751 2490 2824 priorem
2539 2742 3017 2805 consuetudinem,
3060 2736 3125 2791 ad
3175 2732 3393 2805 genium
3436 2734 3494 2783 et

1908 2853 2073 2908 decus
2094 2818 2336 2905 ecclesia:
2355 2818 2453 2900 sibi
2477 2837 2799 2901 commissae,
2817 2841 2874 2890 et
2897 2827 3303 2886 instructionem
3322 2818 3492 2892 ipsius

1908 2940 2280 3001 concedimus.
2310 2933 2462 3003 Quod
2494 2932 2658 2988 etiam
2698 2941 2842 2998 serpe
2874 2928 3203 2980 memoratus
3239 2916 3493 2972 decessor

1909 3042 2095 3093 noster
2125 3029 2439 3102 jamdudum
2490 3024 2720 3080 libenter
2759 3022 3041 3080 annueret,
3081 3013 3125 3068 si
3175 3023 3295 3082 quae
3348 3019 3491 3063 nunc

1912 3098 2147 3180 misistis
2182 3122 2299 3191 ipse
2337 3117 2622 3187 reciperet,
2670 3109 2754 3166 vel
2791 3108 2838 3164 si
2877 3108 2924 3163 is
2962 3105 3054 3178 qui
3087 3103 3192 3159 boc
3218 3098 3496 3167 suscipere

234 3190 410 3278 "mn."
441 3195 567 3278 ’Ψη-
594 3179 738 3278 imus
784 3180 925 3278 νὴθῖ
974 3177 1126 3278 Ψ,Ῡῖ
1141 3185 1362 3278 mm?”
1392 3174 1554 3278 gn“
1598 3186 1805 3228 moram
1835 3195 1880 3257 (ἶ
2310 3174 2632 3265 Bituricensi
2664 3203 2859 3258 missus
2881 3174 3202 3270 probaretur
3230 3187 3496 3246 Ecclesia.

234 3272 433 3340 partim
463 3272 531 3327 de
555 3271 640 3326 bis
668 3285 788 3341 quae
811 3269 1077 3340 scripsisti
1099 3266 1427 3323 fraternitati
1462 3275 1565 3320 tua!
1579 3277 1808 3335 respon—

196 3376 199 3377 '
237 3360 432 3416 dimus.
462 3359 730 3416 Debemus
776 3358 920 3415 enim
971 3357 1021 3413 ei
1065 3357 1119 3413 in
1146 3358 1330 3413 labore
1369 3354 1681 3419 succedere,
1725 3351 1811 3409 cui

235 3466 332 3523 per
358 3451 452 3506 Dei
490 3451 723 3522 gratiam
757 3450 1115 3507 successimus
1163 3449 1217 3503 in
1262 3450 1484 3504 honore.
1530 3447 1698 3520 Igitur
1747 3445 1816 3503 de

237 3542 603 3598 admonitione
636 3557 795 3612 quam
842 3555 940 3612 per
987 3538 1311 3596 Waltarium
1358 3539 1615 3598 comitem
1665 3538 1814 3594 circa

238 3635 534 3707 gloriosum
563 3649 744 3703 regem
771 3632 1074 3694 lllotarium
1103 3630 1349 3689 exercuit
1385 3630 1694 3687 sollicitudo
1726 3637 1815 3683 tua

239 3723 638 3799 gratesmultas
664 3724 1028 3796 rependimus.
1062 3722 1120 3778 1n
1145 3736 1210 3778 eo
1232 3721 1429 3792 quippe
1461 3727 1515 3776 te
1543 3718 1817 3789 praecipue

240 3815 564 3873 industrium
591 3825 860 3886 pastorem
902 3813 1168 3870 Dominici
1199 3812 1379 3883 gregis
1417 3810 1680 3873 ostendis,
1710 3820 1818 3876 quo

243 3907 469 3964 insidias
500 3907 607 3977 lupi
643 3905 1023 3977 prmcavendas
1045 3917 1164 3960 esse
1197 3902 1358 3973 longe
1385 3900 1591 3970 positus
1618 3896 1819 3953 adhor-

243 4000 398 4054 taris.
438 3997 803 4054 Perscrutatis
851 4003 1114 4069 praeterea
1165 3988 1642 4064 quaterniunculis,
1684 4002 1819 4060 quos

244 4090 385 4145 idem
421 4089 632 4159 legatus
666 4085 889 4152 detulit,
935 4085 1205 4159 ingenium
1252 4092 1307 4140 et
1348 4097 1575 4139 acumen
1628 4095 1821 4137 sensus

245 4179 321 4234 tui
345 4178 525 4233 mirati
552 4192 759 4245 sumus,
783 4184 839 4233 et
863 4176 1138 4231 auctorem
1169 4176 1413 4246 protinus
1425 4173 1815 4229 collaudamus.

247 4270 446 4326 Verum
476 4270 616 4325 sicut
653 4267 979 4339 exemplaria
1023 4267 1396 4337 epistolarum,
1439 4279 1559 4335 qua:
1603 4270 1820 4333 aposto-

247 4360 363 4415 lica:
406 4355 796 4413 recordationis
842 4356 1096 4411 decessor
1124 4363 1308 4410 noster
1332 4368 1495 4423 super
1530 4351 1633 4407 hac
1670 4358 1720 4405 te
1763 4350 1818 4406 in

248 4450 476 4517 Gallias,
505 4459 562 4505 et
581 4450 646 4507 ad
671 4465 863 4506 omnes
890 4448 1173 4519 episcopos
1200 4446 1437 4501 ultra....
1466 4443 1670 4515 positos
1702 4442 1821 4498 des-

249 4544 462 4609 tinavit,
514 4543 777 4610 indicant,
825 4552 880 4599 et
926 4541 1084 4598 sicuti
1132 4539 1373 4597 nonnulli
1421 4539 1687 4611 primores
1728 4534 1901 4603 xx,.D

248 4646 372 4700 em,
410 4650 528 4706 qm:
553 4635 607 4688 in
628 4651 727 4690 ms.
748 4634 925 4689 codice
947 4634 1334 4690 desiderantur.

594 4810 603 4815 “
664 4829 731 4869 an
768 4828 1006 4869 svsonuu
1048 4827 1421 4869 rmcassmu.

862 4904 1041 4976 (Auno
1064 4903 1215 4976 868.)

256 4994 452 5067 Probat
497 4995 707 5050 illorum
753 4995 1346 5067 inﬁget/igendisugeslis
1394 4995 1738 5067 diligentiam,
1782 5005 1830 5050 et

324 5066 546 5135 pallium
574 5067 805 5120 concedit
832 5065 1107 5135 Wulfado.
1139 5065 1398 5121 Hortatur
1422 5077 1479 5119 ut
1496 5065 1720 5120 'Nicolni
1744 5081 1833 5119 no-

327 5153 442 5190 men
475 5135 702 5207 scribant
727 5138 784 5190 in
809 5136 1087 5207 diptychis,
1118 5146 1431 5207 caueanlque
1459 5151 1522 5193 ne
1549 5135 1839 5203 quidattam

326 5215 509 5260 contra
545 5206 660 5276 ejus
687 5215 807 5260 acta
837 5204 913 5261 uel
926 5204 1141 5273 decreta
1164 5204 1411 5260 tentetur.

326 5318 603 5375 Annianus
632 5319 937 5389 episcopus,
961 5332 1151 5375 servus
1178 5330 1456 5374 servorum
1487 5315 1605 5383 Dei,
1634 5325 1835 5372 sanctae

257 5418 315 5464 et
339 5411 393 5463 in
415 5407 631 5465 Christo
654 5408 933 5481 diligenda:
957 5409 1164 5482 synodo
1184 5408 1325 5480 apud
1351 5406 1830 5465 Trecascollecta‘.

330 5499 637 5572 Legationis
659 5511 852 5558 vestra:
885 5501 1106 5571 scripta,
1145 5501 1318 5558 beatae
1354 5500 1625 5557 memoriae
1651 5500 1836 5555 deces-

259 5588 372 5645 sori
396 5603 516 5646 meo
542 5604 694 5660 papae
730 5588 949 5646 Nicolao
974 5589 1158 5654 missa,
1187 5604 1287 5645 nos
1310 5586 1422 5659 jam
1450 5588 1504 5647 in
1535 5587 1663 5644 sede
1693 5587 1834 5643 illius

260 5675 439 5737 divina
461 5681 766 5752 dignatione
790 5681 953 5738 locati
969 5682 1324 5750 suscepimus,
1346 5678 1829 5750 promptissimam-

258 5784 364 5839 φο
386 5772 743 5829 obedientiam
770 5782 1022 5837 vestram,
1049 5788 1207 5843 quam
1229 5772 1284 5828 in
1309 5771 1621 5839 colligendis
1646 5770 1826 5842 gestis,

1915 3309 2021 3367 Sed
2041 3306 2183 3379 quod
2208 3304 2299 3360 ille
2325 3317 2431 3358 non
2459 3301 2589 3371 egit,
2610 3309 2736 3353 ecce
2763 3308 2864 3349 nos
2881 3290 3110 3363 egimus.
3129 3279 3495 3379 Quiu‘potius,

1915 3376 2073 3474 quod
2089 3399 2179 3455 ille
2214 3395 2474 3469 perlicere
2515 3390 2928 3450 deliberaverat,
2970 3396 3068 3437 nos
3107 3393 3234 3435 ecce
3260 3376 3372 3432 Deo
3401 3387 3505 3427 au—
3604 3405 3607 3408 μ

1917 3464 2067 3550 ctare
2090 3464 2475 3561 supplevimus.
2506 3481 2623 3539 Non
2652 3478 2846 3551 quippe
2874 3482 2960 3530 est
2983 3469 3268 3528 diversitas
3290 3464 3503 3536 aperis,

1916 3584 2007 3639 ubi
2048 3590 2135 3639 est
2160 3559 2275 3635 una
2309 3577 2607 3645 eademque
2656 3566 2943 3628 concordia
2990 3559 3284 3618 voluntatis
3314 3570 3329 3617 :
3362 3568 3502 3625 pra:-

1917 3678 2104 3732 sertim
2155 3687 2279 3728 cum
2327 3670 2616 3726 debeamus
2652 3665 2702 3721 ei
2747 3664 2801 3719 in
2848 3661 3030 3717 labore
3066 3652 3381 3718 succedere,
3412 3646 3502 3704 cui

1918 3765 2275 3825 successimus
2305 3762 2358 3817 in
2384 3762 2610 3816 honore.
2636 3755 2899 3812 Nimirum
2927 3751 3017 3823 qui
3047 3763 3235 3805 sumus
3265 3752 3326 3799 ut
3352 3738 3523 3797 Psalr

1919 3861 2077 3917 mista
2105 3858 2295 3915 canit:
2332 3852 2438 3909 Pro
2477 3851 2711 3924 patribus
2749 3848 2859 3903 nuli
2894 3843 2991 3914 ﬁlii
3029 3839 3201 3915 (Psal.
3244 3832 3415 3905 μιν),
3448 3839 3505 3886 ct

1919 3950 2224 4014 constituti,
2276 3944 2522 4018 quamvis
2563 3941 2719 4011 longe
2777 3936 2985 3994 meritis
3038 3933 3290 4002 impares,
3343 3936 3522 3993 super.

1919 4057 2135 4101 omnem
2170 4014 2493 4094 universalis
2523 4039 2725 4087 sanctae
2763 4023 3017 4082 Ecclesiae
3057 4031 3276 4076 terram.
3304 4014 3502 4083 Preca-

1921 4150 2043 4192 mur
2070 4139 2275 4196 autem,
2304 4135 2359 4184 et
2395 4126 2744 4182 obsecramus
2774 4120 2827 4175 in
2852 4115 3188 4180 Domino,,.ut
3210 4107 3369 4165 sicuti
3398 4120 3552 4161 nos.

1919 4224 2192 4284 unanimis
2217 4216 2573 4279 fraternitatis
2608 4221 2800 4276 vestra:
2831 4207 3080 4282 precibus
3111 4203 3419 4264 annuimus,
3448 4207 3505 4254 et

1916 4298 2203 4374 (assensum
2226 4312 2292 4367 de
2316 4318 2513 4373 caetero
2547 4320 2652 4360 non
2679 4301 2851 4359 solum
2882 4299 2935 4354 in
2963 4298 3085 4363 beo,
3122 4294 3218 4357 sed
3246 4292 3299 4346 in
3327 4287 3505 4346 omnie

1921 4408 2022 4463 bus
2050 4403 2289 4476 prmbere
2317 4398 2696 4470 disponimus;
2721 4391 2796 4449 ita
2829 4401 3042 4461 quoque
3071 4399 3167 4440 vos
3194 4382 3329 4438 meis
3357 4394 3503 4435 nunc

1927 4499 2067 4555 votis
2093 4492 2405 4551 satisfacere
2429 4482 3028 4562 procurantes,,crebro
3062 4479 3261 4535 dictum
3290 4480 3507 4546 aposto-

1929 4590 2045 4645 lica:
2074 4582 2465 4641 recordationis
2489 4592 2682 4651 papam
2722 4572 3000 4630 Nicolaum
3030 4570 3085 4625 in
3112 4566 3387 4625 codicibus
3420 4563 3508 4618 vel

1929 4677 2201 4750 diptyebis
2234 4671 2589 4730 ecclesiarum
2636 4674 2940 4723 vestrarum
2985 4659 3174 4726 scribi,
3214 4665 3269 4714 et
3311 4667 3507 4711 nomen

1929 4747 2063 4843 ejus'
2090 4767 2230 4822 inter
2267 4777 2421 4821 sacra
2450 4760 2736 4816 missarum
2776 4753 3037 4811 solemnia
3071 4747 3510 4822 imprzetermisse

1935 4840 2150 4920 recitari
2187 4857 2399 4917 faciatis
2432 4874 2445 4909 :
2481 4853 2555 4909 ita
2590 4859 2648 4907 ut
2694 4848 2814 4904 aliis
2859 4860 3074 4920 quoque
3125 4840 3405 4911 fratribus,
3455 4846 3514 4892 et

1935 4955 2584 5010 diteceseon-vestrarum
2636 4936 3030 5002 sacerdotibus,
3074 4933 3305 5003 idipsum
3349 4941 3514 5000 agere

1932 5038 2276 5116 prmcipiatis.
2313 5033 2672 5092 Nihilominus
2712 5044 2840 5087 vero
2873 5027 3117 5089 suadere,
3135 5027 3330 5078 vestrae
3375 5018 3511 5074 dile-

1935 5109 2393 5192 ctioni'curamus,
2423 5133 2478 5181 et
2500 5125 2872 5185 admonemus,
2903 5125 2960 5171 ut
3000 5123 3106 5169 tam
3130 5109 3335 5168 Graecis
3362 5109 3512 5179 prin-

1936 5223 2165 5296 cipibus,
2191 5232 2352 5289 quam
2383 5215 2629 5272 omnibus
2653 5209 2872 5269 omnino
2902 5200 3138 5261 clericali
3168 5196 3513 5269 fungentibus

1936 5288 2123 5369 ordine
2156 5288 2345 5365 contra
2391 5318 2677 5379 personam
2709 5300 2846 5371 ejus,
2884 5295 2971 5353 vel
3015 5301 3135 5348 acta
3169 5304 3264 5347 seu
3295 5288 3511 5345 decreta

1940 5403 2128 5475 ipsius,
2168 5415 2328 5473 agere
2364 5398 2447 5456 vel
2489 5398 2782 5453 decernere
2829 5388 3118 5462 quidquam
3155 5380 3519 5443 tentantibus,

1941 5468 2049 5550 tam
2080 5468 2263 5558 verbo,
2304 5504 2465 5561 quam
2503 5486 2703 5556 scripto
2734 5480 2963 5537 viriliter
3000 5474 3245 5541 obvietis,
3278 5486 3341 5529 ac
3373 5468 3513 5526 vali-

1940 5587 2160 5643 dissime
2203 5580 2487 5639 resistatis.
2523 5576 2766 5633 Scientes
2790 5584 3075 5646 praeterea,
3108 5570 3232 5642 quia
3263 5580 3512 5639 quaecun-

1938 5688 2042 5748 que
2066 5674 2155 5728 bic
2182 5673 2441 5728 adversus
2469 5667 2585 5738 ejus
2617 5679 2924 5737 personam,
2964 5660 3046 5716 vel
3078 5661 3294 5715 decreta
3321 5668 3512 5727 geren—

1939 5777 2044 5831 tur,
2074 5781 2159 5822 me
2196 5764 2282 5819 bis
2310 5776 2580 5832 nunquam
2617 5752 3113 5830 praebiturumfore
3144 5760 3462 5806 consensum
3492 5762 3507 5800 :
