4004 6290
610 242 746 304 156$

1970 250 2247 329 Aeniam
2283 255 2481 311 eam
2521 252 2569 329 ll
2608 332 2613 337 ο
3671 249 3759 307 tau

618 383 720 427 nec
755 368 835 429 eis
863 382 895 423 a
932 365 1360 450 quibuscunque,
1402 359 1489 419 vel
1523 365 2005 435 quomodocunque
2040 365 2190 432 ﬁant,
2217 368 2273 431 Α
2301 376 2385 421 tor
2417 375 2478 421 ut
2509 366 2661 438 pacis
2702 374 2757 421 et
2787 365 3091 435 dilectionis
3118 358 3407 437 vinculum,
3430 380 3537 436 qua:
3559 370 3758 438 majores

617 474 800 516 meum
822 460 1087 515 interesse
1111 455 1326 522 mentis,
1357 455 1443 511 vel
1469 454 1816 521 deﬁnitionis,
1838 464 1933 511 aut
1961 455 2192 526 disposi-

616 551 791 608 tionis
832 545 1108 606 atl'ectum‘.
1160 548 1476 618 Quanquam
1527 548 1572 602 si
1616 547 1839 618 quilibet
1888 548 2195 618 apostolicae

620 638 765 694 sedis
809 638 1236 693 misericordiam
1276 636 1552 692 humiliter
1588 637 2003 706 postulaverint,
2049 637 2193 692 circa

614 723 715 783 hos
739 728 1026 798 prazmissa
1059 724 1426 782 satisfactione
1460 725 1643 780 mitius
1672 739 1831 796 agere
1857 725 2006 780 nullo
2034 724 2195 780 modo

558 858 561 863 ν
591 818 846 874 velimus
871 817 1192 873 inﬁexibiles
1217 830 1496 887 apparere.
1530 817 1761 871 Tantum
1789 831 1856 872 ne
1889 816 2192 888 hujusmodi

617 908 864 964 homines
890 909 970 963 sic
994 909 1356 963 innocentiam
1385 921 1537 961 suam
1569 918 1810 962 asserere
1839 908 2114 973 studeant,
2136 917 2197 963 ut

612 999 668 1053 in
713 999 1112 1054 accusationem
1157 998 1289 1052 tanti
1335 997 1606 1067 pontiﬁcis
1637 997 1979 1068 maximeque
2016 998 2069 1052 in
2099 998 2195 1053 Dei

610 1090 815 1162 judicio
838 1089 1104 1153 collocati,
1127 1104 1343 1160 quoquo
1362 1092 1521 1145 modo
1547 1105 1901 1161 prorumpere
1919 1089 2190 1145 audeant:

611 1184 883 1255 przecipue
918 1199 1037 1238 cum
1069 1182 1249 1248 illum,
1289 1182 1413 1238 dum
1461 1182 1695 1245 advixit,
1736 1196 1895 1238 nemo
1940 1181 2197 1251 impetere

610 1281 1039 1351 praesumpserit,
1070 1280 1151 1335 vel
1193 1293 1315 1334 eum
1353 1279 1419 1334 de
1462 1277 1659 1348 injusto
1700 1277 1901 1347 judicio
1947 1292 2192 1348 arguere,

609 1371 698 1445 vel
744 1371 979 1426 tenuiter
1025 1384 1189 1426 ausus
1232 1370 1530 1436 exstiterit;
1578 1368 1683 1423 nisi
1724 1368 1862 1423 forte
1900 1368 2043 1422 hunc
2074 1367 2195 1436 quis

610 1460 890 1516 humiliter
918 1461 1071 1526 adiit,
1101 1461 1187 1516 cui
1218 1459 1307 1515 ille
1335 1458 1707 1514 satisfactione
1744 1459 1978 1513 nondum
2007 1466 2192 1511 curata

502 1538 505 1541 Α
602 1547 727 1620 jure
775 1552 1049 1607 remittere
1087 1566 1192 1605 non
1246 1551 1539 1607 consensit.
1588 1549 1773 1605 Estote
1829 1550 1997 1620 igitur
2044 1548 2193 1603 circa

607 1640 725 1699 hmo
768 1642 990 1716 vigiles,
1036 1652 1212 1699 estote
1255 1642 1450 1708 fortes,
1502 1653 1556 1699 et
1606 1645 1707 1698 ista
1758 1643 2007 1697 omnibus
2052 1640 2193 1695 ultra

2293 448 2540 515 omnibus
2564 457 2853 511 virtutibus
2880 465 2937 512 et
2957 455 3459 513 bolocautomatibus
3482 456 3555 529 (η
3592 458 3701 516 Par.
3719 466 3756 535 ι),

2294 544 2656 601 insolubiliter
2686 545 2739 600 in
2786 560 2975 601 omnes
3015 553 3067 599 et
3099 546 3327 600 invicem
3364 545 3618 603 observare
3644 552 3755 622 gloria

2294 644 2386 689 tua
2410 650 2509 690 con
2519 637 2719 699 tendat,
2743 642 2797 690 et
2817 635 2958 690 inter
2985 633 3254 703 subjectos
3278 636 3560 696 medullitus
3576 645 3754 699 custodiri

2293 738 2509 794 semper
2552 725 2859 780 admoneat.
2907 725 2964 780 In
3004 726 3107 782 hoc
3141 728 3283 783 enim
3317 729 3456 799 regni
3485 732 3623 786 vestri
3644 744 3755 792 status

2293 816 2492 884 poterit
2522 816 2807 872 incolumis
2829 818 2995 872 tutius
3021 833 3361 889 permanere,
3385 822 3427 875 si
3458 836 3540 877 vos
3568 826 3754 883 neminem

2294 908 2665 963 concutientes
2687 922 2716 962 a
2743 908 2889 963 nullo
2915 910 3131 963 concuti
3154 910 3545 981 dignoscamini.
3568 894 3755 973 Phalerea

2295 996 2545 1052 nolumus
2568 987 2816 1069 ignorare
2851 996 3227 1055 celsitudinem
3257 1009 3421 1065 tuam,
3449 1001 3754 1061 dilectissimum

2295 1100 2351 1148 et
2379 1093 2680 1163 spiritalem
2712 1092 2880 1148 ﬁlium
2911 1102 3154 1149 nostrum
3178 1092 3519 1162 Ludovicum,
3542 1097 3755 1167 piissimum

2295 1191 2350 1239 et
2370 1200 2399 1239 a
2430 1185 2538 1241 Deo
2563 1193 2867 1256 protectum
2894 1186 3301 1257 imperatorem,
3324 1203 3426 1242 non
3452 1188 3663 1246 adversus
3679 1206 3755 1247 san-

2295 1285 2396 1330 cta:
2428 1275 2702 1347 religionis
2728 1276 2888 1342 ﬁlios,
2920 1284 2977 1330 ut
3006 1276 3244 1346 quidam,
3270 1292 3513 1347 pugnare,
3534 1294 3616 1334 nec
3632 1290 3754 1336 contra

2296 1368 2420 1423 ﬁdei
2449 1367 2774 1424 Christianae
2809 1368 3158 1433 domesticos,
3191 1366 3291 1423 sed"
3315 1369 3551 1424 adversus
3573 1369 3756 1426 ﬁliosBe-

2296 1457 2407 1521 lial,
2440 1467 2496 1515 et
2526 1460 2788 1515 adversus
2824 1459 3024 1516 Christi
3055 1460 3290 1514 nominis
3320 1458 3563 1522 inimicos,
3590 1477 3663 1531 pro
3680 1479 3756 1517 saa-

2297 1559 2396 1604 cta:
2424 1549 2695 1615 Ecclesiae,
2733 1559 2788 1606 et
2816 1551 3085 1622 prazcipue
3110 1561 3298 1606 nostra
3328 1552 3608 1617 sccuritate,
3621 1568 3759 1623 proque

2296 1638 2532 1695 ﬁdelium
2581 1640 2898 1696 liberatione
2936 1639 3257 1707 multorum,
3301 1642 3391 1710 qui
3427 1656 3549 1711 pene
3573 1639 3655 1709 jam
3675 1641 3758 1696 ﬁne-

605 1730 770 1805 A'lpes
816 1734 1126 1791 constitutis
1166 1735 1433 1805 episcopis
1487 1734 1833 1798 nuntiantes,
1887 1742 1943 1788 ut
1990 1741 2045 1788 et
2093 1731 2193 1803 ipsi
2228 1729 2270 1789 Β
2300 1739 2456 1787 tenus
2490 1733 2632 1803 apud
2669 1732 2949 1787 Samnium
2995 1731 3459 1803 periclitabantur,
3488 1734 3549 1787 ita
3576 1742 3622 1787 ut
3653 1733 3757 1787 etiam

605 1840 819 1898 quoque
848 1843 1010 1898 super
1046 1828 1131 1885 bis
1172 1827 1386 1883 solliciti
1428 1835 1482 1882 et
1531 1826 1724 1882 intenti
1768 1818 2193 1898 propugnatores

605 1918 733 1978 sint.
767 1917 1090 1973 salutaribus
1118 1919 1336 1973 monitis
1363 1918 1609 1972 incitare.
1643 1917 1777 1983 (lvo,
1807 1922 1960 1988 parte
1989 1932 2040 1979 v,
2067 1931 2189 1985 cap.

606 2004 723 2077 '54.)
754 2005 1017 2073 Quoniam
1056 2007 1102 2061 si
1139 2007 1285 2061 sedis
1328 2005 1635 2077 apostolica:
1670 2004 1883 2075 praesul,
1910 2005 1993 2059 vel
2025 2006 2192 2075 ipsius

605 2095 842 2159 decreta.
861 2097 1200 2153 detestationi
1224 2097 1305 2151 vel
1334 2097 1659 2153 abdicationi
1683 2097 1970 2160 habentur,
1994 2094 2192 2150 nullius

601 2195 843 2243 vestrum
872 2188 955 2242 vel
983 2203 1179 2243 nomen
1203 2189 1284 2243 vel
1308 2188 1609 2243 institutum
1639 2187 1852 2243 ﬁrmum
1884 2195 1974 2242 aut
1997 2187 2193 2243 stabile

601 2290 928 2346 permanere
957 2279 1176 2334 valebit.
1211 2278 1349 2345 Quin
1379 2280 1558 2349 potius
1593 2287 1647 2333 et
1675 2278 2034 2349 dogmatibus,
2072 2292 2193 2347 qua:

602 2364 672 2420 de
707 2376 892 2421 sancta
935 2375 993 2422 et
1034 2368 1305 2422 individua
1339 2366 1602 2422 Trinitate
1640 2384 1670 2421 ιι
1706 2366 2024 2436 praesulibus
2050 2365 2193 2422 sedis

605 2456 914 2525 apostolicae
942 2455 1372 2526 promulgantur,
1404 2456 1656 2511 nonnulla
1686 2464 1912 2526 possunt
1948 2456 2062 2510 ﬁeri
2094 2455 2191 2510 de-

603 2530 881 2611 trimenta,
931 2548 986 2602 si;
1015 2548 1429 2619 praecedentium
1473 2563 1812 2619 quorumque
1860 2555 1914 2601 et
1956 2546 2192 2601 maxime

601 2636 792 2695 Drimm
840 2637 989 2692 sedis
1023 2636 1334 2707 pontiﬁcum
1378 2646 1576 2693 statuta
1633 2637 1712 2691 vel
1759 2635 1872 2700 ulli,
1913 2636 2054 2705 quod
2085 2635 2188 2690 dici

602 2728 759 2783 nefas
783 2738 886 2795 est,
917 2729 1045 2798 quin
1078 2738 1132 2785 et
1168 2731 1283 2799 ipso
1311 2730 1492 2783 auditu
1524 2744 1746 2800 prorsus
1777 2729 2127 2791 horrendum,
2157 2740 2188 2781 a

605 2820 1058 2890 Subsequentibus
1083 2820 1403 2890 quibusque,
1432 2820 1541 2874 imo
1578 2827 1631 2874 et
1668 2818 2032 2880 inferioribus,
2063 2817 2193 2872 abo-

602 2907 788 2965 Iitioni'
818 2909 1029 2965 cuidam
1061 2911 1145 2965 vel
1185 2910 1512 2966 damnationi
1555 2908 1929 2977 snbjiciantur,
1966 2907 2051 2962 vel
2084 2908 2190 2961 im-

601 3006 706 3076 pim
737 3008 1056 3063 temeritatis
1081 3023 1213 3063 ausu
1247 3006 1436 3063 saltem
1465 3005 1560 3062 soli
1593 3003 1924 3076 derogationi
1960 3002 2193 3073 prodan-

2296 1822 2432 1880 ﬁnes
2476 1831 2690 1879 nostros
2746 1822 3023 1879 infestatio
3061 1820 3171 1895 jam
3209 1823 3429 1895 jamque
3462 1822 3755 1878 Saracenonim

2293 1914 2591 1970 invaderet.
2630 1915 2893 1987 Egressus
2934 1930 2965 1969 a
3005 1929 3221 1970 summo
3262 1915 3579 1971 sublimitatis
3615 1917 3758 1986 proprio

2293 2005 2454 2070 solio,
2487 2014 2542 2060 et
2575 2021 2605 2059 a
2640 2006 3003 2077 pacatissima:
3034 2006 3236 2075 quietis
3261 2022 3372 2062 sua:
3409 2005 3757 2071 fundamine,neo

2293 2096 2508 2165 corpori
2542 2097 2738 2166 parcit,
2790 2111 2891 2152 nec
2918 2096 3162 2164 aestibus,
3202 2113 3307 2154 nec
3335 2097 3595 2167 alget-ibus,
3616 2112 3687 2153 nec
3701 2097 3755 2151 de

2293 2186 2457 2257 nique
2490 2187 2612 2242 ullis
2642 2186 2925 2243 eventibus
2950 2186 3126 2253 cedit;
3154 2188 3255 2243 sed
3295 2188 3469 2243 omnia
3497 2187 3754 2250 incommoda.

2291 2275 2471 2329 omnia
2502 2276 2816 2331 discrimina
2842 2290 2941 2347 pro
2962 2274 3166 2332 Christi
3192 2277 3412 2332 nomine
3440 2276 3650 2338 tolerans,
3671 2275 3754 2329 nihil

2291 2372 2372 2418 est
2411 2366 2553 2435 quod
2579 2382 2678 2435 pro
2697 2364 3134 2422 Christianorum
3165 2367 3440 2439 ereptione
3473 2375 3645 2422 recuset
3671 2366 3754 2420 ani

2291 2469 2439 2524 pere,
2466 2456 2600 2510 nihil
2626 2465 2709 2513 est
2728 2456 2869 2526 quod
2897 2471 2996 2527 pro
3032 2455 3274 2512 ﬁdelium
3296 2458 3471 2528 quiete
3509 2472 3562 2511 ac
3583 2455 3755 2526 ρηοδες

2290 2547 2453 2604 clinet
2496 2563 2790 2605 assumere.
2833 2548 3075 2620 Denique
3124 2565 3235 2604 non
3285 2549 3535 2604 modicam
3586 2544 3753 2603 Ecclesia

2291 2647 2489 2692 sancta:
2517 2637 2752 2707 quietem
2782 2652 2880 2708 per
2906 2652 3028 2693 eum
3059 2638 3243 2693 divina
3281 2636 3394 2707 jam
3424 2639 3576 2709 pietas
3608 2643 3751 2705 operata

2290 2739 2392 2799 est,
2419 2746 2527 2786 non
2556 2731 2782 2787 modicae
2811 2744 3141 2801 paganorum
3161 2731 3317 2786 vires
3340 2729 3616 2785 fortitudine
3632 2738 3751 2794 super

2290 2837 2358 2876 na
2384 2832 2668 2894 prostrata:
2693 2821 3141 2893 sunt.,Siquidem
3158 2824 3356 2895 sapius
3370 2821 3563 2878 eosdem
3582 2829 3750 2887 tanqmu

2292 2926 2473 2967 mures
2494 2927 2525 2968 e
2554 2913 2805 2968 cavernis
2829 2913 2943 2967 suis
2967 2927 3220 2982 egressos
3249 2912 3316 2967 ad
3340 2927 3429 2968 sua
3459 2908 3636 2965 latibula
3654 2917 3750 2975 terg!

2293 3012 2506 3059 vertere
2532 3003 2811 3075 compulit,
2841 3012 2896 3058 et
2938 3004 3162 3058 brachia
3194 3012 3384 3059 contra
3427 3009 3608 3058 nostros
3626 3008 3747 3052 exerta

603 3105 712 3149 tur.
749 3095 1005 3152 Sanctam
1046 3095 1439 3153 fraternitatem
1479 3105 1715 3150 vestram
1762 3102 2009 3164 optamus
2048 3105 2190 3146 nunc
2224 3098 2268 3162 ς
2299 3097 2505 3168 potenti
2534 3097 2734 3153 virtute
2757 3096 2995 3153 resolvit.
3035 3095 3174 3165 Quin
3204 3107 3259 3152 ει
3297 3096 3448 3152 nobis
3471 3093 3679 3154 omnibus,
3695 3087 3750 3157 qui

602 3196 661 3243 et
686 3202 899 3259 semper
921 3189 973 3244 in
1004 3188 1218 3245 Christo
1244 3190 1382 3245 bene
1408 3187 1611 3243 valere.
1644 3187 1775 3242 Data
1807 3200 1859 3240 tv
1887 3182 2070 3239 Nonas
2096 3180 2192 3237 πθ·

602 3281 830 3348 bruarii,
865 3281 1374 3352 indictione-prima.

1353 3391 1444 3447 IV.

909 3496 977 3536 AD
1016 3497 1316 3539 LUDOVICUM
1353 3497 1528 3537 REGE]!
1567 3496 1875 3537 ῦΕΒιΙΔΝΙιΕ.

1217 3574 1405 3647 (Anno
1430 3572 1581 3645 868.)

606 3683 691 3742 De
715 3685 940 3741 victoriis
968 3679 1216 3739 Ludovici
1242 3684 1571 3754 imperatoris
1599 3683 1846 3739 adversus
1871 3673 2185 3754 Saracenos,

675 3758 827 3825 cujus
873 3756 1081 3809 interim
1122 3765 1172 3810 et
1213 3756 1449 3810 Lotharii
1482 3755 1659 3809 rratris
1701 3770 1819 3825 qua?
1847 3764 2003 3820 sunt,
2045 3753 2190 3824 tangi

677 3838 836 3881 t'ef’ltl.

677 3938 952 3996 Annianus
979 3941 1286 4011 episcopus,
1318 3951 1508 3995 servus
1536 3950 1816 3995 servorum
1847 3940 1958 4002 det,
1993 3934 2188 3993 dilecto

608 4028 718 4085 ﬁlio
743 4030 1017 4085 Li'DOVlCO
1044 4032 1276 4099 glorioso
1299 4030 1429 4100 regi.

674 4120 823 4176 Inter
864 4122 1085 4176 exordia
1119 4121 1376 4175 divinitus
1402 4120 1658 4185 ordinati,
1705 4118 1830 4176 licet
1860 4118 1912 4175 in
1964 4118 2184 4191 indigno

602 4209 877 4278 ministro,
905 4211 1251 4283 pontiﬁcatus
1279 4212 1402 4275 mei,
1436 4213 1585 4280 pacis
1613 4211 1849 4266 studium
1888 4225 2001 4273 prze
2026 4220 2185 4265 mete-

606 4304 682 4362 ris
707 4300 994 4361 virtutibus
1010 4304 1332 4375 praedicandi
1356 4304 1723 4372 suadendique
1736 4303 1866 4357 mihi
1890 4301 2187 4357 necessitas

608 4412 716 4451 non
762 4394 1205 4451 inconvenienter
1236 4390 1519 4448 incumbit.
1557 4392 1822 4447 Nimirum
1865 4408 1986 4447 cum
2022 4393 2184 4447 etiam

2294 3188 2451 3259 longe
2475 3205 2661 3245 sumus
2684 3197 2740 3244 et
2762 3189 2852 3258 qui
2884 3202 3069 3258 prope,
3094 3202 3307 3257 magnae
3336 3183 3605 3243 securitatis
3631 3176 3751 3250 prasi-

2294 3281 2442 3337 dium
2494 3281 2871 3346 condonavit,
2908 3280 3034 3334 dum
3081 3279 3295 3336 scilicet
3342 3276 3592 3335 nonnullos
3630 3282 3750 3326 eorum

2292 3371 2608 3441 prostravit,
2637 3369 2924 3425 nonnullos
2962 3368 3126 3425 etiam
3152 3370 3225 3424 ab
3267 3383 3447 3425 eorum
3486 3358 3755 3435 superstitioso

2295 3464 2400 3518 ritu
2424 3471 2771 3528 convertens,
2801 3460 3003 3518 Christi
3031 3461 3152 3517 ﬁdei
3181 3471 3241 3518 et
3281 3476 3421 3518 vera:
3457 3453 3673 3528 religionis
3699 3448 3749 3503 iti-

2292 3569 2422 3611 nera
2473 3555 2668 3610 sectari
2707 3553 3007 3626 perdocuit.
3057 3552 3173 3621 Qua
3201 3552 3272 3610 de
3311 3567 3370 3608 re
3405 3558 3561 3605 ratum
3587 3542 3749 3600 ducimus

2289 3655 2526 3704 vestram
2555 3661 2903 3702 commonere
2921 3660 3118 3716 magno
3147 3658 3315 3716 opere
3343 3638 3747 3700 celsitudinemqao

2290 3754 2398 3794 non
2440 3737 2638 3793 vestris
2688 3737 2961 3802 motibus,
3008 3752 3117 3791 non
3164 3736 3398 3791 aliorum
3427 3721 3748 3801 suggestioullm

2292 3828 2524 3895 incitati,
2547 3829 2840 3900 quidquam
2870 3843 2990 3899 qua:
3010 3827 3157 3882 illius
3185 3836 3317 3882 sunt
3340 3817 3745 3887 concutere'przesu'

2289 3922 2470 3977 matis.
2513 3921 2629 3977 Non
2680 3921 2855 3977 solum
2901 3930 3084 3975 autem
3123 3935 3246 3990 quae
3295 3918 3433 3973 illius
3470 3920 3599 3975 sunt,
3627 3915 3746 3990 term!

2288 4011 2450 4067 etiam
2476 4026 2596 4081 quae
2619 4009 2803 4065 fratris
2827 4010 3014 4079 ipsius,
3058 3988 3306 4064 Lotharii
3354 4005 3575 4061 videlicet
3604 3988 3746 4069 gloria!i

2291 4101 2453 4172 regis,
2485 4101 2806 4165 consistunt,
2837 4098 2983 4153 nullo
3009 4112 3353 4154 commovere
3394 4084 3633 4177 patiamini
3650 4090 3747 4177 pro!“

2290 4207 2383 4247 sus
2413 4191 2689 4257 instinctu.
2739 4189 2847 4256 Qui
2873 4189 3019 4244 enim
3068 4188 3240 4259 tangit
3283 4201 3345 4241 ea
3383 4198 3493 4255 qua:
3515 4175 3745 4235 fratrisan

2289 4291 2438 4346 sunt,
2461 4282 2548 4337 illa
2571 4297 2687 4352 qua:
2720 4281 2888 4351 ipsius
2910 4290 3036 4336 sunt
3060 4281 3260 4351 tangit;
3295 4287 3355 4334 et
3375 4275 3460 4346 qui
3487 4271 3606 4327 illum
3640 4260 3745 4316 lito"

2288 4373 2464 4428 victus
2503 4379 2841 4437 commovet,
2896 4370 3040 4425 hunc
3086 4369 3274 4441 procul
3317 4366 3481 4433 dubio.
3507 4359 3746 4416 commovere

606 4489 660 4543 in
719 4486 888 4559 ipsius
934 4481 1227 4542 Dominicze
1275 4484 1573 4540 nativitatis
1626 4486 1894 4556 principio
1943 4485 2185 4541 cmlestis

2162 4500 2185 4541 Β
2214 4455 2264 4514 D
2289 4464 2642 4536 dignoscitur.
2686 4462 3050 4530 Quamobrem
3089 4461 3385 4516 suademus
3415 4463 3466 4511 et
3504 4449 3743 4550 dilectionill

605 4572 881 4634 exercitus
923 4578 1125 4634 militiw
1150 4578 1279 4633 visa:
1311 4578 1448 4641 sint,
1485 4592 1605 4647 quae
1630 4576 1921 4632 clamarent
1950 4590 1965 4628 :
2002 4574 2185 4629 Gloria

607 4666 660 4722 in
686 4669 902 4724 excelsis
933 4667 1063 4733 Deo,
1096 4678 1141 4723 et
1159 4671 1211 4722 in
1239 4677 1377 4722 terra
1398 4684 1504 4738 pax
1523 4664 1817 4721 [taurinibus
1840 4662 1986 4720 bona?
2008 4664 2188 4719 volun-

609 4770 736 4814 tatis
765 4757 916 4832 (Luc.
948 4758 1010 4831 ι).
1062 4758 1157 4814 Ubi
1206 4752 1451 4828 profecto
1492 4758 1720 4835 solerter
1759 4753 2074 4812 intuendum
2105 4744 2191 4811 est

609 4854 736 4925 quia
784 4848 923 4909 sicut
956 4862 1084 4907 tunc
1121 4861 1397 4922 pastores,
1445 4850 1535 4921 qui
1584 4864 1745 4920 super
1782 4860 1997 4918 gregem
2029 4859 2184 4900 suum

606 4959 721 5016 pra:
748 4940 960 5001 czeteris
992 4938 1379 5016 vigilaverunt,
1408 4942 1539 4996 tanti
1587 4935 1804 5010 tripudi'i
1847 4936 2030 4991 videre
2073 4948 2185 5006 prae

608 5037 821 5092 czetcris
842 5032 1035 5106 gaudia
1062 5041 1408 5090 meruerunt:
1436 5033 1505 5087 ita
1538 5047 1636 5085 nos
1657 5040 1786 5085 tunc
1812 5027 1995 5101 procul
2024 5027 2186 5082 dubio

608 5108 907 5184 caelestium
938 5124 1202 5182 bonorum
1232 5120 1471 5178 lzetitiam
1500 5121 1721 5190 adipisci
1752 5119 2100 5181 merebimur,
2140 5117 2184 5171 si

608 5206 769 5288 Super
783 5232 912 5273 oves
936 5212 1241 5272 Dominicas
1256 5214 1482 5269 sollicite
1505 5211 1784 5281 vigilemus
1810 5227 1823 5264 :
1852 5225 1917 5264 ne
1937 5208 2188 5262 videlicet

613 5309 709 5366 has
734 5311 814 5366 vcl
852 5324 948 5379 per
978 5310 1199 5364 insidias
1235 5306 1343 5363 odii
1374 5318 1470 5361 Seu
1510 5303 1792 5360 discordize
1822 5316 1988 5356 vorax
2030 5300 2187 5369 lupus

610 5400 851 5464 invadat,
881 5394 971 5455 vel
986 5416 1081 5468 per
1103 5399 1450 5468 cupiditatem
1475 5396 1663 5449 avidus
1693 5393 1779 5446 ille
1802 5392 1885 5444 leo
1907 5390 2183 5459 dcglntiat,

615 5474 705 5561 qui
757 5493 984 5545 docente
1015 5490 1379 5559 apostolorum
1415 5487 1659 5557 principe
1697 5480 1892 5538 circuit
1937 5495 2187 5551 qtuereus

612 5595 770 5648 quem
801 5580 1039 5632 devoret.
1070 5577 1301 5647 Ideoque
1325 5593 1484 5639 nunc,
1520 5575 1588 5629 iili
1623 5572 1962 5631 charissimc,
1993 5584 2189 5638 oppor-

616 5676 742 5721 tune
770 5669 1071 5739 importune
1091 5668 1313 5734 suadeo,
1340 5667 1601 5721 admoneo
1628 5675 1679 5720 ct
1706 5650 2207 5718 instanteradborr

2290 4563 2523 4609 vestram
2552 4554 2637 4608 his
2662 4553 2909 4623 apicibus
2929 4551 3298 4615 cohortamur,
3330 4556 3386 4602 ut
3416 4540 3587 4612 iniquis
3604 4529 3742 4589 suasit?

2288 4646 2446 4701 nibus
2471 4660 2575 4698 non
2605 4644 2833 4709 cedatis,
2864 4657 2966 4698 nec
2986 4642 3205 4698 sinistra
3238 4631 3625 4695 machinantibus
3645 4629 3744 4721 aures

2289 4735 2707 4791 accommodetis
2738 4753 2758 4803 7:
2790 4734 2885 4789 sed
2916 4725 3282 4802 unusquisque
3322 4737 3541 4784 vestrum
3566 4730 3641 4773 ὥσ
3668 4719 3743 4777 iure

2290 4836 2597 4891 contentus,
2632 4841 2753 4897 qua:
2800 4823 3022 4880 alterius
3050 4832 3176 4879 sunt
3221 4832 3473 4891 usurpare
3499 4827 3586 4868 non
3621 4804 3742 4858 ιειιιείι

2293 4934 2394 4974 nec
2422 4918 2674 4973 invadere
2694 4930 3012 4986 quocunque
3034 4916 3194 4970 modo
3210 4914 3425 4974 nitatur,
3445 4902 3566 4976 quod
3581 4900 3744 4990 invasit-1m

2294 5025 2401 5065 non
2450 4983 2727 5064 modicum
2748 4983 2938 5077 potest
2953 5005 3185 5061 invasuri
3231 5011 3476 5074 generare
3495 4994 3591 5049 sine
3606 4983 3745 5040 dubii?

2296 5103 2440 5158 tione
2469 5102 2782 5157 discrimen.
2809 5098 3092 5153 Provideat
3120 5112 3247 5168 ergo
3275 5086 3533 5166 prudentia
3558 5079 3744 5168 vestram

2286 5192 2399 5263 jam
2440 5194 2550 5248 fato
2589 5188 3101 5269 desiderabilissimo
3141 5161 3250 5243 tilio
3277 5161 3471 5267 Vnostro’
3499 5161 3746 5269 semper

2294 5297 2476 5359 gusto,
2509 5263 2727 5341 causam
2765 5281 2860 5337 Dei
2891 5280 3239 5352 exsequenti,
3283 5289 3334 5333 et
3358 5248 3743 5359 hzereditatcntlk

2296 5343 2425 5435 nmini
2451 5343 2742 5432 vindicanti
2765 5416 2777 5439 ,
2811 5388 2873 5428 ac
2903 5343 3071 5443 ipsius
3097 5343 3234 5426 bella
3276 5360 3534 5440 proelianti.
3556 5343 3745 5445 ψιοιξιίῐξεξ

2294 5469 2671 5526 οιΐρηόίειιιιιιιι
2702 5444 3071 5537 prteparetur,
3115 5479 3224 5534 quo
3262 5467 3448 5518 sanctae
3474 5436 3743 5537 Dei

2296 5560 2487 5629 quavis
2531 5574 2596 5611 ex
2626 5525 2779 5628 paite
2807 5525 3162 5626 impediatur,
3206 5553 3288 5608 vel
3316 5547 3558 5622 profectus
3582 5525 3748 5629 “MT:

2297 5652 2651 5708 excludatur:
2682 5649 2772 5704 sed
2795 5651 2972 5718 potius
3009 5648 3109 5701 tela
3145 5657 3315 5702 vestra
3354 5619 3740 5714 paganorum'at‘les
