4004 6290
147 347 291 405 ηδε

1367 335 1731 398 Eptsrous
1772 335 1860 395 E'i‘
1902 311 2270 394 oecums.‘

3295 321 3438 392 ηδε

155 466 415 532 paveant,
445 467 499 514 ct
522 457 701 526 iacula
725 463 903 512 vestra
929 455 983 512 hi
1009 455 1101 526 qui
1137 455 1254 510 sine
1278 453 1387 509 Deo
1424 462 1551 510 sunt
1573 459 1731 513 acuta
1764 455 1810 514 Α
1840 462 1895 508 et
1917 461 2020 522 pro
2048 449 2394 508 simulatione
2445 451 2641 522 potiori
2701 437 2841 508 nexu
2900 452 3171 524 ligaberis.
3215 452 3428 508 Etenim

157 551 455 622 reperiant.
488 549 626 616 Quin
651 549 883 618 penitus,
920 547 1214 603 secundum
1239 545 1580 616 Apostolnm,
1637 558 1742 598 non

155 645 230 698 sit
256 643 418 698 vobis.
438 641 744 696 colluctatio
771 641 1030 695 adversus
1055 654 1276 694 carnem
1311 646 1366 692 et
1400 636 1742 706 sanguinem,

157 737 214 790 id
243 743 329 790 est
359 734 628 793 homines,
659 733 752 786 sed
778 733 1040 786 adversus
1059 731 1331 801 principes
1350 737 1404 781 et
1424 735 1743 797 potestates,

157 827 424 882 adversus
448 824 631 880 mundi
663 833 901 878 rectores
929 823 1276 879 tenebrarum
1310 822 1525 882 harum,
1557 827 1746 873 contra

157 915 425 988 spiritalia
454 914 708 985 nequitia:
729 914 782 968 in
807 913 1116 969 etelestibus
1135 911 1350 982 (Ephes.
1374 909 1470 981 vn).
1496 897 1747 977 Alioquin

157 1023 389 1064 manum
437 1005 746 1078 apostolicae
782 1005 927 1060 sedis
953 1021 1080 1061 cum
1107 1005 1296 1058 eodem
1320 1002 1568 1074 piissimo
1601 991 1750 1069 prin-

157 1103 284 1172 cipe
310 1101 529 1172 fortiter:
543 1115 662 1155 esse
683 1099 1012 1170 cognoscite,
1039 1105 1094 1152 et
1123 1111 1274 1150 arma
1305 1104 1492 1150 nostra
1525 1092 1598 1146 illi
1630 1107 1750 1146 mu-

157 1194 369 1248 nimina
400 1160 731 1247 valuitis'sima
769 1190 1136 1250 conferentia,
1169 1203 1382 1244 summo
1425 1185 1750 1256 agonotbeta

155 1286 320 1340 nobis
347 1295 695 1340 concertante
713 1325 726 1347 ,
748 1292 802 1337 et
831 1285 1111 1338 beatorum
1134 1282 1438 1352 principum
1471 1267 1746 1348 apostolo-

158 1391 285 1430 rum
315 1375 702 1430 intercessione
730 1383 1076 1443 cooperante,
1118 1380 1416 1444 praeparata
1445 1372 1561 1425 sine
1591 1383 1752 1424 cunc-

161 1468 371 1522 tatione
397 1467 737 1537 prmnoscite.
770 1467 1038 1537 Optamus
1087 1467 1317 1537 gloriam
1342 1474 1582 1520 vestram
1610 1478 1754 1518 nunc

84 1551 86 1553 ’
161 1570 220 1616 et
243 1575 461 1628 semper
505 1560 558 1613 in
599 1559 816 1614 Christo
854 1559 1068 1622 valere,
1100 1557 1450 1614 dilectissime
1476 1555 1573 1610 ﬁli.
1617 1552 1750 1610 Data

161 1653 472 1724 pridieldus
502 1652 843 1717 Februarias,
871 1651 1166 1706 indictione
1194 1650 1389 1721 prima.

935 1785 1004 1842 Υ.

722 1917 789 1956 ΑΒ
827 1915 1183 1957 ιγΑιοιιΑηῐιιιΜ.

772 2016 947 2088 (Anno
997 2015 1147 2086 868.)

166 2127 542 2196 Wafdmdam,
567 2128 689 2201 quia
727 2131 1004 2198 resipuisse
1050 2128 1351 2201 dicebatur,
1375 2125 1632 2201 Ludovici
1655 2126 1756 2201 inp-

240 2203 495 2271 peratoris
532 2195 770 2268 rogatu,
825 2195 1176 2271 communioni
1227 2197 1480 2271 Ecclesite
1510 2195 1757 2263 restituit,

241 2269 302 2326 ea
342 2272 450 2341 lege
477 2280 534 2325 ut
564 2271 632 2325 ad
662 2271 901 2325 Lotharii
927 2270 1227 2324 societatem
1261 2285 1364 2322 non
1392 2269 1590 2322 redeat.

248 2385 415 2440 Nemo
443 2385 600 2456 plane
621 2384 830 2439 dubitat
867 2383 1066 2438 nullum
1097 2385 1305 2438 facinus
1328 2399 1471 2446 esse,
1496 2381 1637 2452 quod
1664 2381 1762 2437 Ec-

171 2477 336 2532 clesia
365 2477 485 2530 data
513 2475 612 2530 sibi
642 2475 900 2529 divinitus
928 2482 1194 2544 potestate
1241 2474 1309 2526 ab
1338 2487 1403 2526 eo
1441 2470 1757 2525 desistenti-

173 2571 274 2622 bus
309 2584 413 2622 non
437 2557 606 2637 possit
635 2565 936 2628 absolvere,
969 2575 1024 2619 et
1070 2563 1458 2635 pmnitentibus
1491 2562 1759 2628 relaxare,

175 2660 260 2714 cui
283 2660 481 2714 dicitur
515 2676 526 2711 :
557 2657 894 2726 ercunque
920 2657 1225 2711 dimiseritis
1251 2673 1408 2725 super
1449 2664 1662 2718 terram,
1682 2653 1764 2706 di-

178 2753 335 2805 missa
357 2761 508 2805 erunt
533 2761 578 2805 et
616 2751 670 2803 in
702 2748 842 2803 caelis
866 2766 882 2802 :
902 2758 950 2802 et
983 2764 1306 2818 qua’cunque
1331 2745 1586 2800 solreritis
1609 2761 1766 2816 super

177 2855 390 2910 terram,
416 2843 587 2898 soluta
612 2851 762 2897 erunt
785 2853 832 2896 et
857 2843 908 2896 in
939 2843 1078 2896 caelis
1110 2840 1128 2913 (
1163 2839 1355 2895 Matth.
1402 2852 1561 2901 xvttt,
1600 2835 1761 2891 Joan.

179 2933 295 3005 9.0).
329 2933 384 2987 ln
435 2933 842 3004 quibuseunque
876 2931 1055 2986 omnia
1088 2938 1232 2993 sunt,
1264 2936 1681 2999 quantacunque
1712 2933 1767 2981 et

181 3027 572 3096 qualiacunque
621 3026 747 3081 sint.
777 3024 929 3092 Quod
959 3024 1121 3077 etiam
1177 3022 1231 3077 in
1258 3021 1527 3076 sententia
1559 3029 1647 3074 tua
1676 3034 1763 3073 ra-

182 3116 509 3170 tionabiliter
559 3115 955 3169 observandum
984 3123 1086 3177 est,
1118 3128 1224 3182 qua
1284 3111 1409 3166 licet
1435 3110 1595 3164 fuerit
1626 3109 1763 3165 obli-

181 3219 328 3279 gata,
353 3210 477 3277 quia
513 3217 714 3273 tamen,
746 3208 884 3261 sicut
911 3206 1225 3270 multorum,
1254 3204 1347 3259 sed
1392 3195 1659 3273 principue
1683 3200 1764 3256 di-

182 3301 457 3356 lectissimi
487 3301 578 3356 ﬁlii
604 3302 772 3356 nostri
801 3300 1054 3356 Ludovici
1080 3298 1486 3355 clementissimi
1515 3294 1762 3367 Augusti,

183 3393 267 3448 cui
303 3393 432 3447 fides
457 3393 509 3446 in
534 3392 785 3448 omnibus
813 3391 1114 3446 adhibenda
1141 3399 1244 3455 est,
1279 3388 1544 3444 relatione
1579 3386 1767 3442 didici-

184 3506 325 3554 mus,
357 3506 385 3545 a
409 3505 580 3553 nmvo,
603 3505 711 3559 quo
737 3489 1010 3544 tenebaris
1042 3486 1325 3546 obstricta,
1359 3483 1652 3553 resipuisse
1680 3480 1765 3536 di-

184 3583 344 3644 ceris,
375 3589 430 3636 et
457 3581 526 3640 ab
554 3580 934 3642 obstinatione,
960 3593 1063 3648 qua
1084 3576 1358 3631 videbaris
1407 3587 1636 3637 annexa,
1661 3571 1770 3626 dis-

183 3675 410 3731 Cessisse
439 3673 700 3738 narraris,
727 3671 945 3742 pietatis
972 3669 1064 3724 tibi
1085 3669 1293 3722 viscera
1320 3667 1536 3721 noveris
1563 3665 1623 3718 et'
1640 3677 1770 3734 apo-

185 3765 389 3819 stolicac
433 3764 576 3818 sedis
607 3771 810 3832 aperta.
844 3769 896 3816 et
922 3769 1030 3814 tam
1062 3756 1290 3813 vinculis
1323 3753 1689 3811 anathematis
1715 3760 1772 3807 et

186 3852 763 3910 excommunicationis
786 3858 1027 3913 exutam,
1054 3863 1212 3918 quam
1245 3854 1563 3901 cunctorum
1612 3843 1770 3899 Chri-

187 3945 510 4008 Stianorum,
545 3943 636 3996 Dei
665 3951 719 3996 et
751 3943 1030 3996 beatorum
1061 3941 1360 4011 primorum
1401 3935 1765 4007 apostolorum

185 4035 528 4100 auctoritate,
562 4033 804 4089 societati
862 4032 1146 4096 redditam,
1203 4039 1365 4100 atque
1407 4025 1772 4082 communioni

187 4136 238 4183 te
260 4124 432 4200 gaude
460 4126 735 4182 reductam
764 4141 776 4177 :
809 4125 880 4178 ita
915 4132 972 4177 ttt
1003 4123 1257 4191 deinceps
1286 4119 1572 4175 ecclesiam
1598 4101 1774 4188 ingreQ

186 4210 387 4279 diendi,
420 4225 474 4270 et
519 4215 729 4278 orandi,
788 4213 1238 4282 convivandique,
1269 4226 1362 4266 seu
1391 4225 1513 4266 cum
1562 4208 1775 4264 caeteris

185 4306 512 4362 Christianis
543 4303 814 4375 loquendi,
848 4304 920 4356 sit
945 4303 1037 4358 tibi
1067 4312 1290 4356 auctore
1315 4302 1426 4356 Deo
1450 4301 1573 4354 data
1602 4298 1766 4354 lieen-

187 4397 259 4452 tia
287 4416 298 4452 :
328 4397 537 4468 praefati
562 4397 824 4452 duntaxat
850 4395 992 4466 regis
1018 4394 1284 4459 societati,
1309 4401 1529 4464 propter
1571 4390 1775 4460 antiqui

188 4490 363 4545 hostis
407 4489 699 4553 versutias,
749 4487 893 4541 nullo
941 4495 1102 4556 pacto
1152 4485 1366 4556 penitus
1440 4481 1768 4538 adltzerendi.

187 4581 338 4651 Quod
370 4591 548 4637 tamen
596 4581 936 4646 beneficium,
970 4595 1277 4652 quanquam
1314 4580 1418 4635 hoc
1470 4576 1772 4633 moderatio

185 4671 486 4744 ﬂagitasset
537 4671 923 4736 ecclesiastica,
956 4687 1074 4742 qua:
1101 4672 1240 4726 sicut
1274 4670 1593 4725 incorrectis
1619 4667 1774 4723 inﬂe-

186 4767 391 4829 xibilis,
417 4767 490 4819 ita
512 4763 773 4819 correctis
803 4778 1019 4833 semper
1044 4763 1202 4818 debet
1241 4777 1360 4817 esse
1398 4760 1666 4825 ﬂexibilis,
1693 4761 1776 4814 in-

187 4856 443 4911 stantiam
469 4868 688 4925 precum
721 4860 777 4908 et
804 4850 1282 4922 incomparabilem
1313 4850 1653 4925 dilectionem
1684 4848 1777 4902 de-

189 4923 497 5003 siderabilis
525 4953 580 4998 et
608 4943 904 5015 spiritualis
937 4942 1030 4997 ﬁlii
1057 4942 1226 4996 nostri
1249 4940 1360 5010 jam
1415 4923 1697 4994 memorati
1723 4943 1778 4992 et

185 5039 388 5109 jugiter
418 5035 755 5092 memorandi
786 5035 1034 5105 Augusti,
1060 5043 1168 5087 tam
1208 5032 1302 5088 tibi
1329 5031 1580 5088 celeriter
1609 5031 1778 5101 impe«

193 5139 367 5183 trasse
392 5142 678 5200 cognosce.
704 5127 869 5198 Cujus
914 5125 1124 5182 scilicet
1157 5125 1468 5197 postulatio,
1499 5125 1640 5179 sicut
1669 5139 1776 5178 non

190 5220 293 5298 nisi
319 5220 463 5292 iusta
493 5221 750 5286 creditur,
807 5219 876 5274 ita
928 5233 1143 5291 quoque
1200 5218 1362 5272 modo
1408 5213 1778 5287 postponend‘a

194 5329 302 5368 non
328 5312 565 5368 ducitur.
599 5310 796 5367 Verum
826 5322 881 5366 tu
915 5312 992 5367 sic
1017 5321 1068 5367 te
1095 5311 1161 5366 de
1212 5318 1412 5366 caetero
1460 5309 1616 5364 stude
1663 5324 1781 5362 mu-

196 5408 330 5472 nire,
355 5416 411 5462 ut
441 5409 639 5463 donum
680 5407 984 5473 solutionis,
1039 5405 1182 5476 quod
1239 5406 1290 5461 in
1329 5414 1474 5460 terra
1500 5402 1782 5474 percipere

194 5500 456 5561 cerneris,
483 5498 536 5552 in
561 5497 698 5552 (εωιο
728 5497 834 5553 Deo
859 5506 1082 5553 auctore
1105 5497 1379 5552 veraciter
1435 5509 1629 5565 capere
1664 5508 1780 5548 me-

196 5588 384 5640 rearis.
412 5587 546 5641 Nam
576 5587 620 5642 si
657 5597 706 5643 te
733 5603 914 5642 coram
938 5588 1188 5642 humanis
1212 5586 1381 5642 oculis
1403 5583 1782 5638 absolvendum

197 5677 442 5742 exhibes,
467 5668 522 5732 et
549 5693 730 5733 coram
765 5678 858 5733 Dei
885 5679 1264 5748 conspectibus
1318 5676 1552 5746 obligata
1606 5676 1782 5737 censi:

199 5770 317 5834 stis,
352 5785 452 5826 nec
482 5771 623 5826 nodo
650 5787 824 5837 cares,
859 5787 960 5826 nec
991 5772 1202 5826 veniam
1233 5770 1511 5837 impetras.
1543 5769 1786 5828 nuiuimo

1847 546 2028 600 divino
2059 545 2231 600 fertur
2285 544 2508 599 oraculo
2533 543 2585 615 (1
2612 543 2740 615 Reg.
2784 544 2920 614 rm),
2947 543 3072 613 quia
3102 545 3260 598 homo
3286 544 3433 598 videt

1847 637 1900 692 in
1960 621 2176 698 faciem,
2205 638 2346 691 Deus
2376 643 2558 690 autem
2586 651 2681 690 eor
2730 635 2990 689 intuetur.
3019 633 3162 707 Ergo
3187 647 3256 688 ne
3283 633 3429 688 deleo

1847 730 2012 785 cteris
2035 731 2088 784 in
2117 729 2335 793 inﬁmis,
2365 728 2459 782 sed
2493 741 2723 803 superna
2746 726 2926 780 cordis
2961 725 3172 781 intuere
3218 738 3434 794 semper

1847 823 2141 878 obtutibus.
2203 821 2415 878 Caduca
2465 829 2591 876 sunt
2642 835 2762 890 quae
2807 827 3121 884 cernuntur,
3155 833 3275 886 qua:
3302 829 3434 872 vero

1847 931 1954 972 non
1984 916 2238 971 videntur
2256 923 2456 970 :eterna
2485 912 2806 968 consistunt.
2837 910 2957 965 Noli
2987 927 3116 982 rogo
3143 926 3240 980 pro
3266 918 3438 965 terre-

1848 1007 1934 1063 nis
1962 999 2227 1072 cmlesti'a,
2257 1021 2356 1078 pro
2380 1003 2684 1060 visibilibus
2715 1001 2925 1074 gaudiis
2947 1002 3172 1070 perdere
3200 1002 3415 1070 gaudia,

1849 1113 1969 1168 quae
1990 1097 2206 1168 quidem
2233 1111 2333 1150 nec
2355 1093 2584 1163 cogitari
2616 1092 2907 1147 sufﬁciunt.
2939 1090 3132 1144 Nullus
3159 1090 3256 1143 tibi
3287 1088 3438 1143 blan-

1852 1189 2062 1252 diatur;
2104 1187 2194 1256 qui
2249 1186 2392 1240 enim
2447 1193 2498 1238 te
2549 1181 2886 1245 beatiﬁcant,
2916 1180 3014 1250 ipsi
3046 1188 3098 1235 te
3142 1179 3437 1246 decipiunt.

1855 1280 2096 1348 Denique
2121 1278 2551 1348 quantiscunque
2602 1272 2959 1328 velaminibus
2985 1271 3196 1340 justitia
3219 1279 3273 1326 et
3300 1270 3442 1324 veri-

1854 1378 1936 1424 tas
1965 1369 2285 1433 occultetur,
2316 1366 2640 1439 quandoque
2666 1373 2848 1418 tamen
2901 1357 3245 1434 splendorem
3296 1360 3442 1415 foras

1854 1478 1966 1518 suae
2019 1457 2282 1516 claritatis
2336 1457 2566 1517 emittet,
2597 1469 2698 1510 nec
2745 1454 2944 1525 poterit
2971 1453 3193 1530 omnino
3237 1451 3444 1506 diutius

1854 1550 2041 1606 nubilo
2063 1565 2220 1605 saevae
2243 1533 2575 1604 delensionis
2599 1544 2814 1602 obduci.
2841 1543 3016 1611 Quod,
3045 1542 3260 1597 favente
3307 1541 3442 1605 Deo,

1857 1651 1969 1697 tam
2000 1641 2144 1697 sedis
2171 1637 2480 1709 apostolica:
2511 1635 2708 1699 studio,
2731 1650 2899 1710 quam.
2924 1633 3210 1689 rectissimi
3236 1631 3442 1701 princi-
3484 1654 3487 1657 ·

1739 1743 1743 1747 ’
1789 1803 1805 1805 _
1859 1735 1964 1805 pis,
2014 1729 2318 1788 charissimi
2366 1727 2616 1783 videlicet
2660 1726 2754 1780 ﬁlii
2805 1725 2996 1790 nostri,
3044 1723 3444 1796 cuivnunquam

1786 1803 1833 1863 Β
1863 1803 2122 1881 tortitudo
2149 1821 2401 1892 quaelibet
2425 1817 2955 1890 aliquandozplacuit,
2990 1817 3082 1872 sed
3108 1831 3206 1871 nec
3227 1815 3448 1886 placere

1859 1933 2072 1988 quoquo
2120 1915 2282 1971 modo
2329 1911 2556 1985 poterit,
2588 1908 2974 1977 sollicitudine,
3008 1909 3191 1966 radios
3218 1923 3345 1964 suos
3386 1915 3447 1962 ut

1858 2010 1988 2068 solis
2016 2009 2219 2065 candor
2245 2007 2517 2064 extendet.

2615 2141 2702 2196 τι.

2291 2275 2360 2316 AD
2399 2276 2481 2315 ΕΝ
2490 2273 2678 2316 SCOPOS
2719 2270 3002 2315 GERMANLE
3013 2297 3026 2311 .

1860 2377 2131 2433 Asolutam
2163 2391 2192 2430 a
2220 2391 2275 2430 se
2295 2373 2668 2437 ll’aldradam,
2705 2355 2758 2426 et
2804 2369 3206 2440 congruentibus
3234 2367 3448 2423 monitis

2344 2446 2652 2498 instructam
2688 2441 2968 2513 signiﬁcat.

1931 2559 2208 2613 ADBIANUS
2262 2556 2570 2626 episcopus,
2600 2568 2788 2609 servus
2820 2565 3099 2607 servorum
3145 2549 3260 2616 Dei,
3294 2562 3450 2604 reve-

1863 2649 2190 2705 rentissimis
2234 2655 2290 2701 et
2328 2643 2682 2700 sanctissimis
2727 2641 3092 2698 confratribus
3131 2640 3334 2694 nostris
3363 2655 3453 2694 ar-

1864 2739 2219 2811 chiepiscopis
2248 2748 2302 2794 ct
2340 2736 2606 2808 episcopis
2634 2735 2686 2790 in
2722 2749 2888 2806 regno
2933 2731 3186 2788 Ludovici
3234 2728 3452 2802 gloriosi

1868 2834 2008 2904 regis
2034 2831 2364 2887 constitutis.

1938 2922 2092 2978 Sicut
2119 2919 2406 2977 obstinatis
2427 2928 2482 2975 et
2511 2916 2966 2988 incorrigibilibus
3012 2915 3237 2974 debetur
3279 2911 3455 2967 vindi-

1867 3024 1976 3079 cta,
2019 3013 2092 3066 ita
2125 3026 2154 3066 a
2180 3010 2646 3078 conversis’atque
2703 3005 2970 3063 correctis
3025 3002 3326 3059 amovenda
3371 3009 3455 3056 est

1870 3106 2002 3162 ultio
2027 3112 2081 3160 et
2108 3101 2411 3157 adhibenda
2440 3100 2668 3156 curatio.
2699 3098 3044 3168 Quapropter
3065 3111 3165 3152 nos
3205 3088 3456 3150 Waldra-

1869 3200 1972 3264 dae,
2001 3212 2120 3267 quae
2145 3194 2434 3249 multorum
2476 3201 2536 3247 ut
2581 3191 2815 3248 refertur
2842 3192 3187 3246 attestationc
3209 3203 3238 3241 a
3265 3187 3453 3259 pristi-

1867 3291 1951 3346 nis
1970 3298 2024 3346 et
2050 3288 2253 3343 illicitis
2283 3284 2566 3341 affectibus
2611 3284 2676 3340 ad
2719 3282 3056 3340 salutiferum
3101 3278 3457 3337 correctionis

1867 3385 1969 3440 iter
2007 3397 2264 3439 conversa
2295 3388 2402 3445 est,
2442 3378 2677 3433 remedia
2738 3375 3102 3432 miserationis
3151 3371 3459 3443 apostolicae

1867 3477 2013 3533 sedis
2044 3474 2302 3530 exhibere
2324 3469 2700 3534 consensisse,
2718 3467 2974 3539 illamque
3000 3463 3215 3520 vinculo
3241 3477 3454 3518 excom-

1867 3563 2249 3623 municationis
2295 3561 2380 3617 vel
2455 3559 2818 3614 anathematis
2875 3555 3198 3611 auctoritate
3251 3551 3346 3608 Dei
3400 3558 3458 3610 et

1867 3657 2167 3728 principum
2197 3651 2560 3723 apostolorum
2587 3648 2885 3704 absolvisse
2914 3645 3222 3717 cognoscite
3249 3661 3261 3699 :
3292 3644 3364 3698 ita
3393 3649 3459 3695 ut

1870 3749 2125 3816 deinceps
2147 3742 2360 3798 Domini
2390 3739 2690 3796 Ecclesiam
2721 3737 3076 3808 ingrediendi,
3123 3743 3178 3789 et
3231 3733 3455 3799 orandi;

1871 3835 2322 3904 convivandiqne,
2351 3848 2442 3888 seu
2468 3846 2588 3886 eum
2619 3830 2830 3886 caeteris
2849 3827 3177 3885 Christianis
3200 3823 3459 3895 loquendi

1872 3929 1941 3984 sit
1977 3925 2026 3980 ei
2057 3931 2277 3979 auctore
2323 3921 2430 3977 Deo
2475 3933 2731 3976 concessa
2760 3917 2994 3973 licentia.
3021 3914 3122 3971 Cui
3153 3913 3460 3968 Waldradre

1873 4017 2120 4074 videlicet
2146 4013 2510 4086 competentia
2538 4009 2740 4066 monita
2769 4007 3176 4071 destinavimus,
3231 4011 3286 4058 et
3342 4017 3464 4072 quae

1873 4109 2269 4167 conveniebant
2296 4104 2491 4160 litteris
2538 4100 2856 4157 inculcanda
2914 4097 3298 4168 praevidimns;
3329 4109 3461 4164 qua-

1873 4219 1992 4260 rum
2036 4199 2244 4256 scilicet
2289 4194 2592 4253 litterarum
2624 4200 2829 4247 textum
2857 4189 2959 4244 sibi
2980 4195 3161 4242 vestra
3209 4183 3465 4240 fraterni-

1875 4304 1958 4349 tas
2003 4291 2252 4348 exhiberi
2313 4301 2657 4356 summopere
2702 4281 2957 4355 postulet.
2988 4280 3054 4334 Et
3107 4278 3363 4349 quoniam
3391 4277 3464 4331 ita

1873 4384 2147 4450 convenit,
2174 4400 2202 4436 a
2232 4380 2382 4436 vobis
2406 4376 2730 4448 exigendum
2756 4382 2811 4428 et
2841 4369 3238 4443 agnoscendum
3270 4367 3430 4421 decer
3459 4393 3478 4411 ο

1877 4477 2075 4540 nimus,
2099 4481 2364 4545 quatenus
2419 4484 2516 4540 per
2549 4468 2651 4523 hoc
2674 4465 2813 4520 scire
2843 4462 3020 4516 valeat
3050 4466 3231 4513 vestra
3262 4455 3433 4512 sancti

1881 4579 1962 4624 tas
1990 4565 2297 4639 apostolica:
2341 4563 2486 4619 sedis
2533 4557 2863 4615 austeritatis
2904 4563 2958 4609 et
3011 4550 3440 4607 mansuetudinis

1881 4659 2214 4717 remissionis
2238 4665 2292 4712 et
2318 4651 2697 4710 refrenationis
2728 4647 2947 4712 indicia,
3009 4652 3066 4698 et
3113 4641 3445 4697 moderantis

1880 4755 2030 4809 sima:
2055 4747 2396 4806 discretionis
2423 4759 2647 4816 prorsus
2675 4739 2925 4812 insignia.
2955 4735 3219 4808 Optamus
3267 4731 3443 4789 sancti

1884 4851 2050 4898 tatem
2098 4848 2333 4894 vestram
2366 4836 2418 4890 in
2447 4833 2665 4890 Christo
2712 4831 2850 4884 bene
2901 4826 3104 4882 valere.
3132 4825 3268 4880 Data
3296 4820 3458 4894 pridie

1885 4939 2007 4994 ldus
2029 4933 2376 4997 Februarias,
2409 4929 2701 4987 indictione
2731 4924 2924 4996 prima.

2624 5037 2736 5092 VII.

2258 5151 2326 5191 AD
2363 5147 2611 5190 CABOLUI
2647 5142 2860 5187 CALVUI
2901 5137 3094 5181 BEGBI.

2500 5225 2677 5297 (Anno
2710 5222 2861 5292 868.)

1887 5323 2175 5394 Respondet
2214 5321 2400 5394 litteris
2428 5335 2568 5394 quos
2592 5315 2661 5394 ad
2689 5311 2970 5394 Nicolaum
2996 5309 3060 5362 de
3087 5303 3466 5394 liberatae-seri:

1961 5374 2169 5465 ῥὶὲῖἇίέ
2195 5374 2417 5465 pallium
2440 5374 2666 5465 'l'l’lfade
2707 5381 2976 5465 concedit;
3015 5379 3220 5465 petiit‘att‘
3239 5374 3468 5430 Actardo

1965 5447 2134 5535 Ifareat
2152 5447 2224 5517 ad
2251 5472 2516 5516 vacantem
2542 5447 2813 5509 ecclesiam
2835 5447 3244 5522 adipiscendam.

1961 5580 2235 5634 Annuscs
2263 5574 2571 5645 episcopus,
2601 5583 2789 5623 servus
2823 5577 3099 5619 servorum
3127 5559 3245 5623 Dei,
3278 5529 3474 5615 «ιιιεῶ

1894 5671 2006 5733 ﬁlio
2031 5670 2248 5725 Canam
2273 5664 2506 5736 glorioso
2532 5659 2642 5730 regi

1962 5762 2229 5817 Actardus
2277 5753 2598 5811 venerabilis
2635 5755 2904 5820 quondam
2951 5743 3277 5801 Namncticaz
3322 5738 3477 5794 urbis
