4004 6290
686 311 827 383 tssr

2003 305 2283 365 nonnum
2320 308 2522 369 ram
2559 308 2607 366 tt
2720 324 2729 331 ·
2761 278 2769 282 ”
3738 326 3811 386 litt

696 426 997 506 episcopus,
1043 423 1110 489 ad
1144 424 1434 495 apostolica
1470 422 1791 494 perveniens
1826 423 2033 490 limina,
2078 434 2271 481 vestra:
2300 428 2344 487 Α
2374 427 2777 498 apostolorum,
2837 436 3057 487 necnon
3091 436 3165 485 et‘
3193 431 3447 486 honorem
3485 432 3611 491 sedis
3638 434 3809 506 ipsorum,

696 504 1028 575 celsitudinis
1061 514 1340 588 epistolam
1367 514 1576 583 detulit,
1598 529 1761 586 quam
1785 514 2002 585 quidem
2027 529 2124 572 vos
2146 530 2272 571 san-

650 656 654 660 .
695 618 796 662 ctae
819 607 1093 663 memorite
1129 607 1398 663 decessori
1441 621 1563 663 meo
1605 620 1757 676 papae
1789 601 2010 662 Nicolao
2033 604 2272 663 destina-

693 697 824 763 stis;
863 698 957 755 sed
984 712 1085 757 nos
1102 697 1359 769 jam‘vice
1382 696 1523 752 illius
1544 697 1596 753 in
1626 696 1917 768 apostolica
1942 697 2070 753 sede
2083 696 2272 768 digna-

693 791 841 844 tione
889 805 954 847 ac
996 790 1342 847 miseratione
1381 788 1577 844 divina:
1616 789 2001 861 magnitudinis
2032 788 2269 847 ordinati

691 878 1049 948 suscepimus.
1078 874 1236 937 Unde
1260 892 1381 949 quae
1401 878 1471 934 ab
1496 877 1587 934 illo
1610 877 1846 951 llagitata
1873 887 2019 946 sunt,
2050 895 2147 935 nos
2173 895 2270 952 pro

690 970 922 1034 viribus,
940 969 1144 1041 indigni
1168 967 1296 1028 licet
1314 968 1577 1037 hatredes,
1606 968 1874 1041 supplere,
1899 977 1955 1027 et
1972 969 2271 1042 opitulante

690 1060 931 1127 Christo,
959 1060 1100 1118 forte
1140 1069 1395 1137 tanquam
1445 1076 1554 1117 non
1599 1060 1797 1133 ingratl
1843 1060 1935 1119 lilii
1988 1071 2268 1133 paternum

689 1154 931 1209 debitum
987 1152 1297 1223 persolvere
1355 1153 1773 1210 maturavimus.
1822 1152 2069 1220 Quandiu
2123 1154 2268 1213 enim

688 1243 885 1299 merita
932 1244 1074 1300 beati
1111 1242 1255 1300 Petri
1299 1244 1526 1315 apostoli
1568 1242 1700 1309 Deo,
1739 1243 1824 1298 cui
1853 1243 2036 1298 omnia
2062 1243 2267 1309 vivunt,

687 1349 797 1390 nou
827 1334 1145 1395 moriuntur,
1171 1349 1510 1405 nequaquam
1539 1332 1662 1391 ﬁdei
1691 1348 1801 1390 suae
1836 1332 1920 1390 vel
1952 1332 2267 1390 sollicitudi-

687 1423 775 1479 nis
812 1423 1054 1481 hzeredes
1090 1423 1373 1491 deficient;
1414 1439 1517 1482 nec
1559 1424 1788 1485 deerunt
1815 1439 2037 1495 prorsus
2063 1426 2156 1498 qui
2184 1440 2270 1481 re-

687 1511 891 1587 gulam,
931 1524 1092 1584 quam
1134 1513 1281 1576 circa
1323 1515 1495 1571 Deum
1534 1513 1947 1572 ferventissimae
1987 1514 2268 1573 cbaritatis

683 1607 941 1673 ostendit,
986 1621 1086 1677 pro
1122 1608 1429 1679 quantitate
1473 1607 1691 1676 virium,
1722 1622 1930 1680 proque
1967 1608 2268 1679 capacitate

685 1695 944 1755 divinitus
981 1696 1159 1754 collati
1197 1697 1320 1754 doni
1353 1707 1665 1769 sequantur.
1701 1698 1818 1769 Ipse
1853 1713 2086 1769 namque
2113 1698 2269 1769 quid-

2372 532 2590 575 manum
2626 522 2903 592 porrigere
2948 522 3113 576 alacri
3159 522 3339 579 studio
3379 526 3661 594 procuravit.
3692 529 3811 596 om.

2372 608 2558 665 obrem
2590 610 2985 680 postulantibus
3010 610 3124 680 jam
3162 612 3351 677 vobis,
3393 620 3450 666 ut
3484 613 3657 682 primus
3684 629 3810 683 eorum,

2374 696 2621 754 Wlfadus
2667 699 2875 756 scilicet
2913 700 3083 756 frater
3109 709 3161 755 et
3185 701 3524 773 eoepiscopus
3546 707 3809 775 postumam

2371 802 2471 843 usu
2522 804 2674 844 more
2719 791 3065 847 decessorum
3101 806 3321 849 suorum
3367 800 3551 847 nostra:
3590 796 3811 851 auctoritatis

2372 875 2654 948 largitione
2716 878 2963 934 decorari
3018 880 3326 950 potuisset,
3377 880 3556 936 merito
3594 883 3801 939 eundem

2371 968 2541 1025 sionis
2581 985 2740 1026 aures
2782 970 3330 1028 accommodavimus.
3369 970 3435 1026 Et
3470 971 3681 1040 quoniam
3703 973 3740 1026 in
3766 988 3812 1027 te-

2370 1058 2656 1115 stitucndis
2700 1060 2787 1116 his
2840 1075 2964 1117 cum
3015 1060 3157 1116 sedis
3214 1058 3513 1129 apostolica:
3561 1061 3708 1116 studiis
3737 1078 3808 1118 cott-

2370 1150 2637 1207 cordastis
2673 1158 2728 1206 et
2769 1150 3120 1207 concertastis
3170 1149 3238 1206 ad
3288 1149 3652 1221 percipiendum
3683 1166 3810 1221 quoque

2371 1243 2514 1314 quod
2540 1243 2750 1308 deerat,
2777 1244 3013 1304 vestram
3044 1242 3433 1315 lloecipendere
3456 1228 3723 1300 dilectionem
3737 1246 3809 1300 stis

2371 1333 2761 1390 inconveniens
2805 1334 3080 1391 duximus.
3114 1333 3442 1390 Innumeras
3458 1333 3809 1403 nihilomimtspie-

2370 1426 2469 1484 tati
2497 1434 2691 1483 vesti-te
2719 1426 2922 1496 gratias
2950 1426 3316 1498 rependimus,
3339 1424 3571 1496 quoniam
3600 1433 3807 1482 tantaene-

2369 1515 2638 1588 passionis
2674 1515 2879 1570 viscera
2909 1515 3052 1571 circa
3088 1513 3407 1585 praedictum
3443 1512 3635 1568 fratrem
3658 1522 3805 1568 nostris

2369 1608 2746 1679 coepiscopum
2775 1607 3090 1671 Actardum,
3116 1607 3262 1663 sicut
3291 1621 3359 1663 ex
3384 1605 3615 1662 relatione
3642 1606 3807 1676 ipsis“

2370 1715 2439 1756 ex
2459 1698 2697 1771 epistolae
2714 1708 2909 1754 vestrae
2924 1698 3012 1769 pio
3033 1696 3230 1754 affectu
3252 1698 3411 1754 datur
3428 1695 3637 1767 intelligi,
3651 1696 3806 1750 sibilet:

685 1786 815 1856 quid
847 1787 918 1843 ab
960 1786 1195 1859 indignis
1237 1788 1500 1844 ministris
1538 1788 1874 1861 negligenter
1910 1788 2111 1859 agitur,
2139 1804 2266 1861 sup-
2295 1776 2342 1839 Β
2368 1791 2662 1857 contendit,
2685 1800 2744 1846 ut
2762 1789 3003 1847 dolorum
3023 1795 3077 1845 et
3091 1803 3451 1844 aerumnarum
3466 1787 3609 1856 ipsius
3623 1785 3802 1840 maxim

684 1877 796 1953 plet
838 1895 851 1932 :
890 1877 1007 1950 ipse
1053 1877 1263 1947 locum,
1312 1894 1473 1951 quem
1526 1880 1656 1937 olim
1701 1881 2025 1939 delibatione
2063 1882 2266 1953 proprii

685 1969 928 2039 corporis
957 1969 1184 2025 Domino
1213 1970 1573 2038 consecravit,
1594 1971 2001 2045 quibuscunque
2024 1971 2109 2026 vel
2136 1985 2268 2042 qua-

684 2055 969 2130 liscunque
1007 2059 1242 2118 vicarius
1282 2069 1480 2127 exstet,
1527 2076 1638 2118 suae
1674 2071 1854 2118 tamen
1889 2063 2151 2119 claritatis
2186 2062 2267 2116 lu-

683 2150 828 2206 mine
852 2150 1119 2223 hodieque
1144 2151 1518 2209 indelicienter
1542 2153 1797 2210 illustrat.
1826 2153 1922 2210 Cui
1943 2154 2045 2209 etsi
2073 2153 2269 2209 desunt

682 2243 875 2298 merita
904 2244 1253 2311 successoris,
1286 2243 1381 2302 sed
1415 2243 1612 2301 adsunt
1646 2244 1906 2300 beneﬁcia
1942 2244 2263 2308 decessoris,

683 2348 747 2390 ac
777 2333 935 2404 primi
975 2333 1122 2389 sedis
1167 2332 1406 2402 ejusdem
1441 2334 1691 2390 sessoris.
1717 2334 1903 2406 Itaque
1925 2336 1991 2390 de
2031 2334 2267 2391 Ebnonis

685 2423 960 2492 quondam
991 2421 1316 2478 Rhemensis
1351 2423 1737 2494 archiepiscopi
1768 2423 2155 2493 qualiscunque
2178 2438 2269 2479 re-

684 2510 983 2567 stitutionis
1005 2512 1225 2584 negotio
1271 2510 1621 2584 benignitatis
1663 2521 1857 2568 vestrae
1903 2511 2100 2568 litteris
2134 2512 2268 2568 satis

683 2606 885 2670 edocti,
914 2605 1270 2661 obedientiam
1290 2613 1346 2664 et
1369 2606 1628 2672 studium,
1650 2607 1791 2676 quod
1816 2607 1940 2662 hinc
1955 2606 2110 2677 juxta
2137 2605 2267 2662 deli-

683 2694 943 2751 nitioncm
965 2695 1270 2767 apostolicae
1290 2695 1433 2752 sedis
1459 2695 1802 2762 exbibuistis,
1825 2696 2268 2767 approbavimus,

681 2794 738 2840 et
763 2784 993 2850 auctori,
1023 2800 1053 2839 a
1091 2799 1196 2855 quo
1229 2794 1421 2841 cuncta
1451 2786 1589 2842 bona
1627 2786 1941 2858 procedunt,
1976 2785 2271 2845 immensas

683 2873 981 2945 gratiarum
1003 2874 1242 2930 actiones
1261 2875 1641 2947 persolvimus.
1658 2872 1852 2931 Verum
1878 2876 1966 2931 illa
1990 2877 2034 2934 si
2058 2886 2265 2943 essent,

681 2964 976 3036 apostolica
1024 2965 1178 3022 sedes
1219 2967 1285 3023 de
1340 2966 1563 3043 Ebbone
1605 2967 1673 3023 ad
1723 2966 1983 3038 liquidum
2024 2969 2268 3027 invenire

2365 1889 2584 1950 partem
2637 1894 2733 1935 vos
2764 1888 2978 1950 gestare
3007 1878 3126 1933 luce
3160 1877 3361 1933 clarius
3391 1876 3666 1931 innotescat.
3686 1872 3802 1927 Vena

2368 1983 2466 2024 nos
2493 1968 2633 2024 votis
2652 1967 2983 2023 excellentiae
3008 1975 3207 2023 vestra:
3239 1974 3574 2022 consonantes
3592 2004 3606 2028 ,
3626 1978 3703 2017 non
3720 1962 3801 2015 dud-

2365 2060 2499 2114 mus‘
2518 2067 2737 2116 tantum
2762 2058 2973 2124 virum,
3000 2066 3056 2113 et
3089 2056 3349 2113 Ecclesiae
3370 2054 3550 2111 Christi
3571 2067 3798 2123 pernecessa-

2365 2150 2506 2205 rinm
2516 2190 2531 2215 ,
2547 2148 2744 2205 debere
2757 2149 2919 2203 tantis
2937 2145 3131 2203 involvi
3153 2145 3407 2210 miseriis,
3420 2145 3498 2200 vel
3513 2143 3646 2198 tantis
3660 2141 3799 2212 gravati.

2367 2256 2488 2296 cum
2517 2240 2588 2296 sit
2612 2241 2775 2296 etiam
2820 2230 2997 2296 :etatis
3039 2239 3353 2295 maturitate
3390 2244 3664 2298 maceratus,
3685 2234 3798 2287 iam

2368 2332 2562 2399 modis,
2583 2332 2885 2405 praesertim
2934 2346 3059 2387 cum
3085 2337 3141 2385 et
3169 2328 3400 2386 scientia
3424 2343 3518 2382 non
3540 2322 3798 2382 oculeum

2366 2422 2584 2492 polleat,
2628 2430 2684 2477 et
2723 2423 2869 2477 hunc
2899 2420 3063 2476 vestri
3092 2419 3248 2491 regni
3277 2418 3599 2475 ecclesiarum
3619 2412 3795 2485 presuba

2369 2515 2558 2570 relatio
2603 2529 2709 2569 non
2766 2513 3201 2583 parvipendcnda
3240 2512 3574 2568 commendet.
3598 2506 3794 2574 Quadive.

2368 2604 2554 2674 si'ejus
2576 2602 2839 2668 Ecclesia,
2866 2610 2926 2656 ut
2964 2601 3152 2672 ipsius,
3176 2609 3239 2657 et
3279 2596 3631 2669 metropolitani
3661 2592 3792 2666 promi.

2369 2712 2434 2753 ac
2456 2695 2749 2752 multorum
2797 2693 3124 2757 antistitum,
3168 2705 3381 2748 necnon
3421 2698 3472 2744 et
3504 2688 3727 2742 litterarum
3745 2696 3793 2732 u-

2368 2795 2601 2844 strarum
2646 2782 3050 2841 circumstantia
3105 2782 3311 2846 innuit,
3361 2778 3576 2834 funditus
3612 2774 3791 2833 diruit.“

2368 2893 2467 2952 per
2494 2874 2747 2931 nonnulla
2791 2872 3059 2931 curricula
3092 2871 3210 2941 jam
3260 2871 3314 2926 in
3349 2868 3640 2926 solitudinem
3666 2864 3791 2916 redacti

2369 2982 2490 3025 csse
2519 2965 2877 3039 dignoscitur;
2902 2962 3128 3035 paganis
3154 2960 3406 3017 videlicet
3428 2973 3521 3013 non
3548 2954 3675 3011 solum
3696 2958 3793 3002 uatis-

682 3053 987 3125 satagebat,
1029 3070 1150 3126 qua:
1195 3055 1543 3112 restituendis
1582 3072 1612 3112 a
1651 3055 1819 3112 fratre
1855 3066 1910 3112 et
1950 3058 2267 3129 coepiscopo
2372 3060 2532 3123 itum,
2570 3058 2666 3114 sed
2710 3056 2874 3112 etiam
2916 3054 3206 3112 stationem
3249 3052 3441 3110 ibidem
3484 3043 3731 3103 facientibus.
3756 3052 3789 3089 π

683 3153 871 3200 nostro
905 3144 1198 3202 llincmaro
1232 3146 1359 3201 olim
1397 3147 1619 3218 dejectis
1662 3147 1873 3206 clericis
1911 3158 2132 3221 possent
2165 3128 2269 3206 ali-
2295 3128 2343 3193 (ἶ
2372 3165 2470 3221 per
2502 3150 2603 3206 hoc
2631 3145 2967 3218 depopulatis
3002 3145 3243 3215 undique
3270 3143 3401 3200 locis
3425 3140 3790 3197 habitatorem

683 3236 812 3305 quid
839 3251 1098 3311 generare
1140 3237 1487 3294 discriminis.
1535 3238 1608 3294 At
1650 3254 1780 3296 vero
1821 3256 1945 3296 cum
1991 3257 2091 3299 nec
2122 3241 2266 3299 idem

683 3327 835 3383 Ebho
862 3329 1061 3385 erroris
1092 3328 1318 3399 alicujus
1344 3329 1666 3396 defensioni,
1704 3347 1815 3403 quo
1837 3332 2124 3391 haereticus
2148 3333 2271 3404 quis

683 3416 935 3485 efﬁcitur,
962 3418 1165 3475 dederit
1207 3435 1449 3493 operam,
1490 3437 1589 3479 nec
1621 3420 1734 3493 jam
1764 3425 2046 3497 memorati
2085 3424 2269 3483 clerici

684 3508 827 3564 aliud
858 3510 910 3566 in
959 3511 1064 3568 hoc
1103 3512 1207 3567 nisi
1245 3513 1603 3569 humilitatem
1643 3524 1699 3570 et
1724 3516 2085 3573 obedientiam
2110 3516 2268 3574 exhi-

684 3601 920 3666 interint,
969 3601 1054 3656 illa
1095 3617 1215 3673 quae
1249 3602 1316 3659 de
1353 3602 1571 3660 Ebbone
1610 3606 1715 3662 diei
1754 3617 1999 3679 possunt,
2034 3608 2183 3682 quia,
2209 3618 2271 3667 ut

686 3691 993 3761 opinamur,
1018 3690 1151 3745 nihil
1190 3692 1258 3746 ad
1298 3691 1585 3750 utilitatem
1612 3696 1916 3766 proﬁciunt,
1940 3698 2271 3771 jamjamque

685 3778 902 3834 silentio
928 3787 1283 3851 contegantur
1311 3799 1325 3835 :
1353 3782 1586 3840 maxime
1607 3799 1727 3839 cum
1757 3794 1811 3841 et
1836 3787 1972 3856 ipse,
2002 3795 2056 3842 et
2079 3803 2270 3847 omnes

685 3867 944 3939 episcopi,
967 3877 1164 3940 praeter
1183 3868 1510 3937 Rotbadum,
1541 3873 1632 3939 qui
1662 3887 1835 3930 causae
1856 3874 1998 3932 illius
2020 3877 2266 3935 notitiam

687 3958 947 4025 habuere,
970 3959 1319 4027 decesserint,
1343 3968 1399 4016 et
1423 3977 1537 4032 pra:
1565 3962 1894 4034 longitudine
1922 3967 2182 4037 temporis
2200 3968 2268 4025 ad

686 4046 948 4119 liquidum
971 4047 1208 4117 induhie,
1228 4067 1345 4122 qua:
1369 4062 1496 4108 tunc
1518 4061 1637 4109 acta
1658 4068 1818 4125 super
1835 4054 1934 4110 hoc
1959 4065 2084 4112 sunt
2107 4071 2270 4130 nego-

690 4140 786 4205 tio,
800 4141 927 4196 sciri
951 4157 1053 4196 non
1080 4142 1305 4213 possint,
1324 4151 1486 4214 atque
1501 4143 1566 4199 de
1584 4143 1670 4199 his
1686 4145 1777 4215 qui
1791 4146 1857 4200 ad
1869 4145 2154 4203 Dominum
2168 4148 2272 4204 nti-

688 4241 979 4301 graverunt
998 4233 1150 4288 nobis
1164 4232 1321 4289 facile
1333 4232 1579 4305 judicare
1592 4252 1697 4290 non
1715 4235 1891 4292 liceat.
1908 4236 2041 4293 Cum
2055 4239 2197 4294 enim
2213 4239 2268 4297 in

689 4338 849 4377 manu
873 4321 1062 4391 judicii
1095 4322 1189 4378 Dei
1220 4323 1542 4390 consistant,
1571 4325 1615 4381 si
1651 4326 1902 4382 humanis
1937 4326 2269 4384 dilllnitioni-

689 4414 790 4468 bus
817 4412 1110 4486 quidquam
1141 4415 1207 4470 de
1235 4414 1320 4470 liis
1346 4413 1633 4482 tribuatur,
1663 4432 1769 4472 non
1799 4417 1968 4474 solum
2004 4434 2266 4490 prtesnm-

691 4504 911 4572 ptionis,
939 4505 1032 4559 sed
1055 4512 1112 4560 et
1138 4504 1498 4560 damnationis
1520 4512 1605 4560 est
1631 4521 1852 4575 prorsus
1878 4506 2153 4563 indicium.
2177 4507 2270 4565 Ille

692 4593 888 4664 quippe
920 4592 1069 4679 libbo
1098 4608 1195 4649 suo
1217 4593 1331 4664 jam
1360 4593 1587 4650 Domino
1624 4603 1717 4650 aut
1741 4604 1867 4661 stat,
1901 4604 1995 4651 aut
2023 4597 2219 4652 cecidit
2252 4616 2267 4653 :

691 4683 836 4751 quod
881 4682 928 4737 si
978 4691 1106 4748 stat,
1153 4683 1278 4754 quis
1318 4684 1462 4740 hunc
1495 4696 1718 4741 conetur
1759 4684 2027 4754 dejicere?
2056 4687 2103 4742 si
2143 4702 2273 4745 vero

692 4774 910 4841 cecidit,
944 4774 1067 4844 quis
1106 4776 1308 4832 nitatur
1344 4777 1588 4850 erigere?
1629 4777 1729 4835 nisi
1763 4776 1901 4835 forte
1945 4779 1992 4836 is
2035 4780 2127 4851 qui
2173 4795 2271 4836 sua

695 4868 877 4923 divino
896 4865 1099 4938 judicio
1123 4881 1433 4937 praeponere
1463 4869 1623 4940 impia
1658 4870 1960 4926 temeritate
1985 4869 2270 4925 deliberat.

695 4957 1056 5028 Relinquatur
1096 4971 1227 5028 ergo
1262 4957 1562 5026 huiusmodi
1607 4959 1701 5015 Dei
1744 4968 2062 5016 cunctarum
2097 4961 2276 5016 inten-

696 5048 902 5103 tiontim
931 5048 1252 5104 scrutatoris
1282 5046 1485 5117 judicio
1512 5036 1526 5104 ἐ
1555 5050 1808 5105 nimirum
1839 5050 1953 5121 qui,
1982 5051 2276 5105 secundum

695 5140 1035 5211 Apostolum,
1073 5141 1402 5198 wnstitutus
1435 5152 1521 5198 est
1546 5157 1577 5198 a
1610 5143 1721 5200 Deo
1753 5143 1914 5216 judex
1948 5143 2193 5199 vivorum
2224 5152 2280 5198 et

697 5241 1054 5300 mortuorum,
1083 5233 1282 5306 quique
1303 5233 1456 5305 juxta
1486 5234 1608 5290 lidei
1637 5245 1837 5291 nostrae
1864 5235 2057 5292 stabile
2085 5234 2276 5292 funda-

696 5334 936 5380 mentum
967 5322 1308 5395 iudicaturus
1349 5336 1433 5383 est
1469 5326 1619 5382 vivos
1655 5333 1711 5381 et
1754 5336 1994 5382 mortuos
2025 5326 2160 5400 (Act.
2193 5326 2269 5396 x).

692 5406 966 5474 'i’raaterea
995 5431 1100 5474 non
1127 5418 1367 5475 modicas
1395 5420 1597 5490 gratias
1626 5426 1819 5476 vestrae
1844 5417 2161 5490 benignitati
2192 5434 2276 5476 re-

694 5510 943 5587 ferimus,
968 5512 1222 5589 quoniant
1249 5513 1485 5584 praelatis
1511 5513 1859 5571 restituendis
1888 5513 2126 5578 clericis,
2153 5514 2273 5586 qui-

692 5598 799 5656 bus
821 5600 1169 5671 apostolicam
1194 5603 1374 5658 sedem
1403 5617 1616 5660 manum
1641 5605 1916 5677 porrigere
1943 5603 2134 5669 sensit,
2158 5602 2272 5676 ipsa

698 5696 910 5746 aneane
959 5691 1024 5747 ad
1067 5692 1276 5749 laudem
1324 5694 1438 5760 D:i,
1480 5704 1533 5751 et
1576 5696 1929 5751 reverentiam
1970 5694 2268 5765 principum

2372 3242 2540 3307 tibus,
2570 3239 2796 3295 sublatis
2825 3239 2988 3295 etiam
3018 3253 3051 3293 a
3082 3236 3394 3293 Britonibus
3417 3274 3432 3300 ,
3452 3232 3607 3300 siqua:
3627 3234 3790 3281 remanse-

2369 3343 2511 3398 rant,
2535 3330 2727 3396 rebus,
2757 3330 2917 3385 aliam
2964 3329 3014 3386 ei
3043 3336 3326 3383 vacantem
3355 3311 3789 3411 duntaxat‘conctdett'

2369 3423 2492 3480 dam
2515 3421 2871 3479 decrevimus.
2918 3418 3085 3489 Cujus
3128 3417 3333 3474 decreti
3373 3406 3789 3503 necessario‘in‘slill'd

2372 3517 2600 3572 libenter
2630 3526 2847 3582 tequum
2879 3526 3033 3568 more
3047 3510 3224 3588 solito
3252 3509 3479 3582 praebete
3503 3516 3582 3575 pro
3601 3491 3787 3588 ἀι

2367 3610 2598 3666 lectione
2628 3609 2885 3664 favorem.
2913 3604 3025 3660 Nec
3044 3586 3097 3661 ei
3125 3602 3413 3667 minorem,
3434 3610 3571 3669 quam
3591 3605 3659 3647 sua
3674 3586 3785 3641 luerat.

2369 3701 2487 3758 dari
2512 3700 2779 3763 volumus,
2830 3710 2951 3752 cum
2988 3694 3117 3751 licet
3143 3694 3252 3750 hoc
3289 3693 3399 3762 ipse
3437 3683 3618 3743 minime
3636 3670 3785 3748 postulet.

2370 3809 2439 3851 ne
2469 3790 2715 3848 videlicet
2748 3786 2979 3857 alicujus
3012 3785 3331 3842 ambitionis
3366 3782 3496 3836 fama
3529 3776 3787 3832 natentth

2367 3884 2552 3946 veniat
2578 3881 2829 3951 consequi
2859 3878 3146 3950 potiorem.
3169 3875 3431 3932 Nimirum
3449 3870 3528 3941 qui
3550 3867 3654 3921 inter
3672 3863 3784 3912 cetera

2368 3976 2627 4030 virtutum
2658 3985 2877 4028 suarum
2911 3966 3142 4038 insignia
3172 3966 3511 4021 barbarorum
3535 3952 3781 4011 raltietttﬁllie

2368 4077 2681 4135 perpessus,
2721 4059 2998 4118 Christum
3046 4055 3316 4121 confiteri,
3369 4068 3466 4108 non
3518 4044 3649 4135 solum

2370 4122 2702 4222 hominibus,
2728 4170 2914 4210 verum
2942 4154 3110 4209 etiam
3141 4165 3326 4208 coram
3359 4141 3557 4219 paganis
3575 4146 3618 4193 et
3641 4122 3780 4222 inﬁdeli:

2369 4247 2473 4303 bus
2496 4262 2602 4302 non
2631 4244 2868 4301 erubuit.
2897 4243 2959 4299 Ei
2987 4258 3147 4316 ergo.
3176 4229 3783 4323 οιιὶιιεωηίιυθίδίθι

2374 4338 2570 4394 merito
2611 4342 2837 4408 possunt
2891 4350 3021 4391 oves
3057 4314 3260 4389 Christi
3306 4322 3559 4387 committi,
3578 4315 3646 4408 qui

2376 4400 2651 4486 Christum
2679 4427 2842 4482 etiam
2871 4426 3014 4481 inter
3039 4422 3248 4496 gladios
3281 4431 3334 4476 et
3375 4411 3558 4472 vincula
3580 4400 3779 4496 dim???

2377 4481 2954 4590 pericttlaprtedicare
3005 4481 3111 4568 non
3159 4510 3357 4565 renuit.
3402 4481 3778 4590 Undeel‘nllsgifljf

2378 4576 2677 4675 multiplici.
2700 4602 2955 4667 miserim,
2986 4608 3041 4656 et
3071 4599 3290 4656 diutinae
3318 4576 3778 4675 peregrinationhfltl:

2380 4653 2634 4752 continuo
2666 4693 2883 4750 maerori
2922 4689 3329 4762 compatientes,
3367 4685 3511 4739 decus
3537 4675 3594 4731 illi
3611 4653 3778 4762 pallii‘solt‘t
3870 4684 3871 4695 ι

2379 4787 2742 4845 miserationis
2787 4785 2978 4840 allectu
3027 4752 3387 4845 contulimus;
3436 4769 3555 4846 quod
3588 4777 3661 4821 non
3689 4752 3776 4807 alii“

2381 4879 2480 4944 illi,
2511 4893 2611 4934 nec
2640 4876 2860 4933 cuilibet
2893 4875 3095 4947 absque
3124 4867 3464 4943 metropolitis
3484 4849 3774 4947 concede”?

2382 4970 2482 5026 nisi
2514 4969 2796 5025 multoties
2832 4969 2977 5023 hunc
3023 4966 3237 5031 exsilia,
3267 4975 3426 5022 mare,
3451 4947 3618 5010 vincula
3636 4940 3774 5031 1³³⁵⁵¹¹¹¹Ϊ

2379 5062 2543 5117 etiam
2575 5060 2644 5116 ad
2685 5059 2973 5130 capitalem
3021 5028 3342 5114 sententiam
3371 5028 3776 5133 [νεαιιεηιείίτῗῗξῗξ

2379 5152 2547 5207 fuisse
2596 5115 3079 5220 comperissemus;
3100 5194 3103 5195 γ
3123 5156 3179 5202 et
3209 5145 3307 5201 nisi
3332 5143 3427 5198 hoc
3458 5115 3773 5226 ipse_

2378 5206 2441 5295 ac
2472 5206 2668 5295 talibus
2712 5206 3086 5301 detrimentis,
3115 5234 3245 5305 quin
3268 5230 3435 5304 potius
3455 5206 3773 5305 mentium:

2378 5328 2616 5385 lerrimm
2658 5325 3043 5394 consolationis
3082 5324 3272 5381 solatio
3300 5286 3773 5394 meruissetzllmlff

2382 5419 2578 5489 habeat
2608 5432 2709 5489 pro
2734 5390 2928 5473 exsilio
2971 5388 3021 5471 ei
3060 5425 3250 5472 catena
3277 5409 3409 5484 pallii
3448 5383 3770 5489 ornamenliif':

2383 5509 2448 5566 ad
2479 5472 2724 5565 ecclesiae
2744 5507 2830 5563 ctti
2870 5472 3293 5583 incardinandus'
3320 5508 3394 5558 est
3414 5493 3656 5583 νεφέωυέη

2379 5611 2578 5668 “illim.
2613 5574 2719 5657 sed
2753 5592 2822 5656 ad
2865 5614 3020 5656 suum
3074 5580 3354 5669 specialem
3391 5586 3585 5695 certique

2381 5664 2572 5749 usum.
2592 5692 2842 5748 Potiatur
2870 5690 3032 5757 igitur
3056 5664 3189 5746 tanti
3217 5682 3411 5743 decoris
3426 5677 3594 5735 omam,
3614 5664 3674 5730 lim
3689 5664 3720 5703 "'
