4004 6290
147 367 170 417 1
181 369 288 415 ιω

1342 359 1703 423 Ειηετοωῖ
1743 358 1832 425 sic
1869 356 2203 412 DECRETA.
2263 319 2272 324 ’

3262 335 3400 397 η·το

149 491 497 551 sacerdotum
524 487 722 544 infulas
747 486 1075 558 prmcipuum
1118 491 1304 539 tenere
1332 479 1508 534 locum
1532 477 1722 546 digno-
1755 478 1801 536 Α
1829 473 2082 528 aerumnis
2119 471 2446 543 vagabundis
2483 471 2755 539 incedens,
2788 473 2940 528 valde
2965 472 3223 544 dolemus,
3259 485 3313 532 et
3345 473 3414 532 (τε

148 587 340 648 scitur,
368 589 634 653 quatenus
667 579 825 634 etiam
848 593 947 648 per
970 574 1310 644 hocinsigne'
1331 578 1508 625 vestra
1539 564 1722 623 excel-

156 677 279 730 lcns
308 673 660 728 admoneatur
685 669 972 734 industria,
994 675 1049 722 et
1078 665 1238 737 hujus
1262 661 1458 719 sacrati
1480 659 1723 715 muneris

151 763 456 822 reverentia
485 761 634 832 pium
657 775 752 814 cor
782 767 1024 814 vestrum
1055 755 1341 812 sollicitius
1363 768 1425 808 ac
1448 751 1722 808 salubrius

151 863 453 926 urgeatur,
501 864 608 920 quo
659 857 842 904 tantus
895 848 979 902 vir
1033 855 1216 901 vestro
1275 857 1491 914 quoque
1545 841 1726 895 favore

154 943 422 1006 vacantis.
473 938 684 995 etiamsi
725 953 786 993 se
813 935 1127 1007 metropolis
1157 934 1438 998 obtulerit,
1465 931 1722 986 Ecclesia:

153 1032 524 1089 moderamina
555 1035 917 1100 consequatur
951 1043 964 1080 :
1009 1029 1076 1082 ad
1115 1026 1445 1082 excludenda
1475 1024 1727 1079 videlicet

155 1133 347 1178 cuncta
375 1130 560 1177 contra
613 1133 672 1175 se
721 1119 915 1189 injecta
956 1116 1233 1173 obstacula
1261 1157 1276 1181 ,
1324 1125 1379 1170 et
1420 1114 1726 1184 peragenda

155 1215 414 1271 divinitus
455 1213 559 1268 sibi
596 1211 788 1268 collata
832 1209 1158 1282 cpiscopalia
1191 1209 1515 1264 ministeria.
1547 1207 1725 1276 Siqui.

157 1307 280 1358 dem
329 1303 603 1373 indignum
643 1301 890 1356 ducimus
924 1313 1250 1370 quemquam
1283 1299 1348 1353 ad
1378 1298 1726 1366 apostolicam

156 1395 363 1458 sedem,
381 1393 472 1449 ubi
498 1407 712 1463 semper
739 1391 1020 1448 catholicis
1045 1391 1384 1457 subvenitur,
1417 1391 1728 1446 tribulatmn

158 1483 441 1548 accedere,
479 1490 536 1538 et
577 1497 682 1536 non
718 1481 1052 1537 consulatum
1100 1482 1354 1537 recedere
1387 1499 1398 1535 :
1428 1481 1726 1553 prmscrtim

158 1590 282 1630 cum
302 1574 588 1645 quemdam
631 1573 994 1628 Romanorum
1026 1573 1352 1645 principum,
1385 1576 1546 1631 etiam
1574 1591 1602 1630 a
1628 1573 1738 1629 fide

158 1666 356 1722 Christi
381 1673 720 1728 extraneum,
768 1678 871 1718 non
901 1664 1097 1720 debere
1129 1666 1438 1737 quempiam
1462 1667 1529 1720 ab
1560 1668 1732 1736 impe-

159 1765 343 1811 ratore
367 1755 574 1810 tristem
599 1753 878 1809 discedere
901 1754 1240 1825 perhibuisse
1263 1757 1507 1826 quzedam
1527 1755 1733 1812 fatean-

1827 563 2064 620 fratcrna
2088 565 2252 620 vincti
2285 565 2548 620 cliaritate
2577 567 2935 636 compatimur
2969 586 2982 622 :
3012 569 3246 622 maxime
3273 561 3412 625 cum?

1826 655 2116 724 apostolico
2142 654 2342 709 dictum
2373 655 2443 708 sit
2477 669 2491 706 :
2525 653 2626 720 Qui
2655 656 2836 710 viderit
2867 657 3080 725 fratrem
3119 675 3273 712 suum
3304 675 3395 714 ne—

1825 743 2110 799 cessiiatem
2140 746 2350 808 habere,
2385 755 2432 798 et
2459 743 2700 798 clauserit
2731 747 2923 799 viscera
2946 764 3042 801 sua
3069 747 3134 802 ab
3161 766 3242 814 eo,
3268 765 3400 822 quo-

1826 837 1980 891 modo
2019 839 2246 891 charitas
2286 835 2384 891 Dei
2425 846 2597 891 manet
2621 837 2674 890 in
2721 837 2822 890 eo.’
2849 837 2900 909 (1
2929 837 3090 892 Joan.
3133 839 3238 910 ut.)
3269 839 3402 895 Illud

1827 942 1956 981 sane
1992 929 2258 998 pnccipue
2289 927 2476 983 flentes
2503 929 2644 998 quod
2677 937 2838 984 tantas
2867 929 3106 987 scientia:
3136 941 3404 1003 tantmque,

1829 1031 2039 1071 morum
2091 1018 2372 1087 probitatis
2419 1017 2536 1071 viro
2574 1019 2674 1071 sub
2718 1017 3085 1088 hujuscemodi
3136 1027 3404 1088 prmtextu

1829 1118 2057 1178 vagante
2089 1107 2381 1160 maximum
2409 1107 2746 1177 dispendium
2772 1109 3062 1164 Dominicis
3094 1111 3282 1168 ovibus
3315 1127 3407 1180 ge-

1831 1207 2051 1251 neretur
2073 1215 2094 1250 :.
2117 1197 2241 1250 dum
2266 1197 2471 1251 scilicet
2495 1197 2714 1261 utilitas,
2734 1214 2852 1268 qum
2872 1216 2969 1271 per
2990 1201 3130 1255 hunc
3155 1201 3408 1259 Ecclesuc

1831 1286 2031 1340 Christi
2076 1287 2359 1357 provenire
2408 1297 2654 1357 poterat,
2710 1290 2873 1344 tantis
2913 1290 3024 1360 jam
3079 1288 3413 1361 temporibus

1831 1377 2166 1431 excludatur.
2195 1377 2308 1442 Qua
2340 1378 2404 1431 de
2429 1393 2484 1432 re
2507 1378 2676 1433 secuti
2703 1379 3156 1448 praadeccssomm
3185 1381 3409 1440 Patrum

1834 1473 2102 1536 instituta,
2149 1484 2202 1526 et
2245 1472 2553 1542 apostolica:
2588 1473 2733 1529 sedis
2775 1475 3021 1546 exetupla
3073 1477 3412 1548 pontificum,

1833 1566 2207 1636 prmeipueque
2255 1565 2393 1620 beati
2432 1580 2580 1635 papae
2613 1564 2881 1637 Gregorii,
2914 1569 3004 1637 qui
3043 1569 3188 1624 circa
3229 1569 3415 1641 hujus—

1836 1656 2000 1721 tnodi,
2028 1673 2147 1724 qua:
2178 1672 2275 1710 nos
2305 1671 2446 1711 nunc
2471 1672 2598 1727 erga
2640 1657 2918 1727 praefatum
2963 1660 3258 1716 antistitem
3304 1661 3416 1717 Deo

1837 1747 2050 1801 favente
2075 1747 2380 1806 statuinms.
2407 1762 2547 1816 s:epc
2573 1748 2828 1804 statuisse
2852 1748 3202 1818 dignoscitur,
3231 1752 3435 1807 decor--

162 1856 252 1900 tur
288 1845 543 1902 historiae.
571 1843 738 1898 Debet
765 1843 910 1898 enim
941 1855 1121 1900 nostra
1162 1847 1523 1916 compatiendi
1558 1845 1730 1901 abun-
1768 1827 1816 1889 Β
1840 1837 2016 1891 nimus
2046 1837 2188 1892 lmnc
2218 1837 2617 1892 sanctissimum
2652 1839 2846 1895 crebro
2890 1837 3006 1907 jam
3054 1841 3253 1896 dictum
3313 1841 3421 1896 fra-

163 1938 344 1991 dantia
385 1936 609 1992 aliorum
668 1935 900 2006 suppleri
947 1929 1125 2007 inopia
1164 1955 1179 1994 :
1226 1953 1334 2009 quo
1387 1937 1567 1993 valeat
1613 1953 1734 1994 esse

163 2041 398 2082 intercus
431 2041 555 2080 cum
582 2025 953 2089 maerentibus,
976 2036 1034 2081 et
1062 2041 1184 2081 cum
1209 2027 1573 2096 gaudentibus
1603 2043 1735 2097 gau-

163 2117 320 2182 dens,
350 2124 406 2172 et
457 2130 566 2170 non
616 2115 670 2169 in
719 2115 1013 2171 scabellum
1053 2116 1251 2186 pedum
1300 2116 1352 2170 in
1384 2132 1738 2187 personarum

165 2207 769 2277 acceptioue'cernuus,
813 2206 908 2260 sed
939 2206 1247 2260 consolatus
1276 2215 1439 2276 queat
1473 2208 1587 2278 jam
1631 2207 1742 2262 Deo

168 2308 387 2356 auctore
426 2298 693 2354 consolari
741 2312 836 2354 eos
871 2298 962 2368 qui
1003 2298 1055 2352 in
1101 2299 1246 2352 omni
1292 2313 1542 2369 pre:sura
1591 2307 1740 2365 sunt,

168 2405 264 2459 pcr
307 2387 491 2444 Jesum
539 2387 814 2444 Christum
865 2387 1151 2442 Dominum
1188 2399 1452 2442 nostrum.
1503 2385 1736 2444 Oramus

170 2479 392 2545 gloriam
449 2490 690 2533 nostram
733 2493 878 2532 nunc
913 2486 969 2532 et
1015 2492 1232 2547 semper
1260 2477 1312 2531 in
1343 2477 1566 2532 Christo
1607 2480 1745 2533 bene

173 2570 370 2635 valere,
399 2569 751 2624 dilectissime
787 2568 881 2623 fili.
913 2567 1046 2622 Data
1093 2583 1163 2623 vn
1195 2567 1461 2623 Kalendas
1500 2567 1743 2634 Martias,

175 2662 466 2717 indictione
495 2662 693 2732 prima.

890 2767 1020 2822 Vill.

437 2876 503 2915 AD
541 2876 814 2917 EPISCOI‘OS
852 2875 1037 2916 SYNODI
1074 2875 1490 2915 SCESSIOXENSIS.

789 2952 963 3020 (Antio
990 2950 1138 3019 868.)

182 3046 462 3100 Artardum
503 3046 818 3112 episcopum,
867 3060 960 3112 pro
1005 3060 1106 3112 quo
1148 3043 1480 3107 scripserant,
1521 3042 1750 3096 ecclesia:

246 3134 360 3185 qum
382 3115 602 3174 vacabit,
627 3117 785 3166 etiam
809 3113 1558 3185 metropolitana'iucardinari
1580 3113 1748 3185 jubet,

245 3182 394 3257 eique
420 3187 488 3240 ad
517 3185 852 3256 aﬂlictionum
879 3182 1127 3236 solatium
1150 3183 1298 3252 pallii
1322 3199 1474 3236 unum
1493 3183 1750 3236 concedit.

249 3287 721 3353 Reverentissin'tis
770 3303 824 3349 et
877 3293 1233 3349 sanctissimis
1286 3293 1648 3350 confratribus
1703 3302 1758 3349 et

182 3383 508 3454 coepiscopis
531 3382 752 3445 nostris,
771 3381 861 3452 qui
884 3381 1158 3450 praeterito
1177 3397 1320 3447 anno
1347 3384 1488 3454 apud
1511 3381 1758 3439 Suessio-

182 3480 355 3532 uicazu
382 3477 570 3530 urbem
601 3479 986 3528 convenerunt.
1751 3481 1753 3485 ‘

249 3568 396 3620 Inter
422 3573 616 3619 caetera
649 3577 770 3633 quae
803 3561 1113 3631 apostolica
1158 3562 1304 3616 sedis
1345 3561 1665 3617 auctoritate
1703 3562 1758 3618 in

185 3657 412 3724 idipsum
460 3653 864 3717 convenientes,
900 3651 966 3706 de
1008 3649 1180 3706 fratre
1213 3649 1325 3719 jam
1359 3661 1413 3704 et
1442 3651 1761 3720 coepiscopo

187 3757 370 3803 nostro
409 3744 682 3811 Wulfado,
727 3755 782 3801 et
825 3744 1050 3816 collegis
1096 3744 1264 3814 ipsius
1305 3743 1578 3814 printer-ito
1621 3759 1762 3798 anno

185 3841 436 3913 synodica
482 3839 767 3904 delinistis,
810 3839 972 3893 etiam
1029 3837 1336 3908 apostolicre
1383 3836 1497 3891 sedi
1540 3851 1760 3890 causam

189 3929 507 3986 venerabilis
538 3929 721 3985 fratris
757 3928 928 3984 nostri
958 3929 1196 3992 Actardi,
1230 3927 1557 3981 Namnetica?
1589 3942 1760 3995 quoa-

188 4021 311 4076 dam
361 4019 512 4074 urbis
548 4019 819 4090 episc0pi,
850 4032 944 4072 seu
985 4017 1363 4072 tribulationes
1396 4016 1762 4087 exposuistis:

189 4109 349 4166 simul
379 4110 542 4164 etiam
579 4109 722 4166 hunc
749 4109 976 4164 miriﬁce
1001 4108 1460 4173 commendantes,
1494 4125 1600 4178 quo
1633 4109 1704 4162 illi
1733 4124 1763 4162 a

193 4208 341 4255 tanta
373 4201 500 4255 sede
540 4201 940 4265 subveniretur,
989 4199 1313 4254 unanimiter
1349 4215 1413 4254 ac
1447 4215 1767 4270 magnOpere

194 4292 520 4363 postulastis.
551 4291 787 4360 Quorum
820 4291 1158 4357 relationem,
1195 4292 1309 4347 sive
1343 4292 1765 4361 suggestionem,

197 4393 344 4438 tanto
369 4393 645 4452 gratanter
679 4391 830 4438 tanto
863 4382 1095 4438 libenter
1122 4396 1241 4446 nos,
1267 4379 1380 4449 jam
1413 4382 1523 4437 Deo
1550 4391 1770 4436 auctore

196 4472 338 4528 tllius
363 4472 506 4528 sedis
541 4471 669 4526 licet
695 4471 967 4527 immerito
994 4470 1362 4526 moderamine
1382 4471 1558 4540 potiti,
1587 4484 1773 4524 susce-

1841 1937 1978 1984 trem
1995 1937 2233 1984 nostrum
2254 1937 2310 1983 et
2329 1929 2703 2000 coepiscopqu
2718 1932 3006 1987 Actardum
3021 1932 3289 2000 ecclesia},
3303 1949 3424 2004 qua:

1843 2020 1982 2076 forte
2005 2036 2104 2075 suo
2135 2018 2296 2075 fuerit
2317 2019 2532 2074 viduata
2560 2031 2790 2086 rectore,
2813 2023 3028 2092 penitus
3051 2023 3375 2078 incardinari
3406 2042 3439 2076 ε.-

1844 2119 2111 2180 quatenus
2133 2111 2184 2164 iu
2210 2125 2271 2165 ea
2299 2111 2626 2166 constitutus
2654 2120 2706 2165 et
2734 2111 2908 2167 oﬂicia
2938 2111 3283 2182 episcopalia,
3305 2128 3427 2183 qua:

1843 2219 1942 2274 per
1976 2203 2372 2272 impositiouem
2401 2218 2592 2258 manus
2617 2205 2847 2276 accepit,
2875 2214 3146 2274 exerceat,
3173 2215 3227 2261 et
3247 2215 3430 2276 pasto-

1847 2295 1959 2350 rale
1991 2283 2347 2350 ministerium
2387 2295 2702 2350 solemniter
2741 2311 2924 2367 agens,
2964 2313 3093 2352 oves
3126 2297 3430 2351 Dominicas

1846 2385 2122 2454 sapientia:
2149 2384 2252 2439 sibi
2283 2383 2539 2438 divinitus
2567 2383 2839 2440 attributa;
2875 2385 2985 2441 sale
3012 2388 3252 2453 condiat,
3279 2396 3334 2442 et
3363 2387 3450 2443 de“

1847 2475 1950 2530 hac
1987 2473 2192 2528 lucrum
2219 2473 2484 2528 conditori
2514 2489 2612 2528 suo
2640 2475 2758 2531 sine
2787 2476 3026 2546 quolibet
3051 2479 3435 2548 impedimento

1848 2575 2106 2636 reportet.
2155 2566 2214 2622 Si
2262 2576 2440 2621 tamen
2475 2568 2593 2638 ejus
2620 2569 2866 2632 ecclesia,
2899 2580 2957 2625 ut
2998 2572 3183 2642 ipsius,
3226 2583 3282 2628 et
3322 2588 3435 2628 mc-

1849 2660 2159 2730 tropolitani
2192 2660 2416 2731 proprii,
2448 2674 2512 2716 ac
2541 2660 2844 2715 litterarum
2873 2672 3173 2718 vestrarum
3203 2667 3436 2720 circum-

1850 2751 2046 2805 stantia
2080 2751 2274 2816 innuit,
2316 2751 2554 2806 funditus
2583 2752 2782 2818 diruta,
2811 2761 2864 2807 et
2893 2768 2991 2824 per
3019 2755 3275 2809 nonnulla
3304 2770 3434 2810 cur-

1853 2841 2018 2894 ricula
2045 2842 2158 2913 jam
2201 2843 2253 2896 in
2287 2840 2631 2896 solitudinem
2663 2843 2877 2897 redacta
2923 2858 3046 2900 esse
3083 2845 3449 2915 dignoscitur,

1859 2936 2084 3006 paganis
2115 2934 2360 2990 videlicet
2407 2951 2524 2988 non.
2557 2934 2728 2988 solum
2786 2937 3094 3000 transitura,
3141 2937 3233 2991 sed
3275 2937 3438 2992 etiam

1855 3026 2140 3082 stationem
2175 3025 2370 3080 ibidem
2399 3025 2740 3090 facientibus,
2771 3040 2834 3080 ac
2866 3041 2960 3096 per
2984 3026 3085 3081 hoc
3106 3026 3443 3098 depopulatis

1857 3123 2093 3191 undique
2122 3122 2254 3176 locis
2288 3120 2591 3176 habitatore
2637 3121 2965 3188 carentibus,
3014 3119 3237 3178 sublatis
3278 3123 3440 3177 etiam

1779 3202 1826 3264 C
1858 3229 1888 3268 a
1921 3213 2231 3267 Britonibus
2277 3212 2378 3266 sibi
2429 3227 2549 3281 quae
2591 3220 2972 3266 remanserunt
3013 3209 3194 3276 rebus,
3247 3227 3347 3266 nec
3390 3211 3446 3265 ei.

1857 3303 2119 3357 minorem
2149 3317 2308 3370 quam
2349 3317 2442 3355 sua
2492 3301 2669 3355 fuerat
2698 3301 2813 3354 dari
2843 3300 3088 3355 volumus
3117 3319 3130 3356 :
3163 3316 3283 3355 cum
3316 3301 3445 3357 licet

1857 3395 1960 3450 hoc
1991 3377 2211 3448 minime
2250 3392 2505 3463 postulet,
2539 3407 2605 3447 ne
2641 3392 2892 3448 videlicet
2931 3390 3160 3461 alicujus
3194 3391 3444 3448 ambitio-

1858 3483 1946 3539 nis
1987 3483 2127 3538 fama
2177 3492 2416 3546 notetur,
2473 3481 2684 3536 etiamsi
2731 3495 2790 3536 se
2838 3481 3151 3551 metropolis
3200 3479 3445 3534 fortassis

1859 3576 2136 3640 obtulerit,
2188 3573 2473 3630 conveniat
2524 3573 2780 3643 consequi
2837 3574 3122 3643 potiorem.
3177 3573 3444 3627 Nimirum

1860 3669 1950 3737 qui
1985 3668 2126 3721 inter
2154 3676 2348 3720 caatera
2375 3666 2636 3718 virtutum
2667 3680 2884 3718 suarum
2920 3665 3144 3735 insignia
3181 3664 3444 3720 barbaro-

1863 3774 1979 3811 rum
2012 3757 2216 3810 rabiem
2237 3771 2379 3825 sarpe
2404 3770 2714 3825 perpessus,
2738 3755 3120 3825 Christumque
3142 3757 3432 3810 confessus

1858 3847 1968 3918 jam
2008 3864 2148 3903 nunc
2178 3848 2290 3903 Deo
2312 3846 2434 3915 jure
2459 3848 2637 3902 dicere
2664 3845 2858 3901 debeat
2895 3860 2910 3899 :
2936 3846 3235 3900 Secundum
3263 3846 3440 3899 multi-

1863 3939 2093 3993 tudinem
2121 3937 2361 3992 dolorum
2389 3953 2622 3990 meorum
2650 3935 2704 3990 in
2741 3936 2896 3989 corde
2925 3951 3037 3989 meo
3068 3934 3446 3988 consolationes

1866 4037 1970 4083 mre
2013 4027 2404 4097 (militaverunt
2453 4028 2684 4079 animum
2722 4037 2890 4079 meum
2929 4023 3099 4093 (Psal.
3129 4024 3304 4096 xcnt).
3341 4024 3459 4079 Pro

1867 4120 2019 4189 cujus
2069 4117 2144 4171 rei
2194 4117 2487 4172 obtinendo
2536 4131 2759 4186 prorsus
2814 4114 3041 4182 ell‘ectu,
3089 4116 3286 4171 dilecto
3339 4115 3450 4169 filio

1869 4217 2056 4264 nostro
2079 4206 2274 4263 Carolo
2296 4207 2527 4276 glorioso
2552 4207 2660 4276 regi
2686 4222 2874 4275 preces
2900 4207 3215 4270 direximus,
3243 4215 3298 4260 ct
3322 4219 3451 4259 ecce

1870 4311 2106 4356 vestram
2154 4299 2462 4353 unanimem
2512 4297 2866 4362 charitatem,
2896 4314 3002 4368 quo
3051 4297 3266 4368 pietatis
3294 4295 3453 4364 hujus

1873 4393 2055 4462 operis
2080 4392 2315 4446 favorem
2353 4400 2407 4444 et
2443 4391 2678 4443 studium
2719 4389 2918 4443 curetis
2965 4389 3278 4442 indeliciens
3321 4402 3459 4457 prm-

1877 4489 2042 4545 stare,
2068 4481 2423 4552 praesentibus
2443 4481 2724 4534 bortanmr
2746 4478 3013 4532 affatibus.
3045 4477 3110 4531 Et
3131 4486 3189 4529 ut
3215 4486 3458 4535 nostram

195 4567 392 4637 pimus,
431 4573 633 4634 quanto
672 4565 811 4619 hanc
853 4579 917 4618 ex
959 4563 1211 4618 fraterna)
1247 4563 1550 4618 dilectionis
1581 4562 1770 4619 affectu
1803 4557 1852 4618 θ
1879 4570 2042 4627 vultis
2065 4586 2192 4640 erga
2233 4584 2333 4625 vos
2371 4571 2424 4623 in
2458 4570 2946 4640 opportunitatibus
2987 4584 3108 4624 esse
3139 4567 3461 4623 benevole"-

197 4660 462 4732 prodiisse
486 4658 608 4714 luce
628 4657 827 4738 clarius
854 4658 1234 4714 intelleximus.
1266 4656 1540 4731 Prazcipue
1570 4676 1692 4715 cum
1722 4668 1777 4714 et

200 4750 476 4806 vobiscum
505 4763 893 4819 praecessorum
939 4763 1204 4814 meorum,
1241 4748 1438 4804 Leonis
1478 4751 1686 4806 scilicet
1720 4760 1777 4808 et

200 4839 402 4897 Nicolai
442 4839 905 4896 sanctissimorum
933 4837 1242 4907 pracsulum,
1271 4840 1538 4894 recensita
1572 4843 1774 4911 scripta

202 4951 308 4988 non
336 4933 826 5004 parvipendendum
853 4933 1171 5002 perhibeant
1194 4933 1582 4989 testimonium.
1613 4937 1779 5008 Igitur

202 5025 279 5079 illi
310 5024 550 5081 omnium
577 5024 669 5094 qui
714 5024 770 5080 in
806 5022 1033 5079 concilio
1069 5023 1378 5080 Tricassino
1406 5024 1608 5081 inventi
1655 5035 1784 5082 sunt

205 5115 473 5184 legatione
514 5113 778 5186 fungonli,
808 5122 864 5169 et
899 5112 1194 5169 instantius
1230 5129 1329 5184 pro
1369 5115 1470 5170 hoc
1498 5115 1787 5186 satagenti,

206 5206 429 5275 pallium
459 5205 614 5260 fratri
653 5214 712 5262 et
748 5207 1068 5276 coepiscopo
1097 5215 1286 5263 nostro
1307 5206 1560 5266 Wulfado
1590 5217 1792 5264 sanctae

207 5297 561 5352 Bituricensis
615 5296 880 5364 ecclesiae,
925 5297 1083 5353 sicuti
1114 5295 1228 5366 jam
1277 5313 1375 5369 per
1429 5299 1532 5356 alia
1591 5301 1793 5373 scripta

210 5386 653 5455 significavimus,
691 5386 1037 5443 deferendum
1074 5389 1462 5445 commisimus.
1506 5391 1610 5448 Sed
1663 5394 1788 5463 quia

213 5479 353 5533 idem
380 5480 708 5536 reverendus
733 5479 978 5545 antistes,
1010 5489 1069 5535 ttt
1106 5490 1284 5538 vestra
1333 5481 1523 5538 relatio
1561 5485 1788 5541 manife-

216 5578 344 5631 stat,
370 5584 400 5623 a
425 5572 639 5641 propria
668 5572 896 5628 ecclesia
925 5573 1133 5628 diutino
1149 5574 1259 5643 jam
1289 5584 1530 5647 tempore
1553 5594 1788 5649 pagano-

220 5675 336 5714 rum
384 5665 756 5730 persecutione
801 5664 1099 5735 propulsus,
1154 5666 1256 5721 hac
1304 5667 1531 5738 illacque
1569 5685 1792 5741 peregre

221 5751 609 5819 proficiscitur,
654 5756 755 5810 huc
805 5765 964 5825 atque
1013 5757 1135 5811 illuc
1188 5759 1406 5814 multam
1460 5761 1572 5826 jam
1622 5761 1792 5815 fessus

1881 4661 2033 4726 tiam,
2065 4660 2136 4714 ita
2166 4669 2345 4714 vestra
2372 4675 2500 4730 erga
2527 4660 2671 4713 lmuc
2698 4658 2941 4723 fratrem,
2970 4659 3055 4713 cui
3087 4675 3302 4713 manum
3333 4675 3462 4730 por-

1882 4756 2125 4827 rigimus,
2155 4756 2308 4810 vobis
2347 4770 2560 4824 quoque
2597 4770 2813 4808 manum
2846 4755 3262 4826 porrigentibus,
3291 4755 3465 4812 donec

1881 4848 2025 4918 quod
2061 4846 2399 4900 decrevimus
2429 4845 2679 4899 cll'ectum
2715 4848 2915 4917 capiat,
2939 4849 3339 4918 promptissima
3370 4863 3467 4918 pa-

1883 4947 2056 4995 tescat
2095 4937 2378 4992 industria.
2413 4934 2688 5006 Siquidem
2733 4948 2788 4994 et
2834 4955 2954 5003 nos,
3005 4939 3163 5002 illius
3189 4938 3482 5010 multiplici

1890 5030 2142 5094 miserim,
2174 5037 2228 5084 et
2269 5026 2488 5082 diutina:
2524 5029 2964 5099 peregrinationi,
3006 5039 3169 5101 atque
3215 5029 3478 5085 continuo

1891 5121 2111 5175 maerori
2149 5119 2563 5190 conipatientes,
2605 5120 2770 5176 decus
2796 5121 2870 5175 illi
2899 5121 3047 5192 pallii
3085 5120 3203 5176 solo
3250 5121 3477 5176 misera-

1895 5213 2056 5269 tionis
2087 5211 2279 5269 affectu
2321 5212 2666 5269 contulimus.
2712 5213 2864 5282 Quod
2905 5227 3010 5267 non
3053 5211 3209 5267 aliter
3245 5211 3344 5276 illi,
3371 5225 3478 5268 nec

1897 5303 2117 5361 cuilibet
2143 5305 2343 5374 absque
2373 5305 2728 5374 metropolitis
2752 5304 3189 5372 concederemus,
3215 5303 3319 5359 nisi
3341 5303 3480 5359 tnui.

1901 5397 2060 5452 toties
2095 5395 2236 5450 hunc
2261 5394 2472 5460 exsilia,
2502 5409 2671 5459 mare,
2699 5393 2912 5448 vincula
2941 5411 3180 5466 passum,
3213 5395 3378 5450 etiam
3408 5394 3488 5449 ad

1901 5484 2184 5556 capitalem
2205 5486 2527 5540 sententiam
2558 5483 2869 5552 frequenter
2893 5493 3123 5539 tractum
3148 5484 3314 5540 fuisse
3331 5498 3484 5540 com-

1897 5578 2256 5650 perissemus;
2303 5592 2358 5630 et
2405 5575 2507 5630 nisi
2552 5576 2652 5630 hoc
2690 5576 2803 5646 ipse
2843 5576 2957 5632 suis
2989 5576 3158 5633 tantis
3186 5589 3252 5631 ac
3285 5567 3504 5639 ιιιιίϋοῦ

1899 5667 2256 5730 detrimentis,
2288 5666 2416 5734 quin
2441 5666 2620 5736 potius
2648 5667 2871 5730 meritis.
2902 5681 3002 5738 pro
3040 5667 3334 5724 celerrima:
3353 5656 3483 5721 coo-

1898 5757 2176 5814 solationis
2216 5755 2404 5812 solatio
2446 5759 2752 5820 meruisset,
2798 5767 2856 5814 ut
2904 5760 3103 5816 scilicet
3155 5759 3344 5816 habeat
3385 5771 3502 5830 prq
