  <div class='ocr_page' id='page_1' title='image "/cluster/home/n/w/nwhite01/storage/ocr_20150623/122/hvd.32044015471659/673.png"; bbox 0 0 4004 6290; ppageno 0'>
   <div class='ocr_carea' id='block_1_1' title="bbox 680 295 824 368">
    <p class='ocr_par' dir='ltr' id='par_1_1' title="bbox 680 295 824 368">
     <span class='ocr_line' id='line_1_1' title="bbox 680 295 824 368; baseline -0.007 -10"><span class='ocrx_word' id='word_1_1' title='bbox 680 295 824 368; x_wconf 63' lang='grc' dir='ltr'><strong>ητα</strong></span> 
     </span>
    </p>
   </div>
   <div class='ocr_carea' id='block_1_2' title="bbox 2030 300 2247 361">
    <p class='ocr_par' dir='ltr' id='par_1_2' title="bbox 2030 301 2239 357">
     <span class='ocr_line' id='line_1_2' title="bbox 2030 301 2239 357; baseline -0.005 -1"><span class='ocrx_word' id='word_1_2' title='bbox 2030 302 2072 356; x_wconf 88' lang='grc' dir='ltr'><strong>Λ</strong></span> <span class='ocrx_word' id='word_1_3' title='bbox 2083 301 2239 357; x_wconf 75' lang='lat' dir='ltr'><strong>DRlA</strong></span> 
     </span>
    </p>
   </div>
   <div class='ocr_carea' id='block_1_3' title="bbox 2283 300 3871 361">
    <p class='ocr_par' dir='ltr' id='par_1_3' title="bbox 2283 300 3871 361">
     <span class='ocr_line' id='line_1_3' title="bbox 2283 300 3871 361; baseline 0.003 -6"><span class='ocrx_word' id='word_1_4' title='bbox 2283 302 2310 356; x_wconf 85' lang='lat' dir='ltr'><strong>il</strong></span> <span class='ocrx_word' id='word_1_5' title='bbox 2348 300 2547 356; x_wconf 68' lang='grc' dir='ltr'><strong>ΡΑΡᾹΣ</strong></span> <span class='ocrx_word' id='word_1_6' title='bbox 2589 300 2631 356; x_wconf 88' lang='lat' dir='ltr'><strong>ll</strong></span> <span class='ocrx_word' id='word_1_7' title='bbox 2735 327 2748 338; x_wconf 70' lang='grc' dir='ltr'><strong><em>ε</em></strong></span> <span class='ocrx_word' id='word_1_8' title='bbox 3734 303 3807 361; x_wconf 65' lang='lat' dir='ltr'><strong>iiii</strong></span> <span class='ocrx_word' id='word_1_9' title='bbox 3870 307 3871 316; x_wconf 69' lang='grc'><em>“</em></span> 
     </span>
    </p>
   </div>
   <div class='ocr_carea' id='block_1_4' title="bbox 683 395 3811 489">
    <p class='ocr_par' dir='ltr' id='par_1_4' title="bbox 683 395 3811 489">
     <span class='ocr_line' id='line_1_4' title="bbox 683 395 3811 489; baseline 0.003 -19"><span class='ocrx_word' id='word_1_10' title='bbox 683 414 878 479; x_wconf 80' lang='lat' dir='ltr'><strong>exsilio</strong></span> <span class='ocrx_word' id='word_1_11' title='bbox 897 421 969 476; x_wconf 35' lang='lat' dir='ltr'><strong>,et</strong></span> <span class='ocrx_word' id='word_1_12' title='bbox 1002 395 1194 467; x_wconf 78' lang='lat' dir='ltr'><strong>catena</strong></span> <span class='ocrx_word' id='word_1_13' title='bbox 1220 407 1364 482; x_wconf 83' lang='lat' dir='ltr'><strong>pallii</strong></span> <span class='ocrx_word' id='word_1_14' title='bbox 1394 414 1724 468; x_wconf 83' lang='lat' dir='ltr'><strong>ornamenta,</strong></span> <span class='ocrx_word' id='word_1_15' title='bbox 1746 422 1856 460; x_wconf 87' lang='lat' dir='ltr'><strong>non</strong></span> <span class='ocrx_word' id='word_1_16' title='bbox 1896 410 1962 464; x_wconf 88' lang='lat' dir='ltr'><strong>ad</strong></span> <span class='ocrx_word' id='word_1_17' title='bbox 1995 412 2257 475; x_wconf 67' lang='lat' dir='ltr'><strong>ecclesiae,</strong></span> <span class='ocrx_word' id='word_1_18' title='bbox 2291 419 2337 476; x_wconf 77' lang='grc' dir='ltr'>Α</span> <span class='ocrx_word' id='word_1_19' title='bbox 2365 411 2674 482; x_wconf 76' lang='lat' dir='ltr'><strong>apostolicte</strong></span> <span class='ocrx_word' id='word_1_20' title='bbox 2707 396 3023 486; x_wconf 67' lang='lat' dir='ltr'><strong>praesulibus</strong></span> <span class='ocrx_word' id='word_1_21' title='bbox 3048 413 3288 484; x_wconf 73' lang='lat' dir='ltr'><strong>ingratus</strong></span> <span class='ocrx_word' id='word_1_22' title='bbox 3316 416 3588 480; x_wconf 73' lang='lat' dir='ltr'><strong>exstiteris,</strong></span> <span class='ocrx_word' id='word_1_23' title='bbox 3613 435 3811 489; x_wconf 73' lang='lat' dir='ltr'><strong>pnenouto</strong></span> 
     </span>
    </p>
   </div>
   <div class='ocr_carea' id='block_1_5' title="bbox 684 499 2260 572">
    <p class='ocr_par' dir='ltr' id='par_1_5' title="bbox 684 499 2260 572">
     <span class='ocr_line' id='line_1_5' title="bbox 684 499 2260 572; baseline -0.001 -15"><span class='ocrx_word' id='word_1_24' title='bbox 684 499 770 559; x_wconf 82' lang='lat' dir='ltr'><strong>cui</strong></span> <span class='ocrx_word' id='word_1_25' title='bbox 810 501 1226 557; x_wconf 89' lang='lat' dir='ltr'><strong>incardinandus</strong></span> <span class='ocrx_word' id='word_1_26' title='bbox 1253 509 1355 565; x_wconf 91' lang='lat' dir='ltr'><strong>est,</strong></span> <span class='ocrx_word' id='word_1_27' title='bbox 1385 509 1701 572; x_wconf 89' lang='lat' dir='ltr'><strong>perpetuum</strong></span> <span class='ocrx_word' id='word_1_28' title='bbox 1730 499 2054 564; x_wconf 91' lang='lat' dir='ltr'><strong>institutum,</strong></span> <span class='ocrx_word' id='word_1_29' title='bbox 2076 503 2168 554; x_wconf 89' lang='lat' dir='ltr'><strong>sed</strong></span> <span class='ocrx_word' id='word_1_30' title='bbox 2193 501 2260 555; x_wconf 88' lang='lat' dir='ltr'><strong>ad</strong></span> 
     </span>
    </p>
   </div>
   <div class='ocr_carea' id='block_1_6' title="bbox 683 589 2259 663">
    <p class='ocr_par' dir='ltr' id='par_1_6' title="bbox 683 589 2259 663">
     <span class='ocr_line' id='line_1_6' title="bbox 683 589 2259 663; baseline -0.003 -14"><span class='ocrx_word' id='word_1_31' title='bbox 683 609 839 649; x_wconf 85' lang='lat' dir='ltr'><strong>suum</strong></span> <span class='ocrx_word' id='word_1_32' title='bbox 884 593 1171 663; x_wconf 86' lang='lat' dir='ltr'><strong>specialem</strong></span> <span class='ocrx_word' id='word_1_33' title='bbox 1219 593 1459 661; x_wconf 77' lang='lat' dir='ltr'><strong>certique</strong></span> <span class='ocrx_word' id='word_1_34' title='bbox 1491 592 1747 660; x_wconf 88' lang='lat' dir='ltr'><strong>temporis</strong></span> <span class='ocrx_word' id='word_1_35' title='bbox 1779 607 1954 646; x_wconf 92' lang='lat' dir='ltr'><strong>usum.</strong></span> <span class='ocrx_word' id='word_1_36' title='bbox 1985 589 2259 660; x_wconf 86' lang='lat' dir='ltr'><strong>Siquidem</strong></span> 
     </span>
    </p>
   </div>
   <div class='ocr_carea' id='block_1_7' title="bbox 683 672 2260 755">
    <p class='ocr_par' dir='ltr' id='par_1_7' title="bbox 683 672 2260 755">
     <span class='ocr_line' id='line_1_7' title="bbox 683 672 2260 755; baseline -0.002 -17"><span class='ocrx_word' id='word_1_37' title='bbox 683 672 957 754; x_wconf 77' lang='lat' dir='ltr'><strong>indignum</strong></span> <span class='ocrx_word' id='word_1_38' title='bbox 983 683 1248 746; x_wconf 89' lang='lat' dir='ltr'><strong>ducimus,</strong></span> <span class='ocrx_word' id='word_1_39' title='bbox 1273 698 1596 755; x_wconf 89' lang='lat' dir='ltr'><strong>quemquam</strong></span> <span class='ocrx_word' id='word_1_40' title='bbox 1620 683 1685 736; x_wconf 91' lang='lat' dir='ltr'><strong>ad</strong></span> <span class='ocrx_word' id='word_1_41' title='bbox 1708 681 2055 751; x_wconf 81' lang='lat' dir='ltr'><strong>apostolicam</strong></span> <span class='ocrx_word' id='word_1_42' title='bbox 2080 684 2260 736; x_wconf 87' lang='lat' dir='ltr'><strong>sedem</strong></span> 
     </span>
    </p>
   </div>
   <div class='ocr_carea' id='block_1_8' title="bbox 684 772 2261 842">
    <p class='ocr_par' dir='ltr' id='par_1_8' title="bbox 684 772 2261 842">
     <span class='ocr_line' id='line_1_8' title="bbox 684 772 2261 842; baseline 0 -16"><span class='ocrx_word' id='word_1_43' title='bbox 684 773 772 827; x_wconf 92' lang='lat' dir='ltr'><strong>ubi</strong></span> <span class='ocrx_word' id='word_1_44' title='bbox 805 788 1018 842; x_wconf 85' lang='lat' dir='ltr'><strong>semper</strong></span> <span class='ocrx_word' id='word_1_45' title='bbox 1049 773 1327 827; x_wconf 90' lang='lat' dir='ltr'><strong>catholicis</strong></span> <span class='ocrx_word' id='word_1_46' title='bbox 1364 774 1698 838; x_wconf 77' lang='lat' dir='ltr'><strong>subvenitur,</strong></span> <span class='ocrx_word' id='word_1_47' title='bbox 1741 772 2000 828; x_wconf 84' lang='lat' dir='ltr'><strong>accedere</strong></span> <span class='ocrx_word' id='word_1_48' title='bbox 2039 773 2261 826; x_wconf 86' lang='lat' dir='ltr'><strong>tribula-</strong></span> 
     </span>
    </p>
   </div>
   <div class='ocr_carea' id='block_1_9' title="bbox 683 863 2258 932">
    <p class='ocr_par' dir='ltr' id='par_1_9' title="bbox 683 863 2258 932">
     <span class='ocr_line' id='line_1_9' title="bbox 683 863 2258 932; baseline 0 -16"><span class='ocrx_word' id='word_1_49' title='bbox 683 873 820 923; x_wconf 84' lang='lat' dir='ltr'><strong>tum.</strong></span> <span class='ocrx_word' id='word_1_50' title='bbox 853 872 906 916; x_wconf 91' lang='lat' dir='ltr'><strong>et</strong></span> <span class='ocrx_word' id='word_1_51' title='bbox 941 879 1048 918; x_wconf 92' lang='lat' dir='ltr'><strong>non</strong></span> <span class='ocrx_word' id='word_1_52' title='bbox 1085 879 1148 918; x_wconf 80' lang='lat' dir='ltr'><strong>ex</strong></span> <span class='ocrx_word' id='word_1_53' title='bbox 1190 864 1379 932; x_wconf 86' lang='lat' dir='ltr'><strong>quavis</strong></span> <span class='ocrx_word' id='word_1_54' title='bbox 1420 874 1571 931; x_wconf 89' lang='lat' dir='ltr'><strong>parte</strong></span> <span class='ocrx_word' id='word_1_55' title='bbox 1611 863 1944 918; x_wconf 88' lang='lat' dir='ltr'><strong>consolatum</strong></span> <span class='ocrx_word' id='word_1_56' title='bbox 1987 863 2258 918; x_wconf 87' lang='lat' dir='ltr'><strong>recedere.</strong></span> 
     </span>
    </p>
   </div>
   <div class='ocr_carea' id='block_1_10' title="bbox 683 953 2258 1022">
    <p class='ocr_par' dir='ltr' id='par_1_10' title="bbox 683 953 2258 1022">
     <span class='ocr_line' id='line_1_10' title="bbox 683 953 2258 1022; baseline -0.001 -14"><span class='ocrx_word' id='word_1_57' title='bbox 683 954 849 1008; x_wconf 80' lang='lat' dir='ltr'><strong>Debet</strong></span> <span class='ocrx_word' id='word_1_58' title='bbox 878 953 1021 1008; x_wconf 90' lang='lat' dir='ltr'><strong>enim</strong></span> <span class='ocrx_word' id='word_1_59' title='bbox 1056 964 1236 1008; x_wconf 91' lang='lat' dir='ltr'><strong>nostra</strong></span> <span class='ocrx_word' id='word_1_60' title='bbox 1273 954 1632 1022; x_wconf 89' lang='lat' dir='ltr'><strong>compatiendi</strong></span> <span class='ocrx_word' id='word_1_61' title='bbox 1676 954 2001 1009; x_wconf 90' lang='lat' dir='ltr'><strong>abundantia</strong></span> <span class='ocrx_word' id='word_1_62' title='bbox 2031 953 2258 1007; x_wconf 89' lang='lat' dir='ltr'><strong>aliorum</strong></span> 
     </span>
    </p>
   </div>
   <div class='ocr_carea' id='block_1_11' title="bbox 682 1044 2259 1114">
    <p class='ocr_par' dir='ltr' id='par_1_11' title="bbox 682 1044 2259 1114">
     <span class='ocr_line' id='line_1_11' title="bbox 682 1044 2259 1114; baseline 0.001 -17"><span class='ocrx_word' id='word_1_63' title='bbox 682 1044 916 1113; x_wconf 88' lang='lat' dir='ltr'><strong>suppleri</strong></span> <span class='ocrx_word' id='word_1_64' title='bbox 958 1045 1158 1114; x_wconf 86' lang='lat' dir='ltr'><strong>inopia,</strong></span> <span class='ocrx_word' id='word_1_65' title='bbox 1197 1060 1304 1113; x_wconf 91' lang='lat' dir='ltr'><strong>quo</strong></span> <span class='ocrx_word' id='word_1_66' title='bbox 1341 1045 1518 1100; x_wconf 87' lang='lat' dir='ltr'><strong>valeat</strong></span> <span class='ocrx_word' id='word_1_67' title='bbox 1551 1059 1671 1100; x_wconf 89' lang='lat' dir='ltr'><strong>esse</strong></span> <span class='ocrx_word' id='word_1_68' title='bbox 1705 1059 1941 1100; x_wconf 73' lang='lat' dir='ltr'><strong>atterens</strong></span> <span class='ocrx_word' id='word_1_69' title='bbox 1975 1060 2096 1100; x_wconf 88' lang='lat' dir='ltr'><strong>cum</strong></span> <span class='ocrx_word' id='word_1_70' title='bbox 2129 1059 2259 1099; x_wconf 71' lang='lat' dir='ltr'><strong>mte-</strong></span> 
     </span>
    </p>
   </div>
   <div class='ocr_carea' id='block_1_12' title="bbox 681 1125 2262 1208">
    <p class='ocr_par' dir='ltr' id='par_1_12' title="bbox 681 1125 2262 1208">
     <span class='ocr_line' id='line_1_12' title="bbox 681 1125 2262 1208; baseline 0.004 -21"><span class='ocrx_word' id='word_1_71' title='bbox 681 1125 944 1200; x_wconf 76' lang='lat' dir='ltr'><strong>rentibus,</strong></span> <span class='ocrx_word' id='word_1_72' title='bbox 975 1144 1026 1190; x_wconf 92' lang='lat' dir='ltr'><strong>et</strong></span> <span class='ocrx_word' id='word_1_73' title='bbox 1052 1153 1171 1190; x_wconf 93' lang='lat' dir='ltr'><strong>cum</strong></span> <span class='ocrx_word' id='word_1_74' title='bbox 1202 1137 1556 1206; x_wconf 81' lang='lat' dir='ltr'><strong>gaudentibus</strong></span> <span class='ocrx_word' id='word_1_75' title='bbox 1584 1139 1840 1208; x_wconf 82' lang='lat' dir='ltr'><strong>gaudens,</strong></span> <span class='ocrx_word' id='word_1_76' title='bbox 1874 1149 1928 1194; x_wconf 92' lang='lat' dir='ltr'><strong>et</strong></span> <span class='ocrx_word' id='word_1_77' title='bbox 1952 1138 2262 1194; x_wconf 85' lang='lat' dir='ltr'><strong>consolatus</strong></span> 
     </span>
    </p>
   </div>
   <div class='ocr_carea' id='block_1_13' title="bbox 679 1212 2257 1300">
    <p class='ocr_par' dir='ltr' id='par_1_13' title="bbox 679 1212 2257 1300">
     <span class='ocr_line' id='line_1_13' title="bbox 679 1212 2257 1300; baseline 0.005 -23"><span class='ocrx_word' id='word_1_78' title='bbox 679 1212 786 1293; x_wconf 78' lang='lat' dir='ltr'><strong>iam</strong></span> <span class='ocrx_word' id='word_1_79' title='bbox 819 1235 984 1294; x_wconf 85' lang='lat' dir='ltr'><strong>queat</strong></span> <span class='ocrx_word' id='word_1_80' title='bbox 1025 1227 1134 1282; x_wconf 91' lang='lat' dir='ltr'><strong>Deo</strong></span> <span class='ocrx_word' id='word_1_81' title='bbox 1169 1239 1390 1284; x_wconf 88' lang='lat' dir='ltr'><strong>auctore</strong></span> <span class='ocrx_word' id='word_1_82' title='bbox 1429 1230 1693 1284; x_wconf 86' lang='lat' dir='ltr'><strong>consolari</strong></span> <span class='ocrx_word' id='word_1_83' title='bbox 1745 1246 1837 1286; x_wconf 90' lang='lat' dir='ltr'><strong>eos</strong></span> <span class='ocrx_word' id='word_1_84' title='bbox 1879 1232 1972 1300; x_wconf 88' lang='lat' dir='ltr'><strong>qui</strong></span> <span class='ocrx_word' id='word_1_85' title='bbox 2019 1231 2071 1285; x_wconf 90' lang='lat' dir='ltr'><strong>in</strong></span> <span class='ocrx_word' id='word_1_86' title='bbox 2111 1231 2257 1286; x_wconf 90' lang='lat' dir='ltr'><strong>omni</strong></span> 
     </span>
    </p>
   </div>
   <div class='ocr_carea' id='block_1_14' title="bbox 677 1319 2258 1389">
    <p class='ocr_par' dir='ltr' id='par_1_14' title="bbox 677 1319 2258 1389">
     <span class='ocr_line' id='line_1_14' title="bbox 677 1319 2258 1389; baseline 0.003 -20"><span class='ocrx_word' id='word_1_87' title='bbox 677 1331 929 1384; x_wconf 89' lang='lat' dir='ltr'><strong>pressura</strong></span> <span class='ocrx_word' id='word_1_88' title='bbox 967 1326 1112 1384; x_wconf 89' lang='lat' dir='ltr'><strong>sunt,</strong></span> <span class='ocrx_word' id='word_1_89' title='bbox 1148 1334 1246 1389; x_wconf 88' lang='lat' dir='ltr'><strong>per</strong></span> <span class='ocrx_word' id='word_1_90' title='bbox 1289 1319 1470 1378; x_wconf 82' lang='lat' dir='ltr'><strong>Jcsum</strong></span> <span class='ocrx_word' id='word_1_91' title='bbox 1517 1320 1791 1376; x_wconf 87' lang='lat' dir='ltr'><strong>Christum</strong></span> <span class='ocrx_word' id='word_1_92' title='bbox 1833 1320 2117 1375; x_wconf 88' lang='lat' dir='ltr'><strong>Dominum</strong></span> <span class='ocrx_word' id='word_1_93' title='bbox 2163 1335 2258 1374; x_wconf 91' lang='lat' dir='ltr'><strong>no-</strong></span> 
     </span>
    </p>
   </div>
   <div class='ocr_carea' id='block_1_15' title="bbox 677 1407 1064 1464">
    <p class='ocr_par' dir='ltr' id='par_1_15' title="bbox 677 1407 1064 1464">
     <span class='ocr_line' id='line_1_15' title="bbox 677 1407 1064 1464; baseline 0.01 -4"><span class='ocrx_word' id='word_1_94' title='bbox 677 1415 849 1460; x_wconf 84' lang='lat' dir='ltr'><strong>strum</strong></span> <span class='ocrx_word' id='word_1_95' title='bbox 872 1407 1064 1464; x_wconf 85' lang='lat' dir='ltr'><strong>Amen.</strong></span> 
     </span>
    </p>
   </div>
   <div class='ocr_carea' id='block_1_16' title="bbox 1421 1501 1510 1556">
    <p class='ocr_par' dir='ltr' id='par_1_16' title="bbox 1421 1501 1510 1556">
     <span class='ocr_line' id='line_1_16' title="bbox 1421 1501 1510 1556; baseline 0 0"><span class='ocrx_word' id='word_1_96' title='bbox 1421 1501 1510 1556; x_wconf 80' lang='lat' dir='ltr'><strong>IX.</strong></span> 
     </span>
    </p>
   </div>
   <div class='ocr_carea' id='block_1_17' title="bbox 1092 1630 1830 1672">
    <p class='ocr_par' dir='ltr' id='par_1_17' title="bbox 1092 1630 1830 1672">
     <span class='ocr_line' id='line_1_17' title="bbox 1092 1630 1830 1672; baseline 0.001 -2"><span class='ocrx_word' id='word_1_97' title='bbox 1092 1631 1160 1670; x_wconf 71' lang='lat' dir='ltr'><strong>AD</strong></span> <span class='ocrx_word' id='word_1_98' title='bbox 1199 1631 1484 1671; x_wconf 69' lang='lat' dir='ltr'><strong>ACTABDUH</strong></span> <span class='ocrx_word' id='word_1_99' title='bbox 1519 1630 1830 1672; x_wconf 70' lang='lat' dir='ltr'><strong>EPISCOPUI.</strong></span> 
     </span>
    </p>
   </div>
   <div class='ocr_carea' id='block_1_18' title="bbox 1276 1725 1652 1796">
    <p class='ocr_par' dir='ltr' id='par_1_18' title="bbox 1276 1725 1652 1796">
     <span class='ocr_line' id='line_1_18' title="bbox 1276 1725 1652 1796; baseline 0 -18"><span class='ocrx_word' id='word_1_100' title='bbox 1276 1728 1294 1795; x_wconf 91' lang='lat'><strong>(</strong></span> <span class='ocrx_word' id='word_1_101' title='bbox 1311 1727 1464 1780; x_wconf 79' lang='lat' dir='ltr'><strong>Anno</strong></span> <span class='ocrx_word' id='word_1_102' title='bbox 1491 1725 1652 1796; x_wconf 78' lang='lat'><strong>868.)</strong></span> 
     </span>
    </p>
   </div>
   <div class='ocr_carea' id='block_1_19' title="bbox 691 1835 2179 1894">
    <p class='ocr_par' dir='ltr' id='par_1_19' title="bbox 691 1835 2179 1894">
     <span class='ocr_line' id='line_1_19' title="bbox 691 1835 2179 1894; baseline 0.003 -4"><span class='ocrx_word' id='word_1_103' title='bbox 691 1857 698 1863; x_wconf 92' lang='grc'><strong>·</strong></span> <span class='ocrx_word' id='word_1_104' title='bbox 747 1835 910 1890; x_wconf 85' lang='lat' dir='ltr'><strong>Pallit&#39;</strong></span> <span class='ocrx_word' id='word_1_105' title='bbox 933 1853 1081 1891; x_wconf 79' lang='lat' dir='ltr'><strong>usum</strong></span> <span class='ocrx_word' id='word_1_106' title='bbox 1105 1837 1331 1892; x_wconf 83' lang='lat' dir='ltr'><strong>Actardo</strong></span> <span class='ocrx_word' id='word_1_107' title='bbox 1353 1838 1720 1894; x_wconf 76' lang='lat' dir='ltr'><strong>consolationis</strong></span> <span class='ocrx_word' id='word_1_108' title='bbox 1741 1856 1901 1894; x_wconf 78' lang='lat' dir='ltr'><strong>causa</strong></span> <span class='ocrx_word' id='word_1_109' title='bbox 1927 1841 2179 1894; x_wconf 86' lang='lat' dir='ltr'><strong>concedit.</strong></span> 
     </span>
    </p>
   </div>
   <div class='ocr_carea' id='block_1_20' title="bbox 691 1581 719 1602">
    <p class='ocr_par' dir='ltr' id='par_1_20' title="bbox 691 1581 719 1602">
     <span class='ocr_line' id='line_1_20' title="bbox 691 1581 719 1602; baseline 0 0"><span class='ocrx_word' id='word_1_110' title='bbox 691 1581 719 1602; x_wconf 63' lang='grc' dir='ltr'>υ</span> 
     </span>
    </p>
   </div>
   <div class='ocr_carea' id='block_1_21' title="bbox 746 1967 2254 2038">
    <p class='ocr_par' dir='ltr' id='par_1_21' title="bbox 746 1967 2254 2038">
     <span class='ocr_line' id='line_1_21' title="bbox 746 1967 2254 2038; baseline 0.006 -19"><span class='ocrx_word' id='word_1_111' title='bbox 746 1967 1021 2022; x_wconf 60' lang='grc' dir='ltr'><strong>Δυιιιλκυε</strong></span> <span class='ocrx_word' id='word_1_112' title='bbox 1056 1969 1378 2038; x_wconf 69' lang='lat' dir='ltr'><strong>episcopus,</strong></span> <span class='ocrx_word' id='word_1_113' title='bbox 1426 1985 1614 2026; x_wconf 88' lang='lat' dir='ltr'><strong>servus</strong></span> <span class='ocrx_word' id='word_1_114' title='bbox 1641 1985 1922 2028; x_wconf 88' lang='lat' dir='ltr'><strong>servorum</strong></span> <span class='ocrx_word' id='word_1_115' title='bbox 1952 1972 2066 2032; x_wconf 88' lang='lat' dir='ltr'><strong>Dei.</strong></span> <span class='ocrx_word' id='word_1_116' title='bbox 2104 1989 2254 2029; x_wconf 88' lang='lat' dir='ltr'><strong>reve-</strong></span> 
     </span>
    </p>
   </div>
   <div class='ocr_carea' id='block_1_22' title="bbox 677 2058 2255 2123">
    <p class='ocr_par' dir='ltr' id='par_1_22' title="bbox 677 2058 2255 2123">
     <span class='ocr_line' id='line_1_22' title="bbox 677 2058 2255 2123; baseline 0.008 -13"><span class='ocrx_word' id='word_1_117' title='bbox 677 2058 984 2114; x_wconf 85' lang='lat' dir='ltr'><strong>rentissimo</strong></span> <span class='ocrx_word' id='word_1_118' title='bbox 1012 2069 1065 2115; x_wconf 90' lang='lat' dir='ltr'><strong>et</strong></span> <span class='ocrx_word' id='word_1_119' title='bbox 1106 2062 1452 2118; x_wconf 87' lang='lat' dir='ltr'><strong>sanctissimo</strong></span> <span class='ocrx_word' id='word_1_120' title='bbox 1486 2065 1744 2120; x_wconf 71' lang='lat' dir='ltr'><strong>Acranoo</strong></span> <span class='ocrx_word' id='word_1_121' title='bbox 1772 2076 1972 2122; x_wconf 81' lang='lat' dir='ltr'><strong>sanctae</strong></span> <span class='ocrx_word' id='word_1_122' title='bbox 2001 2067 2255 2123; x_wconf 66' lang='lat' dir='ltr'><strong>Ecclesia:</strong></span> 
     </span>
    </p>
   </div>
   <div class='ocr_carea' id='block_1_23' title="bbox 675 2144 1936 2213">
    <p class='ocr_par' dir='ltr' id='par_1_23' title="bbox 675 2144 1936 2213">
     <span class='ocr_line' id='line_1_23' title="bbox 675 2144 1936 2213; baseline 0.011 -14"><span class='ocrx_word' id='word_1_123' title='bbox 675 2144 1003 2204; x_wconf 61' lang='lat' dir='ltr'><strong>Namnctica‘.</strong></span> <span class='ocrx_word' id='word_1_124' title='bbox 1033 2151 1221 2206; x_wconf 88' lang='lat' dir='ltr'><strong>diebus</strong></span> <span class='ocrx_word' id='word_1_125' title='bbox 1251 2154 1375 2208; x_wconf 67' lang='lat' dir='ltr'><strong>vita:</strong></span> <span class='ocrx_word' id='word_1_126' title='bbox 1409 2162 1511 2208; x_wconf 80' lang='lat' dir='ltr'><strong>tua:</strong></span> <span class='ocrx_word' id='word_1_127' title='bbox 1542 2158 1936 2213; x_wconf 91' lang='lat' dir='ltr'><strong>tantummodo.</strong></span> 
     </span>
    </p>
   </div>
   <div class='ocr_carea' id='block_1_24' title="bbox 745 2239 2247 2313">
    <p class='ocr_par' dir='ltr' id='par_1_24' title="bbox 745 2239 2247 2313">
     <span class='ocr_line' id='line_1_24' title="bbox 745 2239 2247 2313; baseline 0.005 -19"><span class='ocrx_word' id='word_1_128' title='bbox 745 2239 800 2294; x_wconf 87' lang='lat' dir='ltr'><strong>Si</strong></span> <span class='ocrx_word' id='word_1_129' title='bbox 827 2241 1119 2296; x_wconf 90' lang='lat' dir='ltr'><strong>secundum</strong></span> <span class='ocrx_word' id='word_1_130' title='bbox 1164 2243 1356 2298; x_wconf 67' lang='lat' dir='ltr'><strong>divinae</strong></span> <span class='ocrx_word' id='word_1_131' title='bbox 1383 2245 1836 2313; x_wconf 85' lang='lat' dir='ltr'><strong>pietatis-viscera</strong></span> <span class='ocrx_word' id='word_1_132' title='bbox 1883 2249 2029 2303; x_wconf 87' lang='lat' dir='ltr'><strong>circa</strong></span> <span class='ocrx_word' id='word_1_133' title='bbox 2073 2248 2247 2302; x_wconf 84' lang='lat' dir='ltr'><strong>nemi-</strong></span> 
     </span>
    </p>
   </div>
   <div class='ocr_carea' id='block_1_25' title="bbox 675 2331 2249 2408">
    <p class='ocr_par' dir='ltr' id='par_1_25' title="bbox 675 2331 2249 2408">
     <span class='ocr_line' id='line_1_25' title="bbox 675 2331 2249 2408; baseline 0.007 -27"><span class='ocrx_word' id='word_1_134' title='bbox 675 2345 798 2384; x_wconf 76' lang='lat' dir='ltr'><strong>nczn</strong></span> <span class='ocrx_word' id='word_1_135' title='bbox 839 2331 1087 2385; x_wconf 86' lang='lat' dir='ltr'><strong>consistit</strong></span> <span class='ocrx_word' id='word_1_136' title='bbox 1112 2333 1556 2401; x_wconf 89' lang='lat' dir='ltr'><strong>reprchensibilis</strong></span> <span class='ocrx_word' id='word_1_137' title='bbox 1581 2346 2000 2408; x_wconf 89' lang='lat' dir='ltr'><strong>quantacunque</strong></span> <span class='ocrx_word' id='word_1_138' title='bbox 2025 2338 2249 2393; x_wconf 86' lang='lat' dir='ltr'><strong>misera-</strong></span> 
     </span>
    </p>
   </div>
   <div class='ocr_carea' id='block_1_26' title="bbox 675 2421 2250 2493">
    <p class='ocr_par' dir='ltr' id='par_1_26' title="bbox 675 2421 2250 2493">
     <span class='ocr_line' id='line_1_26' title="bbox 675 2421 2250 2493; baseline 0.01 -22"><span class='ocrx_word' id='word_1_139' title='bbox 675 2421 782 2482; x_wconf 89' lang='lat' dir='ltr'><strong>tio,</strong></span> <span class='ocrx_word' id='word_1_140' title='bbox 831 2431 1033 2490; x_wconf 90' lang='lat' dir='ltr'><strong>quanto</strong></span> <span class='ocrx_word' id='word_1_141' title='bbox 1079 2423 1258 2491; x_wconf 91' lang='lat' dir='ltr'><strong>potius</strong></span> <span class='ocrx_word' id='word_1_142' title='bbox 1301 2438 1428 2493; x_wconf 88' lang='lat' dir='ltr'><strong>erga</strong></span> <span class='ocrx_word' id='word_1_143' title='bbox 1479 2424 1597 2478; x_wconf 87' lang='lat' dir='ltr'><strong>illos</strong></span> <span class='ocrx_word' id='word_1_144' title='bbox 1622 2427 1924 2482; x_wconf 74' lang='lat' dir='ltr'><strong>exhibenda</strong></span> <span class='ocrx_word' id='word_1_145' title='bbox 1954 2439 2037 2484; x_wconf 89' lang='lat' dir='ltr'><strong>est</strong></span> <span class='ocrx_word' id='word_1_146' title='bbox 2085 2430 2250 2487; x_wconf 89' lang='lat' dir='ltr'><strong>totius</strong></span> 
     </span>
    </p>
   </div>
   <div class='ocr_carea' id='block_1_27' title="bbox 675 2509 2251 2588">
    <p class='ocr_par' dir='ltr' id='par_1_27' title="bbox 675 2509 2251 2588">
     <span class='ocr_line' id='line_1_27' title="bbox 675 2509 2251 2588; baseline 0.008 -28"><span class='ocrx_word' id='word_1_147' title='bbox 675 2509 958 2564; x_wconf 79' lang='lat' dir='ltr'><strong>cbaritatis</strong></span> <span class='ocrx_word' id='word_1_148' title='bbox 985 2510 1218 2577; x_wconf 78' lang='lat' dir='ltr'><strong>affectio,</strong></span> <span class='ocrx_word' id='word_1_149' title='bbox 1242 2514 1332 2582; x_wconf 87' lang='lat' dir='ltr'><strong>qui</strong></span> <span class='ocrx_word' id='word_1_150' title='bbox 1359 2515 1503 2569; x_wconf 90' lang='lat' dir='ltr'><strong>circa</strong></span> <span class='ocrx_word' id='word_1_151' title='bbox 1528 2515 1766 2570; x_wconf 86' lang='lat' dir='ltr'><strong>divinum</strong></span> <span class='ocrx_word' id='word_1_152' title='bbox 1793 2517 1996 2572; x_wconf 86' lang='lat' dir='ltr'><strong>cultum</strong></span> <span class='ocrx_word' id='word_1_153' title='bbox 2022 2519 2251 2588; x_wconf 88' lang='lat' dir='ltr'><strong>irrcpre—</strong></span> 
     </span>
    </p>
   </div>
   <div class='ocr_carea' id='block_1_28' title="bbox 678 2601 2245 2671">
    <p class='ocr_par' dir='ltr' id='par_1_28' title="bbox 678 2601 2245 2671">
     <span class='ocr_line' id='line_1_28' title="bbox 678 2601 2245 2671; baseline 0.006 -17"><span class='ocrx_word' id='word_1_154' title='bbox 678 2601 970 2656; x_wconf 89' lang='lat' dir='ltr'><strong>heusibiles</strong></span> <span class='ocrx_word' id='word_1_155' title='bbox 1000 2613 1340 2671; x_wconf 90' lang='lat' dir='ltr'><strong>apparentes,</strong></span> <span class='ocrx_word' id='word_1_156' title='bbox 1381 2605 1714 2659; x_wconf 87' lang='lat' dir='ltr'><strong>diversarum</strong></span> <span class='ocrx_word' id='word_1_157' title='bbox 1741 2607 1863 2662; x_wconf 91' lang='lat' dir='ltr'><strong>dein</strong></span> <span class='ocrx_word' id='word_1_158' title='bbox 1891 2608 2245 2663; x_wconf 88' lang='lat' dir='ltr'><strong>tentationum</strong></span> 
     </span>
    </p>
   </div>
   <div class='ocr_carea' id='block_1_29' title="bbox 673 2693 2250 2763">
    <p class='ocr_par' dir='ltr' id='par_1_29' title="bbox 673 2693 2250 2763">
     <span class='ocr_line' id='line_1_29' title="bbox 673 2693 2250 2763; baseline 0.008 -18"><span class='ocrx_word' id='word_1_159' title='bbox 673 2693 935 2747; x_wconf 78' lang='lat' dir='ltr'><strong>exercitia</strong></span> <span class='ocrx_word' id='word_1_160' title='bbox 980 2694 1349 2763; x_wconf 91' lang='lat' dir='ltr'><strong>pertulerunt,</strong></span> <span class='ocrx_word' id='word_1_161' title='bbox 1394 2711 1494 2752; x_wconf 88' lang='lat' dir='ltr'><strong>nec</strong></span> <span class='ocrx_word' id='word_1_162' title='bbox 1530 2706 1709 2752; x_wconf 89' lang='lat' dir='ltr'><strong>tamen</strong></span> <span class='ocrx_word' id='word_1_163' title='bbox 1759 2699 1812 2752; x_wconf 91' lang='lat' dir='ltr'><strong>in</strong></span> <span class='ocrx_word' id='word_1_164' title='bbox 1866 2701 2250 2757; x_wconf 89' lang='lat' dir='ltr'><strong>tentationibus</strong></span> 
     </span>
    </p>
   </div>
   <div class='ocr_carea' id='block_1_30' title="bbox 673 2782 2248 2855">
    <p class='ocr_par' dir='ltr' id='par_1_30' title="bbox 673 2782 2248 2855">
     <span class='ocr_line' id='line_1_30' title="bbox 673 2782 2248 2855; baseline 0.006 -18"><span class='ocrx_word' id='word_1_165' title='bbox 673 2782 860 2838; x_wconf 85' lang='lat' dir='ltr'><strong>Chisto</strong></span> <span class='ocrx_word' id='word_1_166' title='bbox 886 2785 1116 2855; x_wconf 87' lang='lat' dir='ltr'><strong>pr0pitio</strong></span> <span class='ocrx_word' id='word_1_167' title='bbox 1144 2785 1491 2842; x_wconf 87' lang='lat' dir='ltr'><strong>defecerunt?</strong></span> <span class='ocrx_word' id='word_1_168' title='bbox 1520 2788 1634 2855; x_wconf 84' lang='lat' dir='ltr'><strong>Qua</strong></span> <span class='ocrx_word' id='word_1_169' title='bbox 1683 2790 1749 2844; x_wconf 85' lang='lat' dir='ltr'><strong>de</strong></span> <span class='ocrx_word' id='word_1_170' title='bbox 1791 2805 1850 2844; x_wconf 89' lang='lat' dir='ltr'><strong>re</strong></span> <span class='ocrx_word' id='word_1_171' title='bbox 1878 2789 2248 2847; x_wconf 89' lang='lat' dir='ltr'><strong>benedicimus</strong></span> 
     </span>
    </p>
   </div>
   <div class='ocr_carea' id='block_1_31' title="bbox 674 2873 2248 2946">
    <p class='ocr_par' dir='ltr' id='par_1_31' title="bbox 674 2873 2248 2946">
     <span class='ocr_line' id='line_1_31' title="bbox 674 2873 2248 2946; baseline 0.008 -19"><span class='ocrx_word' id='word_1_172' title='bbox 674 2873 786 2928; x_wconf 91' lang='lat' dir='ltr'><strong>Dco</strong></span> <span class='ocrx_word' id='word_1_173' title='bbox 823 2873 969 2930; x_wconf 85' lang='lat' dir='ltr'><strong>Patri</strong></span> <span class='ocrx_word' id='word_1_174' title='bbox 1012 2877 1221 2931; x_wconf 90' lang='lat' dir='ltr'><strong>Domini</strong></span> <span class='ocrx_word' id='word_1_175' title='bbox 1253 2880 1420 2933; x_wconf 88' lang='lat' dir='ltr'><strong>nostri</strong></span> <span class='ocrx_word' id='word_1_176' title='bbox 1461 2878 1586 2934; x_wconf 87' lang='lat' dir='ltr'><strong>Jesu</strong></span> <span class='ocrx_word' id='word_1_177' title='bbox 1629 2879 1862 2946; x_wconf 82' lang='lat' dir='ltr'><strong>Christi,</strong></span> <span class='ocrx_word' id='word_1_178' title='bbox 1908 2883 2018 2939; x_wconf 89' lang='lat' dir='ltr'><strong>Deo</strong></span> <span class='ocrx_word' id='word_1_179' title='bbox 2045 2883 2248 2938; x_wconf 87' lang='lat' dir='ltr'><strong>scilicet</strong></span> 
     </span>
    </p>
   </div>
   <div class='ocr_carea' id='block_1_32' title="bbox 673 2967 2244 3039">
    <p class='ocr_par' dir='ltr' id='par_1_32' title="bbox 673 2967 2244 3039">
     <span class='ocr_line' id='line_1_32' title="bbox 673 2967 2244 3039; baseline 0.008 -21"><span class='ocrx_word' id='word_1_180' title='bbox 673 2967 840 3022; x_wconf 86' lang='lat' dir='ltr'><strong>totius</strong></span> <span class='ocrx_word' id='word_1_181' title='bbox 862 2968 1271 3035; x_wconf 86' lang='lat' dir='ltr'><strong>consolationis,</strong></span> <span class='ocrx_word' id='word_1_182' title='bbox 1303 2971 1393 3039; x_wconf 91' lang='lat' dir='ltr'><strong>qui</strong></span> <span class='ocrx_word' id='word_1_183' title='bbox 1424 2972 1737 3026; x_wconf 87' lang='lat' dir='ltr'><strong>consolatur</strong></span> <span class='ocrx_word' id='word_1_184' title='bbox 1768 2990 1866 3029; x_wconf 91' lang='lat' dir='ltr'><strong>nos</strong></span> <span class='ocrx_word' id='word_1_185' title='bbox 1890 2975 1942 3029; x_wconf 90' lang='lat' dir='ltr'><strong>in</strong></span> <span class='ocrx_word' id='word_1_186' title='bbox 1971 2977 2117 3030; x_wconf 91' lang='lat' dir='ltr'><strong>omni</strong></span> <span class='ocrx_word' id='word_1_187' title='bbox 2147 2976 2244 3031; x_wconf 83' lang='lat' dir='ltr'><strong>tri-</strong></span> 
     </span>
    </p>
   </div>
   <div class='ocr_carea' id='block_1_33' title="bbox 671 3057 2248 3134">
    <p class='ocr_par' dir='ltr' id='par_1_33' title="bbox 671 3057 2248 3134">
     <span class='ocr_line' id='line_1_33' title="bbox 671 3057 2248 3134; baseline 0.007 -23"><span class='ocrx_word' id='word_1_188' title='bbox 671 3057 945 3112; x_wconf 88' lang='lat' dir='ltr'><strong>bulatione</strong></span> <span class='ocrx_word' id='word_1_189' title='bbox 975 3070 1178 3121; x_wconf 88' lang='lat' dir='ltr'><strong>nostra,</strong></span> <span class='ocrx_word' id='word_1_190' title='bbox 1220 3071 1275 3115; x_wconf 92' lang='lat' dir='ltr'><strong>ut</strong></span> <span class='ocrx_word' id='word_1_191' title='bbox 1319 3064 1588 3132; x_wconf 83' lang='lat' dir='ltr'><strong>possimus</strong></span> <span class='ocrx_word' id='word_1_192' title='bbox 1615 3073 1668 3118; x_wconf 91' lang='lat' dir='ltr'><strong>et</strong></span> <span class='ocrx_word' id='word_1_193' title='bbox 1710 3065 1810 3134; x_wconf 87' lang='lat' dir='ltr'><strong>ipsi</strong></span> <span class='ocrx_word' id='word_1_194' title='bbox 1857 3067 2124 3122; x_wconf 87' lang='lat' dir='ltr'><strong>consolari</strong></span> <span class='ocrx_word' id='word_1_195' title='bbox 2153 3082 2248 3123; x_wconf 78' lang='lat' dir='ltr'><strong>eos</strong></span> 
     </span>
    </p>
   </div>
   <div class='ocr_carea' id='block_1_34' title="bbox 670 3150 2243 3226">
    <p class='ocr_par' dir='ltr' id='par_1_34' title="bbox 670 3150 2243 3226">
     <span class='ocr_line' id='line_1_34' title="bbox 670 3150 2243 3226; baseline 0.008 -24"><span class='ocrx_word' id='word_1_196' title='bbox 670 3150 762 3218; x_wconf 89' lang='lat' dir='ltr'><strong>qui</strong></span> <span class='ocrx_word' id='word_1_197' title='bbox 789 3151 839 3203; x_wconf 92' lang='lat' dir='ltr'><strong>in</strong></span> <span class='ocrx_word' id='word_1_198' title='bbox 860 3151 1008 3204; x_wconf 89' lang='lat' dir='ltr'><strong>omni</strong></span> <span class='ocrx_word' id='word_1_199' title='bbox 1036 3167 1288 3221; x_wconf 87' lang='lat' dir='ltr'><strong>pressura</strong></span> <span class='ocrx_word' id='word_1_200' title='bbox 1319 3162 1465 3208; x_wconf 86' lang='lat' dir='ltr'><strong>sunt.</strong></span> <span class='ocrx_word' id='word_1_201' title='bbox 1499 3154 1724 3225; x_wconf 89' lang='lat' dir='ltr'><strong>Tibique</strong></span> <span class='ocrx_word' id='word_1_202' title='bbox 1743 3196 1759 3225; x_wconf 95' lang='lat'><strong>,</strong></span> <span class='ocrx_word' id='word_1_203' title='bbox 1791 3155 1960 3212; x_wconf 81' lang='lat' dir='ltr'><strong>frater</strong></span> <span class='ocrx_word' id='word_1_204' title='bbox 1987 3158 2243 3226; x_wconf 82' lang='lat' dir='ltr'><strong>Actarde,</strong></span> 
     </span>
    </p>
   </div>
   <div class='ocr_carea' id='block_1_35' title="bbox 671 3239 2244 3316">
    <p class='ocr_par' dir='ltr' id='par_1_35' title="bbox 671 3239 2244 3316">
     <span class='ocr_line' id='line_1_35' title="bbox 671 3239 2244 3316; baseline 0.009 -25"><span class='ocrx_word' id='word_1_205' title='bbox 671 3239 764 3308; x_wconf 86' lang='lat' dir='ltr'><strong>qui</strong></span> <span class='ocrx_word' id='word_1_206' title='bbox 803 3239 921 3294; x_wconf 86' lang='lat' dir='ltr'><strong>dira</strong></span> <span class='ocrx_word' id='word_1_207' title='bbox 964 3240 1242 3313; x_wconf 88' lang='lat' dir='ltr'><strong>fatigatus,</strong></span> <span class='ocrx_word' id='word_1_208' title='bbox 1289 3254 1345 3298; x_wconf 92' lang='lat' dir='ltr'><strong>et</strong></span> <span class='ocrx_word' id='word_1_209' title='bbox 1378 3245 1626 3300; x_wconf 90' lang='lat' dir='ltr'><strong>diuturna</strong></span> <span class='ocrx_word' id='word_1_210' title='bbox 1657 3248 1988 3316; x_wconf 75' lang='lat' dir='ltr'><strong>captivitatis</strong></span> <span class='ocrx_word' id='word_1_211' title='bbox 2027 3250 2244 3305; x_wconf 88' lang='lat' dir='ltr'><strong>miseria</strong></span> 
     </span>
    </p>
   </div>
   <div class='ocr_carea' id='block_1_36' title="bbox 670 3333 2242 3410">
    <p class='ocr_par' dir='ltr' id='par_1_36' title="bbox 670 3333 2242 3410">
     <span class='ocr_line' id='line_1_36' title="bbox 670 3333 2242 3410; baseline 0.01 -30"><span class='ocrx_word' id='word_1_212' title='bbox 670 3339 974 3398; x_wconf 88' lang='lat' dir='ltr'><strong>quassatus,</strong></span> <span class='ocrx_word' id='word_1_213' title='bbox 1002 3347 1101 3386; x_wconf 88' lang='lat' dir='ltr'><strong>nec</strong></span> <span class='ocrx_word' id='word_1_214' title='bbox 1132 3333 1274 3387; x_wconf 89' lang='lat' dir='ltr'><strong>inter</strong></span> <span class='ocrx_word' id='word_1_215' title='bbox 1298 3349 1456 3389; x_wconf 89' lang='lat' dir='ltr'><strong>enses</strong></span> <span class='ocrx_word' id='word_1_216' title='bbox 1489 3335 1782 3392; x_wconf 80' lang='lat' dir='ltr'><strong>infidelium</strong></span> <span class='ocrx_word' id='word_1_217' title='bbox 1811 3339 2080 3406; x_wconf 75' lang='lat' dir='ltr'><strong>deiecisti,</strong></span> <span class='ocrx_word' id='word_1_218' title='bbox 2109 3341 2242 3410; x_wconf 73' lang='lat' dir='ltr'><strong>quin</strong></span> 
     </span>
    </p>
   </div>
   <div class='ocr_carea' id='block_1_37' title="bbox 669 3423 2262 3502">
    <p class='ocr_par' dir='ltr' id='par_1_37' title="bbox 669 3423 2262 3502">
     <span class='ocr_line' id='line_1_37' title="bbox 669 3423 2262 3502; baseline 0.005 -24"><span class='ocrx_word' id='word_1_219' title='bbox 669 3423 832 3478; x_wconf 87' lang='lat' dir='ltr'><strong>etiam</strong></span> <span class='ocrx_word' id='word_1_220' title='bbox 859 3424 949 3479; x_wconf 89' lang='lat' dir='ltr'><strong>Dei</strong></span> <span class='ocrx_word' id='word_1_221' title='bbox 974 3426 1308 3494; x_wconf 80' lang='lat' dir='ltr'><strong>providentia</strong></span> <span class='ocrx_word' id='word_1_222' title='bbox 1338 3427 1857 3484; x_wconf 81' lang='lat' dir='ltr'><strong>mirabilitererutus</strong></span> <span class='ocrx_word' id='word_1_223' title='bbox 1883 3439 1937 3484; x_wconf 89' lang='lat' dir='ltr'><strong>et</strong></span> <span class='ocrx_word' id='word_1_224' title='bbox 1963 3430 2262 3502; x_wconf 70' lang='lat' dir='ltr'><strong>liberatus,</strong></span> 
     </span>
    </p>
   </div>
   <div class='ocr_carea' id='block_1_38' title="bbox 669 3515 2245 3591">
    <p class='ocr_par' dir='ltr' id='par_1_38' title="bbox 669 3515 2245 3591">
     <span class='ocr_line' id='line_1_38' title="bbox 669 3515 2245 3591; baseline 0.006 -23"><span class='ocrx_word' id='word_1_225' title='bbox 669 3515 1090 3584; x_wconf 85' lang='lat' dir='ltr'><strong>circumquaque</strong></span> <span class='ocrx_word' id='word_1_226' title='bbox 1117 3516 1516 3586; x_wconf 79' lang='lat' dir='ltr'><strong>peregrinando</strong></span> <span class='ocrx_word' id='word_1_227' title='bbox 1542 3519 1729 3586; x_wconf 85' lang='lat' dir='ltr'><strong>procul</strong></span> <span class='ocrx_word' id='word_1_228' title='bbox 1754 3535 1782 3573; x_wconf 89' lang='lat' dir='ltr'><strong>a</strong></span> <span class='ocrx_word' id='word_1_229' title='bbox 1812 3521 2032 3591; x_wconf 88' lang='lat' dir='ltr'><strong>propria</strong></span> <span class='ocrx_word' id='word_1_230' title='bbox 2059 3521 2245 3578; x_wconf 84' lang='lat' dir='ltr'><strong>Eccle-</strong></span> 
     </span>
    </p>
   </div>
   <div class='ocr_carea' id='block_1_39' title="bbox 667 3610 2243 3684">
    <p class='ocr_par' dir='ltr' id='par_1_39' title="bbox 667 3610 2243 3684">
     <span class='ocr_line' id='line_1_39' title="bbox 667 3610 2243 3684; baseline 0.004 -20"><span class='ocrx_word' id='word_1_231' title='bbox 667 3611 772 3673; x_wconf 85' lang='lat' dir='ltr'><strong>sia,</strong></span> <span class='ocrx_word' id='word_1_232' title='bbox 819 3610 1003 3678; x_wconf 87' lang='lat' dir='ltr'><strong>procul</strong></span> <span class='ocrx_word' id='word_1_233' title='bbox 1041 3626 1068 3664; x_wconf 88' lang='lat' dir='ltr'><strong>a</strong></span> <span class='ocrx_word' id='word_1_234' title='bbox 1112 3611 1256 3665; x_wconf 91' lang='lat' dir='ltr'><strong>notis</strong></span> <span class='ocrx_word' id='word_1_235' title='bbox 1284 3619 1338 3666; x_wconf 87' lang='lat' dir='ltr'><strong>et</strong></span> <span class='ocrx_word' id='word_1_236' title='bbox 1367 3613 1655 3680; x_wconf 77' lang='lat' dir='ltr'><strong>proximis,</strong></span> <span class='ocrx_word' id='word_1_237' title='bbox 1683 3623 1905 3684; x_wconf 81' lang='lat' dir='ltr'><strong>prepter</strong></span> <span class='ocrx_word' id='word_1_238' title='bbox 1929 3618 2243 3671; x_wconf 89' lang='lat' dir='ltr'><strong>eorumdem</strong></span> 
     </span>
    </p>
   </div>
   <div class='ocr_carea' id='block_1_40' title="bbox 669 3699 2244 3777">
    <p class='ocr_par' dir='ltr' id='par_1_40' title="bbox 669 3699 2244 3777">
     <span class='ocr_line' id='line_1_40' title="bbox 669 3699 2244 3777; baseline 0.006 -24"><span class='ocrx_word' id='word_1_239' title='bbox 669 3699 874 3754; x_wconf 82' lang='lat' dir='ltr'><strong>rabiem</strong></span> <span class='ocrx_word' id='word_1_240' title='bbox 898 3701 1269 3769; x_wconf 88' lang='lat' dir='ltr'><strong>barbarorum,</strong></span> <span class='ocrx_word' id='word_1_241' title='bbox 1301 3710 1356 3758; x_wconf 91' lang='lat' dir='ltr'><strong>et</strong></span> <span class='ocrx_word' id='word_1_242' title='bbox 1387 3703 1694 3759; x_wconf 90' lang='lat' dir='ltr'><strong>continuam</strong></span> <span class='ocrx_word' id='word_1_243' title='bbox 1718 3704 1996 3760; x_wconf 89' lang='lat' dir='ltr'><strong>Britouum</strong></span> <span class='ocrx_word' id='word_1_244' title='bbox 2023 3721 2244 3777; x_wconf 83' lang='lat' dir='ltr'><strong>Oppres-</strong></span> 
     </span>
    </p>
   </div>
   <div class='ocr_carea' id='block_1_41' title="bbox 669 3792 2241 3864">
    <p class='ocr_par' dir='ltr' id='par_1_41' title="bbox 669 3792 2241 3864">
     <span class='ocr_line' id='line_1_41' title="bbox 669 3792 2241 3864; baseline 0.006 -21"><span class='ocrx_word' id='word_1_245' title='bbox 669 3792 899 3856; x_wconf 89' lang='lat' dir='ltr'><strong>sionem,</strong></span> <span class='ocrx_word' id='word_1_246' title='bbox 929 3793 1142 3863; x_wconf 89' lang='lat' dir='ltr'><strong>quibus,</strong></span> <span class='ocrx_word' id='word_1_247' title='bbox 1171 3795 1304 3848; x_wconf 89' lang='lat' dir='ltr'><strong>heu!</strong></span> <span class='ocrx_word' id='word_1_248' title='bbox 1339 3795 1566 3850; x_wconf 86' lang='lat' dir='ltr'><strong>nimium</strong></span> <span class='ocrx_word' id='word_1_249' title='bbox 1593 3796 1804 3851; x_wconf 89' lang='lat' dir='ltr'><strong>vicinus</strong></span> <span class='ocrx_word' id='word_1_250' title='bbox 1829 3813 1950 3852; x_wconf 89' lang='lat' dir='ltr'><strong>esse</strong></span> <span class='ocrx_word' id='word_1_251' title='bbox 1978 3799 2241 3864; x_wconf 88' lang='lat' dir='ltr'><strong>nosceris,</strong></span> 
     </span>
    </p>
   </div>
   <div class='ocr_carea' id='block_1_42' title="bbox 668 3883 2243 3958">
    <p class='ocr_par' dir='ltr' id='par_1_42' title="bbox 668 3883 2243 3958">
     <span class='ocr_line' id='line_1_42' title="bbox 668 3883 2243 3958; baseline 0.004 -22"><span class='ocrx_word' id='word_1_252' title='bbox 668 3891 872 3951; x_wconf 90' lang='lat' dir='ltr'><strong>ctpcne</strong></span> <span class='ocrx_word' id='word_1_253' title='bbox 900 3883 1052 3953; x_wconf 83' lang='lat' dir='ltr'><strong>pejus</strong></span> <span class='ocrx_word' id='word_1_254' title='bbox 1073 3885 1140 3939; x_wconf 91' lang='lat' dir='ltr'><strong>ab</strong></span> <span class='ocrx_word' id='word_1_255' title='bbox 1161 3885 1240 3939; x_wconf 91' lang='lat' dir='ltr'><strong>eis</strong></span> <span class='ocrx_word' id='word_1_256' title='bbox 1263 3900 1426 3955; x_wconf 90' lang='lat' dir='ltr'><strong>quam</strong></span> <span class='ocrx_word' id='word_1_257' title='bbox 1453 3901 1481 3938; x_wconf 91' lang='lat' dir='ltr'><strong>a</strong></span> <span class='ocrx_word' id='word_1_258' title='bbox 1513 3886 1705 3955; x_wconf 89' lang='lat' dir='ltr'><strong>piratis</strong></span> <span class='ocrx_word' id='word_1_259' title='bbox 1732 3887 2121 3943; x_wconf 90' lang='lat' dir='ltr'><strong>iusecutionem</strong></span> <span class='ocrx_word' id='word_1_260' title='bbox 2149 3904 2243 3958; x_wconf 86' lang='lat' dir='ltr'><strong>pa-</strong></span> 
     </span>
    </p>
   </div>
   <div class='ocr_carea' id='block_1_43' title="bbox 671 3973 2243 4048">
    <p class='ocr_par' dir='ltr' id='par_1_43' title="bbox 671 3973 2243 4048">
     <span class='ocr_line' id='line_1_43' title="bbox 671 3973 2243 4048; baseline 0.004 -22"><span class='ocrx_word' id='word_1_261' title='bbox 671 3975 833 4038; x_wconf 84' lang='lat' dir='ltr'><strong>teris,</strong></span> <span class='ocrx_word' id='word_1_262' title='bbox 866 3974 1154 4030; x_wconf 88' lang='lat' dir='ltr'><strong>curriculis</strong></span> <span class='ocrx_word' id='word_1_263' title='bbox 1172 3973 1288 4043; x_wconf 89' lang='lat' dir='ltr'><strong>jam</strong></span> <span class='ocrx_word' id='word_1_264' title='bbox 1315 3975 1498 4030; x_wconf 90' lang='lat' dir='ltr'><strong>multis</strong></span> <span class='ocrx_word' id='word_1_265' title='bbox 1529 3976 1754 4043; x_wconf 87' lang='lat' dir='ltr'><strong>incedis,</strong></span> <span class='ocrx_word' id='word_1_266' title='bbox 1778 3977 1946 4034; x_wconf 88' lang='lat' dir='ltr'><strong>decus</strong></span> <span class='ocrx_word' id='word_1_267' title='bbox 1967 3977 2112 4048; x_wconf 88' lang='lat' dir='ltr'><strong>pallii</strong></span> <span class='ocrx_word' id='word_1_268' title='bbox 2145 3993 2243 4048; x_wconf 91' lang='lat' dir='ltr'><strong>pro</strong></span> 
     </span>
    </p>
   </div>
   <div class='ocr_carea' id='block_1_44' title="bbox 669 4064 2240 4140">
    <p class='ocr_par' dir='ltr' id='par_1_44' title="bbox 669 4064 2240 4140">
     <span class='ocr_line' id='line_1_44' title="bbox 669 4064 2240 4140; baseline 0.004 -22"><span class='ocrx_word' id='word_1_269' title='bbox 669 4064 763 4119; x_wconf 88' lang='lat' dir='ltr'><strong>Dei</strong></span> <span class='ocrx_word' id='word_1_270' title='bbox 799 4064 967 4119; x_wconf 90' lang='lat' dir='ltr'><strong>solius</strong></span> <span class='ocrx_word' id='word_1_271' title='bbox 995 4080 1202 4131; x_wconf 85' lang='lat' dir='ltr'><strong>amore,</strong></span> <span class='ocrx_word' id='word_1_272' title='bbox 1229 4082 1390 4137; x_wconf 91' lang='lat' dir='ltr'><strong>quem</strong></span> <span class='ocrx_word' id='word_1_273' title='bbox 1419 4067 1559 4121; x_wconf 92' lang='lat' dir='ltr'><strong>inter</strong></span> <span class='ocrx_word' id='word_1_274' title='bbox 1587 4066 1882 4123; x_wconf 88' lang='lat' dir='ltr'><strong>furentium</strong></span> <span class='ocrx_word' id='word_1_275' title='bbox 1908 4084 2240 4140; x_wconf 81' lang='lat' dir='ltr'><strong>paganorum</strong></span> 
     </span>
    </p>
   </div>
   <div class='ocr_carea' id='block_1_45' title="bbox 670 4157 2244 4230">
    <p class='ocr_par' dir='ltr' id='par_1_45' title="bbox 670 4157 2244 4230">
     <span class='ocr_line' id='line_1_45' title="bbox 670 4157 2244 4230; baseline 0.004 -20"><span class='ocrx_word' id='word_1_276' title='bbox 670 4172 861 4212; x_wconf 90' lang='lat' dir='ltr'><strong>manus</strong></span> <span class='ocrx_word' id='word_1_277' title='bbox 895 4165 951 4211; x_wconf 86' lang='lat' dir='ltr'><strong>et</strong></span> <span class='ocrx_word' id='word_1_278' title='bbox 999 4157 1206 4228; x_wconf 78' lang='lat' dir='ltr'><strong>gladios</strong></span> <span class='ocrx_word' id='word_1_279' title='bbox 1233 4158 1518 4216; x_wconf 86' lang='lat' dir='ltr'><strong>confessus</strong></span> <span class='ocrx_word' id='word_1_280' title='bbox 1557 4174 1639 4225; x_wconf 86' lang='lat' dir='ltr'><strong>es,</strong></span> <span class='ocrx_word' id='word_1_281' title='bbox 1676 4161 2020 4230; x_wconf 82' lang='lat' dir='ltr'><strong>praevidimus</strong></span> <span class='ocrx_word' id='word_1_282' title='bbox 2049 4175 2244 4216; x_wconf 89' lang='lat' dir='ltr'><strong>conce-</strong></span> 
     </span>
    </p>
   </div>
   <div class='ocr_carea' id='block_1_46' title="bbox 668 4247 2243 4318">
    <p class='ocr_par' dir='ltr' id='par_1_46' title="bbox 668 4247 2243 4318">
     <span class='ocr_line' id='line_1_46' title="bbox 668 4247 2243 4318; baseline 0.004 -20"><span class='ocrx_word' id='word_1_283' title='bbox 668 4247 922 4302; x_wconf 86' lang='lat' dir='ltr'><strong>dendum.</strong></span> <span class='ocrx_word' id='word_1_284' title='bbox 975 4247 1092 4314; x_wconf 86' lang='lat' dir='ltr'><strong>Quo</strong></span> <span class='ocrx_word' id='word_1_285' title='bbox 1120 4249 1372 4303; x_wconf 72' lang='lat' dir='ltr'><strong>videlicet</strong></span> <span class='ocrx_word' id='word_1_286' title='bbox 1409 4248 1570 4318; x_wconf 86' lang='lat' dir='ltr'><strong>pallio</strong></span> <span class='ocrx_word' id='word_1_287' title='bbox 1594 4289 1610 4315; x_wconf 95' lang='lat'><strong>,</strong></span> <span class='ocrx_word' id='word_1_288' title='bbox 1661 4265 1782 4304; x_wconf 84' lang='lat' dir='ltr'><strong>cum</strong></span> <span class='ocrx_word' id='word_1_289' title='bbox 1825 4249 1992 4306; x_wconf 90' lang='lat' dir='ltr'><strong>fueris</strong></span> <span class='ocrx_word' id='word_1_290' title='bbox 2020 4259 2243 4306; x_wconf 86' lang='lat' dir='ltr'><strong>auctore</strong></span> 
     </span>
    </p>
   </div>
   <div class='ocr_carea' id='block_1_47' title="bbox 669 4336 2242 4410">
    <p class='ocr_par' dir='ltr' id='par_1_47' title="bbox 669 4336 2242 4410">
     <span class='ocr_line' id='line_1_47' title="bbox 669 4336 2242 4410; baseline 0.004 -23"><span class='ocrx_word' id='word_1_291' title='bbox 669 4336 777 4390; x_wconf 87' lang='lat' dir='ltr'><strong>Deo</strong></span> <span class='ocrx_word' id='word_1_292' title='bbox 811 4343 1104 4405; x_wconf 90' lang='lat' dir='ltr'><strong>nostroque</strong></span> <span class='ocrx_word' id='word_1_293' title='bbox 1147 4336 1365 4394; x_wconf 88' lang='lat' dir='ltr'><strong>decreto</strong></span> <span class='ocrx_word' id='word_1_294' title='bbox 1407 4338 1638 4408; x_wconf 91' lang='lat' dir='ltr'><strong>aliquem</strong></span> <span class='ocrx_word' id='word_1_295' title='bbox 1686 4347 1968 4394; x_wconf 88' lang='lat' dir='ltr'><strong>vacantem</strong></span> <span class='ocrx_word' id='word_1_296' title='bbox 2017 4340 2242 4410; x_wconf 91' lang='lat' dir='ltr'><strong>adeptus</strong></span> 
     </span>
    </p>
   </div>
   <div class='ocr_carea' id='block_1_48' title="bbox 667 4429 2242 4500">
    <p class='ocr_par' dir='ltr' id='par_1_48' title="bbox 667 4429 2242 4500">
     <span class='ocr_line' id='line_1_48' title="bbox 667 4429 2242 4500; baseline 0.002 -18"><span class='ocrx_word' id='word_1_297' title='bbox 667 4429 1058 4500; x_wconf 83' lang='lat' dir='ltr'><strong>episcopatum,</strong></span> <span class='ocrx_word' id='word_1_298' title='bbox 1085 4430 1226 4485; x_wconf 87' lang='lat' dir='ltr'><strong>scias</strong></span> <span class='ocrx_word' id='word_1_299' title='bbox 1257 4446 1285 4484; x_wconf 89' lang='lat' dir='ltr'><strong>a</strong></span> <span class='ocrx_word' id='word_1_300' title='bbox 1318 4432 1473 4487; x_wconf 88' lang='lat' dir='ltr'><strong>nobis</strong></span> <span class='ocrx_word' id='word_1_301' title='bbox 1499 4431 1673 4488; x_wconf 87' lang='lat' dir='ltr'><strong>eidem</strong></span> <span class='ocrx_word' id='word_1_302' title='bbox 1699 4439 1752 4486; x_wconf 90' lang='lat' dir='ltr'><strong>te</strong></span> <span class='ocrx_word' id='word_1_303' title='bbox 1772 4432 2041 4488; x_wconf 89' lang='lat' dir='ltr'><strong>stabiliter</strong></span> <span class='ocrx_word' id='word_1_304' title='bbox 2063 4433 2242 4488; x_wconf 89' lang='lat' dir='ltr'><strong>incar-</strong></span> 
     </span>
    </p>
   </div>
   <div class='ocr_carea' id='block_1_49' title="bbox 669 4521 2242 4594">
    <p class='ocr_par' dir='ltr' id='par_1_49' title="bbox 669 4521 2242 4594">
     <span class='ocr_line' id='line_1_49' title="bbox 669 4521 2242 4594; baseline 0.003 -21"><span class='ocrx_word' id='word_1_305' title='bbox 669 4522 943 4586; x_wconf 78' lang='lat' dir='ltr'><strong>tlinatum;</strong></span> <span class='ocrx_word' id='word_1_306' title='bbox 977 4521 1060 4576; x_wconf 85' lang='lat' dir='ltr'><strong>vel</strong></span> <span class='ocrx_word' id='word_1_307' title='bbox 1095 4523 1137 4577; x_wconf 92' lang='lat' dir='ltr'><strong>si</strong></span> <span class='ocrx_word' id='word_1_308' title='bbox 1167 4523 1454 4594; x_wconf 86' lang='lat' dir='ltr'><strong>contigerit</strong></span> <span class='ocrx_word' id='word_1_309' title='bbox 1483 4523 1668 4579; x_wconf 83' lang='lat' dir='ltr'><strong>forsan</strong></span> <span class='ocrx_word' id='word_1_310' title='bbox 1699 4524 1752 4578; x_wconf 91' lang='lat' dir='ltr'><strong>in</strong></span> <span class='ocrx_word' id='word_1_311' title='bbox 1795 4525 2033 4593; x_wconf 87' lang='lat' dir='ltr'><strong>proprio,</strong></span> <span class='ocrx_word' id='word_1_312' title='bbox 2077 4524 2242 4579; x_wconf 88' lang='lat' dir='ltr'><strong>certis</strong></span> 
     </span>
    </p>
   </div>
   <div class='ocr_carea' id='block_1_50' title="bbox 665 4611 2243 4683">
    <p class='ocr_par' dir='ltr' id='par_1_50' title="bbox 665 4611 2243 4683">
     <span class='ocr_line' id='line_1_50' title="bbox 665 4611 2243 4683; baseline 0.004 -21"><span class='ocrx_word' id='word_1_313' title='bbox 665 4611 848 4665; x_wconf 79' lang='lat' dir='ltr'><strong>valcas</strong></span> <span class='ocrx_word' id='word_1_314' title='bbox 878 4621 954 4664; x_wconf 83' lang='lat' dir='ltr'><strong>uti</strong></span> <span class='ocrx_word' id='word_1_315' title='bbox 987 4612 1340 4683; x_wconf 88' lang='lat' dir='ltr'><strong>temporibus.</strong></span> <span class='ocrx_word' id='word_1_316' title='bbox 1370 4613 1526 4681; x_wconf 89' lang='lat' dir='ltr'><strong>Quod</strong></span> <span class='ocrx_word' id='word_1_317' title='bbox 1551 4628 1657 4668; x_wconf 93' lang='lat' dir='ltr'><strong>non</strong></span> <span class='ocrx_word' id='word_1_318' title='bbox 1679 4613 1838 4668; x_wconf 86' lang='lat' dir='ltr'><strong>aliter</strong></span> <span class='ocrx_word' id='word_1_319' title='bbox 1866 4614 1982 4679; x_wconf 88' lang='lat' dir='ltr'><strong>tibi,</strong></span> <span class='ocrx_word' id='word_1_320' title='bbox 2011 4627 2110 4668; x_wconf 87' lang='lat' dir='ltr'><strong>nec</strong></span> <span class='ocrx_word' id='word_1_321' title='bbox 2128 4613 2243 4669; x_wconf 84' lang='lat' dir='ltr'><strong>cui-</strong></span> 
     </span>
    </p>
   </div>
   <div class='ocr_carea' id='block_1_51' title="bbox 667 4700 2240 4774">
    <p class='ocr_par' dir='ltr' id='par_1_51' title="bbox 667 4700 2240 4774">
     <span class='ocr_line' id='line_1_51' title="bbox 667 4700 2240 4774; baseline 0.004 -19"><span class='ocrx_word' id='word_1_322' title='bbox 667 4701 800 4755; x_wconf 89' lang='lat' dir='ltr'><strong>libet</strong></span> <span class='ocrx_word' id='word_1_323' title='bbox 827 4700 1034 4770; x_wconf 88' lang='lat' dir='ltr'><strong>absque</strong></span> <span class='ocrx_word' id='word_1_324' title='bbox 1065 4703 1422 4774; x_wconf 91' lang='lat' dir='ltr'><strong>mctropolitis</strong></span> <span class='ocrx_word' id='word_1_325' title='bbox 1447 4705 1890 4771; x_wconf 88' lang='lat' dir='ltr'><strong>concederemus,</strong></span> <span class='ocrx_word' id='word_1_326' title='bbox 1921 4704 2022 4760; x_wconf 90' lang='lat' dir='ltr'><strong>nisi</strong></span> <span class='ocrx_word' id='word_1_327' title='bbox 2047 4704 2240 4761; x_wconf 90' lang='lat' dir='ltr'><strong>multo-</strong></span> 
     </span>
    </p>
   </div>
   <div class='ocr_carea' id='block_1_52' title="bbox 665 4789 2238 4864">
    <p class='ocr_par' dir='ltr' id='par_1_52' title="bbox 665 4789 2238 4864">
     <span class='ocr_line' id='line_1_52' title="bbox 665 4789 2238 4864; baseline 0.005 -23"><span class='ocrx_word' id='word_1_328' title='bbox 665 4793 765 4846; x_wconf 89' lang='lat' dir='ltr'><strong>ties</strong></span> <span class='ocrx_word' id='word_1_329' title='bbox 783 4789 995 4855; x_wconf 76' lang='lat' dir='ltr'><strong>exsilia,</strong></span> <span class='ocrx_word' id='word_1_330' title='bbox 1017 4806 1185 4857; x_wconf 89' lang='lat' dir='ltr'><strong>mare,</strong></span> <span class='ocrx_word' id='word_1_331' title='bbox 1218 4793 1426 4848; x_wconf 92' lang='lat' dir='ltr'><strong>vincula</strong></span> <span class='ocrx_word' id='word_1_332' title='bbox 1451 4809 1629 4864; x_wconf 90' lang='lat' dir='ltr'><strong>passo,</strong></span> <span class='ocrx_word' id='word_1_333' title='bbox 1674 4795 1837 4850; x_wconf 86' lang='lat' dir='ltr'><strong>etiam</strong></span> <span class='ocrx_word' id='word_1_334' title='bbox 1861 4795 1928 4850; x_wconf 90' lang='lat' dir='ltr'><strong>ad</strong></span> <span class='ocrx_word' id='word_1_335' title='bbox 1954 4795 2238 4864; x_wconf 86' lang='lat' dir='ltr'><strong>capitalem</strong></span> 
     </span>
    </p>
   </div>
   <div class='ocr_carea' id='block_1_53' title="bbox 665 4881 2241 4957">
    <p class='ocr_par' dir='ltr' id='par_1_53' title="bbox 665 4881 2241 4957">
     <span class='ocr_line' id='line_1_53' title="bbox 665 4881 2241 4957; baseline 0.004 -22"><span class='ocrx_word' id='word_1_336' title='bbox 665 4881 994 4937; x_wconf 80' lang='lat' dir='ltr'><strong>sententiam</strong></span> <span class='ocrx_word' id='word_1_337' title='bbox 1041 4882 1353 4952; x_wconf 86' lang='lat' dir='ltr'><strong>frequenter</strong></span> <span class='ocrx_word' id='word_1_338' title='bbox 1397 4882 1605 4952; x_wconf 75' lang='lat' dir='ltr'><strong>tracto,</strong></span> <span class='ocrx_word' id='word_1_339' title='bbox 1639 4895 1774 4941; x_wconf 88' lang='lat' dir='ltr'><strong>teste</strong></span> <span class='ocrx_word' id='word_1_340' title='bbox 1808 4895 1898 4941; x_wconf 88' lang='lat' dir='ltr'><strong>tuo</strong></span> <span class='ocrx_word' id='word_1_341' title='bbox 1929 4885 2241 4957; x_wconf 88' lang='lat' dir='ltr'><strong>metropoli-</strong></span> 
     </span>
    </p>
   </div>
   <div class='ocr_carea' id='block_1_54' title="bbox 668 4969 2242 5048">
    <p class='ocr_par' dir='ltr' id='par_1_54' title="bbox 668 4969 2242 5048">
     <span class='ocr_line' id='line_1_54' title="bbox 668 4969 2242 5048; baseline 0.004 -24"><span class='ocrx_word' id='word_1_342' title='bbox 668 4969 932 5048; x_wconf 26' lang='lat' dir='ltr'><strong>tano,‘qui</strong></span> <span class='ocrx_word' id='word_1_343' title='bbox 965 4979 1019 5027; x_wconf 89' lang='lat' dir='ltr'><strong>et</strong></span> <span class='ocrx_word' id='word_1_344' title='bbox 1062 4972 1115 5027; x_wconf 89' lang='lat' dir='ltr'><strong>id</strong></span> <span class='ocrx_word' id='word_1_345' title='bbox 1145 4972 1300 5028; x_wconf 92' lang='lat' dir='ltr'><strong>nobis</strong></span> <span class='ocrx_word' id='word_1_346' title='bbox 1345 4973 1540 5030; x_wconf 86' lang='lat' dir='ltr'><strong>litteris</strong></span> <span class='ocrx_word' id='word_1_347' title='bbox 1572 4976 1824 5041; x_wconf 88' lang='lat' dir='ltr'><strong>innotuit,</strong></span> <span class='ocrx_word' id='word_1_348' title='bbox 1852 4983 1908 5032; x_wconf 91' lang='lat' dir='ltr'><strong>et</strong></span> <span class='ocrx_word' id='word_1_349' title='bbox 1955 4974 2049 5030; x_wconf 91' lang='lat' dir='ltr'><strong>tibi</strong></span> <span class='ocrx_word' id='word_1_350' title='bbox 2089 4989 2242 5045; x_wconf 90' lang='lat' dir='ltr'><strong>spem</strong></span> 
     </span>
    </p>
   </div>
   <div class='ocr_carea' id='block_1_55' title="bbox 668 5065 2238 5140">
    <p class='ocr_par' dir='ltr' id='par_1_55' title="bbox 668 5065 2238 5140">
     <span class='ocr_line' id='line_1_55' title="bbox 668 5065 2238 5140; baseline 0.003 -23"><span class='ocrx_word' id='word_1_351' title='bbox 668 5065 718 5117; x_wconf 92' lang='lat' dir='ltr'><strong>in</strong></span> <span class='ocrx_word' id='word_1_352' title='bbox 755 5065 880 5122; x_wconf 89' lang='lat' dir='ltr'><strong>sede</strong></span> <span class='ocrx_word' id='word_1_353' title='bbox 906 5066 1123 5138; x_wconf 87' lang='lat' dir='ltr'><strong>propria</strong></span> <span class='ocrx_word' id='word_1_354' title='bbox 1149 5081 1257 5121; x_wconf 91' lang='lat' dir='ltr'><strong>non</strong></span> <span class='ocrx_word' id='word_1_355' title='bbox 1284 5081 1569 5137; x_wconf 87' lang='lat' dir='ltr'><strong>superesse</strong></span> <span class='ocrx_word' id='word_1_356' title='bbox 1611 5068 1968 5140; x_wconf 76' lang='lat' dir='ltr'><strong>significavit,</strong></span> <span class='ocrx_word' id='word_1_357' title='bbox 2016 5067 2120 5122; x_wconf 90' lang='lat' dir='ltr'><strong>hoc</strong></span> <span class='ocrx_word' id='word_1_358' title='bbox 2151 5075 2238 5122; x_wconf 88' lang='lat' dir='ltr'><strong>tua</strong></span> 
     </span>
    </p>
   </div>
   <div class='ocr_carea' id='block_1_56' title="bbox 667 5158 2242 5231">
    <p class='ocr_par' dir='ltr' id='par_1_56' title="bbox 667 5158 2242 5231">
     <span class='ocr_line' id='line_1_56' title="bbox 667 5158 2242 5231; baseline 0.001 -20"><span class='ocrx_word' id='word_1_359' title='bbox 667 5158 736 5212; x_wconf 89' lang='lat' dir='ltr'><strong>ad</strong></span> <span class='ocrx_word' id='word_1_360' title='bbox 791 5158 1088 5215; x_wconf 75' lang='lat' dir='ltr'><strong>celerrima:</strong></span> <span class='ocrx_word' id='word_1_361' title='bbox 1125 5158 1513 5216; x_wconf 86' lang='lat' dir='ltr'><strong>consolationis</strong></span> <span class='ocrx_word' id='word_1_362' title='bbox 1538 5159 1730 5216; x_wconf 81' lang='lat' dir='ltr'><strong>solatia</strong></span> <span class='ocrx_word' id='word_1_363' title='bbox 1777 5169 1925 5218; x_wconf 88' lang='lat' dir='ltr'><strong>tanta</strong></span> <span class='ocrx_word' id='word_1_364' title='bbox 1964 5160 2242 5231; x_wconf 78' lang='lat' dir='ltr'><strong>exigerent</strong></span> 
     </span>
    </p>
   </div>
   <div class='ocr_carea' id='block_1_57' title="bbox 669 5254 2244 5328">
    <p class='ocr_par' dir='ltr' id='par_1_57' title="bbox 669 5254 2244 5328">
     <span class='ocr_line' id='line_1_57' title="bbox 669 5254 2244 5328; baseline -0.001 -19"><span class='ocrx_word' id='word_1_365' title='bbox 669 5254 1017 5328; x_wconf 77' lang='lat' dir='ltr'><strong>detrimenta,</strong></span> <span class='ocrx_word' id='word_1_366' title='bbox 1050 5255 1178 5326; x_wconf 92' lang='lat' dir='ltr'><strong>quin</strong></span> <span class='ocrx_word' id='word_1_367' title='bbox 1201 5255 1381 5326; x_wconf 84' lang='lat' dir='ltr'><strong>potius</strong></span> <span class='ocrx_word' id='word_1_368' title='bbox 1411 5255 1601 5310; x_wconf 90' lang='lat' dir='ltr'><strong>merita</strong></span> <span class='ocrx_word' id='word_1_369' title='bbox 1632 5273 1647 5308; x_wconf 86' lang='lat'><strong>:</strong></span> <span class='ocrx_word' id='word_1_370' title='bbox 1677 5263 1736 5310; x_wconf 89' lang='lat' dir='ltr'><strong>ut</strong></span> <span class='ocrx_word' id='word_1_371' title='bbox 1761 5255 2011 5310; x_wconf 86' lang='lat' dir='ltr'><strong>videlicet</strong></span> <span class='ocrx_word' id='word_1_372' title='bbox 2043 5254 2244 5308; x_wconf 89' lang='lat' dir='ltr'><strong>habeas</strong></span> 
     </span>
    </p>
   </div>
   <div class='ocr_carea' id='block_1_58' title="bbox 669 5344 2244 5417">
    <p class='ocr_par' dir='ltr' id='par_1_58' title="bbox 669 5344 2244 5417">
     <span class='ocr_line' id='line_1_58' title="bbox 669 5344 2244 5417; baseline 0.001 -20"><span class='ocrx_word' id='word_1_373' title='bbox 669 5360 768 5414; x_wconf 85' lang='lat' dir='ltr'><strong>pro</strong></span> <span class='ocrx_word' id='word_1_374' title='bbox 799 5345 990 5401; x_wconf 79' lang='lat' dir='ltr'><strong>exsilio</strong></span> <span class='ocrx_word' id='word_1_375' title='bbox 1020 5354 1075 5401; x_wconf 91' lang='lat' dir='ltr'><strong>ct</strong></span> <span class='ocrx_word' id='word_1_376' title='bbox 1107 5355 1297 5402; x_wconf 87' lang='lat' dir='ltr'><strong>catena</strong></span> <span class='ocrx_word' id='word_1_377' title='bbox 1344 5346 1492 5417; x_wconf 90' lang='lat' dir='ltr'><strong>pallii</strong></span> <span class='ocrx_word' id='word_1_378' title='bbox 1531 5354 1872 5410; x_wconf 87' lang='lat' dir='ltr'><strong>ornamenta,</strong></span> <span class='ocrx_word' id='word_1_379' title='bbox 1899 5359 2004 5399; x_wconf 91' lang='lat' dir='ltr'><strong>non</strong></span> <span class='ocrx_word' id='word_1_380' title='bbox 2042 5344 2095 5398; x_wconf 91' lang='lat' dir='ltr'><strong>in</strong></span> <span class='ocrx_word' id='word_1_381' title='bbox 2140 5352 2244 5398; x_wconf 72' lang='lat' dir='ltr'><strong>tua:</strong></span> 
     </span>
    </p>
   </div>
   <div class='ocr_carea' id='block_1_59' title="bbox 670 5435 2246 5506">
    <p class='ocr_par' dir='ltr' id='par_1_59' title="bbox 670 5435 2246 5506">
     <span class='ocr_line' id='line_1_59' title="bbox 670 5435 2246 5506; baseline 0.001 -20"><span class='ocrx_word' id='word_1_382' title='bbox 670 5435 913 5491; x_wconf 77' lang='lat' dir='ltr'><strong>ecclesia:</strong></span> <span class='ocrx_word' id='word_1_383' title='bbox 939 5450 1176 5506; x_wconf 89' lang='lat' dir='ltr'><strong>perenne</strong></span> <span class='ocrx_word' id='word_1_384' title='bbox 1205 5439 1503 5502; x_wconf 87' lang='lat' dir='ltr'><strong>decretum,</strong></span> <span class='ocrx_word' id='word_1_385' title='bbox 1537 5437 1630 5492; x_wconf 84' lang='lat' dir='ltr'><strong>sed</strong></span> <span class='ocrx_word' id='word_1_386' title='bbox 1663 5437 1730 5490; x_wconf 88' lang='lat' dir='ltr'><strong>ad</strong></span> <span class='ocrx_word' id='word_1_387' title='bbox 1761 5445 1912 5490; x_wconf 91' lang='lat' dir='ltr'><strong>tuum</strong></span> <span class='ocrx_word' id='word_1_388' title='bbox 1935 5443 2086 5490; x_wconf 89' lang='lat' dir='ltr'><strong>certo</strong></span> <span class='ocrx_word' id='word_1_389' title='bbox 2109 5443 2246 5489; x_wconf 89' lang='lat' dir='ltr'><strong>tem-</strong></span> 
     </span>
    </p>
   </div>
   <div class='ocr_carea' id='block_1_60' title="bbox 669 5526 2244 5599">
    <p class='ocr_par' dir='ltr' id='par_1_60' title="bbox 669 5526 2244 5599">
     <span class='ocr_line' id='line_1_60' title="bbox 669 5526 2244 5599; baseline 0.003 -24"><span class='ocrx_word' id='word_1_390' title='bbox 669 5541 706 5599; x_wconf 82' lang='lat' dir='ltr'><strong>p</strong></span> <span class='ocrx_word' id='word_1_391' title='bbox 726 5541 801 5579; x_wconf 79' lang='lat' dir='ltr'><strong>ue</strong></span> <span class='ocrx_word' id='word_1_392' title='bbox 835 5527 1063 5595; x_wconf 81' lang='lat' dir='ltr'><strong>vitaeque</strong></span> <span class='ocrx_word' id='word_1_393' title='bbox 1088 5528 1367 5596; x_wconf 69' lang='lat' dir='ltr'><strong>prrcsentis</strong></span> <span class='ocrx_word' id='word_1_394' title='bbox 1395 5529 1702 5598; x_wconf 85' lang='lat' dir='ltr'><strong>specialiter</strong></span> <span class='ocrx_word' id='word_1_395' title='bbox 1733 5543 1907 5582; x_wconf 90' lang='lat' dir='ltr'><strong>usum.</strong></span> <span class='ocrx_word' id='word_1_396' title='bbox 1953 5527 2112 5584; x_wconf 87' lang='lat' dir='ltr'><strong>Utere</strong></span> <span class='ocrx_word' id='word_1_397' title='bbox 2144 5526 2244 5596; x_wconf 87' lang='lat' dir='ltr'><strong>igi-</strong></span> 
     </span>
    </p>
   </div>
   <div class='ocr_carea' id='block_1_61' title="bbox 674 5617 2245 5687">
    <p class='ocr_par' dir='ltr' id='par_1_61' title="bbox 674 5617 2245 5687">
     <span class='ocr_line' id='line_1_61' title="bbox 674 5617 2245 5687; baseline 0.004 -24"><span class='ocrx_word' id='word_1_398' title='bbox 674 5625 777 5676; x_wconf 90' lang='lat' dir='ltr'><strong>tur,</strong></span> <span class='ocrx_word' id='word_1_399' title='bbox 811 5624 1079 5676; x_wconf 76' lang='lat' dir='ltr'><strong>annuente</strong></span> <span class='ocrx_word' id='word_1_400' title='bbox 1113 5617 1241 5683; x_wconf 86' lang='lat' dir='ltr'><strong>Deo,</strong></span> <span class='ocrx_word' id='word_1_401' title='bbox 1292 5618 1454 5687; x_wconf 87' lang='lat' dir='ltr'><strong>pallio</strong></span> <span class='ocrx_word' id='word_1_402' title='bbox 1489 5633 1517 5671; x_wconf 88' lang='lat' dir='ltr'><strong>a</strong></span> <span class='ocrx_word' id='word_1_403' title='bbox 1556 5620 1709 5674; x_wconf 89' lang='lat' dir='ltr'><strong>nobis</strong></span> <span class='ocrx_word' id='word_1_404' title='bbox 1741 5619 1836 5672; x_wconf 88' lang='lat' dir='ltr'><strong>tibi</strong></span> <span class='ocrx_word' id='word_1_405' title='bbox 1866 5617 1979 5673; x_wconf 91' lang='lat' dir='ltr'><strong>solo</strong></span> <span class='ocrx_word' id='word_1_406' title='bbox 2021 5617 2245 5670; x_wconf 86' lang='lat' dir='ltr'><strong>misera-</strong></span> 
     </span>
    </p>
   </div>
   <div class='ocr_carea' id='block_1_62' title="bbox 675 5707 2242 5776">
    <p class='ocr_par' dir='ltr' id='par_1_62' title="bbox 675 5707 2242 5776">
     <span class='ocr_line' id='line_1_62' title="bbox 675 5707 2242 5776; baseline 0 -13"><span class='ocrx_word' id='word_1_407' title='bbox 675 5707 838 5764; x_wconf 69' lang='lat' dir='ltr'><strong>tionis</strong></span> <span class='ocrx_word' id='word_1_408' title='bbox 869 5718 915 5761; x_wconf 86' lang='lat' dir='ltr'><strong>et</strong></span> <span class='ocrx_word' id='word_1_409' title='bbox 944 5709 1322 5767; x_wconf 77' lang='lat' dir='ltr'><strong>consolationis</strong></span> <span class='ocrx_word' id='word_1_410' title='bbox 1357 5711 1548 5766; x_wconf 83' lang='lat' dir='ltr'><strong>affectu</strong></span> <span class='ocrx_word' id='word_1_411' title='bbox 1591 5712 1819 5767; x_wconf 87' lang='lat' dir='ltr'><strong>collato:</strong></span> <span class='ocrx_word' id='word_1_412' title='bbox 1857 5721 1928 5776; x_wconf 85' lang='lat' dir='ltr'><strong>ct,</strong></span> <span class='ocrx_word' id='word_1_413' title='bbox 1963 5710 2064 5764; x_wconf 86' lang='lat' dir='ltr'><strong>nisi</strong></span> <span class='ocrx_word' id='word_1_414' title='bbox 2097 5709 2242 5763; x_wconf 87' lang='lat' dir='ltr'><strong>sedis</strong></span> 
     </span>
    </p>
   </div>
   <div class='ocr_carea' id='block_1_63' title="bbox 2347 501 3808 577">
    <p class='ocr_par' dir='ltr' id='par_1_63' title="bbox 2347 501 3808 577">
     <span class='ocr_line' id='line_1_63' title="bbox 2347 501 3808 577; baseline 0.008 -17"><span class='ocrx_word' id='word_1_415' title='bbox 2347 515 2556 560; x_wconf 65' lang='lat' dir='ltr'><strong>tenore</strong></span> <span class='ocrx_word' id='word_1_416' title='bbox 2579 504 2740 568; x_wconf 89' lang='lat' dir='ltr'><strong>illius,</strong></span> <span class='ocrx_word' id='word_1_417' title='bbox 2758 505 2883 558; x_wconf 93' lang='lat' dir='ltr'><strong>dum</strong></span> <span class='ocrx_word' id='word_1_418' title='bbox 2899 505 3118 570; x_wconf 78' lang='lat' dir='ltr'><strong>vixeris,</strong></span> <span class='ocrx_word' id='word_1_419' title='bbox 3133 501 3328 561; x_wconf 84' lang='lat' dir='ltr'><strong>ornare</strong></span> <span class='ocrx_word' id='word_1_420' title='bbox 3342 507 3541 564; x_wconf 85' lang='lat' dir='ltr'><strong>decore.</strong></span> <span class='ocrx_word' id='word_1_421' title='bbox 3559 512 3681 577; x_wconf 82' lang='lat' dir='ltr'><strong>Quod</strong></span> <span class='ocrx_word' id='word_1_422' title='bbox 3697 524 3808 570; x_wconf 72' lang='lat' dir='ltr'><strong>tam</strong></span> 
     </span>
    </p>
   </div>
   <div class='ocr_carea' id='block_1_64' title="bbox 2365 593 3812 661">
    <p class='ocr_par' dir='ltr' id='par_1_64' title="bbox 2365 593 3812 661">
     <span class='ocr_line' id='line_1_64' title="bbox 2365 593 3812 661; baseline 0.008 -16"><span class='ocrx_word' id='word_1_423' title='bbox 2365 593 2687 646; x_wconf 76' lang='lat' dir='ltr'><strong>fraternitati</strong></span> <span class='ocrx_word' id='word_1_424' title='bbox 2729 603 2832 647; x_wconf 73' lang='lat' dir='ltr'><strong>tua:</strong></span> <span class='ocrx_word' id='word_1_425' title='bbox 2863 594 2928 647; x_wconf 87' lang='lat' dir='ltr'><strong>ad</strong></span> <span class='ocrx_word' id='word_1_426' title='bbox 2955 595 3236 650; x_wconf 87' lang='lat' dir='ltr'><strong>missarum</strong></span> <span class='ocrx_word' id='word_1_427' title='bbox 3265 596 3516 652; x_wconf 87' lang='lat' dir='ltr'><strong>solemnia</strong></span> <span class='ocrx_word' id='word_1_428' title='bbox 3539 610 3703 656; x_wconf 83' lang='lat' dir='ltr'><strong>tantum</strong></span> <span class='ocrx_word' id='word_1_429' title='bbox 3729 608 3812 661; x_wconf 49' lang='lat' dir='ltr'><strong>teis</strong></span> 
     </span>
    </p>
   </div>
   <div class='ocr_carea' id='block_1_65' title="bbox 2364 683 3811 752">
    <p class='ocr_par' dir='ltr' id='par_1_65' title="bbox 2364 683 3811 752">
     <span class='ocr_line' id='line_1_65' title="bbox 2364 683 3811 752; baseline 0.01 -14"><span class='ocrx_word' id='word_1_430' title='bbox 2364 683 2570 738; x_wconf 88' lang='lat' dir='ltr'><strong>branda</strong></span> <span class='ocrx_word' id='word_1_431' title='bbox 2601 685 2985 740; x_wconf 85' lang='lat' dir='ltr'><strong>concedimus:</strong></span> <span class='ocrx_word' id='word_1_432' title='bbox 3024 687 3078 740; x_wconf 88' lang='lat' dir='ltr'><strong>in</strong></span> <span class='ocrx_word' id='word_1_433' title='bbox 3105 687 3190 742; x_wconf 90' lang='lat' dir='ltr'><strong>die</strong></span> <span class='ocrx_word' id='word_1_434' title='bbox 3222 689 3480 742; x_wconf 72' lang='lat' dir='ltr'><strong>duntaxat</strong></span> <span class='ocrx_word' id='word_1_435' title='bbox 3512 703 3678 748; x_wconf 73' lang='lat' dir='ltr'><strong>sancta:</strong></span> <span class='ocrx_word' id='word_1_436' title='bbox 3697 712 3740 750; x_wconf 83' lang='lat' dir='ltr'><strong>ac</strong></span> <span class='ocrx_word' id='word_1_437' title='bbox 3758 715 3811 752; x_wconf 73' lang='lat' dir='ltr'><strong>ve-</strong></span> 
     </span>
    </p>
   </div>
   <div class='ocr_carea' id='block_1_66' title="bbox 2365 777 3812 847">
    <p class='ocr_par' dir='ltr' id='par_1_66' title="bbox 2365 777 3812 847">
     <span class='ocr_line' id='line_1_66' title="bbox 2365 777 3812 847; baseline 0.01 -19"><span class='ocrx_word' id='word_1_438' title='bbox 2365 778 2618 830; x_wconf 72' lang='lat' dir='ltr'><strong>nerandac</strong></span> <span class='ocrx_word' id='word_1_439' title='bbox 2657 777 2867 832; x_wconf 91' lang='lat' dir='ltr'><strong>Domini</strong></span> <span class='ocrx_word' id='word_1_440' title='bbox 2900 780 3069 834; x_wconf 91' lang='lat' dir='ltr'><strong>nostri</strong></span> <span class='ocrx_word' id='word_1_441' title='bbox 3100 779 3224 834; x_wconf 79' lang='lat' dir='ltr'><strong>.lesu</strong></span> <span class='ocrx_word' id='word_1_442' title='bbox 3268 780 3464 847; x_wconf 86' lang='lat' dir='ltr'><strong>Christi</strong></span> <span class='ocrx_word' id='word_1_443' title='bbox 3515 788 3812 842; x_wconf 78' lang='lat' dir='ltr'><strong>resurrectionis</strong></span> 
     </span>
    </p>
   </div>
   <div class='ocr_carea' id='block_1_67' title="bbox 2365 865 3812 944">
    <p class='ocr_par' dir='ltr' id='par_1_67' title="bbox 2365 865 3812 944">
     <span class='ocr_line' id='line_1_67' title="bbox 2365 865 3812 944; baseline 0.006 -22"><span class='ocrx_word' id='word_1_444' title='bbox 2365 879 2430 922; x_wconf 78' lang='lat' dir='ltr'><strong>ac</strong></span> <span class='ocrx_word' id='word_1_445' title='bbox 2461 865 2782 932; x_wconf 90' lang='lat' dir='ltr'><strong>nativitatis,</strong></span> <span class='ocrx_word' id='word_1_446' title='bbox 2801 883 2895 921; x_wconf 89' lang='lat' dir='ltr'><strong>seu</strong></span> <span class='ocrx_word' id='word_1_447' title='bbox 2922 869 3254 925; x_wconf 76' lang='lat' dir='ltr'><strong>ascensionis</strong></span> <span class='ocrx_word' id='word_1_448' title='bbox 3276 870 3382 933; x_wconf 89' lang='lat' dir='ltr'><strong>die,</strong></span> <span class='ocrx_word' id='word_1_449' title='bbox 3405 880 3459 925; x_wconf 89' lang='lat' dir='ltr'><strong>et</strong></span> <span class='ocrx_word' id='word_1_450' title='bbox 3486 872 3533 925; x_wconf 91' lang='lat' dir='ltr'><strong>in</strong></span> <span class='ocrx_word' id='word_1_451' title='bbox 3558 879 3812 944; x_wconf 70' lang='lat' dir='ltr'><strong>assumptione</strong></span> 
     </span>
    </p>
   </div>
   <div class='ocr_carea' id='block_1_68' title="bbox 2363 954 3810 1029">
    <p class='ocr_par' dir='ltr' id='par_1_68' title="bbox 2363 954 3810 1029">
     <span class='ocr_line' id='line_1_68' title="bbox 2363 954 3810 1029; baseline 0.006 -19"><span class='ocrx_word' id='word_1_452' title='bbox 2363 954 2533 1010; x_wconf 71' lang='lat' dir='ltr'><strong>beata:</strong></span> <span class='ocrx_word' id='word_1_453' title='bbox 2566 956 2657 1010; x_wconf 90' lang='lat' dir='ltr'><strong>Dei</strong></span> <span class='ocrx_word' id='word_1_454' title='bbox 2687 958 2966 1027; x_wconf 77' lang='lat' dir='ltr'><strong>genitricis</strong></span> <span class='ocrx_word' id='word_1_455' title='bbox 2997 973 3212 1028; x_wconf 89' lang='lat' dir='ltr'><strong>semper</strong></span> <span class='ocrx_word' id='word_1_456' title='bbox 3252 961 3471 1029; x_wconf 79' lang='lat' dir='ltr'><strong>virginis</strong></span> <span class='ocrx_word' id='word_1_457' title='bbox 3505 961 3675 1028; x_wconf 61' lang='lat' dir='ltr'><strong>Maria,</strong></span> <span class='ocrx_word' id='word_1_458' title='bbox 3700 979 3761 1017; x_wconf 76' lang='lat' dir='ltr'><strong>seu</strong></span> <span class='ocrx_word' id='word_1_459' title='bbox 3784 970 3810 1018; x_wconf 84' lang='lat' dir='ltr'><strong>in</strong></span> 
     </span>
    </p>
   </div>
   <div class='ocr_carea' id='block_1_69' title="bbox 2365 1046 3812 1118">
    <p class='ocr_par' dir='ltr' id='par_1_69' title="bbox 2365 1046 3812 1118">
     <span class='ocr_line' id='line_1_69' title="bbox 2365 1046 3812 1118; baseline 0.008 -19"><span class='ocrx_word' id='word_1_460' title='bbox 2365 1046 2625 1102; x_wconf 89' lang='lat' dir='ltr'><strong>natalitiis</strong></span> <span class='ocrx_word' id='word_1_461' title='bbox 2668 1048 2948 1102; x_wconf 88' lang='lat' dir='ltr'><strong>beatorum</strong></span> <span class='ocrx_word' id='word_1_462' title='bbox 2993 1049 3384 1118; x_wconf 83' lang='lat' dir='ltr'><strong>apostolorum,</strong></span> <span class='ocrx_word' id='word_1_463' title='bbox 3432 1050 3536 1105; x_wconf 86' lang='lat' dir='ltr'><strong>sive</strong></span> <span class='ocrx_word' id='word_1_464' title='bbox 3562 1052 3606 1104; x_wconf 93' lang='lat' dir='ltr'><strong>in</strong></span> <span class='ocrx_word' id='word_1_465' title='bbox 3631 1055 3812 1110; x_wconf 75' lang='lat' dir='ltr'><strong>natiu‘tate</strong></span> 
     </span>
    </p>
   </div>
   <div class='ocr_carea' id='block_1_70' title="bbox 2363 1136 3811 1212">
    <p class='ocr_par' dir='ltr' id='par_1_70' title="bbox 2363 1136 3811 1212">
     <span class='ocr_line' id='line_1_70' title="bbox 2363 1136 3811 1212; baseline 0.003 -19"><span class='ocrx_word' id='word_1_466' title='bbox 2363 1138 2538 1193; x_wconf 80' lang='lat' dir='ltr'><strong>sancti</strong></span> <span class='ocrx_word' id='word_1_467' title='bbox 2565 1136 2790 1193; x_wconf 85' lang='lat' dir='ltr'><strong>Joannis</strong></span> <span class='ocrx_word' id='word_1_468' title='bbox 2810 1138 3062 1212; x_wconf 65' lang='lat' dir='ltr'><strong>Baptista:</strong></span> <span class='ocrx_word' id='word_1_469' title='bbox 3132 1155 3326 1195; x_wconf 82' lang='lat' dir='ltr'><strong>tecnon</strong></span> <span class='ocrx_word' id='word_1_470' title='bbox 3373 1150 3426 1194; x_wconf 91' lang='lat' dir='ltr'><strong>et</strong></span> <span class='ocrx_word' id='word_1_471' title='bbox 3471 1141 3518 1194; x_wconf 91' lang='lat' dir='ltr'><strong>in</strong></span> <span class='ocrx_word' id='word_1_472' title='bbox 3555 1143 3685 1195; x_wconf 83' lang='lat' dir='ltr'><strong>natali</strong></span> <span class='ocrx_word' id='word_1_473' title='bbox 3706 1147 3811 1198; x_wconf 65' lang='lat' dir='ltr'><strong>senui</strong></span> 
     </span>
    </p>
   </div>
   <div class='ocr_carea' id='block_1_71' title="bbox 2361 1229 3811 1300">
    <p class='ocr_par' dir='ltr' id='par_1_71' title="bbox 2361 1229 3811 1300">
     <span class='ocr_line' id='line_1_71' title="bbox 2361 1229 3811 1300; baseline 0.002 -15"><span class='ocrx_word' id='word_1_474' title='bbox 2361 1229 2559 1285; x_wconf 89' lang='lat' dir='ltr'><strong>Christi</strong></span> <span class='ocrx_word' id='word_1_475' title='bbox 2590 1229 2918 1284; x_wconf 80' lang='lat' dir='ltr'><strong>confessoris</strong></span> <span class='ocrx_word' id='word_1_476' title='bbox 2939 1229 3151 1285; x_wconf 71' lang='lat' dir='ltr'><strong>Martini</strong></span> <span class='ocrx_word' id='word_1_477' title='bbox 3180 1231 3294 1298; x_wconf 87' lang='lat' dir='ltr'><strong>die,</strong></span> <span class='ocrx_word' id='word_1_478' title='bbox 3328 1232 3613 1300; x_wconf 74' lang='lat' dir='ltr'><strong>pariterque</strong></span> <span class='ocrx_word' id='word_1_479' title='bbox 3639 1233 3679 1287; x_wconf 86' lang='lat' dir='ltr'><strong>in</strong></span> <span class='ocrx_word' id='word_1_480' title='bbox 3695 1235 3811 1288; x_wconf 71' lang='lat' dir='ltr'><strong>solem-</strong></span> 
     </span>
    </p>
   </div>
   <div class='ocr_carea' id='block_1_72' title="bbox 2361 1321 3810 1387">
    <p class='ocr_par' dir='ltr' id='par_1_72' title="bbox 2361 1321 3810 1387">
     <span class='ocr_line' id='line_1_72' title="bbox 2361 1321 3810 1387; baseline 0.006 -15"><span class='ocrx_word' id='word_1_481' title='bbox 2361 1321 2547 1385; x_wconf 77' lang='lat' dir='ltr'><strong>nitatis</strong></span> <span class='ocrx_word' id='word_1_482' title='bbox 2585 1321 2829 1377; x_wconf 67' lang='lat' dir='ltr'><strong>ecclesiae</strong></span> <span class='ocrx_word' id='word_1_483' title='bbox 2863 1333 2966 1377; x_wconf 71' lang='lat' dir='ltr'><strong>tua:</strong></span> <span class='ocrx_word' id='word_1_484' title='bbox 2989 1323 3099 1387; x_wconf 78' lang='lat' dir='ltr'><strong>die,</strong></span> <span class='ocrx_word' id='word_1_485' title='bbox 3133 1338 3322 1378; x_wconf 88' lang='lat' dir='ltr'><strong>verum</strong></span> <span class='ocrx_word' id='word_1_486' title='bbox 3349 1325 3504 1378; x_wconf 83' lang='lat' dir='ltr'><strong>etiam</strong></span> <span class='ocrx_word' id='word_1_487' title='bbox 3540 1334 3589 1379; x_wconf 86' lang='lat' dir='ltr'><strong>et</strong></span> <span class='ocrx_word' id='word_1_488' title='bbox 3616 1327 3658 1379; x_wconf 90' lang='lat' dir='ltr'><strong>in</strong></span> <span class='ocrx_word' id='word_1_489' title='bbox 3678 1328 3810 1380; x_wconf 55' lang='lat' dir='ltr'><strong>omina-</strong></span> 
     </span>
    </p>
   </div>
   <div class='ocr_carea' id='block_1_73' title="bbox 2363 1412 3809 1481">
    <p class='ocr_par' dir='ltr' id='par_1_73' title="bbox 2363 1412 3809 1481">
     <span class='ocr_line' id='line_1_73' title="bbox 2363 1412 3809 1481; baseline 0.004 -15"><span class='ocrx_word' id='word_1_490' title='bbox 2363 1412 2524 1466; x_wconf 91' lang='lat' dir='ltr'><strong>tionis</strong></span> <span class='ocrx_word' id='word_1_491' title='bbox 2554 1420 2657 1468; x_wconf 67' lang='lat' dir='ltr'><strong>tuae</strong></span> <span class='ocrx_word' id='word_1_492' title='bbox 2690 1412 2934 1467; x_wconf 89' lang='lat' dir='ltr'><strong>natalitio</strong></span> <span class='ocrx_word' id='word_1_493' title='bbox 2963 1415 3313 1469; x_wconf 84' lang='lat' dir='ltr'><strong>concedimus</strong></span> <span class='ocrx_word' id='word_1_494' title='bbox 3353 1415 3457 1481; x_wconf 91' lang='lat' dir='ltr'><strong>die,</strong></span> <span class='ocrx_word' id='word_1_495' title='bbox 3485 1416 3622 1471; x_wconf 87' lang='lat' dir='ltr'><strong>sicuti</strong></span> <span class='ocrx_word' id='word_1_496' title='bbox 3647 1417 3809 1472; x_wconf 78' lang='lat' dir='ltr'><strong>abeatis-</strong></span> 
     </span>
    </p>
   </div>
   <div class='ocr_carea' id='block_1_74' title="bbox 2359 1504 3808 1577">
    <p class='ocr_par' dir='ltr' id='par_1_74' title="bbox 2359 1504 3808 1577">
     <span class='ocr_line' id='line_1_74' title="bbox 2359 1504 3808 1577; baseline 0.003 -20"><span class='ocrx_word' id='word_1_497' title='bbox 2359 1504 2500 1557; x_wconf 89' lang='lat' dir='ltr'><strong>simo</strong></span> <span class='ocrx_word' id='word_1_498' title='bbox 2528 1504 2924 1572; x_wconf 73' lang='lat' dir='ltr'><strong>prtedecessore</strong></span> <span class='ocrx_word' id='word_1_499' title='bbox 2948 1515 3135 1560; x_wconf 90' lang='lat' dir='ltr'><strong>nostro</strong></span> <span class='ocrx_word' id='word_1_500' title='bbox 3155 1505 3421 1576; x_wconf 88' lang='lat' dir='ltr'><strong>Gregorio</strong></span> <span class='ocrx_word' id='word_1_501' title='bbox 3446 1506 3588 1574; x_wconf 82' lang='lat' dir='ltr'><strong>hujus</strong></span> <span class='ocrx_word' id='word_1_502' title='bbox 3607 1508 3808 1577; x_wconf 71' lang='lat' dir='ltr'><strong>apostolitz</strong></span> 
     </span>
    </p>
   </div>
   <div class='ocr_carea' id='block_1_75' title="bbox 2361 1593 3808 1662">
    <p class='ocr_par' dir='ltr' id='par_1_75' title="bbox 2361 1593 3808 1662">
     <span class='ocr_line' id='line_1_75' title="bbox 2361 1593 3808 1662; baseline 0.004 -15"><span class='ocrx_word' id='word_1_503' title='bbox 2361 1593 2506 1648; x_wconf 90' lang='lat' dir='ltr'><strong>sedis</strong></span> <span class='ocrx_word' id='word_1_504' title='bbox 2552 1594 2776 1662; x_wconf 60' lang='lat' dir='ltr'><strong>praesule</strong></span> <span class='ocrx_word' id='word_1_505' title='bbox 2820 1596 3084 1650; x_wconf 83' lang='lat' dir='ltr'><strong>sancitum</strong></span> <span class='ocrx_word' id='word_1_506' title='bbox 3128 1606 3230 1652; x_wconf 88' lang='lat' dir='ltr'><strong>est.</strong></span> <span class='ocrx_word' id='word_1_507' title='bbox 3276 1597 3335 1651; x_wconf 88' lang='lat' dir='ltr'><strong>lu</strong></span> <span class='ocrx_word' id='word_1_508' title='bbox 3368 1597 3644 1653; x_wconf 76' lang='lat' dir='ltr'><strong>Secretario</strong></span> <span class='ocrx_word' id='word_1_509' title='bbox 3661 1600 3808 1653; x_wconf 63' lang='lat' dir='ltr'><strong>maia</strong></span> 
     </span>
    </p>
   </div>
   <div class='ocr_carea' id='block_1_76' title="bbox 2363 1685 3807 1758">
    <p class='ocr_par' dir='ltr' id='par_1_76' title="bbox 2363 1685 3807 1758">
     <span class='ocr_line' id='line_1_76' title="bbox 2363 1685 3807 1758; baseline 0.003 -18"><span class='ocrx_word' id='word_1_510' title='bbox 2363 1685 2527 1740; x_wconf 90' lang='lat' dir='ltr'><strong>duere</strong></span> <span class='ocrx_word' id='word_1_511' title='bbox 2552 1695 2650 1748; x_wconf 79' lang='lat' dir='ltr'><strong>tua</strong></span> <span class='ocrx_word' id='word_1_512' title='bbox 2669 1685 2980 1742; x_wconf 80' lang='lat' dir='ltr'><strong>fraternitas</strong></span> <span class='ocrx_word' id='word_1_513' title='bbox 3007 1687 3222 1758; x_wconf 75' lang='lat' dir='ltr'><strong>pallium</strong></span> <span class='ocrx_word' id='word_1_514' title='bbox 3240 1687 3436 1744; x_wconf 82' lang='lat' dir='ltr'><strong>debeat</strong></span> <span class='ocrx_word' id='word_1_515' title='bbox 3491 1699 3530 1743; x_wconf 63' lang='grc' dir='ltr'>ιι</span> <span class='ocrx_word' id='word_1_516' title='bbox 3545 1691 3606 1744; x_wconf 78' lang='lat' dir='ltr'><strong>ita</strong></span> <span class='ocrx_word' id='word_1_517' title='bbox 3625 1691 3676 1744; x_wconf 90' lang='lat' dir='ltr'><strong>ad</strong></span> <span class='ocrx_word' id='word_1_518' title='bbox 3692 1691 3807 1744; x_wconf 73' lang='lat' dir='ltr'><strong>missa-</strong></span> 
     </span>
    </p>
   </div>
   <div class='ocr_carea' id='block_1_77' title="bbox 2293 1759 3807 1852">
    <p class='ocr_par' dir='ltr' id='par_1_77' title="bbox 2293 1759 3807 1852">
     <span class='ocr_line' id='line_1_77' title="bbox 2293 1759 3807 1852; baseline 0.002 -20"><span class='ocrx_word' id='word_1_519' title='bbox 2293 1759 2338 1820; x_wconf 76' lang='grc' dir='ltr'><strong>Β</strong></span> <span class='ocrx_word' id='word_1_520' title='bbox 2367 1794 2485 1832; x_wconf 90' lang='lat' dir='ltr'><strong>rum</strong></span> <span class='ocrx_word' id='word_1_521' title='bbox 2526 1777 2782 1833; x_wconf 58' lang='lat' dir='ltr'><strong>solemnia</strong></span> <span class='ocrx_word' id='word_1_522' title='bbox 2813 1779 3122 1849; x_wconf 82' lang='lat' dir='ltr'><strong>proficisci;</strong></span> <span class='ocrx_word' id='word_1_523' title='bbox 3171 1788 3229 1834; x_wconf 90' lang='lat' dir='ltr'><strong>et</strong></span> <span class='ocrx_word' id='word_1_524' title='bbox 3255 1781 3392 1835; x_wconf 91' lang='lat' dir='ltr'><strong>nihil</strong></span> <span class='ocrx_word' id='word_1_525' title='bbox 3419 1783 3514 1836; x_wconf 76' lang='lat' dir='ltr'><strong>sibi</strong></span> <span class='ocrx_word' id='word_1_526' title='bbox 3540 1782 3716 1852; x_wconf 84' lang='lat' dir='ltr'><strong>amplius</strong></span> <span class='ocrx_word' id='word_1_527' title='bbox 3733 1797 3807 1835; x_wconf 77' lang='lat' dir='ltr'><strong>ausu</strong></span> 
     </span>
    </p>
   </div>
   <div class='ocr_carea' id='block_1_78' title="bbox 2361 1872 3808 1944">
    <p class='ocr_par' dir='ltr' id='par_1_78' title="bbox 2361 1872 3808 1944">
     <span class='ocr_line' id='line_1_78' title="bbox 2361 1872 3808 1944; baseline 0.001 -20"><span class='ocrx_word' id='word_1_528' title='bbox 2361 1873 2666 1925; x_wconf 65' lang='lat' dir='ltr'><strong>temeraria:</strong></span> <span class='ocrx_word' id='word_1_529' title='bbox 2687 1872 3124 1942; x_wconf 66' lang='lat' dir='ltr'><strong>praesumptionis</strong></span> <span class='ocrx_word' id='word_1_530' title='bbox 3150 1889 3449 1944; x_wconf 86' lang='lat' dir='ltr'><strong>arrogare:</strong></span> <span class='ocrx_word' id='word_1_531' title='bbox 3478 1889 3558 1938; x_wconf 90' lang='lat' dir='ltr'><strong>ne,</strong></span> <span class='ocrx_word' id='word_1_532' title='bbox 3584 1875 3680 1928; x_wconf 87' lang='lat' dir='ltr'><strong>dum</strong></span> <span class='ocrx_word' id='word_1_533' title='bbox 3705 1875 3739 1928; x_wconf 90' lang='lat' dir='ltr'><strong>itt</strong></span> <span class='ocrx_word' id='word_1_534' title='bbox 3757 1892 3808 1928; x_wconf 76' lang='lat' dir='ltr'><strong>ex-</strong></span> 
     </span>
    </p>
   </div>
   <div class='ocr_carea' id='block_1_79' title="bbox 2359 1960 3807 2031">
    <p class='ocr_par' dir='ltr' id='par_1_79' title="bbox 2359 1960 3807 2031">
     <span class='ocr_line' id='line_1_79' title="bbox 2359 1960 3807 2031; baseline 0.001 -18"><span class='ocrx_word' id='word_1_535' title='bbox 2359 1960 2546 2015; x_wconf 89' lang='lat' dir='ltr'><strong>teriori</strong></span> <span class='ocrx_word' id='word_1_536' title='bbox 2590 1960 2781 2015; x_wconf 90' lang='lat' dir='ltr'><strong>habitu</strong></span> <span class='ocrx_word' id='word_1_537' title='bbox 2811 1961 3114 2016; x_wconf 88' lang='lat' dir='ltr'><strong>inordinate</strong></span> <span class='ocrx_word' id='word_1_538' title='bbox 3143 1961 3346 2031; x_wconf 90' lang='lat' dir='ltr'><strong>aliquid</strong></span> <span class='ocrx_word' id='word_1_539' title='bbox 3373 1963 3620 2031; x_wconf 87' lang='lat' dir='ltr'><strong>arripitur,</strong></span> <span class='ocrx_word' id='word_1_540' title='bbox 3657 1962 3807 2015; x_wconf 72' lang='lat' dir='ltr'><strong>ordinate</strong></span> 
     </span>
    </p>
   </div>
   <div class='ocr_carea' id='block_1_80' title="bbox 2357 2051 3803 2123">
    <p class='ocr_par' dir='ltr' id='par_1_80' title="bbox 2357 2051 3803 2123">
     <span class='ocr_line' id='line_1_80' title="bbox 2357 2051 3803 2123; baseline -0.003 -15"><span class='ocrx_word' id='word_1_541' title='bbox 2357 2053 2518 2108; x_wconf 86' lang='lat' dir='ltr'><strong>etiam</strong></span> <span class='ocrx_word' id='word_1_542' title='bbox 2548 2069 2666 2123; x_wconf 77' lang='lat' dir='ltr'><strong>qua:</strong></span> <span class='ocrx_word' id='word_1_543' title='bbox 2700 2053 2863 2108; x_wconf 88' lang='lat' dir='ltr'><strong>licere</strong></span> <span class='ocrx_word' id='word_1_544' title='bbox 2909 2062 3161 2122; x_wconf 88' lang='lat' dir='ltr'><strong>poterant</strong></span> <span class='ocrx_word' id='word_1_545' title='bbox 3196 2051 3530 2109; x_wconf 69' lang='lat' dir='ltr'><strong>amittantui&#39;.</strong></span> <span class='ocrx_word' id='word_1_546' title='bbox 3556 2053 3607 2109; x_wconf 89' lang='lat' dir='ltr'><strong>Si</strong></span> <span class='ocrx_word' id='word_1_547' title='bbox 3630 2055 3722 2123; x_wconf 88' lang='lat' dir='ltr'><strong>quid</strong></span> <span class='ocrx_word' id='word_1_548' title='bbox 3753 2071 3803 2106; x_wconf 74' lang='lat' dir='ltr'><strong>ni-</strong></span> 
     </span>
    </p>
   </div>
   <div class='ocr_carea' id='block_1_81' title="bbox 2359 2142 3804 2214">
    <p class='ocr_par' dir='ltr' id='par_1_81' title="bbox 2359 2142 3804 2214">
     <span class='ocr_line' id='line_1_81' title="bbox 2359 2142 3804 2214; baseline -0.001 -18"><span class='ocrx_word' id='word_1_549' title='bbox 2359 2149 2464 2196; x_wconf 90' lang='lat' dir='ltr'><strong>tem</strong></span> <span class='ocrx_word' id='word_1_550' title='bbox 2489 2143 2554 2198; x_wconf 89' lang='lat' dir='ltr'><strong>de</strong></span> <span class='ocrx_word' id='word_1_551' title='bbox 2587 2143 2748 2196; x_wconf 72' lang='lat' dir='ltr'><strong>rebus</strong></span> <span class='ocrx_word' id='word_1_552' title='bbox 2785 2142 3112 2200; x_wconf 69' lang='lat' dir='ltr'><strong>Namncticre</strong></span> <span class='ocrx_word' id='word_1_553' title='bbox 3140 2145 3442 2200; x_wconf 70' lang='lat' dir='ltr'><strong>dimccscns</strong></span> <span class='ocrx_word' id='word_1_554' title='bbox 3465 2153 3560 2198; x_wconf 89' lang='lat' dir='ltr'><strong>tam</strong></span> <span class='ocrx_word' id='word_1_555' title='bbox 3579 2161 3604 2197; x_wconf 90' lang='lat' dir='ltr'><strong>a</strong></span> <span class='ocrx_word' id='word_1_556' title='bbox 3627 2145 3804 2214; x_wconf 69' lang='lat' dir='ltr'><strong>depopula-</strong></span> 
     </span>
    </p>
   </div>
   <div class='ocr_carea' id='block_1_82' title="bbox 2359 2233 3802 2305">
    <p class='ocr_par' dir='ltr' id='par_1_82' title="bbox 2359 2233 3802 2305">
     <span class='ocr_line' id='line_1_82' title="bbox 2359 2233 3802 2305; baseline -0.001 -19"><span class='ocrx_word' id='word_1_557' title='bbox 2359 2233 2503 2287; x_wconf 90' lang='lat' dir='ltr'><strong>tione</strong></span> <span class='ocrx_word' id='word_1_558' title='bbox 2529 2233 2775 2288; x_wconf 66' lang='lat' dir='ltr'><strong>nefandae</strong></span> <span class='ocrx_word' id='word_1_559' title='bbox 2802 2235 2978 2304; x_wconf 83' lang='lat' dir='ltr'><strong>gentis</strong></span> <span class='ocrx_word' id='word_1_560' title='bbox 3000 2234 3462 2300; x_wconf 73' lang='lat' dir='ltr'><strong>Northmannicze,</strong></span> <span class='ocrx_word' id='word_1_561' title='bbox 3488 2250 3624 2305; x_wconf 84' lang='lat' dir='ltr'><strong>quam</strong></span> <span class='ocrx_word' id='word_1_562' title='bbox 3641 2251 3664 2288; x_wconf 83' lang='lat' dir='ltr'><strong>a</strong></span> <span class='ocrx_word' id='word_1_563' title='bbox 3683 2234 3802 2288; x_wconf 66' lang='grc' dir='ltr'><strong>Βτὶιευπ</strong></span> 
     </span>
    </p>
   </div>
   <div class='ocr_carea' id='block_1_83' title="bbox 2358 2311 3803 2397">
    <p class='ocr_par' dir='ltr' id='par_1_83' title="bbox 2358 2311 3803 2397">
     <span class='ocr_line' id='line_1_83' title="bbox 2358 2311 3803 2397; baseline -0.006 -15"><span class='ocrx_word' id='word_1_564' title='bbox 2358 2311 2550 2382; x_wconf 83' lang='lat' dir='ltr'><strong>norum</strong></span> <span class='ocrx_word' id='word_1_565' title='bbox 2587 2327 2932 2397; x_wconf 88' lang='lat' dir='ltr'><strong>subrcplione</strong></span> <span class='ocrx_word' id='word_1_566' title='bbox 2978 2329 3282 2391; x_wconf 88' lang='lat' dir='ltr'><strong>remansit,</strong></span> <span class='ocrx_word' id='word_1_567' title='bbox 3324 2327 3392 2382; x_wconf 88' lang='lat' dir='ltr'><strong>ad</strong></span> <span class='ocrx_word' id='word_1_568' title='bbox 3422 2335 3554 2380; x_wconf 90' lang='lat' dir='ltr'><strong>tuam</strong></span> <span class='ocrx_word' id='word_1_569' title='bbox 3577 2325 3803 2380; x_wconf 71' lang='lat' dir='ltr'><strong>decernimus</strong></span> 
     </span>
    </p>
   </div>
   <div class='ocr_carea' id='block_1_84' title="bbox 2354 2414 3802 2485">
    <p class='ocr_par' dir='ltr' id='par_1_84' title="bbox 2354 2414 3802 2485">
     <span class='ocr_line' id='line_1_84' title="bbox 2354 2414 3802 2485; baseline -0.003 -16"><span class='ocrx_word' id='word_1_570' title='bbox 2354 2414 2796 2470; x_wconf 86' lang='lat' dir='ltr'><strong>sollicitudinem.</strong></span> <span class='ocrx_word' id='word_1_571' title='bbox 2827 2415 2995 2471; x_wconf 85' lang='lat' dir='ltr'><strong>Porro</strong></span> <span class='ocrx_word' id='word_1_572' title='bbox 3017 2431 3330 2479; x_wconf 89' lang='lat' dir='ltr'><strong>censemus,</strong></span> <span class='ocrx_word' id='word_1_573' title='bbox 3355 2415 3802 2485; x_wconf 62' lang='lat' dir='ltr'><strong>apostoliwiheinst-</strong></span> 
     </span>
    </p>
   </div>
   <div class='ocr_carea' id='block_1_85' title="bbox 2354 2502 3800 2570">
    <p class='ocr_par' dir='ltr' id='par_1_85' title="bbox 2354 2502 3800 2570">
     <span class='ocr_line' id='line_1_85' title="bbox 2354 2502 3800 2570; baseline -0.003 -14"><span class='ocrx_word' id='word_1_574' title='bbox 2354 2503 2582 2559; x_wconf 89' lang='lat' dir='ltr'><strong>tutionis</strong></span> <span class='ocrx_word' id='word_1_575' title='bbox 2607 2504 2933 2559; x_wconf 86' lang='lat' dir='ltr'><strong>auctoritate</strong></span> <span class='ocrx_word' id='word_1_576' title='bbox 2971 2504 3288 2568; x_wconf 85' lang='lat' dir='ltr'><strong>definimus,</strong></span> <span class='ocrx_word' id='word_1_577' title='bbox 3335 2511 3393 2558; x_wconf 90' lang='lat' dir='ltr'><strong>ut</strong></span> <span class='ocrx_word' id='word_1_578' title='bbox 3423 2505 3581 2558; x_wconf 88' lang='lat' dir='ltr'><strong>nullus</strong></span> <span class='ocrx_word' id='word_1_579' title='bbox 3601 2502 3800 2570; x_wconf 81' lang='lat' dir='ltr'><strong>metropoli-</strong></span> 
     </span>
    </p>
   </div>
   <div class='ocr_carea' id='block_1_86' title="bbox 2355 2593 3797 2666">
    <p class='ocr_par' dir='ltr' id='par_1_86' title="bbox 2355 2593 3797 2666">
     <span class='ocr_line' id='line_1_86' title="bbox 2355 2593 3797 2666; baseline 0 -21"><span class='ocrx_word' id='word_1_580' title='bbox 2355 2601 2605 2649; x_wconf 86' lang='lat' dir='ltr'><strong>tanorum</strong></span> <span class='ocrx_word' id='word_1_581' title='bbox 2635 2593 2964 2658; x_wconf 87' lang='lat' dir='ltr'><strong>antistitum,</strong></span> <span class='ocrx_word' id='word_1_582' title='bbox 2993 2593 3077 2648; x_wconf 88' lang='lat' dir='ltr'><strong>vel</strong></span> <span class='ocrx_word' id='word_1_583' title='bbox 3104 2604 3424 2650; x_wconf 66' lang='lat' dir='ltr'><strong>cancrorum</strong></span> <span class='ocrx_word' id='word_1_584' title='bbox 3453 2595 3753 2666; x_wconf 82' lang='lat' dir='ltr'><strong>episcoporum,</strong></span> <span class='ocrx_word' id='word_1_585' title='bbox 3769 2595 3797 2645; x_wconf 80' lang='lat' dir='ltr'><strong>in</strong></span> 
     </span>
    </p>
   </div>
   <div class='ocr_carea' id='block_1_87' title="bbox 2351 2683 3798 2755">
    <p class='ocr_par' dir='ltr' id='par_1_87' title="bbox 2351 2683 3798 2755">
     <span class='ocr_line' id='line_1_87' title="bbox 2351 2683 3798 2755; baseline -0.003 -18"><span class='ocrx_word' id='word_1_586' title='bbox 2351 2683 2726 2738; x_wconf 87' lang='lat' dir='ltr'><strong>controversia</strong></span> <span class='ocrx_word' id='word_1_587' title='bbox 2759 2683 3024 2748; x_wconf 89' lang='lat' dir='ltr'><strong>criminis,</strong></span> <span class='ocrx_word' id='word_1_588' title='bbox 3049 2685 3094 2738; x_wconf 90' lang='lat' dir='ltr'><strong>si</strong></span> <span class='ocrx_word' id='word_1_589' title='bbox 3123 2685 3309 2740; x_wconf 85' lang='lat' dir='ltr'><strong>sedem</strong></span> <span class='ocrx_word' id='word_1_590' title='bbox 3342 2685 3649 2755; x_wconf 85' lang='lat' dir='ltr'><strong>appellaveris</strong></span> <span class='ocrx_word' id='word_1_591' title='bbox 3667 2693 3798 2750; x_wconf 75' lang='lat' dir='ltr'><strong>aposio-</strong></span> 
     </span>
    </p>
   </div>
   <div class='ocr_carea' id='block_1_88' title="bbox 2350 2772 3796 2846">
    <p class='ocr_par' dir='ltr' id='par_1_88' title="bbox 2350 2772 3796 2846">
     <span class='ocr_line' id='line_1_88' title="bbox 2350 2772 3796 2846; baseline -0.001 -20"><span class='ocrx_word' id='word_1_592' title='bbox 2350 2773 2529 2837; x_wconf 89' lang='lat' dir='ltr'><strong>licam,</strong></span> <span class='ocrx_word' id='word_1_593' title='bbox 2575 2773 2662 2828; x_wconf 90' lang='lat' dir='ltr'><strong>vel</strong></span> <span class='ocrx_word' id='word_1_594' title='bbox 2688 2772 2806 2842; x_wconf 90' lang='lat' dir='ltr'><strong>ejus</strong></span> <span class='ocrx_word' id='word_1_595' title='bbox 2831 2774 3049 2844; x_wconf 88' lang='lat' dir='ltr'><strong>speciali</strong></span> <span class='ocrx_word' id='word_1_596' title='bbox 3076 2777 3373 2846; x_wconf 76' lang='lat' dir='ltr'><strong>expetieris</strong></span> <span class='ocrx_word' id='word_1_597' title='bbox 3400 2777 3559 2832; x_wconf 89' lang='lat' dir='ltr'><strong>audiri</strong></span> <span class='ocrx_word' id='word_1_598' title='bbox 3599 2774 3661 2828; x_wconf 72' lang='lat' dir='ltr'><strong>vel</strong></span> <span class='ocrx_word' id='word_1_599' title='bbox 3681 2773 3796 2826; x_wconf 77' lang='lat' dir='ltr'><strong>discuti</strong></span> 
     </span>
    </p>
   </div>
   <div class='ocr_carea' id='block_1_89' title="bbox 2350 2862 3798 2937">
    <p class='ocr_par' dir='ltr' id='par_1_89' title="bbox 2350 2862 3798 2937">
     <span class='ocr_line' id='line_1_89' title="bbox 2350 2862 3798 2937; baseline -0.003 -20"><span class='ocrx_word' id='word_1_600' title='bbox 2350 2862 2600 2919; x_wconf 80' lang='lat' dir='ltr'><strong>fortassis</strong></span> <span class='ocrx_word' id='word_1_601' title='bbox 2628 2864 2899 2930; x_wconf 78' lang='lat' dir='ltr'><strong>examine,</strong></span> <span class='ocrx_word' id='word_1_602' title='bbox 2935 2876 3228 2935; x_wconf 69' lang='lat' dir='ltr'><strong>praesumat</strong></span> <span class='ocrx_word' id='word_1_603' title='bbox 3255 2867 3324 2922; x_wconf 89' lang='lat' dir='ltr'><strong>de</strong></span> <span class='ocrx_word' id='word_1_604' title='bbox 3350 2876 3402 2923; x_wconf 87' lang='lat' dir='ltr'><strong>te</strong></span> <span class='ocrx_word' id='word_1_605' title='bbox 3427 2866 3637 2937; x_wconf 85' lang='lat' dir='ltr'><strong>proferre</strong></span> <span class='ocrx_word' id='word_1_606' title='bbox 3656 2879 3726 2918; x_wconf 86' lang='lat' dir='ltr'><strong>non</strong></span> <span class='ocrx_word' id='word_1_607' title='bbox 3745 2876 3798 2914; x_wconf 85' lang='lat' dir='ltr'><strong>no-</strong></span> 
     </span>
    </p>
   </div>
   <div class='ocr_carea' id='block_1_90' title="bbox 2349 2954 3796 3028">
    <p class='ocr_par' dir='ltr' id='par_1_90' title="bbox 2349 2954 3796 3028">
     <span class='ocr_line' id='line_1_90' title="bbox 2349 2954 3796 3028; baseline -0.005 -16"><span class='ocrx_word' id='word_1_608' title='bbox 2349 2965 2464 3012; x_wconf 88' lang='lat' dir='ltr'><strong>stro</strong></span> <span class='ocrx_word' id='word_1_609' title='bbox 2508 2958 2788 3027; x_wconf 68' lang='lat' dir='ltr'><strong>prmmisso</strong></span> <span class='ocrx_word' id='word_1_610' title='bbox 2843 2959 3101 3024; x_wconf 88' lang='lat' dir='ltr'><strong>decreto,</strong></span> <span class='ocrx_word' id='word_1_611' title='bbox 3141 2957 3436 3028; x_wconf 89' lang='lat' dir='ltr'><strong>judicium;</strong></span> <span class='ocrx_word' id='word_1_612' title='bbox 3485 2959 3566 3014; x_wconf 88' lang='lat' dir='ltr'><strong>sed</strong></span> <span class='ocrx_word' id='word_1_613' title='bbox 3601 2954 3796 3027; x_wconf 69' lang='lat' dir='ltr'><strong>apostolica</strong></span> 
     </span>
    </p>
   </div>
   <div class='ocr_carea' id='block_1_91' title="bbox 2351 3043 3793 3116">
    <p class='ocr_par' dir='ltr' id='par_1_91' title="bbox 2351 3043 3793 3116">
     <span class='ocr_line' id='line_1_91' title="bbox 2351 3043 3793 3116; baseline -0.005 -17"><span class='ocrx_word' id='word_1_614' title='bbox 2351 3046 2493 3101; x_wconf 71' lang='lat' dir='ltr'><strong>setis</strong></span> <span class='ocrx_word' id='word_1_615' title='bbox 2528 3054 2734 3101; x_wconf 85' lang='lat' dir='ltr'><strong>tantum</strong></span> <span class='ocrx_word' id='word_1_616' title='bbox 2766 3047 3060 3103; x_wconf 85' lang='lat' dir='ltr'><strong>reserveris</strong></span> <span class='ocrx_word' id='word_1_617' title='bbox 3086 3046 3477 3104; x_wconf 76' lang='lat' dir='ltr'><strong>examinandus</strong></span> <span class='ocrx_word' id='word_1_618' title='bbox 3497 3048 3568 3101; x_wconf 89' lang='lat' dir='ltr'><strong>vel</strong></span> <span class='ocrx_word' id='word_1_619' title='bbox 3583 3043 3793 3116; x_wconf 72' lang='lat' dir='ltr'><strong>judicandas</strong></span> 
     </span>
    </p>
   </div>
   <div class='ocr_carea' id='block_1_92' title="bbox 2274 3123 3794 3209">
    <p class='ocr_par' dir='ltr' id='par_1_92' title="bbox 2274 3123 3794 3209">
     <span class='ocr_line' id='line_1_92' title="bbox 2274 3123 3794 3209; baseline -0.003 -17"><span class='ocrx_word' id='word_1_620' title='bbox 2274 3123 2318 3186; x_wconf 87' lang='lat' dir='ltr'><strong>C</strong></span> <span class='ocrx_word' id='word_1_621' title='bbox 2352 3137 2731 3195; x_wconf 88' lang='lat' dir='ltr'><strong>incunctanter</strong></span> <span class='ocrx_word' id='word_1_622' title='bbox 2777 3140 3004 3196; x_wconf 90' lang='lat' dir='ltr'><strong>arbitrio</strong></span> <span class='ocrx_word' id='word_1_623' title='bbox 3040 3157 3055 3196; x_wconf 91' lang='lat'>:</span> <span class='ocrx_word' id='word_1_624' title='bbox 3110 3139 3269 3209; x_wconf 88' lang='lat' dir='ltr'><strong>cujus</strong></span> <span class='ocrx_word' id='word_1_625' title='bbox 3295 3142 3531 3196; x_wconf 87' lang='lat' dir='ltr'><strong>videlicet</strong></span> <span class='ocrx_word' id='word_1_626' title='bbox 3569 3139 3726 3193; x_wconf 84' lang='lat' dir='ltr'><strong>decreto</strong></span> <span class='ocrx_word' id='word_1_627' title='bbox 3749 3131 3794 3184; x_wconf 78' lang='lat' dir='ltr'><strong>rd</strong></span> 
     </span>
    </p>
   </div>
   <div class='ocr_carea' id='block_1_93' title="bbox 2344 3226 3794 3302">
    <p class='ocr_par' dir='ltr' id='par_1_93' title="bbox 2344 3226 3794 3302">
     <span class='ocr_line' id='line_1_93' title="bbox 2344 3226 3794 3302; baseline -0.005 -20"><span class='ocrx_word' id='word_1_628' title='bbox 2344 3229 2594 3302; x_wconf 82' lang='lat' dir='ltr'><strong>largitate</strong></span> <span class='ocrx_word' id='word_1_629' title='bbox 2639 3231 2852 3286; x_wconf 88' lang='lat' dir='ltr'><strong>vacanti</strong></span> <span class='ocrx_word' id='word_1_630' title='bbox 2884 3231 3141 3287; x_wconf 74' lang='lat' dir='ltr'><strong>Ecclesiae</strong></span> <span class='ocrx_word' id='word_1_631' title='bbox 3186 3234 3546 3289; x_wconf 85' lang='lat' dir='ltr'><strong>incardinatus</strong></span> <span class='ocrx_word' id='word_1_632' title='bbox 3574 3239 3618 3286; x_wconf 84' lang='lat' dir='ltr'><strong>et</strong></span> <span class='ocrx_word' id='word_1_633' title='bbox 3637 3226 3794 3298; x_wconf 76' lang='lat' dir='ltr'><strong>palliatus</strong></span> 
     </span>
    </p>
   </div>
   <div class='ocr_carea' id='block_1_94' title="bbox 2344 3316 3794 3396">
    <p class='ocr_par' dir='ltr' id='par_1_94' title="bbox 2344 3316 3794 3396">
     <span class='ocr_line' id='line_1_94' title="bbox 2344 3316 3794 3396; baseline -0.007 -19"><span class='ocrx_word' id='word_1_634' title='bbox 2344 3337 2465 3378; x_wconf 82' lang='lat' dir='ltr'><strong>esse</strong></span> <span class='ocrx_word' id='word_1_635' title='bbox 2513 3323 2866 3392; x_wconf 80' lang='lat' dir='ltr'><strong>dignosceris.</strong></span> <span class='ocrx_word' id='word_1_636' title='bbox 2917 3323 3190 3393; x_wconf 90' lang='lat' dir='ltr'><strong>Scriptum</strong></span> <span class='ocrx_word' id='word_1_637' title='bbox 3238 3341 3342 3396; x_wconf 87' lang='lat' dir='ltr'><strong>per</strong></span> <span class='ocrx_word' id='word_1_638' title='bbox 3387 3339 3581 3380; x_wconf 84' lang='lat' dir='ltr'><strong>manum</strong></span> <span class='ocrx_word' id='word_1_639' title='bbox 3621 3316 3794 3374; x_wconf 71' lang='lat' dir='ltr'><strong>Zacharic</strong></span> 
     </span>
    </p>
   </div>
   <div class='ocr_carea' id='block_1_95' title="bbox 2344 3409 3792 3478">
    <p class='ocr_par' dir='ltr' id='par_1_95' title="bbox 2344 3409 3792 3478">
     <span class='ocr_line' id='line_1_95' title="bbox 2344 3409 3792 3478; baseline -0.003 -10"><span class='ocrx_word' id='word_1_640' title='bbox 2344 3415 2576 3478; x_wconf 89' lang='lat' dir='ltr'><strong>notarii,</strong></span> <span class='ocrx_word' id='word_1_641' title='bbox 2623 3423 2678 3468; x_wconf 89' lang='lat' dir='ltr'><strong>et</strong></span> <span class='ocrx_word' id='word_1_642' title='bbox 2703 3416 2976 3470; x_wconf 88' lang='lat' dir='ltr'><strong>scriniarii</strong></span> <span class='ocrx_word' id='word_1_643' title='bbox 2999 3426 3199 3472; x_wconf 75' lang='lat' dir='ltr'><strong>sanctte</strong></span> <span class='ocrx_word' id='word_1_644' title='bbox 3240 3417 3496 3472; x_wconf 67' lang='lat' dir='ltr'><strong>Romanae</strong></span> <span class='ocrx_word' id='word_1_645' title='bbox 3521 3412 3731 3470; x_wconf 68' lang='lat' dir='ltr'><strong>Ecclesia,</strong></span> <span class='ocrx_word' id='word_1_646' title='bbox 3763 3409 3792 3460; x_wconf 81' lang='lat' dir='ltr'><strong>in</strong></span> 
     </span>
    </p>
   </div>
   <div class='ocr_carea' id='block_1_96' title="bbox 2343 3497 3790 3577">
    <p class='ocr_par' dir='ltr' id='par_1_96' title="bbox 2343 3497 3790 3577">
     <span class='ocr_line' id='line_1_96' title="bbox 2343 3497 3790 3577; baseline -0.001 -20"><span class='ocrx_word' id='word_1_647' title='bbox 2343 3519 2531 3560; x_wconf 89' lang='lat' dir='ltr'><strong>mense</strong></span> <span class='ocrx_word' id='word_1_648' title='bbox 2551 3504 2850 3562; x_wconf 85' lang='lat' dir='ltr'><strong>Februario</strong></span> <span class='ocrx_word' id='word_1_649' title='bbox 2871 3506 3163 3562; x_wconf 88' lang='lat' dir='ltr'><strong>indictione</strong></span> <span class='ocrx_word' id='word_1_650' title='bbox 3183 3506 3380 3577; x_wconf 87' lang='lat' dir='ltr'><strong>prima.</strong></span> <span class='ocrx_word' id='word_1_651' title='bbox 3402 3507 3533 3561; x_wconf 86' lang='lat' dir='ltr'><strong>Bene</strong></span> <span class='ocrx_word' id='word_1_652' title='bbox 3549 3503 3657 3556; x_wconf 86' lang='lat' dir='ltr'><strong>vale.</strong></span> <span class='ocrx_word' id='word_1_653' title='bbox 3673 3497 3790 3566; x_wconf 75' lang='lat' dir='ltr'><strong>Qttittw</strong></span> 
     </span>
    </p>
   </div>
   <div class='ocr_carea' id='block_1_97' title="bbox 2345 3589 3790 3668">
    <p class='ocr_par' dir='ltr' id='par_1_97' title="bbox 2345 3589 3790 3668">
     <span class='ocr_line' id='line_1_97' title="bbox 2345 3589 3790 3668; baseline -0.003 -19"><span class='ocrx_word' id='word_1_654' title='bbox 2345 3594 2614 3652; x_wconf 81' lang='lat' dir='ltr'><strong>Kalendas</strong></span> <span class='ocrx_word' id='word_1_655' title='bbox 2635 3596 2877 3664; x_wconf 85' lang='lat' dir='ltr'><strong>Martias,</strong></span> <span class='ocrx_word' id='word_1_656' title='bbox 2902 3612 3000 3668; x_wconf 88' lang='lat' dir='ltr'><strong>per</strong></span> <span class='ocrx_word' id='word_1_657' title='bbox 3019 3614 3212 3654; x_wconf 90' lang='lat' dir='ltr'><strong>manus</strong></span> <span class='ocrx_word' id='word_1_658' title='bbox 3231 3600 3497 3654; x_wconf 80' lang='lat' dir='ltr'><strong>Anastasii</strong></span> <span class='ocrx_word' id='word_1_659' title='bbox 3523 3589 3790 3652; x_wconf 75' lang='lat' dir='ltr'><strong>bibliothemii</strong></span> 
     </span>
    </p>
   </div>
   <div class='ocr_carea' id='block_1_98' title="bbox 2345 3681 3790 3760">
    <p class='ocr_par' dir='ltr' id='par_1_98' title="bbox 2345 3681 3790 3760">
     <span class='ocr_line' id='line_1_98' title="bbox 2345 3681 3790 3760; baseline -0.001 -20"><span class='ocrx_word' id='word_1_660' title='bbox 2345 3695 2547 3742; x_wconf 68' lang='lat' dir='ltr'><strong>sancta:</strong></span> <span class='ocrx_word' id='word_1_661' title='bbox 2583 3703 2808 3745; x_wconf 82' lang='lat' dir='ltr'><strong>summa:</strong></span> <span class='ocrx_word' id='word_1_662' title='bbox 2838 3690 2985 3746; x_wconf 88' lang='lat' dir='ltr'><strong>sedis</strong></span> <span class='ocrx_word' id='word_1_663' title='bbox 3007 3690 3354 3760; x_wconf 75' lang='lat' dir='ltr'><strong>apostolicae;</strong></span> <span class='ocrx_word' id='word_1_664' title='bbox 3386 3691 3645 3760; x_wconf 83' lang='lat' dir='ltr'><strong>imperante</strong></span> <span class='ocrx_word' id='word_1_665' title='bbox 3659 3681 3790 3738; x_wconf 70' lang='lat' dir='ltr'><strong>domino</strong></span> 
     </span>
    </p>
   </div>
   <div class='ocr_carea' id='block_1_99' title="bbox 2345 3776 3790 3849">
    <p class='ocr_par' dir='ltr' id='par_1_99' title="bbox 2345 3776 3790 3849">
     <span class='ocr_line' id='line_1_99' title="bbox 2345 3776 3790 3849; baseline 0.004 -21"><span class='ocrx_word' id='word_1_666' title='bbox 2345 3783 2534 3830; x_wconf 90' lang='lat' dir='ltr'><strong>nostro</strong></span> <span class='ocrx_word' id='word_1_667' title='bbox 2579 3777 2824 3846; x_wconf 85' lang='lat' dir='ltr'><strong>piissimo</strong></span> <span class='ocrx_word' id='word_1_668' title='bbox 2850 3787 3114 3848; x_wconf 89' lang='lat' dir='ltr'><strong>perpetuo</strong></span> <span class='ocrx_word' id='word_1_669' title='bbox 3156 3778 3401 3849; x_wconf 85' lang='lat' dir='ltr'><strong>Augusto</strong></span> <span class='ocrx_word' id='word_1_670' title='bbox 3431 3776 3655 3833; x_wconf 86' lang='lat' dir='ltr'><strong>Ludovico</strong></span> <span class='ocrx_word' id='word_1_671' title='bbox 3673 3780 3790 3834; x_wconf 55' lang='lat' dir='ltr'><strong>mai!”</strong></span> 
     </span>
    </p>
   </div>
   <div class='ocr_carea' id='block_1_100' title="bbox 2345 3867 3788 3943">
    <p class='ocr_par' dir='ltr' id='par_1_100' title="bbox 2345 3867 3788 3943">
     <span class='ocr_line' id='line_1_100' title="bbox 2345 3867 3788 3943; baseline 0.001 -19"><span class='ocrx_word' id='word_1_672' title='bbox 2345 3871 2673 3942; x_wconf 84' lang='lat' dir='ltr'><strong>imperatore</strong></span> <span class='ocrx_word' id='word_1_673' title='bbox 2699 3887 2839 3928; x_wconf 89' lang='lat' dir='ltr'><strong>anno</strong></span> <span class='ocrx_word' id='word_1_674' title='bbox 2867 3889 2981 3936; x_wconf 65' lang='grc' dir='ltr'><strong>ιιι,</strong></span> <span class='ocrx_word' id='word_1_675' title='bbox 3006 3882 3207 3943; x_wconf 85' lang='lat' dir='ltr'><strong>etpost</strong></span> <span class='ocrx_word' id='word_1_676' title='bbox 3244 3873 3566 3930; x_wconf 89' lang='lat' dir='ltr'><strong>consulatum</strong></span> <span class='ocrx_word' id='word_1_677' title='bbox 3599 3867 3684 3936; x_wconf 81' lang='lat' dir='ltr'><strong>ejus</strong></span> <span class='ocrx_word' id='word_1_678' title='bbox 3705 3873 3788 3915; x_wconf 64' lang='grc' dir='ltr'><strong>που</strong></span> 
     </span>
    </p>
   </div>
   <div class='ocr_carea' id='block_1_101' title="bbox 2344 3962 3049 4035">
    <p class='ocr_par' dir='ltr' id='par_1_101' title="bbox 2344 3962 3049 4035">
     <span class='ocr_line' id='line_1_101' title="bbox 2344 3962 3049 4035; baseline 0 -19"><span class='ocrx_word' id='word_1_679' title='bbox 2344 3977 2501 4028; x_wconf 79' lang='lat' dir='ltr'><strong>xvtn,</strong></span> <span class='ocrx_word' id='word_1_680' title='bbox 2536 3962 2825 4018; x_wconf 90' lang='lat' dir='ltr'><strong>indictione</strong></span> <span class='ocrx_word' id='word_1_681' title='bbox 2854 3964 3049 4035; x_wconf 85' lang='lat' dir='ltr'><strong>prima.</strong></span> 
     </span>
    </p>
   </div>
   <div class='ocr_carea' id='block_1_102' title="bbox 3095 4099 3162 4152">
    <p class='ocr_par' dir='ltr' id='par_1_102' title="bbox 3095 4099 3162 4152">
     <span class='ocr_line' id='line_1_102' title="bbox 3095 4099 3162 4152; baseline 0 0"><span class='ocrx_word' id='word_1_682' title='bbox 3095 4099 3162 4152; x_wconf 75' lang='grc' dir='ltr'><strong>Χ.</strong></span> 
     </span>
    </p>
   </div>
   <div class='ocr_carea' id='block_1_103' title="bbox 2489 4216 3698 4269">
    <p class='ocr_par' dir='ltr' id='par_1_103' title="bbox 2489 4216 3698 4269">
     <span class='ocr_line' id='line_1_103' title="bbox 2489 4216 3698 4269; baseline -0.005 -6"><span class='ocrx_word' id='word_1_683' title='bbox 2489 4226 2555 4264; x_wconf 78' lang='grc' dir='ltr'><strong>Αἰ)</strong></span> <span class='ocrx_word' id='word_1_684' title='bbox 2605 4227 2916 4267; x_wconf 63' lang='grc' dir='ltr'><strong>ιιικωιληυε</strong></span> <span class='ocrx_word' id='word_1_685' title='bbox 2962 4228 3405 4269; x_wconf 72' lang='lat' dir='ltr'><strong>ARClIlEPISCOl‘UM</strong></span> <span class='ocrx_word' id='word_1_686' title='bbox 3438 4216 3698 4264; x_wconf 67' lang='lat' dir='ltr'><strong>RHEHSSSEI-</strong></span> 
     </span>
    </p>
   </div>
   <div class='ocr_carea' id='block_1_104' title="bbox 2997 4323 3305 4381">
    <p class='ocr_par' dir='ltr' id='par_1_104' title="bbox 2997 4323 3305 4381">
     <span class='ocr_line' id='line_1_104' title="bbox 2997 4323 3305 4381; baseline 0.003 -3"><span class='ocrx_word' id='word_1_687' title='bbox 2997 4325 3151 4379; x_wconf 83' lang='lat' dir='ltr'><strong>Anno</strong></span> <span class='ocrx_word' id='word_1_688' title='bbox 3181 4323 3305 4381; x_wconf 82' lang='lat'><strong>868.</strong></span> 
     </span>
    </p>
   </div>
   <div class='ocr_carea' id='block_1_105' title="bbox 2348 4421 3782 4509">
    <p class='ocr_par' dir='ltr' id='par_1_105' title="bbox 2348 4421 3782 4509">
     <span class='ocr_line' id='line_1_105' title="bbox 2348 4421 3782 4509; baseline -0.001 -20"><span class='ocrx_word' id='word_1_689' title='bbox 2348 4435 2552 4490; x_wconf 74' lang='lat' dir='ltr'><strong>Laudat</strong></span> <span class='ocrx_word' id='word_1_690' title='bbox 2599 4436 2940 4509; x_wconf 64' lang='lat' dir='ltr'><strong>flint-marum</strong></span> <span class='ocrx_word' id='word_1_691' title='bbox 2967 4478 2982 4501; x_wconf 91' lang='lat'><strong>,</strong></span> <span class='ocrx_word' id='word_1_692' title='bbox 3025 4454 3246 4509; x_wconf 81' lang='lat' dir='ltr'><strong>eumque</strong></span> <span class='ocrx_word' id='word_1_693' title='bbox 3282 4442 3511 4492; x_wconf 83' lang='lat' dir='ltr'><strong>hortatur</strong></span> <span class='ocrx_word' id='word_1_694' title='bbox 3551 4440 3596 4509; x_wconf 85' lang='lat' dir='ltr'><strong>tt_t</strong></span> 
     </span>
    </p>
   </div>
   <div class='ocr_carea' id='block_1_106' title="bbox 2421 4494 3780 4576">
    <p class='ocr_par' dir='ltr' id='par_1_106' title="bbox 2421 4494 3780 4576">
     <span class='ocr_line' id='line_1_106' title="bbox 2421 4494 3780 4576; baseline -0.006 -17"><span class='ocrx_word' id='word_1_695' title='bbox 2421 4523 2588 4576; x_wconf 82' lang='lat' dir='ltr'><strong>regem</strong></span> <span class='ocrx_word' id='word_1_696' title='bbox 2616 4507 2685 4560; x_wconf 77' lang='lat' dir='ltr'><strong>ad</strong></span> <span class='ocrx_word' id='word_1_697' title='bbox 2706 4494 3053 4576; x_wconf 64' lang='lat' dir='ltr'><strong>constantiam</strong></span> <span class='ocrx_word' id='word_1_698' title='bbox 3080 4494 3266 4564; x_wconf 68' lang='lat' dir='ltr'><strong>excitet</strong></span> <span class='ocrx_word' id='word_1_699' title='bbox 3309 4509 3363 4562; x_wconf 81' lang='lat' dir='ltr'><strong>in</strong></span> <span class='ocrx_word' id='word_1_700' title='bbox 3393 4521 3536 4561; x_wconf 72' lang='lat' dir='ltr'><strong>causa</strong></span> <span class='ocrx_word' id='word_1_701' title='bbox 3562 4494 3737 4555; x_wconf 58' lang='lat' dir='ltr'><strong>Lotltan&#39;i.</strong></span> <span class='ocrx_word' id='word_1_702' title='bbox 3755 4494 3780 4539; x_wconf 63' lang='grc' dir='ltr'><em>τε</em></span> 
     </span>
    </p>
   </div>
   <div class='ocr_carea' id='block_1_107' title="bbox 2422 4575 3516 4632">
    <p class='ocr_par' dir='ltr' id='par_1_107' title="bbox 2422 4575 3516 4632">
     <span class='ocr_line' id='line_1_107' title="bbox 2422 4575 3516 4632; baseline 0 -4"><span class='ocrx_word' id='word_1_703' title='bbox 2422 4575 2732 4630; x_wconf 69' lang='grc' dir='ltr'><strong>ιιτΑειίιηΙο</strong></span> <span class='ocrx_word' id='word_1_704' title='bbox 2770 4595 2960 4632; x_wconf 76' lang='lat' dir='ltr'><strong>vacans</strong></span> <span class='ocrx_word' id='word_1_705' title='bbox 2986 4575 3222 4632; x_wconf 82' lang='lat' dir='ltr'><strong>Ecclesia</strong></span> <span class='ocrx_word' id='word_1_706' title='bbox 3243 4579 3516 4631; x_wconf 80' lang='lat' dir='ltr'><strong>tribuatur.</strong></span> 
     </span>
    </p>
   </div>
   <div class='ocr_carea' id='block_1_108' title="bbox 2423 4695 3782 4764">
    <p class='ocr_par' dir='ltr' id='par_1_108' title="bbox 2423 4695 3782 4764">
     <span class='ocr_line' id='line_1_108' title="bbox 2423 4695 3782 4764; baseline -0.011 -3"><span class='ocrx_word' id='word_1_707' title='bbox 2423 4707 2884 4763; x_wconf 87' lang='lat' dir='ltr'><strong>Reverentissimo</strong></span> <span class='ocrx_word' id='word_1_708' title='bbox 2936 4716 2992 4763; x_wconf 89' lang='lat' dir='ltr'><strong>et</strong></span> <span class='ocrx_word' id='word_1_709' title='bbox 3044 4709 3386 4764; x_wconf 89' lang='lat' dir='ltr'><strong>sanctissimo</strong></span> <span class='ocrx_word' id='word_1_710' title='bbox 3433 4697 3646 4762; x_wconf 86' lang='lat' dir='ltr'><strong>confratri</strong></span> <span class='ocrx_word' id='word_1_711' title='bbox 3674 4695 3782 4747; x_wconf 70' lang='lat' dir='ltr'><strong>nostro</strong></span> 
     </span>
    </p>
   </div>
   <div class='ocr_carea' id='block_1_109' title="bbox 2349 4791 3403 4867">
    <p class='ocr_par' dir='ltr' id='par_1_109' title="bbox 2349 4791 3403 4867">
     <span class='ocr_line' id='line_1_109' title="bbox 2349 4791 3403 4867; baseline -0.002 -14"><span class='ocrx_word' id='word_1_712' title='bbox 2349 4791 2632 4854; x_wconf 72' lang='lat' dir='ltr'><strong>limenno</strong></span> <span class='ocrx_word' id='word_1_713' title='bbox 2659 4798 3066 4867; x_wconf 79' lang='lat' dir='ltr'><strong>archiepiscopo</strong></span> <span class='ocrx_word' id='word_1_714' title='bbox 3091 4797 3403 4853; x_wconf 78' lang='lat' dir='ltr'><strong>thcmensi.</strong></span> 
     </span>
    </p>
   </div>
   <div class='ocr_carea' id='block_1_110' title="bbox 2425 4878 3781 4960">
    <p class='ocr_par' dir='ltr' id='par_1_110' title="bbox 2425 4878 3781 4960">
     <span class='ocr_line' id='line_1_110' title="bbox 2425 4878 3781 4960; baseline -0.011 -15"><span class='ocrx_word' id='word_1_715' title='bbox 2425 4890 2579 4945; x_wconf 83' lang='lat' dir='ltr'><strong>Licet</strong></span> <span class='ocrx_word' id='word_1_716' title='bbox 2603 4889 2859 4960; x_wconf 83' lang='lat' dir='ltr'><strong>frequens</strong></span> <span class='ocrx_word' id='word_1_717' title='bbox 2877 4889 3180 4945; x_wconf 86' lang='lat' dir='ltr'><strong>sanctitatis</strong></span> <span class='ocrx_word' id='word_1_718' title='bbox 3199 4900 3303 4945; x_wconf 55' lang='lat' dir='ltr'><strong>tum</strong></span> <span class='ocrx_word' id='word_1_719' title='bbox 3322 4888 3478 4952; x_wconf 86' lang='lat' dir='ltr'><strong>fama,</strong></span> <span class='ocrx_word' id='word_1_720' title='bbox 3495 4895 3595 4954; x_wconf 69' lang='lat' dir='ltr'><strong>qua:</strong></span> <span class='ocrx_word' id='word_1_721' title='bbox 3611 4878 3781 4960; x_wconf 63' lang='lat' dir='ltr'><strong>nutrit&quot;:Im</strong></span> 
     </span>
    </p>
   </div>
   <div class='ocr_carea' id='block_1_111' title="bbox 2347 4958 3782 5056">
    <p class='ocr_par' dir='ltr' id='par_1_111' title="bbox 2347 4958 3782 5056">
     <span class='ocr_line' id='line_1_111' title="bbox 2347 4958 3782 5056; baseline -0.01 -20"><span class='ocrx_word' id='word_1_722' title='bbox 2347 4982 2451 5038; x_wconf 88' lang='lat' dir='ltr'><strong>nisi</strong></span> <span class='ocrx_word' id='word_1_723' title='bbox 2475 4997 2596 5037; x_wconf 92' lang='lat' dir='ltr'><strong>cum</strong></span> <span class='ocrx_word' id='word_1_724' title='bbox 2637 4958 2793 5036; x_wconf 85' lang='lat' dir='ltr'><strong>laude</strong></span> <span class='ocrx_word' id='word_1_725' title='bbox 2817 4995 3034 5051; x_wconf 89' lang='lat' dir='ltr'><strong>semper</strong></span> <span class='ocrx_word' id='word_1_726' title='bbox 3062 4981 3270 5045; x_wconf 81' lang='lat' dir='ltr'><strong>existit,</strong></span> <span class='ocrx_word' id='word_1_727' title='bbox 3299 4989 3349 5034; x_wconf 89' lang='lat' dir='ltr'><strong>te</strong></span> <span class='ocrx_word' id='word_1_728' title='bbox 3369 4976 3508 5034; x_wconf 88' lang='lat' dir='ltr'><strong>nobis</strong></span> <span class='ocrx_word' id='word_1_729' title='bbox 3532 4969 3680 5056; x_wconf 71' lang='lat' dir='ltr'><strong>dudttttt</strong></span> <span class='ocrx_word' id='word_1_730' title='bbox 3701 4958 3782 5056; x_wconf 53' lang='grc' dir='ltr'><strong>Ῑὲεέ</strong></span> 
     </span>
    </p>
   </div>
   <div class='ocr_carea' id='block_1_112' title="bbox 2346 5053 3783 5136">
    <p class='ocr_par' dir='ltr' id='par_1_112' title="bbox 2346 5053 3783 5136">
     <span class='ocr_line' id='line_1_112' title="bbox 2346 5053 3783 5136; baseline -0.012 -10"><span class='ocrx_word' id='word_1_731' title='bbox 2346 5074 2418 5128; x_wconf 90' lang='lat' dir='ltr'><strong>rit</strong></span> <span class='ocrx_word' id='word_1_732' title='bbox 2443 5070 2814 5136; x_wconf 88' lang='lat' dir='ltr'><strong>manifestum;</strong></span> <span class='ocrx_word' id='word_1_733' title='bbox 2856 5079 3036 5125; x_wconf 90' lang='lat' dir='ltr'><strong>tamen</strong></span> <span class='ocrx_word' id='word_1_734' title='bbox 3077 5078 3136 5124; x_wconf 92' lang='lat' dir='ltr'><strong>ut</strong></span> <span class='ocrx_word' id='word_1_735' title='bbox 3179 5070 3428 5124; x_wconf 85' lang='lat' dir='ltr'><strong>virtutum</strong></span> <span class='ocrx_word' id='word_1_736' title='bbox 3449 5053 3783 5135; x_wconf 60' lang='lat' dir='ltr'><strong>probabilitttt‘ttlue</strong></span> 
     </span>
    </p>
   </div>
   <div class='ocr_carea' id='block_1_113' title="bbox 2348 5145 3778 5232">
    <p class='ocr_par' dir='ltr' id='par_1_113' title="bbox 2348 5145 3778 5232">
     <span class='ocr_line' id='line_1_113' title="bbox 2348 5145 3778 5232; baseline -0.01 -12"><span class='ocrx_word' id='word_1_737' title='bbox 2348 5179 2554 5220; x_wconf 91' lang='lat' dir='ltr'><strong>morum</strong></span> <span class='ocrx_word' id='word_1_738' title='bbox 2598 5171 2812 5218; x_wconf 91' lang='lat' dir='ltr'><strong>tuorum</strong></span> <span class='ocrx_word' id='word_1_739' title='bbox 2861 5161 3275 5232; x_wconf 70' lang='lat' dir='ltr'><strong>prmdicameuta</strong></span> <span class='ocrx_word' id='word_1_740' title='bbox 3316 5157 3544 5229; x_wconf 91' lang='lat' dir='ltr'><strong>liquidius</strong></span> <span class='ocrx_word' id='word_1_741' title='bbox 3575 5145 3778 5217; x_wconf 65' lang='grc' dir='ltr'><strong>πειιοδοθπ·</strong></span> 
     </span>
    </p>
   </div>
   <div class='ocr_carea' id='block_1_114' title="bbox 2352 5235 3782 5334">
    <p class='ocr_par' dir='ltr' id='par_1_114' title="bbox 2352 5235 3782 5334">
     <span class='ocr_line' id='line_1_114' title="bbox 2352 5235 3782 5334; baseline -0.01 -24"><span class='ocrx_word' id='word_1_742' title='bbox 2352 5271 2489 5320; x_wconf 91' lang='lat' dir='ltr'><strong>mus,</strong></span> <span class='ocrx_word' id='word_1_743' title='bbox 2515 5253 2742 5308; x_wconf 89' lang='lat' dir='ltr'><strong>fratrum</strong></span> <span class='ocrx_word' id='word_1_744' title='bbox 2790 5261 3117 5315; x_wconf 90' lang='lat' dir='ltr'><strong>nostrorum,</strong></span> <span class='ocrx_word' id='word_1_745' title='bbox 3152 5252 3399 5307; x_wconf 87' lang='lat' dir='ltr'><strong>videlicet</strong></span> <span class='ocrx_word' id='word_1_746' title='bbox 3437 5238 3615 5301; x_wconf 82' lang='lat' dir='ltr'><strong>Arsenii</strong></span> 
     </span>
    </p>
   </div>
   <div class='ocr_carea' id='block_1_115' title="bbox 2353 5325 3780 5422">
    <p class='ocr_par' dir='ltr' id='par_1_115' title="bbox 2353 5325 3780 5422">
     <span class='ocr_line' id='line_1_115' title="bbox 2353 5325 3780 5422; baseline -0.011 -20"><span class='ocrx_word' id='word_1_747' title='bbox 2353 5348 2475 5402; x_wconf 87' lang='lat' dir='ltr'><strong>bilis</strong></span> <span class='ocrx_word' id='word_1_748' title='bbox 2506 5346 2838 5417; x_wconf 90' lang='lat' dir='ltr'><strong>apocrisiarii</strong></span> <span class='ocrx_word' id='word_1_749' title='bbox 2874 5346 3018 5400; x_wconf 87' lang='lat' dir='ltr'><strong>sedis</strong></span> <span class='ocrx_word' id='word_1_750' title='bbox 3047 5354 3268 5409; x_wconf 58' lang='lat' dir='ltr'><strong>nostris,</strong></span> <span class='ocrx_word' id='word_1_751' title='bbox 3297 5344 3418 5413; x_wconf 90' lang='lat' dir='ltr'><strong>quin</strong></span> <span class='ocrx_word' id='word_1_752' title='bbox 3442 5346 3490 5393; x_wconf 89' lang='lat' dir='ltr'><strong>et</strong></span> <span class='ocrx_word' id='word_1_753' title='bbox 3515 5325 3780 5422; x_wconf 55' lang='lat' dir='ltr'><strong>Actardi:</strong></span> 
     </span>
    </p>
   </div>
   <div class='ocr_carea' id='block_1_116' title="bbox 2351 5404 3778 5507">
    <p class='ocr_par' dir='ltr' id='par_1_116' title="bbox 2351 5404 3778 5507">
     <span class='ocr_line' id='line_1_116' title="bbox 2351 5404 3778 5507; baseline -0.018 -14"><span class='ocrx_word' id='word_1_754' title='bbox 2351 5438 2720 5493; x_wconf 87' lang='lat' dir='ltr'><strong>ctissintorum</strong></span> <span class='ocrx_word' id='word_1_755' title='bbox 2745 5437 3055 5507; x_wconf 71' lang='lat' dir='ltr'><strong>pncsulum,</strong></span> <span class='ocrx_word' id='word_1_756' title='bbox 3093 5451 3300 5491; x_wconf 87' lang='lat' dir='ltr'><strong>necnon</strong></span> <span class='ocrx_word' id='word_1_757' title='bbox 3347 5443 3400 5489; x_wconf 90' lang='lat' dir='ltr'><strong>et</strong></span> <span class='ocrx_word' id='word_1_758' title='bbox 3439 5404 3778 5507; x_wconf 39' lang='lat' dir='ltr'><strong>dilectissitnt‘l‘t&#39;f‘I</strong></span> 
     </span>
    </p>
   </div>
   <div class='ocr_carea' id='block_1_117' title="bbox 2351 5495 3774 5593">
    <p class='ocr_par' dir='ltr' id='par_1_117' title="bbox 2351 5495 3774 5593">
     <span class='ocr_line' id='line_1_117' title="bbox 2351 5495 3774 5593; baseline -0.004 -13"><span class='ocrx_word' id='word_1_759' title='bbox 2351 5527 2489 5591; x_wconf 90' lang='lat' dir='ltr'><strong>mei,</strong></span> <span class='ocrx_word' id='word_1_760' title='bbox 2527 5495 2919 5581; x_wconf 47' lang='lat' dir='ltr'><strong>sanctzc.sedis</strong></span> <span class='ocrx_word' id='word_1_761' title='bbox 2967 5525 3274 5593; x_wconf 74' lang='lat' dir='ltr'><strong>apostolica)</strong></span> <span class='ocrx_word' id='word_1_762' title='bbox 3316 5507 3672 5578; x_wconf 80' lang='lat' dir='ltr'><strong>bibliotltecarii.</strong></span> <span class='ocrx_word' id='word_1_763' title='bbox 3704 5495 3774 5574; x_wconf 65' lang='grc' dir='ltr'><strong>ίεοί</strong></span> 
     </span>
    </p>
   </div>
   <div class='ocr_carea' id='block_1_118' title="bbox 2349 5594 3773 5687">
    <p class='ocr_par' dir='ltr' id='par_1_118' title="bbox 2349 5594 3773 5687">
     <span class='ocr_line' id='line_1_118' title="bbox 2349 5594 3773 5687; baseline -0.011 -18"><span class='ocrx_word' id='word_1_764' title='bbox 2349 5616 2617 5670; x_wconf 79' lang='lat' dir='ltr'><strong>Anastasii</strong></span> <span class='ocrx_word' id='word_1_765' title='bbox 2659 5617 2840 5678; x_wconf 82' lang='lat' dir='ltr'><strong>multis</strong></span> <span class='ocrx_word' id='word_1_766' title='bbox 2867 5615 3150 5685; x_wconf 87' lang='lat' dir='ltr'><strong>praeconiis</strong></span> <span class='ocrx_word' id='word_1_767' title='bbox 3179 5615 3330 5684; x_wconf 86' lang='lat' dir='ltr'><strong>plena</strong></span> <span class='ocrx_word' id='word_1_768' title='bbox 3366 5594 3773 5687; x_wconf 56' lang='lat' dir='ltr'><strong>delectaliilisqttf3</strong></span> 
     </span>
    </p>
   </div>
   <div class='ocr_carea' id='block_1_119' title="bbox 2349 5683 3772 5772">
    <p class='ocr_par' dir='ltr' id='par_1_119' title="bbox 2349 5683 3772 5772">
     <span class='ocr_line' id='line_1_119' title="bbox 2349 5683 3772 5772; baseline -0.033 6"><span class='ocrx_word' id='word_1_769' title='bbox 2349 5705 2496 5758; x_wconf 63' lang='grc' dir='ltr'><strong>Ῐίίίίοο</strong></span> <span class='ocrx_word' id='word_1_770' title='bbox 2537 5704 2649 5772; x_wconf 71' lang='grc' dir='ltr'><strong>(ὶυῦ</strong></span> <span class='ocrx_word' id='word_1_771' title='bbox 2699 5706 2761 5761; x_wconf 79' lang='lat' dir='ltr'><strong>de</strong></span> <span class='ocrx_word' id='word_1_772' title='bbox 2794 5721 2851 5760; x_wconf 81' lang='lat' dir='ltr'><strong>rc</strong></span> <span class='ocrx_word' id='word_1_773' title='bbox 2872 5683 2878 5685; x_wconf 15' lang='grc' dir='ltr'><strong><em>γ</em></strong></span> <span class='ocrx_word' id='word_1_774' title='bbox 2899 5705 2975 5759; x_wconf 87' lang='lat' dir='ltr'><strong>sic</strong></span> <span class='ocrx_word' id='word_1_775' title='bbox 3011 5683 3246 5759; x_wconf 80' lang='lat' dir='ltr'><strong>animam</strong></span> <span class='ocrx_word' id='word_1_776' title='bbox 3276 5707 3547 5758; x_wconf 70' lang='lat' dir='ltr'><strong>menmium</strong></span> <span class='ocrx_word' id='word_1_777' title='bbox 3579 5683 3772 5743; x_wconf 67' lang='grc' dir='ltr'><strong>ἀίιεςυοιιις</strong></span> 
     </span>
    </p>
   </div>
  </div>
