4004 6290
97 336 253 398 ηπ

1334 328 1688 387 EPlSTOLE
1724 328 1809 385 ET
1850 326 2168 385 DECRE'I‘A

3259 304 3389 370 «1271

98 459 369 515 ardorem
411 451 723 522 concepisse
765 456 1030 516 cognosce
1054 486 1070 511 ,
1121 455 1379 516 tanquam
1421 445 1470 499 si
1500 443 1697 499 millies
1723 447 1775 506 Α
1869 441 1986 522 ejus
2029 439 2235 522 dignast
2277 452 2400 522 0.1m
2443 435 2635 517 tenuit.
2681 433 3276 522 Sibifurtefo'tarum,
3300 444 3386 522 aut

97 547 322 604 mutuis
346 544 653 600 lrueremur
673 539 941 611 alloquiis.
975 537 1184 593 Habeto
1221 550 1353 606 ergo
1381 540 1584 589 nostra:
1610 546 1700 587 re-

97 637 496 711 promissionis
517 635 735 707 pignus,
777 632 906 688 etin
938 630 1117 695 nobis,
1150 635 1212 683 ut
1235 627 1291 682 in
1316 626 1521 681 nostris
1550 635 1704 679 ante-

100 728 448 792 cessoribus,
494 725 690 781 fiducia
733 731 845 800 tota
889 733 1111 800 prorsus
1142 716 1398 772 innitere.
1430 713 1702 769 Praeterea

101 820 387 879 sanctitas
410 826 499 872 tua
524 816 663 871 bene
683 796 851 877 novit,
882 796 1083 883 quanta
1112 807 1270 864 sedes
1292 806 1543 862 habuerit
1572 819 1704 874 apo-

101 914 310 971 stolica
351 912 407 966 in
454 906 620 965 causa
666 905 911 963 Lotharii
954 903 1101 975 regis
1141 892 1474 965 certamina,
1504 906 1562 954 et
1605 911 1705 968 per

104 1003 381 1077 pnesules
424 1016 552 1058 suos
575 1040 595 1066 ,
622 998 993 1057 Benedictum
1043 994 1255 1051 scilicet
1292 1002 1350 1050 et
1384 992 1665 1049 Nicolaum
1686 1029 1703 1056 ,

102 1107 253 1177 quot
279 1098 408 1152 hinc
435 1094 652 1150 labores
678 1090 1056 1162 assumpserit.
1092 1086 1246 1144 Unde
1265 1095 1322 1143 et
1344 1101 1460 1148 nos,
1494 1083 1701 1139 baben-

108 1202 199 1246 tes
229 1175 485 1244 eumdem
508 1185 785 1261 spiritum,
836 1198 999 1253 quem
1038 1188 1095 1236 et
1137 1180 1298 1236 iidem
1325 1187 1510 1249 patres
1533 1175 1704 1232 nostri

108 1279 380 1337 habuisse
406 1275 619 1348 probati
647 1284 795 1341 sunt,
817 1273 1007 1329 eadem
1031 1271 1159 1327 hinc
1183 1283 1305 1339 quae
1323 1269 1400 1323 illi
1428 1267 1707 1338 sequimur

110 1380 173 1426 et
198 1369 568 1426 decernimus.
607 1363 969 1433 Quamobrem
1014 1371 1117 1416 tua:
1151 1357 1508 1415 fraternitatis
1552 1356 1708 1411 indu-

115 1460 320 1516 striam
364 1455 670 1528 specialiter
703 1453 1058 1508 admonemus
1080 1490 1096 1517 ,
1139 1450 1215 1505 uti
1243 1448 1385 1519 quod
1412 1462 1575 1518 super
1603 1447 1708 1501 hoc

118 1555 257 1611 olim
301 1552 519 1623 negotio
556 1547 770 1621 gessisti
817 1545 1056 1602 studium
1108 1542 1416 1599 nullatenus
1456 1538 1708 1597 enervari

118 1634 475 1707 consentias;
528 1640 625 1696 sed
653 1638 769 1693 vice
799 1645 981 1692 nostra
1025 1633 1196 1690 fretus
1218 1673 1234 1697 ,
1272 1646 1454 1688 coram
1493 1629 1710 1701 regibus

117 1745 178 1790 et
204 1732 525 1804 praesidibus
547 1729 613 1785 de
634 1726 955 1784 testimoniis
976 1722 1345 1793 Dominiloqui
1359 1736 1465 1777 non
1489 1731 1703 1776 cesses:

1868 501 2176 633 Britoi‘iiib‘us
2216 518 2400 562 contra
2436 506 2599 577 ipsius
2642 505 2877 563 ecclesia:
2930 501 3206 575 priuilegia
3256 501 3388 557 nihil

1872 596 2029 633 conce
2069 597 2099 633 a
2125 616 2142 633 .

1872 596 2142 636 concedat.

1808 724 1811 725 ⁷
1870 736 2148 790 Anmmus
2177 733 2482 804 cpiscopus,
2505 744 2694 787 servus
2720 744 3002 786 servorum
3028 729 3144 797 Dei,
3173 727 3391 807 licata:-

1805 845 1875 902 no
1903 828 2311 900 archiepisc0po
2343 824 2667 881 Turonensi.
2846 866 2849 869 -
2894 810 2899 813 ⁷
3098 880 3103 883 ,

1875 918 2119 974 Miserias
2170 926 2224 974 ct
2267 919 2414 973 diras
2443 915 2780 972 calamitates
2809 915 3029 971 Actardi
3078 906 3386 971 communis

1803 1007 1988 1065 fratris
2030 1018 2085 1064 et
2118 1008 2421 1079 coepiscopi
2455 1022 2562 1062 non
2608 1015 2692 1062 est
2733 1006 3042 1077 exponendi
3094 1016 3199 1062 tua:
3239 1022 3393 1062 reves

1806 1100 2045 1157 rentialt
2069 1099 2137 1155 lla
2168 1100 2481 1156 necessitas.
2513 1098 2723 1169 Quippe
2775 1114 2897 1154 cum
2943 1097 3083 1170 ipsa,
3113 1107 3303 1170 utpote
3338 1099 3392 1152 in

1805 1191 1891 1248 his
1917 1190 2086 1256 socia,
2112 1198 2166 1245 et
2188 1205 2323 1260 pene
2352 1204 2565 1260 semper
2601 1188 2874 1260 contigua,
2918 1203 3106 1243 earum
3137 1187 3395 1256 liquidius

1805 1281 1962 1339 nobis
1992 1280 2381 1351 experientiam
2408 1280 2643 1335 habeat:
2676 1278 2734 1333 ul
2766 1279 2922 1334 siculi
2945 1279 3011 1334 de
3034 1277 3397 1334 sanctimonia

1808 1389 1903 1431 sua
1950 1373 2279 1430 credendum
2306 1379 2392 1427 est
2413 1412 2428 1437 ,
2469 1371 2578 1426 imo
2608 1378 2667 1424 ut
2703 1369 2821 1440 ipso
2850 1368 3092 1424 antistite
3125 1368 3399 1429 referente

1809 1464 2172 1535 comperimus
2197 1504 2211 1528 ,
2264 1463 2380 1533 ejus
2423 1460 2696 1517 continuis
2736 1459 2994 1514 {erumnis
3037 1476 3144 1514 non
3184 1456 3397 1513 modice

1810 1569 2091 1626 compassa
2124 1553 2195 1609 sit
2218 1561 2273 1609 et
2306 1552 2544 1608 miserta.
2578 1551 2778 1607 Verum
2802 1550 2926 1620 quia
2948 1549 3148 1618 nostris
3171 1562 3313 1617 saepe
3344 1554 3400 1608 et

1810 1643 1954 1715 apud
1982 1643 2321 1699 dilectionem
2350 1651 2495 1696 tuam
2520 1639 2722 1697 litteris
2750 1636 3020 1708 adjuvari,
3051 1635 3398 1707 etapostolo-

1814 1749 1932 1789 rum
1956 1732 2281 1804 principum,
2308 1746 2539 1802 quorum
2565 1729 2814 1800 pnesidia
2863 1737 3016 1783 tanto
3060 1727 3246 1784 labore
3275 1716 3399 1780 tan-‘-

120 1824 199 1879 ita
230 1830 291 1877 ut
316 1821 458 1892 quod
483 1826 706 1875 auctore
726 1816 835 1871 Deo
863 1816 1196 1871 destructum
1224 1821 1328 1876 est,
1353 1809 1514 1865 nullis
1529 1806 1711 1891 dolose

1833 1838 1978 1895 oque
2008 1821 2189 1878 studio
2220 1821 2525 1895 requisivit,
2548 1819 2753 1876 amoris
2768 1810 2960 1874 intuilu
2983 1817 3084 1874 sibi
3110 1816 3403 1889 quamdam

122 1911 555 1971 machinantium
582 1906 909 1973 retedillcari
932 1904 1109 1961 valeat
1131 1901 1485 1974 argumentis.
1512 1900 1570 1955 ln
1601 1912 1710 1969 quo

121 2004 378 2075 videlicet
400 2002 616 2075 pietatis
635 2015 819 2072 opere,
842 1999 970 2070 quia
996 1998 1063 2053 de
1085 1996 1300 2066 regibus
1320 1994 1460 2049 idem
1480 1992 1713 2048 dilectus

127 2097 272 2153 filius
302 2104 488 2151 noster
512 2092 757 2156 Carolus,
802 2090 869 2147 de
896 2087 1268 2147 sacerdotibus
1296 2100 1425 2141 vero
1467 2092 1522 2138 tu
1551 2082 1715 2154 potis-

127 2191 325 2245 simum
362 2184 475 2241 sedi
509 2182 819 2255 apostolica:
860 2179 1047 2236 sedule
1075 2179 1327 2234 laborant
1354 2172 1713 2231 concurristis

127 2288 186 2336 et
231 2274 585 2335 concertaslis
603 2314 619 2340 ,
652 2281 801 2329 tuam
828 2269 1045 2342 proprie
1072 2268 1423 2325 cohortamur
1446 2264 1713 2337 insignem

132 2372 431 2437 solertiam,
458 2385 567 2440 quo
592 2376 649 2425 et
677 2367 789 2439 ipsa
813 2364 996 2437 pravis
1033 2362 1265 2418 viriliter
1291 2360 1474 2416 obviet
1497 2369 1553 2412 et
1579 2372 1716 2429 pne-

132 2465 334 2521 dietum
384 2459 685 2533 piissimum
726 2470 906 2526 regem
933 2494 949 2520 ,
998 2452 1080 2506 uti
1130 2457 1472 2506 consummet
1515 2447 1716 2503 bonum

133 2554 278 2626 quod
306 2553 679 2614 inchoaverat,
707 2546 1076 2629 indesinenter
1112 2547 1456 2598 commoneat
1480 2558 1493 2594 :
1524 2546 1718 2608 quate-

138 2661 239 2701 nus
278 2652 335 2699 et
364 2642 641 2696 variarum
673 2637 939 2711 virtutum
971 2643 1274 2688 vestrarum
1317 2629 1497 2685 tunica
1547 2641 1718 2699 usque
1797 2644 1801 2649 ε

138 2734 205 2789 ad
254 2731 391 2788 talos
416 2729 702 2801 pertingat,
730 2734 786 2782 et
818 2722 1148 2781 sacrificium
1187 2720 1315 2776 boni
1343 2718 1509 2775 vestri
1535 2716 1718 2788 operis

139 2825 249 2880 Deo
285 2838 409 2879 cum
444 2820 615 2876 cauda
653 2817 892 2875 oblatum
930 2813 1302 2870 holocaustum
1329 2808 1469 2866 ellici
1511 2823 1721 2864 merea-

141 2927 265 2981 tur;
298 2926 507 2971 neenon
539 2920 595 2967 et
634 2908 767 2966 illud
790 2908 856 2965 de
882 2906 1035 2962 vobis
1074 2903 1315 2968 dicatur,
1351 2900 1496 2973 quod
1524 2900 1591 2955 de
1617 2897 1720 2955 Job

141 3014 346 3072 sancto,
370 3006 497 3060 dum
520 2999 762 3056 adivinis
782 3014 891 3054 non
921 3002 1162 3053 cessaret
1179 2994 1479 3063 obsequiis,
1503 2990 1720 3061 scriptis

143 3101 442 3158 asseritur:
471 3096 722 3153 videlicet
752 3094 843 3149 ubi
892 3106 999 3147 non
1027 3091 1256 3162 legitur:
1299 3088 1437 3157 Quia
1484 3088 1565 3144 sic
1595 3086 1723 3143 fecit

141 3192 240 3249 Job
281 3205 378 3262 per
420 3188 622 3258 aliquot
650 3185 795 3248 dies;
836 3182 962 3248 sed,
995 3180 1085 3237 Sic
1122 3179 1350 3251 faciebat
1377 3177 1479 3233 Job
1522 3177 1723 3232 cunctis
1750 3168 1795 3230 C

142 3279 321 3339 diebu‘s
351 3273 471 3354 (Job
500 3278 564 3350 ι).
596 3274 734 3332 Nam
760 3282 815 3331 et
833 3280 1021 3329 sancta
1049 3269 1305 3326 animalia
1349 3285 1455 3326 non
1491 3277 1614 3339 post
1640 3281 1720 3334 se,

146 3372 238 3428 sed
258 3378 382 3426 ante
405 3366 630 3440 segradi
645 3356 924 3426 visasunt,
940 3376 1063 3417 cum
1087 3359 1400 3415 incederent
1420 3355 1636 3430 thech.
1657 3357 1722 3428 ι).

144 3462 313 3520 Porro
356 3457 652 3514 Actardum
696 3450 1062 3509 venerabilem
1101 3448 1419 3520 episcopum
1471 3444 1728 3499 fraterna:

149 3552 385 3612 caritatis
398 3549 541 3605 ulnis
568 3546 914 3617 amplectere,
945 3552 1001 3599 et
1018 3542 1073 3597 in
1099 3538 1598 3611 opportunitatibus
1627 3550 1728 3608 pro

148 3651 429 3707 beatorum
477 3641 781 3715 principum
836 3635 1206 3708 apostolorum
1269 3643 1456 3687 amore
1512 3642 1731 3698 semper

152 3740 398 3801 auxiliari
434 3746 725 3795 memento.
774 3734 976 3791 Verum
1026 3745 1133 3786 non
1162 3729 1276 3785 ha'c
1325 3727 1449 3782 ideo
1474 3726 1727 3789 dicimus,

152 3836 301 3910 quasi
333 3843 384 3890 te
411 3831 502 3888 ille
527 3830 629 3887 sibi
664 3841 1008 3899 compassum
1036 3832 1093 3880 et
1118 3823 1404 3877 misertum
1434 3818 1601 3874 fuisse
1623 3830 1730 3872 non

153 3908 411 4003 pradicet
439 3941 455 3992 ;
485 3925 578 3981 sed
620 3931 682 3979 ut
724 3920 869 3993 quod
900 3933 1043 3975 nunc
1071 3930 1241 3986 usque
1279 3913 1524 3984 proxime
1554 3908 1730 3967 fecisti

153 4019 428 4079 charitatis
447 4016 665 4082 intuitu,
683 4028 826 4069 nunc
842 4012 1004 4067 etiam
1021 4008 1317 4080 primorum
1339 4003 1590 4077 perficias
1607 4016 1736 4072 apo-

155 4113 431 4180 stolorum,
458 4110 525 4167 ad
553 4124 783 4182 quorum
805 4106 991 4162 limina
1014 4099 1312 4163 festinavit,
1335 4112 1401 4153 ac
1423 4095 1734 4168 pnesidium

154 4205 464 4279 postulavit,
496 4201 801 4260 dilectionis
818 4197 1037 4255 affectu.
1057 4195 1204 4251 lnsla
1228 4192 1392 4264 igitur
1412 4196 1733 4262 opportune.

156 4298 477 4368 importune,
499 4301 553 4349 et
577 4292 703 4363 quia
725 4290 941 4364 propria
964 4294 1134 4351 caret,
1163 4283 1303 4355 apud
1324 4280 1735 4337 dilectissimum

152 4389 263 4461 jam
301 4384 467 4441 fatum
513 4383 683 4440 filium
725 4390 971 4437 nostrum
1008 4372 1523 4432 excellentissimum
1555 4382 1738 4439 regem

158 4479 407 4538 Carolum
434 4485 619 4533 nostra
648 4476 767 4532 vice
788 4475 1081 4545 impetrare
1112 4467 1348 4534 studeto,
1372 4465 1449 4520 uti
1476 4478 1575 4520 suo
1602 4476 1734 4533 quo-

160 4589 263 4648 que
290 4573 475 4629 favore
521 4585 722 4626 vacans
751 4571 800 4626 ei
829 4564 1168 4640 episcopalis,
1198 4563 1412 4622 etiamsi
1441 4578 1499 4618 se
1533 4569 1735 4616 metro-

158 4666 292 4740 polis
324 4661 618 4727 obtulerit,
670 4661 900 4736 ecclesia
940 4661 1229 4716 tribuatur.
1263 4655 1443 4711 Fortis
1467 4653 1613 4710 enim
1644 4652 1737 4707 do-

160 4754 289 4812 mini
319 4754 419 4810 bos
447 4751 565 4823 ipso
591 4762 813 4807 auctore
839 4750 1105 4812 consistit,
1144 4755 1200 4803 et
1226 4746 1349 4801 ideo
1371 4743 1622 4815 plurima:
1648 4754 1742 4796 se-

160 4854 306 4919 getes
348 4845 399 4902 ei
428 4846 496 4901 ad
525 4844 777 4900 trituram
821 4840 1008 4913 procul
1045 4838 1207 4894 dubio
1250 4834 1494 4893 commiti
1520 4833 1736 4889 debent.

161 4935 291 4991 Nam
321 4936 582 5007 scriptum
604 4943 726 4990 est:
758 4931 859 4987 Ubi
886 4930 1129 5007 plurimm
1186 4938 1382 4998 segetes
1407 4968 1422 4993 ,
1459 4926 1529 4979 ibi
1572 4923 1743 4978 mani-

162 5028 291 5098 festa
323 5006 578 5097 fortitudo
614 5024 769 5080 boum
810 5021 993 5097 (Prov.
1018 5006 1102 5094 ll).
1143 5020 1405 5092 Optamus
1430 5017 1743 5074 fraternita-

164 5128 268 5174 tem
301 5127 447 5173 tuam
487 5132 631 5173 nunc
659 5124 715 5173 et
739 5130 953 5188 semper
996 5116 1050 5170 in
1087 5114 1309 5171 Christo
1354 5115 1494 5170 bene
1541 5112 1740 5168 valere.

165 5210 292 5265 Data
321 5224 418 5265 vni
445 5210 570 5266 ldus
588 5198 791 5279 Martii,
826 5208 1121 5265 indictione
1152 5206 1348 5278 prima.

906 5343 997 5400 XI.

306 5499 375 5540 Lb
420 5498 707 5540 HEIMRDUI
751 5494 1199 5539 Αιιοιιιενιεεορωι
1228 5494 1601 5539 TURONBNSII.

803 5618 980 5689 (Anno
1029 5617 1180 5691 868.)

175 5728 238 5788 Ut
280 5732 509 5794 Actardo
554 5735 819 5806 episcopo,
839 5734 1085 5790 concedat
1115 5735 1489 5791 monasterium
1526 5735 1668 5807 quod
1696 5734 1753 5789 in

1765 4523 1815 4584 D

1814 1915 2034 1988 proprie
2082 1914 2254 1970 voluit
2291 1914 2717 1971 consolationem
2760 1911 3031 1978 conferri',
3080 1910 3403 1966 charitatem

1814 2003 1964 2064 tuam
1999 2008 2084 2065 his
2106 2009 2392 2064 hortamur
2408 2017 2460 2063 et
2493 2008 2850 2078 deprecamur
2872 2005 3140 2077 apicibus,
3170 2011 3230 2059 ut
3260 2003 3406 2058 inter

1815 2097 1920 2153 alia
1960 2097 2348 2153 beneﬁciorum
2388 2105 2603 2153 tuorum
2644 2097 2748 2153 sibi
2783 2083 3106 2153 collaturum
3147 2095 3403 2165 insignia,
3454 2132 3459 2139 ε

1816 2191 2207 2247 monasterium
2233 2190 2383 2258 illud,
2410 2190 2555 2262 quod
2584 2191 2712 2248 olim
2741 2191 2795 2246 in
2811 2192 3028 2247 dimeesi
3046 2205 3142 2246 sua
3163 2190 3407 2244 tenuisse

1820 2280 2181 2353 dignoscitur,
2212 2289 2302 2335 tua
2332 2297 2474 2337 nunc
2503 2290 2867 2351 consequatur
2895 2280 2966 2336 ob
2990 2282 3243 2335 amorem
3286 2275 3404 2347 jam

1818 2381 2241 2426 memoratarum
2271 2369 2639 2440 apostolorum
2688 2370 2955 2443 largiente
2992 2368 3405 2426 benevolentia:

1818 2470 2085 2531 quatenus
2122 2462 2214 2533 qui
2245 2462 2358 2517 suis
2390 2461 2546 2517 valde
2585 2461 2878 2517 destitutus
2906 2475 3024 2516 esse
3054 2460 3407 2531 comperitur,

1820 2552 1950 2609 hinc
1989 2554 2183 2608 saltem
2221 2553 2413 2608 alienis
2461 2551 2947 2608 sustentationibus
2979 2552 3203 2623 adipisci
3247 2559 3413 2622 quea:

1820 2659 1931 2701 sua:
1956 2644 2077 2699 vitre
2098 2642 2419 2699 subsidium.
2446 2643 2598 2710 Quod
2624 2652 2677 2698 te
2700 2652 3016 2712 negaturum
3036 2641 3279 2712 profecto
3305 2654 3411 2697 non

1824 2734 2121 2800 credimus,
2154 2734 2198 2790 si
2227 2748 2390 2805 quam
2413 2733 2481 2789 sit
2509 2749 2540 2788 a
2568 2734 2736 2789 fratre
2772 2734 2942 2789 frater
2964 2733 3300 2802 adjuvandus
3332 2732 3413 2786 in-

1820 2835 1969 2881 tenta
2000 2833 2182 2881 mente
2213 2825 2556 2891 consideres;
2586 2826 2632 2881 si
2661 2839 2823 2896 quam
2861 2824 2931 2881 sit
2980 2824 3257 2896 indignum
3285 2864 3300 2888 ,
3352 2830 3414 2877 ut

1755 2952 1765 2961 α
1822 2917 1969 2989 quod
1997 2932 2026 2971 a
2054 2915 2385 2988 benignitate
2407 2924 2497 2970 tua
2525 2916 2720 2971 intuitu
2751 2926 3024 2972 tantorum
3047 2915 3412 2985 apostolorum

1826 3010 2137 3068 dilectionis
2166 3009 2499 3080 deposcitur,
2529 3009 2730 3080 petitor
2773 3007 2996 3062 minime
3024 3008 3411 3076 consequatur,

1826 3101 2033 3167 solerti,
2054 3101 2193 3156 sicut
2217 3100 2390 3165 decet,
2419 3099 2716 3171 perpendet
2737 3098 3023 3155 industria.
3051 3099 3127 3154 De
3150 3097 3234 3153 his
3262 3094 3414 3163 vero,

1826 3207 1947 3263 qua:
1975 3192 2041 3247 de
2070 3190 2313 3247 ecclesia:
2351 3200 2477 3257 tum,
2504 3190 2589 3246 vel
2619 3190 2917 3246 dioeccseos
2946 3187 3244 3261 privilegiis
3273 3188 3416 3243 idem

1828 3282 2159 3339 venerabilis
2192 3282 2464 3339 Actardus
2491 3281 2762 3354 prmcipue
2800 3279 3067 3351 suggessit
3092 3320 3107 3342 ,
3138 3277 3416 3333 Salomoni

1829 3375 1951 3432 duci
1997 3384 2052 3431 et
2091 3374 2290 3447 populo
2331 3374 2715 3428 Britannorum
2757 3369 3085 3426 sullieienter
3129 3368 3421 3439 descripsi-

1831 3482 1988 3523 mus:
2022 3467 2164 3536 quod
2201 3466 2368 3522 etiam
2408 3465 2462 3520 in
2490 3462 2786 3534 exetnplari
2811 3503 2826 3527 ,
2873 3459 3016 3532 quod
3040 3468 3234 3517 'sccum
3260 3461 3419 3525 idem

1832 3561 2063 3616 antistes
2091 3557 2340 3625 deferet,
2379 3557 2721 3628 experientia
2746 3565 2835 3611 tua
2870 3555 3043 3626 quibit
3069 3568 3365 3625 agnoscere
3398 3564 3415 3607 ‘:

1833 3653 2077 3724 nihilque
2117 3652 2263 3722 quod
2291 3660 2480 3706 contra
2527 3649 2791 3705 rationem
2819 3648 3190 3719 postulabunt,
3222 3648 3266 3702 si
3309 3645 3423 3701 for-

1835 3746 1995 3803 tussis
2020 3744 2087 3800 ad
2120 3761 2217 3800 nos
2253 3759 2440 3800 eorum
2475 3743 2641 3814 aliqui
2686 3743 2965 3807 venerint,
3001 3741 3292 3814 agnoveris
3326 3757 3423 3797 eos

1835 3854 1865 3893 a
1894 3838 2075 3903 nobis,
2118 3836 2418 3909 opitulante
2447 3833 2837 3901 Domino,'fore
2867 3835 3081 3906 penitus
3110 3836 3400 3905 adepturos

1835 3926 2099 4000 Optamus
2123 3927 2521 3984 fraternitatem
2550 3934 2694 3982 tuam
2719 3927 2771 3981 in
2802 3925 3018 3982 Christo
3049 3928 3188 3983 bene
3218 3926 3422 3982 valere.

1841 4021 1973 4078 Data
2000 4035 2093 4075 vin
2125 4016 2251 4076 ldus
2271 4018 2512 4086 Martias,
2544 4018 2838 4074 indictione
2862 4018 3060 4088 prima.

2572 4181 2689 4238 ΧΠ.

2035 4314 2104 4377 λυ
2143 4334 2357 4391 suos“
2396 4333 2724 4374 VIENNENSEI
2758 4329 3234 4389 ancntsrtscort'x.

2449 4478 2627 4550 (Anno
2661 4477 2813 4550 868.)

1846 4631 2128 4688 Nicolaum
2178 4633 2499 4688 decessore»:
2531 4648 2685 4685 suum
2721 4632 2868 4686 miris
2906 4631 3150 4685 laudibus
3192 4631 3427 4698 cumulgt

1913 4720 2068 4775 seque
2115 4716 2332 4759 excusat
2372 4703 2511 4773 quod
2561 4703 2801 4775 qutt'dam
2835 4703 2901 4757 ab
2941 4719 3002 4775 eo
3047 4705 3272 4757 severius
3316 4701 3428 4756 zelo

1905 4772 2489 4900 jusltitiwwpertractata
2527 4772 2777 4845 magistra
2820 4774 3067 4847 wquitate
3105 4776 3428 4828 moderando

1917 4861 1984 4899 mi
2012 4859 2144 4900 taart
2174 4888 2187 4900 .

1917 4859 2187 4915 mitigant.

1915 4998 2190 5054 Asulanus
2218 4998 2503 5069 episcopus
2526 5039 2541 5063 ,
2576 5010 2767 5054 servus
2807 5012 3090 5054 servorum
3119 4992 3237 5059 Det,
3276 5010 3433 5051 reve-

1840 5090 2157 5146 rentissimo
2184 5089 2449 5146 confratri
2475 5090 2646 5146 A00!“
2669 5090 3079 5161 archiepiscopo
3115 5087 3429 5144 Viennensi.

1920 5178 2212 5250 Epistulam
2236 5179 2543 5236 sanctitatis
2568 5189 2671 5236 tua:
2693 5194 2887 5251 magna
2909 5192 3032 5234 cum
3071 5176 3434 5232 exsultatione

1851 5272 2102 5343 suscepi,
2147 5281 2204 5327 et
2252 5272 2497 5344 relegens
2556 5273 2871 5328 innumeras
2919 5269 3274 5340 omnipotenti
3326 5267 3435 5324 Deo

1853 5372 2032 5436 grates
2054 5363 2256 5420 exsolvi
2277 5403 2293 5430 ,
2346 5363 2474 5435 quia
2510 5362 2734 5418 credita:
2781 5360 3165 5434 speculationis
3198 5357 3434 5415 officium

1852 5472 1958 5510 non
2002 5456 2205 5527 torpori
2235 5456 2452 5511 tradere
2476 5452 2798 5521 'consentis,
2829 5454 2923 5510 sed
2964 5461 3186 5524 stremte
3222 5449 3436 5506 cunctis

1852 5564 2014 5618 quam
2055 5550 2125 5605 sit
2170 5548 2227 5604 in
2271 5556 2475 5605 sancta:
2518 5545 2775 5602 Ecclesia:
2817 5545 3118 5602 rectoribus
3153 5541 3437 5599 sollicitius

1853 5643 2248 5709 exercendum,
2277 5642 2456 5697 studio
2496 5655 2606 5696 non
2635 5639 3028 5696 contemnendo
3073 5637 3434 5694 demonstras.

1859 5733 1996 5791 Ecce
2037 5734 2182 5791 enim
2212 5748 2310 5805 pro
2347 5732 2509 5788 domo
2552 5731 2644 5787 Dei
2676 5744 2784 5787 non
2820 5731 3000 5804 segnis
3044 5727 3438 5802 paterfamilias
