4004 6290
701 241 846 302 1275

2066 266 2346 329 ΑυιιιΑδι
2385 275 2583 335 tam
2622 283 2664 338 ιι
3749 303 3822 364 ηπ

720 378 941 450 satagis,
967 379 1125 449 cujus
1153 381 1406 439 nimirum
1432 384 1550 441 zelo
1572 387 1893 445 comederis.
1923 386 2064 445 Ecce
2091 403 2192 461 pro
2212 390 2299 447 ci-
2327 402 2374 461 Α
2406 396 2602 455 trientis
2662 401 2969 469 iucuI‘SIIme
3005 404 3267 476 Οριωιιι
3312 411 3621 476 uncum
3665 429 3768 478 ιιι-
3794 430 3823 485 it
3868 378 3869 407 1

721 470 890 526 vitate
934 470 1030 528 Dei
1058 481 1118 527 ut
1159 470 1319 531 fortis
1361 486 1729 547 propugnator
1768 479 2113 548 sollicitaris,
2143 481 2297 551 cujus

716 559 961 629 profecto
988 577 1109 632 quae
1136 563 1203 618 ad
1230 580 1421 634 pacem
1442 574 1568 621 sunt
1596 582 1789 638 rogare
1812 584 1919 626 non
1942 570 2168 626 desinis.
2197 571 2299 643 lgi-

718 658 809 703 tur
834 664 955 719 qua:
1004 665 1105 720 pro
1151 650 1449 726 privilegiis
1490 653 1742 711 Ecclesia:
1783 655 2038 729 Romana;
2075 660 2161 715 vel
2205 660 2299 718 de-

716 740 883 795 cretis
905 741 1205 799 decessoris
1247 743 1352 800 mei
1381 746 1691 816 apostolicae
1719 751 1995 806 memoriae
2018 766 2173 823 papte
2204 749 2296 807 Ni-

716 830 853 884 colai
882 831 1003 888 sine
1026 832 1363 891 mutilatione
1387 839 1665 895 servandis
1699 840 1955 905 hortaris,
1988 841 2291 909 laudamus,

715 934 836 989 qua:
870 923 1065 980 suades
1102 925 1459 994 admittimus,
1495 937 1551 984 et
1573 946 1693 1000 qua:
1733 937 1924 989 mones
1950 935 2171 1004 penitus
2197 951 2296 1008 ap-

711 1013 1019 1082 probamns.
1054 1014 1329 1088 Siquidem
1359 1029 1482 1075 acta
1518 1023 1724 1092 praefati
1764 1026 2034 1097 pontiﬁcis
2068 1038 2222 1087 tanto
2261 1047 2294 1087 a

710 1103 860 1159 nullo
899 1106 1139 1175 patimur
1163 1109 1405 1180 quolibet
1443 1122 1601 1182 pacto
1634 1117 1895 1183 convelli,
1930 1130 2135 1190 quanto
2176 1122 2293 1192 ipse

710 1199 867 1254 nobis
909 1210 1034 1271 post
1091 1201 1248 1276 longa
1297 1214 1538 1278 tempora
1588 1209 1729 1266 inter
1776 1213 1955 1268 nubila
2010 1218 2292 1286 praesentis

707 1291 835 1347 vita:
875 1294 1027 1362 quasi
1057 1295 1325 1365 quoddam
1356 1314 1554 1355 novum
1584 1302 1734 1358 sidus
1762 1318 2048 1375 apparens,
2088 1316 2151 1362 et
2169 1307 2291 1365 vite

707 1381 797 1435 vel
821 1382 1080 1438 doctrina:
1104 1398 1214 1439 suae
1235 1384 1441 1460 fulgore
1464 1399 1684 1446 auctore
1714 1392 1825 1447 Deo
1850 1409 2096 1450 errorum
2142 1405 2292 1453 tene-

705 1467 835 1527 bras
868 1472 1124 1543 abigens,
1149 1490 1257 1530 non
1297 1477 1440 1547 quod
1475 1477 1830 1548 abolendum,
1866 1482 1959 1537 sed
1995 1486 2138 1554 quod
2169 1486 2290 1541 imi-

706 1563 930 1618 tandum
958 1573 1030 1618 srt
1058 1573 1112 1621 et
1151 1564 1281 1621 fecit
1316 1576 1372 1622 et
1410 1568 1609 1624 docuit.
1641 1570 1882 1642 Denique
1911 1574 2035 1645 quis
2072 1574 2287 1634 etiamsi

703 1650 843 1708 nihil
868 1653 1015 1710 aliud
1044 1656 1272 1714 rationis
1299 1657 1540 1715 obstaret
1568 1658 1686 1732 ejus
1710 1663 1889 1734 aliqua
1926 1667 2129 1723 cassari
2168 1683 2287 1740 per-

2397 485 2616 543 Cln-isto
2637 506 2777 546 nunc
2796 500 2854 548 et
2887 507 3104 565 semper
3137 496 3275 556 bene
3304 500 3493 560 valete.
3529 504 3642 565 Data
3666 525 3733 569 tu:
3758 514 3823 576 ιιι.

2398 577 2546 645 Maii,
2571 580 2867 641 indictione
2883 585 3081 656 prima.

2792 842 2861 882 AD
2898 843 3142 886 υλειιιωι
3180 846 3563 892 ιιιρειιλτοιιειι.

3002 959 3187 1032 (Anno
3208 962 3363 1035 868.)

2515 1086 2558 1144 G
2568 1100 2731 1144 ranas
2742 1106 2743 1109 ‘
2754 1100 2863 1162 agit
2884 1090 2948 1146 de
2968 1090 3631 1222 [patriarcharum
3644 1104 3760 1160 teda

2457 1290 2732 1348 ADRIANUS
2767 1295 3073 1365 episcopus,
3120 1311 3315 1354 servus
3358 1313 3610 1358 servorum
3640 1302 3725 1371 Dei,
3749 1307 3820 1362 diis

2388 1380 2630 1437 ctissime
2666 1385 2796 1449 lilio,
2830 1394 2887 1441 et
2911 1386 3366 1446 cltristianissimo
3401 1391 3670 1463 imperatori
3692 1394 3818 1454 Busa

2389 1485 2421 1526 a
2450 1473 2559 1529 Deo
2585 1483 2849 1544 pri-tecto,
2880 1493 3095 1549 semper
3115 1479 3382 1552 Augusto.

2457 1564 2748 1635 Quoniam,
2794 1571 3239 1642 tranquillissime
3285 1575 3579 1646 imperator,
3613 1579 3806 1636 audistin

2386 1671 2504 1713 cem
2534 1657 2653 1724 Dei,
2685 1675 2784 1730 per
2809 1661 3119 1731 apostolica:
3146 1665 3294 1721 sedis
3319 1664 3536 1722 cilicium
3570 1668 3644 1723 tibi
3664 1669 3816 1734 dentata,

704 1742 963 1810 mitteret,
991 1744 1096 1801 nisi
1119 1745 1212 1819 qui
1248 1763 1344 1804 sua
1378 1751 1704 1823 quandoque
1743 1754 2066 1813 inﬁrmanda
2091 1759 2285 1817 docere

2235 1775 2286 1817 re
2317 1749 2360 1811 Β
2388 1756 2443 1802 et
2481 1749 2759 1806 bonorasti
2803 1751 3035 1808 eximios
3081 1753 3199 1822 ejus
3243 1756 3526 1826 apostolos,
3569 1767 3617 1812 et
3648 1758 3816 1814 restituisti

703 1834 981 1892 voluisset.
1010 1834 1144 1894 Nam
1180 1849 1239 1894 ut
1264 1841 1456 1898 beatus
1482 1858 1623 1915 papa
1657 1845 1819 1904 docet
1846 1847 2136 1921 Gregorius
2156 1892 2172 1916 ,
2202 1853 2285 1907 ni-

703 1924 810 1981 mis
836 1934 919 1982 est
937 1942 1211 1999 asperum,
1236 1939 1291 1987 et
1313 1934 1585 2006 praecipue
1610 1936 1770 1993 bonis
1796 1936 2142 2009 sacerdotum
2173 1958 2285 1998 mo-

706 2016 858 2073 ribus
896 2018 1198 2086 inimicum,
1233 2022 1337 2079 nisi
1364 2027 1670 2098 quempiam
1701 2044 2024 2102 quacunque
2059 2033 2284 2091 rationis

700 2112 1052 2168 excusatione
1083 2122 1140 2169 et
1170 2129 1290 2184 qua:
1327 2116 1466 2173 bene
1493 2132 1623 2175 sunt
1660 2122 1908 2178 ordinata
1941 2125 2279 2192 rescindere,

702 2213 757 2259 et
783 2204 1032 2277 exemplo
1052 2222 1151 2263 suo
1186 2207 1381 2266 docere
1409 2218 1635 2268 caeteros
1667 2228 1764 2269 sua
1803 2216 2127 2289 quandoque
2160 2228 2285 2289 post

700 2312 761 2354 se
782 2303 1076 2356 constituta
1106 2301 1422 2369 dissolvere,
1451 2319 1582 2361 sane
1603 2305 1648 2362 si
1671 2306 1810 2363 forte
1831 2319 1959 2366 sunt
1992 2325 2113 2379 qua:
2138 2310 2281 2368 idem

699 2392 1103 2448 sacratissimus
1133 2401 1189 2448 et
1213 2408 1338 2450 vere
1376 2395 1487 2452 Deo
1516 2396 1709 2467 plenus
1753 2399 1981 2457 antistes
2011 2415 2114 2472 pro
2154 2411 2281 2459 tem-

697 2481 850 2552 poris
907 2483 993 2539 vel
1039 2498 1326 2541 causarum
1385 2487 1649 2559 qualitate
1710 2492 1968 2563 magistra
2023 2494 2279 2565 asquitate

699 2572 896 2642 gessit,
917 2573 1087 2630 veluti
1125 2575 1172 2631 si
1195 2590 1519 2648 quemquam
1541 2579 1661 2637 zelo
1692 2579 1920 2650 justitia:
1941 2583 2119 2649 studio
2158 2600 2280 2641 cor-

698 2666 909 2739 rigendi
959 2672 1261 2740 percussit,
1304 2682 1359 2728 et
1398 2689 1499 2730 nos
1533 2688 1597 2730 ea
1641 2691 1830 2732 rursus
1876 2693 1977 2747 pro
2021 2680 2279 2748 temporis

692 2775 851 2831 teque
901 2761 987 2819 vel
1042 2777 1330 2820 causarum
1386 2765 1691 2822 imitatione
1742 2767 1900 2823 aliter
1950 2770 2278 2827 moderando

693 2852 1031 2923 mitigamus,
1060 2870 1166 2911 non
1201 2856 1292 2915 illa
1315 2872 1555 2925 cessare.
1583 2859 1682 2914 sed
1696 2875 1819 2929 qua:
1840 2860 1955 2932 ipse
1974 2863 2277 2932 empitcon-
2323 2889 2341 2933 ’,

696 2954 976 3000 summare
1019 2944 1410 3015 dignoscimur.
1459 2945 1595 3003 Nam
1614 2949 1851 3005 etsi-ille
1896 2942 2086 3007 vulnus
2123 2967 2275 3022 aspe-

694 3046 759 3087 ro
787 3032 1037 3091 medendi
1064 3050 1262 3106 genere
1283 3051 1478 3093 curare
1502 3038 1686 3109 etrapit,
1710 3050 1766 3095 et
1791 3055 1889 3095 nos
1909 3040 2017 3097 leui
2036 3039 2275 3099 fomento

688 3123 825 3185 illud
876 3124 947 3180 ad
997 3126 1285 3182 sanitatem
1348 3128 1648 3198 perducere
1693 3131 2011 3202 satagimus,
2060 3133 2276 3203 utrique

690 3231 802 3272 non
848 3216 1121 3273 diversum
1163 3217 1259 3291 sed
1290 3234 1456 3274 unum
1487 3220 1724 3276 studium
1771 3222 2030 3293 gerimus.
2061 3223 2195 3290 Quia
2222 3234 2278 3280 et

690 3309 783 3365 ille
808 3325 930 3381 qua:
954 3320 1081 3367 tunc
1119 3325 1421 3384 congruere
1463 3315 1740 3384 prospexit
1768 3316 2036 3381 adhibuit,
2081 3326 2138 3371 at
2177 3333 2277 3374 nos

688 3401 836 3472 quod
861 3416 1007 3457 nunc
1051 3411 1237 3472 aptum
1264 3402 1380 3459 fore
1405 3404 1815 3461 consideramus
1854 3422 2125 3477 apponere
2169 3424 2276 3463 non

688 3493 996 3550 renuimus.
1055 3492 1114 3550 Si
1154 3494 1319 3565 igitur
1374 3494 1461 3549 ille
1514 3510 1548 3549 a
1587 3496 1816 3552 denibus
1862 3497 2145 3568 inciperet,
2170 3513 2275 3554 non

687 3594 912 3641 sanaret
937 3603 951 3640 :
985 3586 1030 3641 si
1054 3601 1182 3642 vero
1218 3586 1428 3657 asperis
1452 3603 1553 3644 nos
1589 3587 1824 3643 dandam
1846 3589 1937 3644 ﬁlo
1961 3597 2119 3644 tenus
2149 3605 2277 3660 ope-

688 3690 807 3730 ram
823 3673 1213 3745 iudicaremus,
1240 3675 1598 3733 nihilominus
1624 3677 1692 3733 ad
1714 3678 1965 3735 sanitatis
1993 3689 2116 3735 vota
2152 3679 2275 3735 nul-

689 3765 906 3823 lomodo
957 3768 1404 3839 pertingeremus.
1458 3765 1517 3824 Si
1568 3784 1701 3842 ergo
1736 3777 1787 3824 te
1819 3770 2149 3825 scandalizat
2201 3769 2277 3824 di-

687 3860 920 3916 versitas
947 3861 1491 3929 medicamentorum,
1537 3877 1661 3917 cum
1701 3864 1872 3934 magis
1913 3864 2107 3920 debeat
2143 3865 2274 3920 mdi-

689 3946 855 4005 ﬁcare
881 3966 986 4004 una
1035 3952 1337 4023 eademque
1376 3952 1615 4006 inventio
1648 3954 1977 4009 medicorum
1999 3996 2014 4019 ,
2049 3955 2156 4010 ἱιιιο
2188 3971 2275 4011 sa-

692 4042 835 4098 nitas
877 4052 1225 4114 :egrotorum.
1253 4043 1388 4112 Quia
1416 4054 1471 4101 et
1520 4043 1635 4115 ipse
1677 4046 1722 4100 si
1768 4046 1978 4102 curatio
2012 4045 2272 4118 languen-

687 4133 832 4187 tium
882 4135 1206 4191 accessisset
1243 4136 1386 4191 inter
1434 4150 1596 4192 sanos
1625 4145 1681 4192 et
1709 4137 2048 4208 providentia
2091 4140 2274 4194 divina

685 4230 908 4277 curatos
983 4224 1084 4278 bos
1151 4223 1394 4295 recipere
1459 4224 1767 4282 nullatenus
1832 4228 2269 4298 contempsisset.

686 4309 916 4381 Legerat
951 4313 1095 4368 enim
1146 4323 1203 4370 et
1256 4315 1396 4370 inter
1438 4315 1542 4370 alia
1590 4316 1899 4385 huiusmodi
1941 4319 2267 4376 documenta

686 4401 918 4470 pleniter
943 4413 1170 4460 noverat
1210 4403 1424 4461 dicente
1466 4405 1738 4462 Domino:
1781 4405 1969 4464 Videte
2015 4409 2270 4479 quoniam

682 4509 784 4561 ego
810 4510 929 4549 sum
955 4494 1117 4551 Deus.
1164 4495 1278 4567 Ego
1302 4496 1547 4552 occidam
1583 4506 1638 4552 et
1665 4499 1852 4555 vivere
1885 4471 2082 4555 faciam
2111 4518 2124 4554 :
2149 4515 2272 4571 per-
2303 4471 2349 4530 θ

682 4585 910 4650 cutiam,
939 4595 987 4641 et
1036 4602 1138 4658 ego
1176 4590 1403 4644 satiabo.
1442 4588 1523 4643 Et
1550 4600 1701 4646 certe
1748 4588 2007 4661 praefatus
2045 4591 2272 4664 Magnus

685 4678 921 4735 antistes
944 4679 1239 4751 Gregorius
1267 4683 1500 4741 scribit:
1531 4684 1705 4751 Sicut,
1725 4686 1997 4757 inquiens,
2022 4703 2273 4758 perseve-

683 4769 828 4825 ranti
852 4769 1026 4841 culpa:
1053 4771 1277 4829 debetur
1298 4776 1422 4846 jure
1467 4777 1743 4843 vindicta,
1774 4777 1859 4834 ita
1904 4778 2270 4850 resipiscenti-

681 4861 784 4917 bus
802 4871 887 4918 est
912 4864 1068 4919 venia
1115 4868 1485 4925 concedenda.
1520 4868 1723 4928 Verum
1754 4872 1883 4928 hinc
1924 4872 2028 4929 hoc
2066 4873 2270 4930 dixisse

680 4954 937 5010 sufﬁciat.
969 4956 1239 5013 Caeterum
1268 4975 1551 5018 monemus
1602 4962 1947 5021 dilectionem
1995 4972 2167 5025 tuam.
2209 4973 2270 5020 ut

678 5044 726 5098 si
762 5060 870 5114 qua
909 5053 1059 5113 sunt,
1091 5062 1213 5118 qua
1249 5047 1318 5103 ad
1354 5063 1693 5107 communem
1719 5052 1971 5109 ecclesia:
1995 5052 2269 5123 pertinent

679 5136 998 5204 utilitatem,
1026 5140 1110 5195 vel
1159 5156 1280 5211 qua:
1310 5150 1511 5198 nostra:
1543 5143 1660 5200 sedi
1690 5144 1922 5215 spiritali
1950 5146 2113 5217 genio
2136 5160 2268 5201 con-

678 5226 865 5282 venire
897 5231 1252 5298 perspexerit,
1288 5232 1497 5288 intente
1524 5242 1846 5302 pertractet,
1872 5244 1928 5291 et
1951 5235 2263 5306 praesulatui

675 5327 863 5373 nostro
918 5327 1161 5377 actutum
1208 5323 1429 5379 scienda
1473 5323 1775 5385 denuntiet.
1833 5325 2110 5392 Quatenus
2164 5339 2264 5394 per

672 5409 808 5475 hoc,
860 5421 1127 5481 quantum
1177 5413 1321 5470 beati
1378 5414 1523 5471 Petri
1574 5414 1895 5471 memoriast
1937 5414 2023 5471 vel
2076 5417 2260 5471 sedem

580 5518 581 5521 ‘
669 5502 880 5573 diligat,
902 5513 958 5559 et
982 5515 1243 5575 quantum
1273 5507 1349 5563 illi
1373 5508 1580 5564 haerere
1624 5516 1859 5579 satagat.
1898 5507 2021 5565 luce
2058 5508 2261 5564 clarius

671 5591 989 5651 innotescat.
1016 5596 1214 5666 Sicque
1236 5597 1453 5658 demum
1504 5599 1559 5653 in
1608 5598 1728 5668 ejus
1766 5598 2039 5655 soliditate
2087 5600 2259 5669 persi-

668 5692 840 5748 stens,
892 5688 1090 5747 nullius
1110 5698 1338 5748 auctore
1382 5689 1492 5759 Deo
1521 5690 1713 5748 ﬂuctus
1767 5698 1963 5761 paveat
2005 5704 2259 5760 superve-

2386 1837 2643 1896 Ecclesia:
2678 1840 3293 1916 Constantinopolitanae
3326 1848 3511 1904 throno
3543 1849 3746 1920 proprium
3766 1866 3802 1920 pa

2386 1940 2621 1999 storem,
2680 1934 2946 2006 repellens
3002 1928 3343 2008 adulterum,
3398 1940 3665 2000 benedictus
3702 1943 3751 1998 sis
3782 1943 3815 1996 da

2384 2024 2756 2095 omnipotente
2786 2025 2917 2094 Deo,
2956 2037 3013 2085 et
3048 2031 3239 2089 videas
3285 2031 3635 2103 subjectionem
3669 2035 3813 2090 inimice-

2385 2130 2527 2180 rum,
2571 2124 2625 2171 et
2665 2118 2925 2187 temporis
2960 2119 3385 2195 longitudinem,
3414 2139 3475 2180 ac
3510 2125 3558 2179 in
3589 2124 3691 2181 solio
3713 2124 3813 2178 nodi

2382 2204 2579 2263 lumbis
2612 2209 2720 2264 tuis
2746 2209 3039 2276 bzeredem,
3079 2221 3247 2286 atque
3282 2216 3337 2272 in
3376 2216 3544 2273 futuro
3564 2219 3688 2273 vitam
3705 2232 3804 2288 peru-

2382 2306 2562 2367 tuam;
2603 2301 2649 2356 si
2676 2311 2852 2358 tamen
2897 2303 2967 2360 ab
3003 2304 3070 2361 iis
3113 2321 3239 2377 quae
3274 2308 3416 2366 bene
3455 2309 3632 2381 coepisti
3666 2311 3810 2363 condis

2380 2394 2645 2460 cesseris,
2692 2395 2786 2451 sed
2822 2412 2990 2467 usque
3027 2398 3082 2453 in
3114 2399 3283 2457 ﬁnem
3323 2401 3380 2457 in
3406 2402 3483 2459 eis
3504 2402 3809 2473 perseveraveris.

2379 2499 2414 2543 ο
2437 2485 2699 2556 spiritalis
2734 2495 2791 2543 et
2825 2488 3176 2549 dilectissime
3213 2492 3329 2560 ﬁli;
3370 2493 3506 2560 licet,
3530 2493 3652 2549 vobis
3675 2492 3809 2561 quolibet

2380 2578 2540 2633 modo
2571 2579 2877 2647 agentibus.
2907 2594 2940 2635 a
2969 2580 3205 2640 decretis
3238 2593 3441 2657 sanetae
3466 2584 3685 2642 memoria
3700 2582 3808 2655 pmi-

2376 2666 2469 2741 pui
2497 2668 2799 2725 decessoris
2829 2670 2933 2726 mei
2967 2684 3121 2745 papae
3144 2672 3379 2740 Nicolai,
3407 2690 3518 2745 qua:
3542 2678 3599 2731 de
3618 2673 3734 2730 Photii
3757 2673 3807 2725 de-

2377 2758 2667 2834 positione,
2682 2768 2738 2817 et
2759 2765 3379 2839 recuperandae-ignaui
3404 2766 3569 2823 fratris
3582 2777 3625 2822 et
3636 2776 3805 2822 sooner-

2378 2850 2519 2907 dotis
2534 2851 2707 2907 nostri
2736 2852 3120 2924 promulgavit,
3151 2872 3426 2929 nunquam
3440 2858 3730 2930 quoquomodo
3747 2854 3805 2907 ds-

2376 2941 2653 2998 cedamus.
2712 2938 2890 2998 Tanto
2918 2943 3064 2999 enim
3097 2945 3351 3005 volumus
3386 2949 3518 3006 illius
3547 2946 3717 3004 decretis
3738 2960 3806 2999 cm-

2375 3030 2625 3096 cordare,
2656 3038 2859 3101 quanto
2886 3031 3021 3101 ipse,
3049 3047 3175 3088 eum
3217 3035 3335 3095 haec
3371 3048 3558 3110 ageret,
3579 3036 3803 3102 diviaisprr-

2304 3116 2348 3177 C
2378 3122 2549 3189 ceptis
2584 3124 2918 3180 concordare
2953 3125 3230 3182 studebat.
3285 3127 3415 3185 Nam
3454 3139 3504 3184 et
3535 3128 3616 3184 hoc
3656 3140 3803 3180 neces-

2380 3211 2520 3266 rium
2544 3221 2631 3269 est
2666 3221 2743 3278 ut,
2776 3213 3087 3271 custodiens
3109 3219 3551 3288 praedecessorum
3573 3216 3802 3274 insomnis.

2377 3311 2546 3377 creta,
2576 3302 2798 3361 doceam
2830 3313 2951 3376 post
2979 3304 3264 3371 decessum
3295 3326 3464 3367 meum
3502 3321 3550 3365 et
3571 3324 3659 3363 utea
3683 3318 3803 3376 quoquc

2378 3396 2448 3450 ab
2485 3395 2553 3450 iis
2592 3395 2685 3467 qui
2723 3403 2848 3467 post
2897 3411 2985 3453 me
3025 3396 3235 3455 fuerint
3286 3402 3428 3458 nullo
3483 3403 3612 3456 modo
3641 3396 3801 3451 violam

2374 3484 2667 3556 Postquam
2707 3496 2889 3543 autem
2927 3491 3284 3559 cognovimus
3308 3493 3445 3565 quod
3469 3490 3707 3546 misericors
3727 3485 3802 3537 Deis

2380 3575 2663 3646 imperium
2686 3586 2923 3634 vestrum
2951 3579 3111 3636 simul
3136 3592 3191 3636 et
3211 3584 3457 3641 ali'ectum
3483 3583 3540 3641 ad
3558 3582 3637 3637 hoc
3652 3575 3800 3635 emerit.

2379 3676 2438 3721 ut
2467 3667 2710 3739 dispersa
2746 3680 3059 3742 congreget,
3088 3681 3144 3728 et
3173 3691 3297 3744 qua:
3332 3675 3605 3731 ceciderant
3632 3670 3752 3738 erigat.
3773 3672 3801 3714 ει

2378 3759 2610 3814 contrita
2633 3759 2917 3826 resolidet;
2944 3759 3271 3820 ﬁducialiter
3285 3781 3563 3836 possmnns,
3583 3755 3798 3829 Decimi»

2378 3848 2689 3919 deposcere,
2721 3862 2781 3907 ut
2810 3853 2847 3908 ii
2883 3854 2972 3922 qui
3009 3853 3204 3925 abjecti
3248 3868 3391 3924 sunt,
3419 3858 3482 3912 ab
3506 3852 3677 3924 imperio
3700 3856 3800 3901 res!"

2380 3943 2735 4013 recipiantur,
2773 3956 2830 4003 et
2877 3948 2915 4005 ii
2953 3950 3045 4022 qui
3085 3951 3319 4023 dispersi
3357 3954 3692 4020 congregenlm-
3717 3937 3797 4005 0""

2376 4047 2596 4107 propter
2624 4037 3103 4109 prudentissimum
3130 4044 3308 4100 virum
3340 4043 3673 4113 Theognostum
3697 4031 3794 4083 Ικωο·

2379 4129 2759 4185 rabilissimum
2798 4134 3091 4191 exarcbum
3134 4145 3329 4193 vestra:
3364 4132 3553 4190 ﬁduciae
3590 4123 3797 4184 remittent”

2375 4222 2846 4290 connuendamus;
2896 4227 2988 4297 qui
3038 4226 3332 4298 legatione,
3381 4235 3481 4281 tam
3527 4237 3606 4293 pro
3638 4216 3743 4271 fratre
3768 4216 3797 4257 ει

2375 4313 2747 4370 comministro
2775 4325 2962 4374 nostro
2995 4317 3227 4393 lgnatio,
3254 4330 3414 4390 quam
3444 4330 3533 4388 pro
3555 4306 3795 4405 αξιετίξ

2377 4406 2644 4463 tribulatis
2686 4407 2934 4476 functus,
2974 4425 3074 4482 per
3116 4410 3451 4482 septennium
3496 4402 3610 4478 apud
3644 4400 3796 4487 Ρτίηῗηξί

2373 4499 2739 4568 apostolorum
2787 4499 2974 4556 limina
3022 4509 3082 4555 ut
3125 4501 3441 4572 peregrinus
3480 4504 3529 4551 et
3561 4484 3793 4581 incolati'f'b

2371 4601 2429 4648 et
2454 4607 2642 4648 eorum
2669 4591 3099 4649 confessionibus
3126 4570 3439 4648 memoriam
3465 4595 3652 4642 vestram
3671 4570 3795 4628 assidue

2371 4682 2798 4750 commendavit;
2830 4693 2885 4740 et
2922 4700 2952 4739 a
2981 4683 3068 4739 die
3097 4683 3360 4740 adventus
3393 4681 3472 4751 sui
3501 4689 3634 4746 usque
3653 4666 3699 4721 ad

2371 4789 2499 4831 εθηδ
2537 4774 2759 4845 Pietatis
2784 4785 2979 4843 vestra:
3015 4778 3284 4848 prteconia
3308 4788 3565 4833 enarrare,
3585 4776 3627 4821 et

2372 4866 2726 4923 manifestare
2777 4867 3028 4933 vulnera,
3077 4876 3133 4923 et
3169 4870 3361 4925 horum
3416 4861 3634 4923 medelam
3668 4855 3794 4915 ωιεεκ

2372 4971 2480 5011 ιιοιι
2507 4956 2733 5013 destitit.
2783 4956 2939 5015 Nunc
2972 4974 3123 5030 ergo,
3155 4960 3404 5029 quoniam
3446 4964 3497 5013 et
3532 4953 3613 5009 iSte
3646 4944 3792 4998 onusti

2370 5047 2475 5102 illis
2504 5055 2587 5103 cst
2623 5048 2715 5119 qui
2748 5057 3033 5120 postquam
3068 5049 3228 5121 lupus
3268 5050 3437 5107 factus
3459 5054 3533 5104 est
3554 5039 3792 5126 Ραείοτν

2370 5138 2518 5193 tinuo
2546 5138 2800 5210 dispersi,
2831 5149 2887 5196 et
2921 5157 2953 5196 a
2984 5140 3137 5198 vobis
3164 5143 3254 5212 pie
3284 5141 3454 5199 omnia
3482 5128 3713 5223 regentibus
3734 5125 3790 5223 “ei

2367 5245 2487 5286 rum
2534 5234 2847 5304 congregati
2896 5244 3058 5301 sunt,
3112 5244 3392 5292 revocetur
3425 5239 3475 5289 et
3511 5229 3605 5300 ipse
3635 5219 3789 5290 Pcw”

2366 5333 2424 5379 et
2460 5323 2513 5378 in
2550 5324 2780 5379 mandra
2825 5324 3062 5381 ﬁdelium
3108 5329 3349 5384 omnium
3384 5342 3414 5381 a
3441 5306 3788 5381 clemenlial'es‘”

2367 5419 2593 5484 locetur,
2623 5429 2678 5476 et
2708 5420 2851 5477 inter
2886 5420 3135 5478 laetantes
3168 5424 3287 5495 pios
3318 5422 3447 5477 ﬁlios
3468 5422 3651 5490 putem”
3675 5394 3786 5495 “ne”:

2364 5520 2488 5580 post
2532 5509 2705 5582 longze
2752 5510 3086 5581 captivitatis
3144 5490 3495 5569 reversionem
3537 5490 3785 5558 conamen"

2366 5611 2669 5668 mereatur;
2700 5612 2756 5658 et
2780 5593 2857 5657 ob
2876 5618 3116 5659 amorem
3147 5604 3241 5661 Dei
3267 5614 3321 5661 et
3344 5604 3650 5675 protectorum
3669 5583 3787 5675 "3"”:

2365 5708 2485 5747 rttnt
2530 5692 2834 5764 principum
2882 5695 3251 5764 apostolorum
3300 5671 3555 5753 honorem,
3597 5697 3620 5735 ι
3647 5671 3784 5745 eum”
