4004 6290
144 340 296 401 1277

1370 344 1519 399 ΕΗΒ
1535 348 1553 399 l
1569 347 1727 404 tibi“.
1764 349 1851 405 ΕΤ
1892 350 2228 407 DECRETA.

3270 333 3407 396 ista

158 470 427 542 regimine
476 468 861 539 proficiscitur,
919 469 1347 526 mansuetudinis
1396 478 1586 524 vestra:
1639 484 1734 522 au—
1760 475 1807 534 Α
1836 466 1975 535 apud
2014 466 2306 519 memorias
2342 463 2706 534 apostolorum
2740 480 2836 537 per
2873 475 3075 535 septem
3109 468 3278 522 ferme
3309 483 3408 523 au-

154 561 293 617 xilia
337 562 550 626 sentiat,
595 576 661 615 ex
704 571 824 630 post
861 561 1225 617 turbationem
1273 560 1640 624 serenitatem,
1678 566 1733 612 et

155 661 539 724 tempestatem
578 652 1037 722 tranquillitatem,
1069 660 1123 706 et
1152 660 1271 721 post
1308 650 1473 704 multa
1509 650 1733 704 adversa

155 753 360 815 optatae
388 732 764 813 presperitatis
801 742 1070 808 effectum,
1118 750 1382 812 quatenus
1422 756 1518 811 per
1554 750 1734 811 patro-

144 848 356 889 norum
395 842 699 887 vestrorum
742 833 1176 898 intercessiones,
1211 833 1515 903 principum
1542 830 1731 885 videli-

148 935 264 991 cet,
297 941 328 980 a
360 940 589 995 quorum
628 925 755 979 sede
796 926 1122 990 remittitur;
1168 932 1224 979 et
1264 939 1494 994 quorum
1534 923 1733 993 princi-

152 1027 345 1089 patum
388 1031 485 1087 pro
510 1017 749 1072 Ecclesia
776 1025 976 1081 vestra,
1018 1031 1137 1086 qua:
1181 1016 1335 1070 valde
1365 1014 1607 1077 fluctuat,
1641 1013 1729 1068 die

152 1124 223 1165 ac
246 1117 403 1163 nocte
417 1106 756 1177 interpellare
769 1123 865 1179 per
879 1106 1043 1162 multa
1063 1107 1326 1161 curricula
1350 1121 1452 1161 non
1468 1106 1729 1169 cessavit;

153 1212 191 1253 a
224 1196 574 1252 misericorde
601 1198 729 1260 Deo,
761 1211 920 1265 quem
954 1196 1008 1250 in
1044 1195 1261 1250 famulis
1289 1195 1406 1265 ejus
1433 1195 1731 1259 honoratis,

154 1298 216 1343 et
239 1289 329 1343 hic
350 1288 503 1342 vobis
534 1286 760 1343 felicitas
796 1287 1066 1353 continua,
1098 1297 1154 1342 et
1182 1287 1519 1343 inimicorum
1551 1287 1731 1357 subje-

156 1378 270 1433 otio
313 1387 368 1433 et
406 1378 461 1431 in
501 1377 685 1432 futuro
721 1386 920 1432 aeterna
960 1378 1128 1449 gloria
1155 1387 1209 1433 et
1253 1378 1459 1431 infinita
1488 1378 1731 1447 prmmia,

156 1472 386 1539 insuper
438 1477 493 1524 et
537 1483 759 1539 regnum
821 1470 1039 1525 caeleste
1084 1486 1206 1524 cum
1254 1470 1579 1539 sempiterna
1624 1470 1732 1523 vita

157 1570 472 1635 praestetur.
517 1561 780 1631 Optamus
826 1562 1111 1631 imperium
1153 1570 1390 1615 vestrum
1436 1560 1487 1614 in
1518 1560 1733 1614 Christo

161 1670 310 1710 nunc
347 1661 401 1707 et
436 1667 647 1722 semper
686 1651 887 1717 valere,
925 1667 958 1705 o
986 1650 1281 1722 spiritualis
1309 1661 1363 1705 et
1387 1651 1734 1706 dilectissime

152 1742 258 1798 ﬁli.
293 1743 426 1796 Data
457 1741 709 1796 Kalendis
734 1741 979 1813 Augusti,
1014 1742 1302 1797 indictione
1335 1740 1530 1809 prima.

883 1875 1023 1931 XIV.

168 2002 241 2043 ω
267 2002 522 2045 lGNA-‘IIUI
559 2002 1005 2045 Αιιςιιιεριεοορυιι
1040 2002 1730 2044 εοαετλδτιιιοροιιτιευιι.

764 2100 943 2171 (Anno
966 2098 1119 2171 ars.)

158 2210 509 2285 Conqueritur
546 2230 682 2283 papa
713 2213 852 2283 quod
889 2231 991 2266 non
1023 2214 1406 2285 quamprimum
1442 2214 1511 2285 ag
1528 2212 1647 2285 ipso
1671 2212 1734 2267 de

230 2282 469 2337 restituta
510 2282 760 2351 dignitate
809 2285 999 2338 certior
1034 2282 1206 2353 factus
1243 2284 1438 2353 fuerit;
1471 2282 1737 2353 Theogna-

227 2362 366 2408 stum
389 2353 471 2407 illi
495 2354 847 2408 commendat.

228 2468 503 2525 Annianus
538 2468 839 2538 episcopus,
871 2484 1059 2524 servus
1098 2481 1379 2523 servorum
1407 2465 1525 2531 Dei,
1558 2468 1733 2522 hono-

154 2560 484 2617 rabilissimo
540 2558 697 2616 fratri
742 2570 798 2615 et
843 2554 1233 2617 consacerdoti'
1267 2568 1453 2615 nostro
1480 2559 1735 2625 lcxuto,

159 2652 499 2709 sanctissimo
527 2653 847 2724 patriarchae
871 2651 1487 2721 Constantinopolitano.

224 2744 594 2811 Convenerat,
642 2746 985 2803 sanctitatem
1038 2755 1207 2812 tuam,
1248 2743 1375 2799 licet
1414 2758 1513 2799 nos
1550 2742 1617 2798 ad
1652 2742 1736 2797 sui

160 2837 485 2909 adjutorium
528 2838 764 2907 primum
814 2839 1034 2894 minime
1078 2836 1487 2909 provocaverit,
1535 2836 1729 2892 saltem

157 2943 299 2983 nunc
325 2943 487 2997 super
512 2928 856 2983 restitutione
884 2944 1001 2994 sua,
1032 2944 1150 2998 quae
1183 2928 1325 2983 facta
1347 2927 1568 2994 dicitur,
1596 2926 1733 2983 laeti-

160 3019 323 3074 ficare
346 3033 464 3083 nos,
492 3017 832 3075 anhelantem
870 3020 1113 3089 proprias
1147 3019 1301 3073 nobis
1335 3018 1545 3073 litteras
1572 3017 1738 3074 desti-

158 3122 310 3163 nare.
339 3094 560 3169 Verum,
594 3106 718 3162 licet
752 3108 855 3162 hoc
895 3107 1377 3163 minus’studuerit
1414 3122 1591 3179 agere,
1627 3107 1733 3162 sal-

1834 570 2026 610 norum
2069 554 2335 609 curricula
2381 564 2438 609 ut
2484 557 2681 625 hOSpes
2730 565 2785 612 et
2828 558 3033 611 advena
3080 558 3410 614 demoratus.

1833 659 1937 698 non
1967 652 2172 697 tantum
2197 644 2468 714 propriam
2496 645 2789 709 miseriam,
2820 655 3080 715 quantum
3106 646 3412 700 sanctitatis

1834 743 1934 789 tua:
1958 749 2289 804 pressuram,
2325 745 2379 789 et
2407 735 3019 805 Constantinopolitanae
3049 737 3299 792 Ecclesia:
3323 753 3413 791 ca-

1831 824 2098 879 lamitates
2134 838 2271 894 pene
2309 825 2643 879 incessanter
2673 825 2941 891 deﬂebat;
2988 826 3061 879 ita
3096 834 3151 879 ut
3185 842 3289 880 non
3319 841 3409 880 so-

1831 913 1940 967 lum
1995 924 2153 968 antea
2197 913 2310 983 jam
2357 914 2561 969 dictum
2607 915 2946 970 decessorem
2997 931 3195 981 meum,
3226 917 3318 971 sed
3354 924 3412 971 et

1832 1019 1916 1058 me
1944 1011 2127 1073 postea
2157 1015 2314 1059 nocte
2341 1019 2406 1059 ac
2432 1005 2518 1059 die
2561 1004 2931 1060 indelicienter
2968 1006 3197 1076 erigere,
3220 1017 3273 1061 et
3305 1020 3408 1077 pro

1832 1104 1974 1149 statu
2025 1104 2185 1150 tanta:
2226 1095 2503 1161 Ecclesiae,
2553 1104 2609 1151 et
2660 1097 2933 1151 erectione
2982 1108 3159 1153 vestra
3206 1100 3414 1154 crebris

1832 1184 2143 1239 suasionum
2178 1185 2411 1241 stimulis
2439 1185 2607 1240 latera
2637 1197 2951 1256 percutere;
2984 1198 3040 1242 et
3065 1190 3408 1257 quemadmo-

1833 1275 1959 1327 dum
1991 1276 2216 1345 angelus
2244 1276 2516 1347 quondam
2541 1295 2557 1331 :
2586 1276 2779 1348 Surge,
2804 1276 2976 1343 Petre,
3002 1280 3178 1349 accipe
3199 1280 3413 1348 fortituo

1833 1366 2008 1420 dinem
2032 1367 2101 1420 ad
2124 1367 2409 1423 salvandas
2434 1379 2608 1439 gentes
2631 1370 2769 1440 (Act.
2798 1368 2876 1440 ν),
2907 1385 3003 1440 per
3038 1371 3277 1442 singulos
3300 1373 3415 1428 dies

1834 1458 1989 1512 nobis
2026 1457 2209 1512 dicere
2246 1474 2352 1513 non
2388 1468 2659 1525 cessaret;
2703 1474 2981 1530 quousque
3008 1462 3271 1529 auditum,
3304 1464 3414 1518 Deo

1833 1557 2147 1619 praestante,
2191 1551 2447 1620 suscepit,
2493 1551 2636 1621 quod
2668 1553 2921 1608 ardenter
2966 1567 3182 1622 semper
3223 1554 3277 1608 in
3317 1570 3411 1626 pe-

1835 1647 1987 1694 ctore
2016 1638 2313 1707 bajulabat.

1902 1728 2019 1796 Qua
2043 1730 2109 1784 de
2138 1744 2221 1795 re,
2247 1729 2416 1786 frater
2442 1731 2812 1798 dilectissime,
2843 1733 3115 1788 sanctitati
3146 1742 3250 1790 tuae
3269 1734 3415 1791 hunc

1761 1819 1811 1879 Β
1836 1822 2312 1889 commendantes,
2354 1836 2604 1893 rogamus
2642 1830 2696 1878 et
2735 1823 3109 1891 deprecamur,
3148 1834 3415 1894 quatenus

1832 1909 1977 1965 circa
2008 1925 2066 1965 se
2092 1910 2290 1965 sentiat
2326 1909 2575 1968 beneficii
2614 1912 2694 1965 tui
2737 1913 3071 1981 propositum
3113 1931 3124 1965 :
3170 1922 3225 1967 et
3273 1914 3415 1968 sicut

1832 2012 2028 2058 vestrae
2067 2000 2242 2057 factus
2268 2011 2353 2058 est
2382 2002 2809 2059 communicator
2834 2007 3123 2075 passionis,
3165 2007 3237 2061 ita
3268 2009 3338 2063 sit
3360 2017 3416 2061 et

1834 2092 2253 2161 consolationis;
2303 2095 2503 2149 etenim
2541 2096 2730 2165 dignus
2763 2106 2839 2149 est
2875 2098 3147 2166 operarius
3184 2099 3414 2151 mercede

1832 2201 1931 2240 sua
1965 2182 2018 2257 (Ι
2044 2183 2297 2255 ἰ’ἱηι.’ν);
2330 2199 2436 2241 non
2478 2193 2678 2251 autem,
2709 2196 2768 2241 ut
2802 2185 3082 2241 familiaris
3110 2196 3292 2242 noster
3332 2186 3412 2241 fa-

1833 2282 1974 2337 ctus,
2004 2274 2100 2329 sed
2127 2282 2182 2328 et
2210 2283 2337 2328 ut'a
2368 2273 2494 2329 sede
2522 2274 2781 2345 principis
2824 2275 3186 2343 apostolorum
3229 2290 3411 2331 susce-

1833 2373 1981 2436 ptus,
2012 2364 2102 2418 hic
2132 2364 2291 2420 debet
2314 2363 2384 2418 ob
2412 2378 2651 2418 amorem
2681 2364 2818 2434 ejus,
2854 2379 2958 2417 non
2986 2362 3413 2434 qualemcunque

1835 2458 1888 2511 in
1928 2464 2221 2524 conspectu
2268 2455 2576 2510 sanctitatis
2637 2462 2832 2509 vestra:
2878 2455 3102 2525 gratiam
3151 2455 3412 2510 invenire.

1833 2547 1902 2601 At
1934 2561 2087 2612 vero,
2116 2546 2160 2600 si
2200 2546 2267 2600 ad
2302 2547 2651 2616 apostolicam
2693 2547 2875 2603 sedem
2905 2547 3167 2617 quosdam
3198 2551 3415 2602 mittere

1836 2635 2185 2706 disposueris,
2229 2636 2372 2690 hunc
2419 2635 2727 2705 specialiter
2763 2634 3011 2691 volumus
3048 2651 3158 2705 pra:
3203 2638 3417 2691 czeteris

1835 2727 2006 2790 mitti;
2043 2733 2183 2781 utet
2212 2726 2278 2781 de
2311 2728 2676 2798 prosperitate
2718 2736 2831 2793 tua,
2870 2727 3318 2796 quemadmodum
3356 2738 3414 2781 et

1834 2826 2103 2888 optamus,
2155 2817 2470 2888 gratificari,
2523 2818 2928 2889 dispositionem
2975 2827 3030 2875 et
3075 2819 3319 2873 ordinem
3348 2829 3410 2874 et

1834 2924 2057 2965 causam
2107 2910 2362 2985 Ecclesiae
2412 2910 3051 2983 Constantinopolitanae,
3106 2913 3407 2967 secundum

1837 3002 2166 3074 diligentiam
2196 3016 2359 3072 quam
2389 3002 2457 3056 de
2492 3003 2743 3059 omnibus
2776 3018 2875 3059 nos
2908 3003 3293 3058 ecclesiasticis
3319 3018 3418 3057 ne-

1837 3095 1998 3165 gotiis
2039 3094 2344 3149 certissime
2394 3094 2535 3150 scire
2564 3096 2701 3151 velle
2748 3095 3045 3166 cognoscit,
3090 3095 3414 3166 apostolatui

361 3156 560 3169 ---ν-π,
594 3156 718 3162 η---
752 3156 853 3162 -η
895 3156 1068 3162 --ηπ--
1113 3156 1377 3163 --η----η-
1415 3156 1591 3179 νο---,
1627 3156 1706 3162 -μ-

157 3206 266 3252 tem
298 3196 526 3268 gratiam
561 3196 754 3252 divinae
790 3197 1181 3259 miserationis,
1225 3212 1345 3266 qua:
1384 3198 1435 3252 in
1477 3207 1529 3253 te
1564 3198 1732 3253 mira-

1837 3193 2023 3241 nostro
2052 3183 2256 3239 referre
2288 3193 2542 3268 maturet.
2590 3184 3043 3241 Commendamus
3071 3194 3252 3239 autem
3281 3199 3412 3239 san-

157 3288 339 3345 biliter
375 3296 593 3358 operata
625 3297 727 3352 cst,
762 3302 865 3342 non
909 3299 1136 3344 taceres.
1177 3287 1443 3343 Secretum
1472 3291 1610 3344 enim
1648 3306 1731 3345 re-

156 3382 257 3451 gis,
285 3379 579 3435 secundum
608 3380 749 3451 quod
780 3381 849 3434 ab
880 3380 1070 3448 angelo
1096 3380 1277 3435 Tobiae
1303 3380 1520 3447 dicitur,
1563 3381 1733 3437 celare

161 3472 349 3525 bonum
381 3480 476 3535 est,
508 3486 662 3540 opera
687 3486 805 3524 vero
834 3469 924 3524 Dei
952 3487 1220 3536 enarrare,
1258 3472 1540 3540 miriﬁcum
1575 3471 1727 3543 (Tob.

160 3559 278 3629 xu).
311 3559 693 3614 Verumtamen
722 3560 1031 3615 consolatur
1058 3576 1155 3616 nos
1181 3578 1192 3613 :
1223 3561 1578 3626 conscientia,
1609 3577 1730 3632 quia

161 3663 263 3703 non
306 3655 514 3702 tantum
546 3664 658 3711 nos,
687 3658 946 3719 quantum
987 3649 1297 3718 apostolicze
1334 3649 1606 3705 memoriae
1633 3651 1730 3705 de-

158 3750 426 3793 cessorem
458 3752 637 3793 meum
664 3738 1035 3793 beatissimum
1073 3754 1264 3808 papam
1292 3737 1594 3803 Nicolaum,
1622 3755 1729 3794 non

162 3836 267 3882 tam
318 3844 414 3899 pro
456 3838 508 3883 te
558 3844 720 3900 quam
770 3844 867 3901 pro
915 3830 1199 3886 charitatis
1251 3830 1494 3885 custodia
1547 3832 1734 3887 decer-

163 3929 301 3977 tasse
336 3930 580 3978 testatur.
609 3920 668 3977 Si
695 3923 856 3987 enim,
882 3924 969 3993 qui
999 3922 1223 3993 diligunt
1254 3939 1346 3977 nos
1374 3933 1573 3978 tantum
1602 3914 1734 3980 dile-

162 4012 407 4075 xerimus,
439 4028 597 4082 quam
625 4012 910 4066 mercedem
940 4013 1280 4067 habebimus?
1311 4013 1526 4083 (Matth.
1560 4014 1614 4089 v)
1662 4015 1733 4071 At

161 4104 411 4173 quoniam
453 4104 620 4159 frater
644 4110 829 4159 noster
852 4119 935 4169 es,
962 4106 1006 4160 si
1033 4105 1325 4161 viderimus
1364 4115 1414 4161 te
1439 4108 1732 4162 necessita-

160 4205 267 4250 tem
316 4194 550 4258 babere,
597 4202 651 4249 et
697 4193 1052 4249 clauserinms
1100 4195 1307 4250 viscera
1354 4206 1536 4250 nostra
1577 4212 1609 4252 ιι
1659 4206 1734 4261 te,

160 4287 423 4354 quomodo
453 4285 691 4341 charitas
718 4285 812 4341 Dei
841 4294 1027 4341 manet
1071 4287 1126 4342 in
1152 4285 1342 4343 nobis?
1386 4286 1439 4357 (I
1461 4287 1621 4343 Joan.
1650 4288 1733 4362 ιιι)

158 4375 322 4446 Igitur
359 4375 494 4431 scito
531 4376 657 4445 quia
698 4376 750 4430 in
793 4376 862 4431 iis
896 4390 1016 4447 qua:
1051 4375 1306 4431 decessor
1344 4392 1495 4432 meus
1534 4387 1738 4434 sanctae

1834 3278 2007 3334 ctitati
2039 3287 2235 3333 vestrae
2262 3285 2320 3333 et
2344 3277 2690 3348 Euthymium
2719 3276 3162 3348 gloriosissimum
3194 3278 3415 3347 Spatha-

1835 3371 1999 3434 rium,
2044 3369 2135 3439 qui
2177 3368 2403 3424 Romam
2459 3368 2789 3439 imperialem
2840 3368 3019 3423 ferens
3068 3368 3415 3440 legationem,

1832 3460 2044 3536 primus
2080 3459 2233 3514 nobis
2261 3467 2315 3515 et
2342 3458 2594 3515 Ecclesiae
2629 3468 2825 3514 nostr-te
2857 3458 2926 3514 de
2957 3457 3297 3515 fraternitate
3323 3472 3416 3513 ve-

1838 3560 1952 3607 stra
1982 3550 2123 3620 quod
2147 3565 2359 3620 semper
2382 3549 2686 3620 optavimus
2714 3549 3068 3614 annuntiavit,
3096 3556 3153 3604 et
3179 3548 3414 3603 divinam

1833 3641 1982 3696 circa
2024 3648 2079 3695 te
2116 3640 2564 3705 misericordiam,
2597 3648 2655 3694 et
2686 3640 2936 3696 sanitatis
2984 3647 3091 3693 tua:
3128 3651 3418 3707 recupera-

1834 3730 2035 3785 tionem
2092 3730 2454 3793 innotescens,
2506 3743 2697 3784 omnes
2740 3727 3163 3800 gratulabundos
3210 3726 3412 3783 effecit.

1833 3819 1939 3875 Pro
1966 3835 2075 3888 quo
2105 3835 2377 3890 rogamus,
2410 3830 2470 3875 ut
2497 3827 2553 3875 et
2581 3819 2683 3873 iste
2707 3818 2905 3875 sentiat
2938 3818 2992 3872 in
3015 3819 3421 3888 opportunitate

1834 3909 2147 3980 praesidium
2184 3917 2446 3973 vestrum,
2483 3916 2539 3964 et
2567 3907 2761 3962 affectu
2798 3907 2997 3962 amoris
3036 3907 3204 3962 nostri
3236 3916 3417 3976 prole.

1834 3998 2030 4055 ctionis
2090 4006 2283 4053 vestra:
2340 3996 2601 4052 solamina
2667 4005 3049 4066 consequatur.
3148 3995 3414 4066 Optamus

1834 4100 1981 4146 tuam
2015 4090 2359 4145 sanctitatem
2398 4104 2543 4143 nunc
2568 4096 2624 4142 et
2648 4102 2860 4157 semper
2884 4086 3020 4143 bene
3045 4086 3246 4150 valere,
3276 4086 3414 4143 dile-

1834 4181 2073 4236 ctissime
2098 4179 2269 4234 frater
2301 4188 2357 4234 et
2379 4178 2768 4234 comminister.
2798 4177 2932 4233 Data
2954 4175 3210 4233 Kalendis
3230 4176 3415 4249 Augu-

1835 4274 1928 4339 sti,
1958 4271 2258 4328 indictione
2285 4269 2479 4341 prima.

2562 4379 2680 4437 XV.

162 4470 430 4525 memoriae
475 4486 610 4538 papa
655 4469 904 4526 Nicolaus
948 4485 1046 4539 pro
1088 4485 1314 4541 persona
1346 4478 1436 4525 tua
1461 4479 1517 4526 et
1550 4470 1615 4526 iis
1640 4469 1730 4541 qui
1756 4496 1811 4559 Β
1835 4476 2095 4559 Allocutio
2121 4491 2281 4559 papa;
2304 4474 2526 4559 Adriani
2569 4473 2639 4527 ad
2680 4470 2958 4559 concilium
2998 4446 3414 4559 quqd‘eonvemt

160 4574 333 4618 tecum
374 4563 427 4614 in
459 4561 892 4617 tribulationibus
927 4577 1032 4617 non
1064 4559 1402 4628 defecerunt,
1439 4562 1659 4632 insuper
1679 4572 1736 4618 et

158 4668 255 4725 pro
275 4652 510 4706 Ecclesia
541 4650 1128 4722 ConstantinOpolitana
1159 4653 1450 4723 plurimum
1480 4653 1733 4709 laborans

158 4744 345 4800 statuit
388 4751 444 4795 ct
491 4740 769 4805 definivit,
813 4751 869 4796 et
915 4758 1012 4796 nos
1064 4744 1315 4799 similiter
1360 4758 1640 4799 manemus
1680 4752 1737 4799 et

157 4833 623 4905 permanebinms;
654 4842 710 4887 et
741 4833 881 4888 sicut
919 4833 1035 4901 ipse
1066 4824 1134 4889 ad
1166 4834 1358 4889 horam
1394 4836 1585 4890 mortis
1622 4850 1734 4891 suae

158 4946 346 4999 usque,
376 4939 484 4984 tam
509 4944 606 4998 pro
638 4939 709 4994 te,
737 4944 897 4998 quam
930 4943 1029 4999 pro
1064 4930 1131 4984 iis
1169 4930 1260 4999 qui
1293 4941 1466 4987 tecum
1493 4942 1638 4997 sunt,
1676 4932 1730 4987 in

158 5021 376 5091 praefata
402 5021 657 5076 Ecclaesia
685 5036 1021 5091 nequaquam
1047 5022 1279 5077 cessavit
1310 5037 1627 5092 procurans,
1656 5024 1732 5077 ita

158 5123 210 5165 et
238 5128 354 5176 nos,
379 5122 599 5167 auctore
622 5113 749 5175 Deo,
779 5128 947 5182 usque
974 5113 1028 5167 in
1057 5112 1218 5168 linem
1248 5113 1300 5168 in
1326 5129 1487 5184 opere
1517 5115 1734 5182 pietatis

157 5201 315 5270 hujus
341 5201 471 5255 nulli
504 5202 706 5271 torpori
732 5202 980 5258 dabimus
1008 5217 1263 5273 operam;
1300 5204 1558 5260 debemus
1586 5207 1729 5260 enim

159 5292 327 5360 ipsius
353 5292 505 5361 sequi
533 5291 793 5358 laborem,
821 5293 909 5347 cui
941 5294 1115 5364 gratia
1146 5293 1262 5359 Dei,
1289 5295 1646 5351 successimus
1676 5296 1730 5350 in

159 5381 381 5436 honore.
423 5381 692 5436 Przeterea
730 5396 1071 5437 communem
1110 5382 1277 5437 tilium
1305 5382 1724 5452 Theognostum,

161 5472 666 5531 reverendissimum
692 5473 1007 5537 exarchum,
1035 5481 1089 5527 et
1117 5472 1367 5528 dilectum
1396 5472 1579 5539 nobis,
1602 5489 1729 5529 ecce

161 5563 228 5617 ad
256 5578 351 5618 vos
378 5564 795 5627 transmisimus,
831 5565 919 5635 qui
945 5579 1007 5619 ex
1039 5564 1487 5635 persequentibus
1512 5565 1730 5621 aemula-

162 5654 367 5711 toribus
402 5656 519 5712 tuis
566 5655 711 5712 illinc
749 5658 925 5711 nudus
959 5657 1219 5720 salvatus,
1257 5655 1385 5725 quin
1425 5666 1481 5711 et
1524 5666 1732 5714 mutato

162 5746 344 5803 habitu
372 5746 458 5801 vix
486 5746 591 5802 huc
616 5747 927 5813 pertingens
953 5748 1115 5806 vitam
1144 5748 1381 5802 lucratus
1406 5754 1508 5827 est,
1540 5747 1732 5807 deinde

1903 4541 2385 4609 contra.Photium,
2417 4544 2547 4597 lecta
2569 4558 2663 4612 per
2681 4541 2942 4597 Joannem
2981 4542 3412 4596 archidiacouum

1908 4630 2103 4674 sanctw
2126 4615 2381 4671 Romana:
2405 4613 2674 4668 Ecclesiee.

1902 4737 2039 4793 Cum
2070 4736 2381 4798 debeamus,
2422 4748 2456 4789 o
2490 4732 2689 4788 fratres
2712 4740 2769 4787 et
2794 4731 2888 4788 filii
2918 4732 3274 4799 dilectissimi,
3310 4735 3414 4791 Do-

1834 4828 2024 4884 minici
2052 4826 2167 4897 agri
2205 4823 2410 4880 strenui
2450 4832 2507 4879 et
2531 4823 2758 4882 solertes
2784 4836 2907 4879 esse
2931 4823 3188 4890 cultores,
3212 4833 3269 4879 et
3299 4827 3411 4894 spi-

1834 4916 2122 4973 ritualibus
2156 4914 2225 4968 ad
2257 4913 2633 4983 purgationem
2676 4912 2848 4982 ipsius
2876 4912 3179 4968 caelestium
3213 4929 3413 4983 praeco-

1834 5020 2052 5082 ptorum
2080 5010 2155 5064 uti
2187 5009 2484 5080 ligonibus,
2525 5016 2761 5078 oportet,
2794 5018 2853 5063 ut
2883 5008 2928 5063 si
2957 5023 3093 5079 quas
3122 5010 3174 5063 in
3202 5025 3268 5064 eo
3296 5011 3412 5080 spi-

1832 5120 1952 5169 nas,
1989 5104 2036 5159 si
2075 5116 2181 5173 qua
2212 5102 2519 5173 germinare
2560 5113 2828 5156 venenosa
2877 5102 3261 5170 conspicimus,
3292 5103 3409 5170 pari

1835 5196 2020 5251 labore
2079 5192 2427 5260 unanimique
2483 5189 2601 5246 zelo
2647 5191 2762 5245 haec
2805 5190 3066 5247 radicitus
3112 5192 3413 5261 exstirpare

1833 5286 2134 5349 studentes,
2178 5283 2501 5351 arripiamus
2536 5280 2803 5337 examinis
2840 5289 3100 5341 rastrum.
3130 5290 3182 5334 et
3220 5280 3411 5336 falcem

1828 5377 2018 5448 iudicii
2045 5375 2301 5432 concordi
2338 5374 2633 5429 certamine
2656 5371 3014 5442 proferamus,
3045 5387 3112 5426 ne
3139 5387 3320 5441 quasso
3355 5372 3410 5426 in

1834 5490 1934 5529 nos
1978 5469 2357 5542 exprobrantis
2418 5467 2611 5522 affectu
2658 5467 2872 5521 dicatur
2913 5483 2927 5520 :
2972 5464 3158 5519 Messis
3202 5465 3410 5535 quidem

1834 5566 2033 5631 multa;
2062 5563 2284 5634 operarii
2330 5570 2504 5614 autem
2542 5560 2697 5628 pauci
2722 5556 2939 5629 (Matth.
2967 5556 3066 5626 rx).
3097 5555 3413 5615 Consonan-

1836 5666 1917 5713 ter
1948 5665 2152 5721 autem,
2181 5650 2510 5716 charissimi,
2533 5649 2862 5715 laboremus,
2893 5657 2949 5703 et
2986 5648 3040 5702 in
3073 5662 3204 5718 agro
3228 5646 3411 5701 Domi-

1840 5750 1959 5805 nico
2000 5748 2202 5817 jugitcr
2238 5744 2477 5821 quidem,
2518 5741 2611 5799 sed
2650 5756 2791 5799 nunc
2839 5739 3177 5811 potissimum
3224 5751 3412 5809 opere-
