4004 6290
570 300 713 360 B79

1886 291 2167 359 ADiliANl
2205 289 2405 348 PAPE
2443 286 2487 344 ll

580 430 725 480 mur.
758 416 972 487 quando
1000 414 1248 472 videlicet
1283 413 1336 470 in
1365 412 1638 478 Ecclesia,
1668 425 1790 482 qua:
1812 407 2156 481 apertissime
2183 413 2232 472 Α
2257 405 2375 481 ejus
2410 404 2623 464 transiit
2649 417 2812 475 super
2847 412 3064 469 terram,
3095 401 3223 458 dum
3253 402 3509 459 videlicet
3547 408 3763 457 conta
3790 400 3869 456 di-

581 506 895 564 Dominicus
941 520 1073 577 ager
1118 504 1422 577 appellatur
1442 544 1458 569 ,
1505 513 1743 568 auctore,
1770 498 1983 564 Photio,
2016 513 2156 553 nova

582 597 929 670 prmsumptio
954 606 1011 653 et
1023 596 1274 669 inaudita
1298 604 1383 652 est
1410 603 1528 649 orta
1554 593 1847 649 temeritas.
1878 590 2158 660 Siquidem

582 691 673 747 hic
699 691 943 756 Photius,
984 705 1110 746 cum
1149 689 1327 745 adhuc
1360 688 1666 744 mundanus
1704 686 1953 742 minister
1994 690 2156 749 esset,

584 780 873 851 genuinam
916 779 1311 850 quodammodo
1354 792 1569 849 semper
1606 776 1860 833 invidiam
1900 774 2160 830 adversus

583 871 810 941 fratrem
841 883 898 931 et
925 874 1302 943 coepiscopum
1330 881 1576 929 nostrum
1605 870 1870 943 lgnatium
1895 869 2164 927 Constano

584 962 1000 1033 tinopolitanum
1048 962 1415 1034 patriarcham
1465 962 1521 1018 in
1562 972 1783 1033 pectore
1823 968 2076 1032 gestans;
2107 966 2163 1014 et

582 1055 653 1111 ad
695 1053 1018 1124 prtesulatus
1066 1053 1278 1111 culmen
1335 1068 1443 1113 non
1485 1053 1785 1125 gradatim,
1832 1051 1916 1108 vel
1959 1051 2161 1107 sensim

584 1145 971 1209 conscendere,
999 1145 1092 1216 sed
1122 1145 1485 1216 prmcipitibus
1513 1159 1578 1201 eo
1602 1144 1893 1215 superstite
1916 1143 2165 1214 passibus

586 1235 863 1290 transilire
907 1234 1167 1303 gestiens,
1198 1234 1550 1305 semetipsum
1581 1234 1652 1290 ab
1684 1234 1926 1305 ejusdem
1962 1233 2160 1288 beatis-

586 1323 709 1380 simi
752 1323 996 1394 praesulis
1030 1325 1409 1380 communione
1450 1323 1578 1385 fecit
1603 1335 1920 1381 extraneum
1948 1342 1961 1378 :
1987 1332 2041 1381 et
2069 1337 2165 1392 per

586 1412 692 1469 hoc
724 1412 793 1469 ab
817 1400 1108 1468 universali
1132 1398 1400 1487 Ecclesia,
1428 1429 1549 1483 quae
1592 1414 1692 1483 ipsi
1721 1413 2040 1475 beatlssimo
2070 1427 2164 1482 pa-

590 1502 840 1573 triarcha:
876 1504 1341 1571 communicabat,
1370 1520 1429 1559 se
1466 1504 1699 1569 reddidit
1727 1518 1948 1575 prorsus
1979 1518 2165 1559 exsor-

590 1586 721 1663 tem,
752 1585 916 1666 atque
946 1596 1090 1650 inter
1123 1597 1499 1651 schismatieos
1530 1597 1719 1667 procul
1749 1596 1911 1653 dubio
1958 1595 2163 1651 consti-

586 1695 758 1752 tutus,
800 1694 991 1742 contra
1029 1701 1216 1742 sacros
1262 1686 1588 1757 apostolicos
1617 1701 1854 1743 canones
1891 1685 2164 1742 saeculari-

2259 498 2441 553 vinam
2467 496 2878 564 ordinationem,
2910 494 3122 551 cmlitus
3157 494 3211 549 in
3237 494 3380 550 beati
3408 492 3569 548 Petri
3598 490 3872 562 principis

2260 590 2624 661 apostolorum
2671 599 2906 660 primatu
2953 587 3272 663 dispositam
3297 626 3314 653 ,
3362 586 3585 657 putridi
3632 587 3869 656 gurgitis

2260 691 2446 752 guttur
2474 683 2714 753 aperuit,
2753 691 2813 737 et
2840 681 3098 736 adversus
3130 679 3373 751 ejusdem
3412 679 3579 752 regni
3620 679 3868 735 celestis

2261 773 2515 847 clavigeri
2546 772 2895 845 apostolicam
2933 773 3136 838 sedem,
3165 780 3222 828 et
3244 772 3593 843 praecipuam
3625 787 3699 826 ae
3724 786 3869 827 sun-

2264 881 2408 921 mam
2434 866 2749 938 dignitatem
2778 872 3202 935 etpotestatem,
3239 862 3483 936 linguam
3516 879 3693 919 suam
3720 880 3873 922 more

2263 958 2531 1028 serpentis
2590 955 2836 1022 exacuit;
2884 956 3052 1010 vitam
3114 954 3317 1011 scilicet
3365 954 3698 1010 decessoris
3767 957 3870 1010 mei

2263 1050 2435 1105 beatae
2483 1047 2873 1103 recordationis
2920 1061 3070 1117 papa:
3117 1046 3322 1102 Nicolai
3372 1045 3667 1102 lacessere
3726 1048 3870 1109 nam

2263 1141 2426 1207 modo
2454 1148 2720 1203 metuens,
2751 1154 2851 1195 nec
2877 1139 3055 1204 nobis,
3078 1139 3168 1210 qui
3198 1138 3315 1207 ejus
3337 1140 3431 1193 vix
3460 1138 3624 1209 digni
3656 1138 3869 1205 famuli,

2264 1240 2456 1287 utnon
2496 1229 2674 1286 dicam
2714 1246 2996 1301 sequaces,
3032 1232 3361 1292 exstitimus,
3397 1246 3644 1300 parcere
3678 1242 3874 1288 utcun-

2264 1336 2370 1392 que
2402 1322 2763 1386 consentiens,
2801 1321 2896 1377 sed
2925 1330 3183 1392 utrosque
3222 1321 3537 1377 maledictis
3581 1322 3870 1393 impetere,

2265 1423 2523 1483 quantum
2573 1412 2625 1467 in
2670 1428 2730 1468 se
2753 1411 2873 1476 fuit,
2919 1420 2974 1468 et
3014 1412 3344 1483 blasphemis
3396 1412 3640 1468 inﬁcere
3694 1417 3871 1471 verbis

2264 1502 2603 1565 existimans,
2650 1499 2903 1557 falsitatis
2945 1502 3216 1572 prrestigia
3252 1501 3459 1572 ﬁngere
3498 1514 3789 1568 conatus;
3822 1514 3869 1558 et

2266 1591 2450 1645 nescio
2497 1606 2616 1659 quae
2655 1590 2953 1661 Pythouica
2998 1601 3082 1648 est
3125 1591 3333 1647 somnia
3374 1592 3462 1647 vel
3514 1604 3863 1663 argi-merus,

2268 1679 2608 1751 compilando
2654 1679 2844 1750 procul
2887 1680 3068 1746 dubio,
3119 1690 3552 1738 commentatus.
3608 1683 3680 1738 Et
3728 1680 3869 1741 certe

584 1778 688 1835 bus
716 1794 845 1836 usus
869 1779 1224 1849 pagg-minus
1244 1819 1260 1844 ,
1288 1778 1585 1837 Ecclesia.“
1620 1777 2166 1849 οοηεωιιιίυοροιίω.
2195 1769 2240 1831 Β
2268 1769 2392 1841 quis
2419 1768 2510 1825 ille
2533 1769 2695 1825 Pater
2725 1778 2928 1836 noster,
2956 1769 3039 1825 vel
3076 1779 3312 1842 quantus
3347 1779 3446 1825 aut
3474 1771 3671 1841 qualis
3709 1776 3870 1828 exsti-

586 1885 712 1926 nam
743 1868 1022 1941 tyrannica
1048 1879 1103 1925 et
1127 1869 1428 1931 adulterina
1459 1869 1761 1926 temeritate
1781 1869 2020 1940 pervasit
2049 1877 2166 1923 tan-

585 1959 734 2027 dem,
764 1959 1015 2015 videlicet
1046 1959 1285 2015 indebita
1322 1960 1655 2031 usurpando,
1683 1958 1830 2015 foras
1851 1958 2164 2023 ostendens,

586 2050 730 2120 quod
778 2049 925 2105 intus
967 2048 1241 2119 prohibita
1289 2048 1757 2120 concupiscendo,
1788 2047 1970 2105 cordis
2008 2055 2168 2103 antro

586 2143 850 2213 gerebat,
893 2150 949 2196 et
993 2140 1352 2197 simulationis
1390 2141 1659 2197 velamine
1706 2141 2048 2211 contegebat,
2090 2138 2168 2194 nil

585 2247 708 2289 esse
757 2229 1001 2303 profecto
1060 2231 1287 2303 intelligi
1337 2231 1475 2287 dans
1520 2246 1741 2287 causam
1803 2229 2081 2286 scissionis
2134 2243 2167 2284 a

585 2325 893 2396 patriarcha
935 2339 1033 2380 suo
1058 2364 1075 2389 ,
1127 2322 1209 2378 vel
1266 2324 1494 2379 desertae
1535 2322 1931 2379 communionis
1977 2336 2009 2377 a
2054 2331 2169 2378 tota

585 2417 852 2480 Ecclesia,
900 2415 1003 2472 uisi
1048 2415 1314 2486 pessimos
1362 2414 1630 2471 anhelitus
1676 2414 1948 2471 ambiendi
1988 2415 2170 2486 ponti.

589 2509 783 2564 ﬁcatus
822 2505 1050 2572 infulas,
1096 2517 1151 2561 et
1197 2505 1527 2563 sublimioris
1567 2505 1845 2562 obtinendi
1893 2507 2170 2578 dignitatis

584 2609 645 2656 et
691 2600 976 2671 potestatis
1025 2599 1302 2665 habenas;
1364 2599 1562 2670 quibus
1605 2600 1863 2656 nimirum
1914 2601 2167 2671 deinceps

588 2694 828 2757 abusus,
870 2699 927 2747 et
967 2701 1192 2761 repente
1235 2707 1343 2747 non
1392 2701 1574 2748 mente
1617 2693 1712 2749 sed
1760 2694 1946 2749 habitu
1992 2701 2168 2749 mutae

588 2794 697 2847 tus,
736 2782 927 2839 exsilia
973 2791 1028 2838 et
1056 2782 1631 2848 diversa‘discrimina,
1675 2784 1770 2839 sed
1796 2792 1853 2840 et
1878 2793 2080 2840 mortes
2112 2784 2166 2839 in

584 2872 791 2930 Christi
834 2873 1146 2931 sacerdotes
1185 2881 1243 2929 et
1277 2882 1505 2930 creteros
1542 2872 1751 2939 ﬁdeles,
1776 2881 1860 2929 tot
1885 2889 1953 2930 ac
1984 2883 2166 2932 tantas

585 2962 787 3030 intulit,
828 2970 888 3018 ut
917 2963 1235 3020 Diocletiani
1273 2965 1538 3021 smvitiam
1585 2966 1787 3022 imitari
1834 2980 1935 3036 per
1982 2967 2165 3022 omnia

583 3052 884 3109 videretur.
930 3051 1159 3124 Pr0ptcr
1185 3069 1308 3123 quae
1341 3053 1425 3109 vel
1453 3054 1538 3110 his
1566 3054 1764 3110 similia
1802 3063 2006 3111 sanctze
2054 3070 2167 3110 me-

2269 1863 2414 1928 terit,
2450 1877 2641 1918 omnes
2675 1863 2768 1933 qui
2800 1878 3010 1918 morum
3045 1863 3159 1935 ejus
3188 1863 3447 1934 insignia,
3476 1864 3573 1919 vel
3607 1864 3863 1920 virtutum

2270 1961 2468 2024 tropaea
2498 1952 2759 2017 recolitis,
2786 1952 2998 2025 plenius
3026 1955 3347 2025 agnovistis;
3392 1957 3692 2026 quomodo
3726 1958 3863 2012 scili-

2266 2053 2356 2101 cet
2390 2045 2445 2100 in
2471 2043 2632 2115 hujus
2668 2045 2792 2101 tetri
2825 2046 3122 2117 caliginoso
3158 2047 3341 2103 saeculi
3372 2063 3550 2103 cursu
3594 2064 3726 2107 sero
3760 2059 3867 2106 tan-

2268 2138 2391 2194 dem
2431 2139 2571 2196 sicut
2610 2155 2808 2197 novum
2856 2140 3007 2198 sidus
3044 2144 3376 2213 apparuerit,
3418 2145 3689 2214 quiuimo
3719 2147 3862 2217 quasi

2266 2227 2505 2286 Phoebus
2557 2230 2610 2285 in
2654 2230 2857 2310 aethere
2900 2247 3013 2310 pra:
3057 2234 3267 2289 cunctis
3322 2233 3495 2290 astris
3566 2235 3858 2300 eﬂ'utserit;

2268 2321 2538 2390 quomodo
2563 2320 2707 2377 hunc
2746 2307 2846 2377 nec
2882 2307 3080 2378 blanda
3104 2338 3332 2395 quaeque
3374 2323 3651 2397 frangere
3674 2338 3864 2398 potue-

2268 2409 2401 2475 rint,
2442 2425 2543 2467 nec
2578 2425 2772 2482 aspera
2819 2415 3168 2483 perturbare;
3217 2416 3500 2485 quomodo
3549 2419 3728 2474 etiam
3770 2433 3861 2477 nec

2268 2502 2452 2559 mundi
2476 2503 2832 2573 principibus,
2855 2502 3098 2561 Michaeli
3125 2506 3332 2563 scilicet
3360 2516 3419 2562 et
3443 2506 3655 2565 Burria
3682 2522 3863 2566 contra

2263 2588 2532 2661 justitiam
2572 2592 2795 2665 faverit;
2838 2609 2975 2664 quos
3015 2596 3292 2663 nimirum,
3326 2613 3387 2653 se
3429 2614 3663 2655 murum
3703 2618 3862 2673 oppo-

2268 2694 2403 2757 nens
2428 2696 2529 2753 pro
2556 2682 2718 2755 domo
2746 2683 2979 2748 Domini,
3017 2700 3157 2755 saepe
3196 2687 3513 2760 redarguit,
3545 2700 3609 2746 et
3645 2692 3736 2747 bis
3764 2694 3861 2747 ini-

2267 2785 2374 2841 que
2419 2773 2702 2844 agentibus
2746 2773 3057 2846 frequenter
3101 2778 3368 2847 intrepide
3414 2781 3652 2836 restitit.
3709 2782 3860 2855 Ergo,

2268 2860 2600 2919 dilectissimi
2642 2863 2840 2921 fratres
2872 2874 2928 2921 et
2964 2866 3091 2931 lilii,
3146 2870 3499 2926 considerate
3540 2874 3679 2943 quid
3710 2891 3862 2945 super

2268 2950 2572 3023 hujusmodi
2613 2955 2918 3012 temeritate
2949 2958 3021 3012 sit
3055 2959 3211 3014 nobis
3252 2961 3560 3030 agendum,
3588 2965 3703 3029 vel,
3743 2966 3864 3036 quid

2268 3045 2336 3101 de
2365 3048 2720 3104 conciliabulo
2744 3049 2856 3115 illo,
2881 3050 2965 3105 vel
2994 3051 3236 3121 profanis
3261 3053 3435 3123 ipsius
3464 3056 3618 3111 actis
3643 3072 3749 3127 per
3774 3060 3861 3112 -ὶ-

585 3144 776 3200 morite
806 3143 1062 3200 decessor
1095 3159 1250 3201 meus
1278 3143 1531 3202 Nicolaus
1556 3144 1715 3216 hujus
1742 3147 2051 3216 apostolicae
2080 3163 2165 3202 se-
2191 3126 2238 3189 Ο
2268 3143 2551 3200 nisterium
2578 3154 2822 3201 nostrum
2858 3148 3079 3214 existat,
3112 3148 3227 3204 fore
3252 3126 3711 3219 deliberandum,
3742 3155 3860 3225 quid

582 3236 668 3292 dis
694 3235 943 3302 antistes,
969 3234 1207 3291 fraterna
1237 3237 1413 3292 victus
1435 3236 1717 3304 charitate,
1748 3237 1924 3308 primo
1950 3238 2166 3308 quidem

582 3346 692 3389 non
740 3330 912 3387 solum
957 3345 1055 3401 per
1097 3330 1331 3397 missos,
1390 3331 1486 3386 sed
1523 3341 1578 3386 et
1621 3346 1720 3400 per
1761 3330 1972 3387 litteras
2012 3331 2166 3393 illum

584 3425 781 3481 merito
832 3424 1231 3488 reprehendens
1253 3463 1266 3489 ,
1325 3433 1695 3495 competenter
1742 3424 2064 3491 admonuit,
2111 3434 2168 3482 et

584 3516 733 3573 nullo
781 3531 841 3573 se
890 3524 1050 3587 pacto
1084 3516 1140 3570 in
1169 3516 1288 3587 ejus
1339 3531 1499 3585 posse
1541 3518 1881 3587 promotione
1925 3519 2167 3589 praebere

583 3619 936 3668 consensum,
969 3603 1188 3674 scriptis
1234 3603 1443 3660 idoneis
1487 3602 1761 3675 patefecit.
1810 3604 2013 3661 Deinde
2040 3621 2166 3663 vero

582 3694 800 3752 intuens
840 3695 976 3752 nihil
1019 3708 1080 3751 se
1115 3693 1412 3765 prolicere,
1455 3696 1550 3751 sed
1578 3697 1750 3768 magis
1788 3712 1855 3753 ac
1891 3699 2064 3770 magis
2096 3699 2167 3755 ad

581 3785 841 3843 ulteriora
864 3784 989 3855 ejus
1008 3785 1229 3842 eitendi
1254 3786 1618 3857 tyrannidem,
1645 3787 1971 3843 auctoritate
1998 3788 2163 3844 simul

582 3875 764 3932 divina
808 3883 866 3930 et
911 3874 1206 3945 apostolica
1255 3874 1459 3939 fretus,
1508 3875 1653 3931 sedis
1699 3876 2029 3946 apostolicae,
2077 3878 2162 3933 cui

580 3962 925 4035 praesidebat,
965 3962 1280 4035 pontificum
1322 3978 1530 4019 morem
1570 3974 1811 4030 secutus,
1842 3966 1898 4021 in
1922 3977 2163 4038 promptu

580 4055 798 4122 habens,
825 4055 1119 4112 secundum
1138 4054 1475 4127 Apostolum,
1502 4072 1704 4111 omnem
1734 4055 1917 4111 ulcisci
1947 4075 2163 4129 prorsus

580 4147 988 4204 iuobedientiam
1019 4147 1105 4221 (If
1138 4146 1264 4204 Cor.
1302 4148 1399 4220 x);
1446 4150 1589 4206 hunc
1626 4150 1694 4205 ad
1726 4150 2053 4207 erectioncm
2093 4153 2165 4211 ab

579 4253 649 4294 eo
671 4238 949 4306 elisorum,
978 4246 1034 4294 et
1064 4239 1534 4296 innumerabilium
1572 4238 1912 4312 refrigerium
1939 4240 2168 4300 amicta-ﬁ

583 4346 725 4396 rum,
752 4329 987 4403 regulari
1026 4330 1314 4396 sententia,
1331 4331 1485 4401 quia,
1513 4330 1654 4386 sicut
1694 4329 1796 4400 ipsi
1823 4331 2016 4397 nostis,
2041 4347 2164 4388 cor-

584 4421 761 4493 rigere
796 4436 904 4476 non
930 4420 1126 4491 potuit,
1154 4420 1474 4490 deponendo
1509 4421 1820 4492 prostravit,
1850 4434 1904 4478 et
1937 4424 2165 4496 anatheg

582 4512 891 4568 matizando
923 4511 993 4567 ab
1021 4510 1235 4576 ordine,
1281 4509 1704 4581 quemlatronis
1747 4525 1898 4566 more
1938 4513 2161 4571 sortitus

582 4603 779 4669 fuerat,
824 4602 1202 4672 sequestravit.
1238 4600 1404 4674 Cujus
1431 4601 1511 4657 rei
1538 4601 1716 4672 gratia
1761 4601 1905 4658 idem
1935 4602 2160 4661 Pbotius

584 4696 968 4759 inflammatus,
998 4708 1103 4749 non
1130 4693 1307 4751 solum
1338 4709 1443 4750 non
1469 4702 1555 4751 est
1599 4708 1852 4751 reversus
1874 4695 1941 4750 ad
1971 4708 2162 4766 pereu-

583 4787 806 4842 tieutem
838 4797 919 4850 se,
947 4783 1202 4839 nimirum
1232 4782 1322 4854 qui
1350 4783 1535 4839 durior
1562 4782 1711 4840 silice
1745 4798 1845 4840 nec
1875 4784 2011 4841 dura
2041 4802 2169 4845 ver-,

581 4879 712 4935 hera
742 4876 935 4941 sensit,
978 4882 1036 4930 et
1075 4875 1316 4935 imitatus
1361 4875 1654 4943 diabolum,
1684 4892 1785 4945 nec
1817 4886 2101 4948 postquam
2128 4894 2171 4936 e.

581 4969 723 5031 omlo
761 4968 978 5033 cecidit,
1020 4967 1304 5045 superbire
1345 4968 1597 5043 cessavit,
1628 4982 1813 5024 verum
1842 4971 2003 5025 etiam
2032 4986 2171 5043 con-;

581 5061 849 5118 venticula
883 5059 1239 5131 malignorum
1268 5073 1410 5128 saepe
1442 5074 1796 5131 congregans,
1828 5076 2157 5134 synagogam

580 5153 927 5224 sanguinum,
950 5151 1038 5206 cui
1068 5157 1127 5205 ut
1155 5150 1403 5219 princeps
1442 5148 1709 5206 latronum
1741 5151 1856 5221 ipse
1883 5154 2172 5221 praesedit,i

580 5246 912 5319 collegitzet
959 5252 1088 5300 ante
1131 5242 1371 5313 quidem,
1404 5253 1464 5298 ut
1498 5244 1826 5301 saevissimus
1870 5244 2154 5315 patricida,

581 5347 790 5409 patrem
836 5349 993 5409 suum
1032 5335 1298 5404 lgnatium
1342 5334 1873 5405 greverendissimum
1926 5337 2156 5406 patriar-

2191 4476 2241 4536 D

2256 3234 2433 3290 etiam
2460 3235 2528 3290 de
2557 3236 2624 3297 iis
2648 3236 2740 3307 qui
2770 3237 3149 3305 interfuerunt,
3182 3240 3266 3296 vel
3292 3258 3459 3297 manu
3484 3246 3722 3314 propria
3746 3246 3860 3300 ωδ·

2266 3326 2630 3396 scripserunt,
2675 3329 2757 3384 sic
2804 3330 2873 3385 ab
2919 3331 3272 3387 unanimitate
3318 3334 3580 3390 omnium
3622 3346 3857 3391 nostrum

2266 3416 2649 3484 definiendum,
2690 3420 2897 3477 intente
2934 3430 3183 3487 tractato,
3212 3431 3269 3478 et
3292 3423 3468 3479 libere
3506 3427 3718 3499 singuli
3749 3444 3859 3497 qua

2265 3507 2478 3564 sentitis
2514 3509 2732 3565 edicite.
2769 3510 2882 3583 Ego
2919 3521 3099 3569 tamen
3122 3528 3222 3584 pro
3256 3513 3374 3585 lege
3404 3516 3532 3582 Dei,
3559 3532 3666 3587 pro
3690 3529 3859 3590 pater-

2267 3598 2352 3654 nis
2395 3601 2781 3657 conservandis
2825 3604 3144 3670 cauonibus,
3193 3621 3293 3675 pro
3319 3610 3689 3666 veneratione
3732 3627 3857 3683 apo-

2264 3690 2545 3758 stolorum,
2575 3708 2674 3763 pro
2699 3694 2997 3766 privilegiis
3024 3696 3376 3754 defendendis
3410 3701 3567 3757 sedis
3598 3703 3853 3773 ipsorum,

2262 3796 2470 3854 proque
2516 3794 2718 3842 sancta:
2755 3787 3046 3844 mentiouis
3082 3789 3387 3847 decessoris
3428 3796 3545 3849 mei
3592 3808 3750 3866 papa
3775 3796 3855 3851 liii-

2264 3874 2403 3930 colai
2438 3876 2777 3945 praedicanda
2825 3881 3109 3946 memoria,
3139 3890 3195 3938 et
3226 3885 3594 3953 sequentibus
3631 3888 3853 3953 actibus

2263 3970 2426 4033 atque
2463 3964 2803 4024 celebrandis
2847 3969 3270 4038 deﬁnitionibus,
3315 3989 3426 4030 non
3469 3976 3657 4032 solum
3710 3982 3853 4033 varia

2262 4054 2602 4113 incommoda
2644 4061 2870 4131 perpeti,
2912 4077 3100 4118 verum
3140 4066 3302 4120 etiam
3345 4083 3502 4123 more
3546 4082 3854 4127 sanctorum

2259 4147 2717 4217 praedecessorum
2754 4165 2998 4209 meorum
3027 4153 3342 4224 pontificum
3382 4156 3437 4211 in
3466 4172 3737 4231 promptu
3765 4163 3855 4217 ba-

2260 4236 2394 4305 beo,
2412 4237 2460 4294 si
2486 4252 2713 4296 necesse
2738 4241 2832 4307 sit,
2860 4243 3052 4298 mortis
3079 4245 3351 4300 sustinuere
3376 4247 3705 4305 discrimen.

2972 4354 3111 4411 XVI.

2342 4492 2345 4501 .
2405 4458 2472 4497 AD
2501 4459 2809 4502 HINCMABUH
2854 4462 3302 4504 Αιιοιιτειηδεοιιωι
3355 4466 3715 4514 nneuexseu.

2762 4538 2938 4608 (Anno
2976 4528 3141 4611 868.)‘

2260 4627 2603 4686 Commendat
2638 4632 2717 4687 illi
2755 4634 3021 4689 ece’esiam
3067 4636 3491 4703 Laudunensem,
3526 4643 3659 4695 dum
3693 4644 3849 4700 Hinc-

2278 4750 2287 4757 .
2331 4718 2512 4756 murus
2558 4705 2830 4772 episcopus
2890 4704 3112 4761 Romam
3178 4710 3314 4762 venit
3354 4722 3381 4761 ξ
3413 4709 3848 4770 Nortltnsamtm

2334 4789 2472 4839 vero,
2505 4773 2607 4829 nisi
2652 4773 2832 4831 ablata
2883 4778 3145 4845 restituat,
3192 4784 3650 4838 excommunicars'
3681 4788 3847 4857 jubet.

2331 4884 2608 4940 Absumus
2637 4887 2944 4956 episcopus,
2985 4904 3181 4946 servus
3232 4905 3516 4947 servorum
3557 4894 3683 4961 Dei,
3708 4881 3850 4951 rere.

2261 4977 2573 5033 rentissimo
2596 4984 2652 5033 et
2674 4980 3019 5037 sanctissimo
3042 4981 3301 5038 confratri
3349 4994 3541 5041 nostro
3566 4986 3849 5045 Hinc-sse

2262 5069 2666 5140 archiepiscopo
2690 5069 2984 5127 Rbemensi

2324 5158 2591 5214 lllustrem
2646 5158 2990 5216 Hincmarum
3041 5162 3453 5235 Lugdunensem
3505 5169 3845 5241 episcopum.

2257 5248 2524 5309 desiderio
2570 5251 2908 5307 visendarum
2935 5263 3245 5310 sanctorum
3275 5256 3651 5325 apostolorum
3706 5260 3843 5315 limi-

2259 5358 2387 5397 num
2441 5343 2812 5412 anhelantem,
2842 5355 2898 5401 et
2950 5346 3184 5403 libenter
3229 5348 3640 5419 amplectimur,
3670 5365 3729 5409 et
3754 5356 3841 5409 ad

576 5432 737 5488 eham
762 5428 1039 5505 proprium
1075 5427 1320 5497 perculit,
1344 5437 1400 5483 et
1423 5428 1491 5483 ad
1518 5427 1695 5483 lucem
1717 5428 2022 5496 pervenire,
2052 5430 2171 5487 nisi,
2257 5443 2475 5489 ventum
2505 5435 2649 5491 illius
2666 5452 2772 5491 non
2796 5437 2967 5493 solum
2991 5454 3098 5496 non
3110 5437 3432 5504 differimus,
3454 5456 3652 5497 verum
3679 5446 3837 5500 etiam

576 5522 937 5599 exstinqtione
973 5521 1236 5591 parentis,
1270 5534 1427 5591 posse
1453 5519 1767 5591 desperans,
1800 5520 1943 5589 hunc
1987 5521 2156 5577 instar
2254 5540 2324 5580 ne
2348 5526 2486 5581 ultra
2534 5525 2801 5585 Kalendas
2847 5529 3070 5601 Augusti
3101 5538 3250 5585 stare
3296 5532 3519 5589 audeat.
3573 5536 3838 5603 gravitate

577 5613 781 5671 atrocis
811 5614 1009 5684 viperze
1047 5612 1314 5683 perimere
1349 5612 1554 5669 crudeli
1587 5627 1768 5668 morsu
1807 5628 1912 5668 non
1941 5614 2151 5669 metuit.
2256 5617 2570 5686 apostolica,
2595 5619 2829 5676 scientes
2858 5620 3005 5674 illum
3036 5621 3130 5675 tali
3161 5631 3288 5678 voto
3306 5616 3635 5691 spiritaliter
3685 5641 3836 5695 pose

576 5702 706 5765 Post
744 5703 864 5777 hac
900 5716 1031 5767 vero
1066 5704 1245 5777 posuit
1287 5702 1340 5759 in
1365 5703 1566 5762 caelum
1591 5718 1653 5761 os
1679 5715 1859 5779 suum,
1886 5710 1942 5760 et
1972 5703 2152 5776 lingua
2253 5706 2540 5807 prolicere,
2567 5708 2935 5779 prohibemus.
2966 5708 3103 5766 Huic
3131 5724 3263 5782 ergo
3282 5711 3343 5767 in
3368 5711 3670 5782 veniendo,
3702 5715 3837 5771 sicut
