4004 6290
83 393 216 453 1281

1289 391 1645 450 EPISTOL/E
1686 394 1773 450 ET
1815 387 2129 450 DECRETA
2141 434 2154 448 .

3227 393 3251 450 I
3263 395 3368 454 28‘2

84 508 384 564 auctoritas
412 505 726 578 apostolica,
751 507 831 565 sic
871 505 1051 563 faveat
1100 515 1155 564 et
1204 507 1523 579 episcopalis
1561 509 1664 562 hu-
1693 516 1736 572 Α
1770 516 2030 572 mentum,
2085 507 2338 576 quoniam
2389 507 2758 578 episcopatum
2794 507 2910 580 ejus
2957 509 3141 583 gloria:
3170 523 3365 570 vestra:

84 603 321 658 manitas
350 621 363 656 :
396 611 662 671 quatenus
714 603 1057 672 episcopatus
1110 601 1228 672 ejus
1278 602 1425 656 omni
1483 608 1666 657 careat

83 711 180 766 per
202 703 444 750 vestram
473 694 892 750 sollicitudinem
913 694 1258 756 detrimento,
1297 693 1423 748 dum
1446 692 1668 763 praedio-

83 803 206 842 rum
251 801 495 851 suorum,
525 801 779 856 perverse
821 802 852 840 a
897 785 1230 840 Nortmanno
1273 799 1668 856 possessorum,

83 876 410 932 liberalitate
436 884 616 931 vestra
643 891 740 946 per
764 875 1204 932 intercessionem
1235 885 1476 932 nostram
1511 875 1671 930 fuerit

83 967 294 1038 potitus
335 975 645 1036 augmento.
676 965 1012 1037 Quapropter
1035 975 1088 1022 et
1111 965 1503 1021 Nortmannum
1535 965 1672 1020 scito

83 1060 413 1116 auctoritate
436 1060 730 1130 apostolica
759 1060 1014 1116 continuo
1041 1061 1108 1116 ab
1132 1060 1500 1116 ecclesiastica
1525 1075 1672 1116 com-

83 1151 362 1219 munione,
385 1153 488 1208 nisi
517 1151 926 1222 praasentialiter
952 1168 1010 1208 se
1029 1153 1278 1208 omnibus
1302 1150 1674 1221 Lugdunensis

83 1243 343 1300 Ecclesiae
378 1245 539 1301 rebus
561 1245 791 1310 exuerit,
839 1259 936 1314 per
968 1245 1044 1300 tui
1077 1245 1190 1301 oris
1214 1245 1450 1300 ofﬁcium
1504 1243 1674 1313 repel-

83 1335 328 1403 lendum,
358 1345 414 1392 et
463 1336 825 1391 venerabilem
868 1337 1048 1391 virum
1089 1335 1438 1392 IIinemarum
1466 1335 1676 1406 episco-

83 1447 234 1500 pum,
265 1432 310 1486 si
347 1431 624 1502 proposito
683 1428 913 1485 Romam
961 1431 1211 1486 veniendi
1260 1432 1478 1494 abusus,
1532 1429 1680 1500 quod

83 1523 224 1577 bene
274 1523 442 1588 vovit,
487 1523 715 1578 reddere
764 1538 870 1578 non
918 1523 1203 1590 studuerit,
1258 1525 1678 1595 transgressoris

83 1609 303 1681 iudicio,
334 1613 475 1684 quod
497 1614 640 1670 Dens
671 1615 950 1680 averterit,
971 1615 1321 1685 puniendum.
1354 1615 1676 1686 Quicunque

83 1705 252 1776 igitur
280 1721 312 1760 a
344 1715 585 1778 tempore
619 1723 725 1777 quo
760 1707 986 1762 Romam
1013 1708 1200 1764 venire
1233 1709 1481 1778 coeperit,
1509 1724 1680 1780 usque

84 1798 140 1853 in
164 1799 217 1853 id
251 1815 380 1869 quo,
433 1799 652 1856 Christo
698 1799 858 1866 duce,
892 1801 959 1858 ad
987 1801 1204 1872 propria
1238 1800 1580 1864 remeaverit,
1620 1801 1675 1855 in

1767 601 2073 672 specialiter
2133 603 2458 657 servandum
2510 605 2920 671 committimus,
2949 609 3152 674 ,tandiu
3185 625 3243 664 se
3269 627 3365 666 uo-

1769 694 1910 748 verit
1938 701 2279 749 sacramento
2319 694 2562 764 corporis
2590 704 2646 751 et
2674 699 2956 768 sanguinis
2995 699 3208 755 Domini
3250 700 3366 756 fore

1769 785 2109 855 privandum,
2135 787 2373 856 quandiu
2404 795 2606 842 sancta:
2635 788 2976 859 Lugdunensi
2997 790 3275 857 Ecclesiae,
3309 801 3367 847 et

1770 877 1946 943 vobis,
1999 877 2278 948 ipsiusque
2332 879 2574 948 pontiﬁci
2623 879 2880 951 legitime,
2933 883 3042 937 imo
3102 884 3367 939 canonice

1770 967 1935 1023 fuerit
1986 968 2342 1023 satisfactum.
2395 967 2655 1038 Optamus
2733 972 2935 1040 regiam
2991 972 3367 1028 excellentiam

1771 1072 2009 1118 vestram
2041 1071 2241 1117 sanctae
2271 1062 2413 1117 sedis
2467 1063 2774 1132 apostolica:
2825 1065 2959 1120 scita
3010 1066 3364 1122 consuetudi-

1771 1153 1966 1210 naliter
1987 1152 2362 1210 observantem
2384 1155 2436 1209 in
2459 1154 2675 1210 Christo
2703 1170 2916 1226 semper
2943 1157 3144 1213 valere.

2475 1291 2660 1346 XVIII.

1775 1401 1843 1440 AD
1879 1398 2140 1442 IGNATIUI
2166 1398 2620 1441 ARCRIEPISCOPUM
2649 1397 3352 1442 CONSTANTINOPOLITANUM.

2372 1501 2550 1574 (Anno
2593 1500 2746 1573 869.)

1781 1612 2070 1687 Ut_gradu
2127 1615 2446 1687 dejicianlnr
2496 1616 2720 1687 episcopi
2783 1633 2814 1669 a
2873 1613 3060 1672 Photio
3113 1615 3363 1671 ordinati.

1849 1685 2112 1741 Joannem
2163 1686 2544 1765 metropolitam
2583 1685 2731 1742 Silwi
2758 1687 3110 1742 commendat.

1850 1799 2126 1856 ADRIANUB
2153 1801 2458 1871 episcopus,
2502 1815 2692 1856 servus
2733 1815 3016 1878 servorum
3065 1803 3185 1868 Dei,
3213 1819 3366 1858 reve-

83 1891 416 1960 quibuslibet
444 1894 606 1950 rebus
634 1893 776 1950 illius
807 1894 1060 1950 Ecclesiae
1109 1893 1385 1964 quodlibet
1424 1904 1678 1966 operatus
1708 1897 1756 1958 B
1784 1892 2108 1948 rendissimo
2143 1902 2198 1948 et
2224 1893 2568 1949 sanctissimo
2600 1893 2860 1949 confratri
2889 1903 2943 1949 et
2992 1896 3368 1950 comministro

84 1983 251 2039 fuerit
301 1986 710 2053 detrimentum,
793 1987 1048 2058 quoniam
1122 1987 1492 2058 episcopatum
1561 1986 1676 2056 ejus

84 2078 360 2133 sanctitati
413 2088 519 2135 tuae
571 2079 880 2150 specialiter
934 2088 1058 2150 post
1099 2095 1281 2151 regem
1351 2080 1675 2136 servandum

85 2170 497 2237 committimus,
533 2173 722 2228 tandiu
742 2188 802 2229 se
825 2173 1038 2228 noverit
1063 2183 1406 2251 sacramento
1433 2173 1676 2242 corporis

84 2271 139 2317 et
162 2264 441 2334 sanguinis
463 2264 676 2321 Domini
707 2266 822 2322 fore
862 2265 1204 2338 privandum,
1252 2266 1491 2336 quandiu
1553 2280 1676 2320 san-

86 2365 186 2411 ctae
210 2357 554 2430 Lugdunensi
582 2359 858 2426 Ecclesia},
885 2369 941 2416 et
965 2360 1083 2426 tibi,
1114 2359 1393 2430 ipsiusque
1409 2358 1673 2430 pontiﬁci,

89 2448 347 2520 legitime,
381 2451 489 2506 imo
514 2452 776 2508 canonice
810 2451 974 2508 fuerit
1001 2450 1363 2507 satisfactum.
1410 2449 1676 2521 Optamus

83 2542 431 2599 sanctitatem
456 2551 603 2598 tuam
633 2543 688 2598 in
719 2541 939 2599 Christo
967 2541 1106 2599 bene
1128 2541 1327 2597 valere.

802 2676 962 2734 XVII.

461 2786 529 2825 AD
557 2786 805 2830 CAROLU!
851 2788 1062 2829 CALVUI
1093 2788 1290 2830 REGEM.

705 2885 882 2957 (Anno
902 2884 1053 2957 868.)

87 2990 432 3053 Commendat
478 2997 586 3068 regi
639 2995 929 3068 Ecclesiam
956 2995 1378 3063 Laudunensem,
1411 2995 1538 3050 dum
1564 2995 1678 3066 ejus

526 3067 794 3139 episcopus
834 3067 1051 3123 Romam
1078 3069 1235 3122 venit.

163 3183 435 3238 Αυιιωωε
463 3181 770 3252 episcopus,
801 3196 990 3238 servus
1011 3197 1295 3239 servorum
1333 3181 1454 3249 Dei,
1485 3181 1680 3238 dilecto

90 3274 204 3329 ﬁlio
231 3273 444 3330 Canoco
467 3273 928 3329 excellentissimo
957 3273 1093 3345 regi.

165 3363 426 3420 Illustrem
476 3363 826 3419 Hincmarum
873 3361 1282 3440 Lugdunensem
1346 3364 1678 3436 episcopum,

90 3456 363 3514 desiderio
392 3457 736 3514 visendarum
768 3465 1079 3513 sanctorum
1120 3457 1491 3528 apostolorum
1539 3458 1681 3511 limi-

88 3564 221 3604 num
261 3547 622 3614 anhelantem,
655 3556 708 3603 et
732 3547 963 3603 libenter
990 3549 1380 3619 amplectimur,
1406 3559 1460 3605 et
1483 3551 1682 3605 adven-

90 3649 208 3696 tum
229 3640 370 3698 illius
391 3658 498 3698 non
524 3639 697 3698 solum
722 3655 830 3697 non
860 3637 1180 3706 differimus,
1204 3655 1395 3694 verum
1417 3641 1580 3696 etiam
1610 3655 1681 3694 ne

89 3736 231 3791 ultra
256 3736 525 3793 Kalendas
573 3737 800 3809 Augusti
831 3744 979 3792 stare
1018 3734 1232 3799 audeat,
1261 3734 1528 3806 gravitate
1555 3748 1682 3804 apo-

89 3825 301 3894 stolica,
333 3827 571 3885 scientes
595 3828 747 3882 illum
777 3826 868 3882 tali
890 3835 1016 3882 voto
1043 3826 1360 3898 spiritaliter
1380 3841 1536 3896 posse
1550 3841 1680 3896 pro-

90 3915 286 3986 ﬁcere,
337 3918 707 3989 prohibemus.
737 3917 876 3974 Huic
929 3933 1060 3989 ergo
1105 3917 1159 3972 in
1216 3918 1498 3983 veniendo,
1539 3917 1681 3972 sicut

97 4011 395 4067 auctoritas
418 4011 735 4082 apostolica,
764 4011 845 4067 sic
869 4009 1048 4066 faveat
1077 4019 1129 4066 et
1161 4010 1473 4066 humanitas
1489 4010 1634 4080 regia
1662 4029 1675 4064 :

89 4113 358 4174 quatenus
382 4105 725 4176 episcopatus
745 4101 862 4172 ejus
896 4104 1045 4159 omni
1075 4112 1264 4159 careat
1310 4118 1410 4172 per
1433 4112 1676 4158 vestram

89 4195 504 4252 sollicitudinem
535 4197 901 4252 detrimento:
929 4195 1058 4250 dum
1084 4196 1410 4266 praediorum
1427 4211 1675 4263 suorum,

89 4300 346 4360 perverse
373 4306 404 4346 a
424 4290 762 4346 Nortmanno
786 4305 1183 4362 possessorum,
1233 4289 1562 4348 liberalitate
1586 4306 1677 4347 ve-

90 4390 202 4438 stra
233 4399 330 4453 per
359 4383 804 4441 intercessionem
853 4393 1096 4440 nostram
1141 4383 1306 4440 fuerit
1351 4386 1557 4456 potitus
1582 4401 1678 4442 au-

90 4485 326 4547 gmento.
355 4477 508 4533 Sicut
531 4479 675 4534 enim
688 4481 986 4548 gaudemus
1005 4493 1128 4534 cum
1150 4478 1502 4536 serenitatem
1527 4488 1674 4534 tuam

90 4586 218 4641 erga
267 4580 466 4625 statum
514 4571 964 4637 ecclesiasticum,
1020 4586 1170 4628 more
1217 4573 1672 4642 praedecessorum

1781 1993 1968 2040 nostro
2001 1984 2221 2040 IGNA'I‘IO
2249 1985 2568 2055 patriarchae
2598 1984 3215 2057 Constantinopolitano.

1851 2075 1962 2132 Nec
1985 2077 2251 2148 scriptura
2277 2077 2533 2147 pandere,
2578 2090 2679 2133 nec
2724 2077 2965 2148 profecto
2997 2079 3178 2150 lingua
3209 2079 3362 2134 sutli-

1779 2170 1856 2226 cit
1881 2185 2160 2237 enarrare,
2193 2180 2451 2241 quantas,
2480 2187 2514 2227 o
2537 2172 2890 2228 dilectissime
2917 2172 3103 2240 frater,
3142 2190 3241 2244 pro
3264 2175 3369 2229 Ec-

1780 2261 1959 2318 clesia:
1989 2261 2598 2332 Constantinopolitanae
2621 2272 2786 2330 statu,
2813 2273 2975 2334 atque
2998 2280 3096 2336 pro
3121 2276 3212 2320 tua
3242 2281 3368 2334 spe-

1779 2355 1991 2412 cialiter
2033 2356 2331 2421 erectione,
2363 2356 2724 2411 certaminum
2779 2357 3062 2426 palaestras
3110 2359 3368 2414 decessor

1779 2462 1934 2503 meus
1978 2455 2181 2503 sanctae
2202 2448 2478 2503 memoria:
2497 2463 2635 2518 papa
2662 2447 2918 2504 Nicolaus
2966 2465 3090 2505 eum
3120 2450 3366 2518 subjecta

1779 2540 1884 2595 sibi
1914 2538 2154 2595 Ecclesia
2180 2540 2550 2595 indesinenter
2573 2541 2843 2608 exercuit,
2873 2551 2927 2597 et
2959 2557 3132 2613 usque
3158 2543 3226 2596 ad
3256 2558 3366 2597 me-

1779 2633 1931 2690 lioris
1956 2633 2080 2688 vitae
2127 2635 2413 2688 transitum
2442 2633 2712 2698 toleravit,
2747 2635 2881 2690 adeo
2915 2643 2975 2689 ut
3004 2637 3060 2689 in
3108 2637 3226 2706 ipso
3255 2652 3368 2691 suae

1780 2726 2120 2799 migrationis
2151 2725 2380 2781 articulo
2426 2740 2526 2795 pro
2572 2727 3003 2794 commendanda
3031 2741 3196 2782 causa
3246 2737 3361 2791 tua,

1779 2817 1864 2873 vel
1890 2815 2145 2873 Ecclesia:
2177 2807 2272 2872 tibi
2294 2816 2553 2872 divinitus
2582 2817 2914 2883 commissae,
2942 2832 3044 2873 nec
3072 2817 3368 2875 scribendo

1780 2911 1882 2966 sibi
1911 2909 2172 2981 pepercit,
2195 2923 2296 2965 nec
2321 2924 2422 2980 pro
2446 2909 2571 2973 hac,
2615 2910 2799 2979 signon
2850 2909 3140 2980 loquendo,
3171 2910 3370 2966 saltem

1781 3003 2072 3068 innuendo,
2118 3002 2442 3068 cessaverit;
2477 3002 2650 3058 donec
2671 3001 2904 3058 olllcium
2950 3004 3216 3059 duntaxat
3256 3005 3371 3060 oris

1781 3096 2074 3163 amitteret,
2122 3103 2177 3150 et
2203 3094 2387 3150 oculos
2427 3094 2641 3164 penitus
2684 3095 2982 3152 obseraret.
3030 3093 3195 3164 Cujus
3241 3095 3371 3151 affe-

1781 3197 1929 3244 ctum
1948 3196 2005 3243 et
2036 3202 2135 3242 nos
2161 3201 2378 3257 quoque
2402 3194 2702 3251 sumentes,
2732 3186 2874 3242 sicut
2895 3186 3080 3241 divina
3115 3186 3288 3258 gratia
3318 3187 3372 3241 ei

1707 3274 1752 3335 C
1785 3279 2145 3335 successimus
2168 3279 2220 3332 in
2250 3278 2474 3343 honore,
2503 3277 2576 3331 ita
2622 3285 2678 3331 et
2703 3277 2900 3332 merito
2923 3277 3288 3332 successimus
3316 3277 3373 3331 in

1785 3369 1988 3434 labore,
2017 3377 2072 3424 et
2095 3368 2239 3424 sicut
2260 3368 2517 3423 sudorum
2557 3366 2676 3438 ejus
2703 3374 2760 3422 et
2786 3367 3208 3437 dispositionum
3245 3376 3374 3424 tunc

1783 3461 2089 3517 exstitimus
2110 3460 2628 3525 communicatores,
2644 3458 2718 3514 ita
2735 3473 2949 3528 quoque
2964 3475 3108 3515 nunc
3121 3468 3375 3529 optamus

1783 3563 1839 3609 et
1863 3553 2156 3625 satagimus
2194 3567 2314 3608 esse
2341 3553 2395 3607 in
2425 3551 2638 3607 cunctis
2695 3551 3094 3608 observatores.
3159 3550 3374 3618 Quanto

1785 3659 1914 3699 vero
1957 3644 2154 3715 gaudio
2184 3652 2496 3713 quantaque
2525 3643 2698 3698 simus
2746 3642 3114 3697 exsultatione
3155 3639 3372 3712 repleti,

1787 3737 2146 3809 percipientes
2173 3737 2382 3799 auditu,
2406 3734 2552 3804 quod
2581 3733 2649 3788 de
2674 3734 2922 3788 sanitatis
2952 3743 3058 3788 tuae
3084 3749 3376 3803 recupera-

1788 3831 1933 3887 tione
1951 3828 2068 3900 jugi
2095 3827 2444 3900 gestabamus
2464 3824 2684 3892 aﬁ‘ectu,
2715 3841 2818 3881 nec
2845 3840 2906 3880 os
2937 3825 3246 3895 exprimere
3274 3840 3376 3880 nec

1785 3924 2026 3980 calamus
2073 3921 2332 3994 praevalet
2376 3934 2626 3976 exarare.
2657 3918 2811 3976 Unde
2835 3920 3212 3976 benediximus
3239 3919 3371 3986 Deo,

1785 4027 1840 4073 et
1862 4017 2026 4073 totius
2054 4016 2235 4072 cordis
2265 4013 2592 4084 jubilatione
2615 4013 2976 4079 laudavimus,
3001 4013 3262 4068 excitanti
3289 4011 3370 4066 vi-

1783 4109 1979 4166 delicet
2004 4109 2186 4165 dilecti
2217 4106 2312 4162 ﬁlii
2339 4106 2512 4162 nostri
2541 4105 2724 4162 Basilii
2753 4105 3015 4177 principis
3043 4114 3098 4163 et
3140 4106 3367 4178 Augusti

1783 4199 2246 4256 ferventissimum
2290 4197 2562 4268 spiritum,
2609 4212 2716 4252 non
2757 4196 2933 4251 solum
2979 4197 3046 4252 ad
3075 4197 3372 4252 vindictam

1782 4289 2219 4356 malefactorum,
2277 4303 2466 4344 verum
2513 4287 2679 4342 etiam
2729 4287 2798 4340 ad
2847 4285 3064 4341 laudem
3096 4287 3368 4342 bonorum

1783 4384 1989 4441 scilicet
2017 4383 2107 4454 qui
2153 4381 2354 4452 eripuit
2408 4378 2708 4435 Ecclesiam
2759 4377 2874 4444 Dei,
2928 4379 3056 4434 dum
3100 4379 3368 4450 quotidie,

1782 4479 1911 4550 quia
1941 4493 2048 4533 non
2069 4475 2344 4532 consensit
2379 4473 2646 4538 adultero,
2681 4471 2988 4525 traheretur
3020 4480 3128 4524 tam
3157 4470 3224 4523 ad
3251 4485 3373 4524 cor-

1785 4569 1935 4642 poris
1979 4583 2143 4640 quam
2181 4568 2249 4623 ad
2307 4566 2502 4621 anima:
2547 4572 2802 4629 mortem,
2853 4563 3023 4618 instar
3051 4563 3236 4634 utique
3269 4563 3372 4618 Da-

89 4661 418 4734 principum,
444 4661 722 4718 liberalem
745 4674 856 4718 tam
879 4663 1078 4726 litteris
1117 4663 1368 4720 audimus
1399 4681 1562 4735 quam
1585 4682 1679 4736 vo~
1707 4677 1756 4736 Β
1784 4667 1942 4723 nielis
1972 4665 2369 4722 sanctissimam
2393 4662 2675 4732 eripientis
2704 4661 3011 4717 Susannam
3040 4678 3070 4717 a
3101 4662 3371 4718 sententia

91 4755 242 4810 cibus
271 4771 284 4808 :
327 4755 406 4810 sic
459 4755 734 4821 nimirum,
766 4772 889 4810 cum
912 4770 1034 4810 eam
1066 4757 1120 4810 in
1147 4757 1329 4826 aliquo
1377 4734 1684 4814 distrahen—

91 4856 201 4901 tem
258 4856 410 4903 extra
462 4839 906 4904 consuetudinem
963 4865 1116 4904 suam
1143 4850 1534 4920 comperimus,
1569 4860 1682 4908 tota

91 4941 396 4996 valetudine
418 4941 821 4997 contristamur.
852 4942 1194 5014 Quapropter
1214 4951 1270 4998 et
1287 4943 1682 4999 Nortmannum

91 5037 230 5092 scito
266 5038 587 5092 auctoritate
613 5037 904 5107 apostolica
935 5037 1192 5093 continuo
1219 5039 1288 5093 ab
1314 5038 1684 5094 ecclesiastica

91 5128 490 5194 communione,
525 5129 629 5183 nisi
662 5145 720 5184 se
740 5129 1157 5199 praesentialiter
1185 5130 1438 5187 omnibus
1467 5132 1678 5203 Lugdu-

91 5218 276 5274 nensis
302 5218 548 5275 ecclesiae
576 5221 738 5276 rebus
754 5222 990 5285 exuerit,
1016 5221 1415 5292 repellendum;
1445 5234 1501 5278 et
1520 5239 1683 5278 vene-

93 5310 317 5366 rabilem
370 5313 546 5367 virum
594 5312 944 5370 Hincmarum
974 5314 1307 5384 episcopum,
1336 5316 1381 5371 si
1407 5317 1682 5387 proposito

93 5403 323 5458 Romam
351 5405 600 5460 veniendi
631 5407 854 5472 abusus,
904 5409 1048 5477 quod
1077 5408 1214 5465 bene
1256 5410 1424 5477 vovit,
1456 5412 1683 5468 reddere

93 5513 199 5554 non
261 5500 548 5567 studuerit,
603 5501 1020 5572 transgressoris
1068 5502 1302 5571 judicio,
1355 5505 1497 5573 quod
1538 5503 1681 5560 Deus

94 5592 372 5659 averterit,
429 5593 778 5664 puniendum.
808 5591 1128 5666 Quicunque
1167 5596 1332 5668 igitur
1353 5611 1382 5650 a
1413 5606 1678 5668 tempore,

94 5699 200 5752 quo
223 5683 449 5739 Romam
500 5687 687 5742 venire
721 5688 968 5758 cmperit,
998 5704 1172 5758 usque
1197 5689 1248 5744 in
1274 5690 1328 5744 id
1355 5681 1489 5759 quo,
1517 5689 1678 5747 Chri-

96 5782 177 5826 sto
202 5773 358 5840 duce,
395 5774 461 5829 ad
487 5777 706 5845 propria
733 5780 1078 5841 remeaverit,
1113 5780 1165 5834 in
1193 5779 1530 5850 quibuslibet
1585 5795 1678 5837 re-

96 5865 194 5924 bus
217 5864 359 5925 illius
397 5867 638 5925 ecclesiae
679 5871 956 5938 quodlibet
1003 5881 1257 5943 operatus
1299 5871 1463 5936 fuerit
1507 5872 1678 5932 detri-

497 5977 766 6048 Ριτιιοι..
791 5967 1070 6064 CXXII.

1788 4759 2000 4824 mortis,
2030 4774 2194 4828 quam
2220 4755 2479 4827 impudici
2526 4755 2854 4826 presbyteri,
2909 4757 3000 4825 qui
3048 4756 3373 4812 videbantur

1789 4866 1979 4922 regere
2025 4850 2285 4922 populum
2329 4848 2565 4913 Domini,
2605 4863 2714 4903 non
2737 4857 2916 4903 autem
2947 4850 3226 4920 regebant,
3279 4848 3372 4904 sed

1788 4945 1968 5014 potius
1989 4945 2168 5000 Photii
2198 4959 2349 5000 more
2371 4943 2690 5015 perdebant,
2716 4946 2970 5014 nequiter
2997 4954 3367 5000 extorserunt.

1789 5037 2059 5092 Praeterea
2111 5052 2231 5107 qua:
2292 5037 2547 5106 prmfatus
2614 5038 2921 5107 apostolicae
2972 5035 3373 5090 recordationis

1789 5129 2036 5201 pontifex
2061 5127 2385 5200 regulariter
2409 5143 2474 5184 ac
2509 5130 2766 5201 synodico
2794 5139 2900 5184 tam
2933 5129 2999 5183 de
3021 5129 3371 5184 schismatico

1789 5233 1846 5278 et
1875 5223 2088 5278 mmeho
2115 5222 2331 5286 Photio,
2360 5233 2415 5278 et
2461 5224 2824 5288 ordinatione,
2851 5223 2958 5277 imo
2989 5224 3368 5278 exsecratione

1787 5317 1981 5386 ipsius,
2008 5323 2170 5386 atque
2215 5316 2558 5386 Syracusano
2587 5314 2868 5386 Gregorio,
2919 5330 3079 5384 quam
3109 5316 3273 5369 etiam
3304 5315 3371 5370 de

1788 5417 1842 5462 te
1864 5407 2174 5477 specialiter
2218 5417 2274 5462 et
2307 5409 2373 5462 de
2393 5406 2850 5476 compatientibus
2897 5406 2992 5461 tibi
3049 5407 3288 5462 sanxerit
3314 5415 3371 5462 et

1787 5497 2079 5565 deﬁnierit,
2125 5509 2313 5554 tenore
2338 5496 2545 5551 valebis
2568 5495 2685 5565 ejus
2715 5496 3083 5567 epistolarum,
3113 5513 3250 5568 quas
3279 5514 3370 5552 su-

1784 5605 1883 5661 per
1906 5590 1993 5646 his
2013 5589 2229 5646 diverso
2255 5599 2493 5661 tempore
2507 5587 3031 5658 Constantinopolim
3052 5589 3369 5655 destinavit,

1785 5691 2036 5752 patenter
2061 5682 2324 5738 ediscere.
2359 5678 2560 5735 Verum
2589 5679 2633 5735 si
2660 5680 2726 5733 ad
2752 5681 2998 5734 notitiam
3045 5691 3147 5734 tute
3191 5680 3369 5734 beati-

1788 5776 1992 5832 tudinis
2020 5791 2126 5832 non
2154 5783 2543 5846 pervenerunt,
2569 5788 2599 5828 a
2629 5772 2812 5828 missis
2839 5773 3044 5828 nostris
3072 5773 3170 5828 has
3218 5772 3368 5828 acci-

1786 5871 1960 5944 piens,
2003 5869 2072 5928 ad
2099 5869 2509 5938 instructionem
2551 5876 2696 5926 tuam
2742 5877 2798 5926 et
2836 5875 3246 5927 monumentum
3288 5864 3367 5924 fu-

2923 5969 3022 6042 ιιι.
