4004 6290
609 403 757 464 1285

1966 385 2244 445 ΑιιιιιΝΑι
2279 382 2490 459 parte,
2516 384 2564 445 ιι

3776 380 3914 450 ﬂii

612 494 861 568 tororum
891 492 1142 575 reserva;
1170 521 1504 581 cognoscens
1529 504 1771 573 interim,
1798 508 1855 561 et
1890 504 2194 561 certissime
2220 511 2274 570 Α
2298 504 2479 561 monia
2508 510 2600 560 tua
2631 503 2936 562 consecrati
2980 514 3128 573 sunt,
3161 500 3278 562 haze
3320 504 3499 563 forma
3559 505 3910 575 servabitur,

605 606 793 661 sciens
820 617 922 659 nos
971 618 1004 657 a
1034 602 1267 659 decretis
1292 599 1411 672 ejus
1441 598 1589 655 nullo
1634 597 1796 655 modo
1832 596 2189 665 discessuros,

611 696 711 751 sed
745 692 863 763 ejus
885 691 1025 749 sicut
1049 692 1246 757 locum,
1272 692 1345 746 ita
1370 698 1425 747 et
1450 689 1687 746 studium
1716 688 2074 759 possidentes,
2111 687 2193 758 ip-

612 789 747 855 sius,
773 797 1035 860 quantum
1065 787 1279 843 ratione
1318 785 1579 859 magistra
1616 799 1921 857 possumus,
1964 778 2195 854 vestigia

611 887 894 937 secuturos
919 898 933 933 :
966 888 1234 951 quatenus
1263 880 1330 935 ad
1360 877 1633 935 lucernam
1666 876 2043 934 mandatorum
2074 874 2193 945 ejus

611 973 666 1028 in
693 970 853 1042 hujus
881 970 1162 1042 caliginosi
1189 969 1370 1026 saeculi
1401 969 1518 1027 loco
1548 968 1879 1042 gradientes,
1912 956 2194 1023 inoﬂ'ensis

606 1062 858 1135 pedibus,
887 1064 997 1119 Deo
1036 1063 1193 1129 duce,
1216 1063 1468 1120 incedere
1490 1062 1787 1118 valeamus.
1828 1059 2194 1128 Quamobrem

609 1165 667 1210 et
693 1155 746 1209 in
792 1155 899 1220 bis,
928 1168 1091 1225 super
1116 1153 1310 1224 quibus
1360 1169 1391 1208 a
1420 1151 1576 1208 nobis
1601 1142 1983 1222 dispositiones
2004 1159 2060 1207 et
2082 1149 2194 1206 dis-

610 1250 878 1304 cretiones
906 1250 1096 1320 exigis,
1119 1249 1192 1304 nil
1218 1249 1549 1321 sequendum
1579 1258 1775 1319 praeter
1799 1245 1917 1316 ejus
1935 1244 2194 1301 divinitus

611 1342 871 1414 inSpirata
908 1343 1123 1399 decreta
1173 1342 1567 1415 conspicimus;
1601 1357 1712 1413 prie
1738 1340 1992 1411 omnibus
2014 1349 2071 1394 et
2096 1354 2191 1410 su-

609 1450 707 1506 per
753 1436 933 1490 omnia
968 1436 1286 1507 Gregorium
1343 1435 1775 1511 Syracusanum;
1834 1440 1891 1488 et
1939 1431 2191 1487 Photium

612 1538 899 1599 tyrannum
927 1537 981 1584 et
1002 1545 1136 1600 quos
1158 1529 1299 1584 idem
1327 1525 1620 1583 Photiusin
1649 1525 1818 1600 gradu
1843 1522 2083 1595 quolibet
2103 1538 2193 1578 or-

609 1623 827 1679 dinasse
859 1631 1077 1695 putatus
1107 1631 1210 1688 est,
1235 1622 1303 1677 ab
1345 1620 1723 1692 episcoporum
1750 1631 1976 1673 numero
1997 1614 2084 1671 vel
2114 1612 2193 1670 di-

608 1710 835 1790 gnitate,
889 1734 1049 1788 quam
1085 1715 1395 1786 usurpative
1422 1729 1487 1768 ac
1515 1712 1638 1768 iicte
1660 1710 1825 1775 dedit,
1875 1707 2071 1765 merito
2101 1722 2188 1765 se-

608 1818 970 1880 questrantes.
1001 1807 1205 1873 Primo,
1254 1806 1382 1877 quia
1427 1800 1655 1859 Photius
1684 1798 1935 1865 Maximo,
1964 1807 2018 1856 et
2044 1798 2193 1855 ordi-

2294 603 2353 651 ut
2368 597 2636 668 siquidem
2656 607 2785 655 sunt
2805 594 2948 654 inter
2962 612 3056 656 eos
3075 596 3186 671 qui,
3203 600 3376 672 gratia
3391 598 3517 667 Dei,
3536 601 3908 660 contortam:

2292 689 2531 746 invasuri
2563 686 2756 747 Photio
2799 692 3134 757 restiterunt,
3185 707 3284 763 per
3314 692 3649 765 nullumque
3679 694 3906 750 modum

2294 781 2690 839 inhonorantiaa
2737 783 2821 839 vel
2842 778 3184 841 contumeliae
3207 783 3582 841 fraternitatis
3617 794 3764 851 tuae,
3815 800 3904 842 aut

2290 873 2547 944 putativze
2570 873 2891 946 depositioni
2914 877 3476 944 communicaverunt,
3500 877 3609 933 sed
3631 887 3693 934 et
3726 880 3901 935 varias

2267 971 2471 1020 ‘tecum
2499 963 2569 1021 ob
2600 965 2706 1022 hoc
2726 962 3105 1023 tribulationcs
3130 976 3188 1023 et
3222 966 3439 1035 exsilia,
3476 969 3621 1039 quin
3652 978 3714 1025 et
3744 970 3903 1043 depo-

2291 1057 2515 1115 sitiones
2541 1057 2912 1129 pertulerunt;
2967 1060 3069 1117 hos
3112 1060 3323 1127 beatos,
3356 1068 3414 1117 et
3458 1064 3555 1117 ter
3579 1062 3788 1121 beatos
3833 1065 3901 1119 dio

2292 1148 2486 1218 xcrim,
2513 1156 2569 1207 et
2601 1152 2746 1208 inter
2772 1151 2975 1209 Christi
3027 1150 3371 1209 confessores
3402 1156 3899 1213 connumerandus

2262 1245 2659 1312 decreverim;
2717 1245 2852 1302 adeo
2882 1252 2941 1300 ut
2974 1243 3210 1302 habeant
3257 1245 3539 1317 insignem
3572 1246 3632 1302 in
3661 1262 3758 1312 ea,
3790 1264 3899 1318 quae

2293 1332 2434 1405 apud
2454 1341 2549 1391 vas
2573 1344 2676 1401 est,
2702 1334 2944 1392 Ecclesia
2968 1334 3167 1403 locum,
3219 1340 3273 1392 et
3296 1337 3589 1408 pnecipna
3636 1338 3795 1403 circa
3822 1339 3891 1394 di-

2293 1423 2578 1480 lectionem
2601 1432 2746 1481 tuam
2774 1424 2972 1482 fiducia
2997 1425 3378 1497 perfruantur;
3398 1427 3479 1483 ita
3502 1434 3574 1484 ut
3594 1430 3893 1484 semiudum

2292 1516 2691 1575 multitudinem
2738 1516 2987 1576 dolorum
3014 1520 3278 1592 ipsorum,
3329 1522 3761 1578 consolationes
3808 1532 3897 1578 tu:

2294 1611 2508 1666 animas
2533 1624 2723 1667 eorum
2750 1608 3046 1678 laetiﬁcum,
3072 1618 3225 1668 more
3252 1611 3465 1669 scilicet
3514 1608 3625 1670 Dei
3659 1615 3760 1685 qui
3794 1616 3899 1671 red-

2294 1702 2385 1759 det
2405 1701 2632 1773 singulis
2660 1703 2959 1759 secundum
2989 1718 3152 1774 opera
3177 1705 3441 1777 ipsorum.
3469 1704 3659 1763 Porro
3692 1710 3896 1765 caeteris

2294 1793 2387 1864 qui
2417 1804 2482 1850 ex
2512 1792 2924 1851 consecratione
2966 1793 3324 1852 fraternitatis
3350 1802 3459 1852 tua:
3506 1805 3679 1867 sunt,
3710 1805 3769 1853 et
3794 1800 3896 1854 sive

607 1875 756 1960 natio
798 1903 936 1972 ejus,
975 1901 1056 1956 vel
1087 1875 1287 1973 potius
1315 1896 1637 1961 exsecratio,
1665 1895 1821 1950 istius
1867 1886 2193 1949 ordinationi
2225 1875 2272 1937 Β
2298 1893 2493 1959 sponte
2514 1886 2629 1943 sive
2653 1885 2704 1941 vi
2725 1900 2784 1942 se
2810 1886 2879 1941 ad
2910 1883 3164 1942 Photium
3190 1887 3576 1951 contulerunt,
3603 1888 3653 1943 si
3688 1889 3797 1943 sub
3820 1904 3897 1943 se

608 2010 746 2070 pene
772 1994 825 2049 in
850 1993 1059 2049 cunctis
1076 1993 1288 2047 videtur
1311 2005 1429 2047 esse
1444 1987 1735 2045 simillima.
1770 1983 2039 2050 Secundo,
2063 1980 2190 2055 quia

608 2089 686 2143 sic
720 2100 777 2142 se
806 2086 967 2141 habet
993 2100 1088 2157 per
1119 2085 1458 2139 decessorem
1492 2094 1670 2135 meum
1701 2076 2011 2148 apostolicae
2040 2075 2191 2131 sedis

609 2184 907 2247 decretum,
932 2178 1083 2248 cujus
1108 2178 1370 2250 judicium
1402 2188 1666 2246 nusquam
1694 2169 2015 2243 principium
2045 2166 2193 2223 sacri

609 2286 843 2329 canones
867 2266 1177 2336 retractari,
1208 2271 1335 2324 dum
1356 2274 1536 2322 tamen
1565 2271 1821 2320 censeant
1845 2276 1965 2317 eam
1987 2260 2042 2314 in
2067 2257 2196 2314 alio-

609 2380 730 2420 rum
754 2374 979 2434 quthue
1008 2359 1318 2417 renovanda
1365 2372 1457 2413 seu
1489 2350 1792 2411 deﬁnienda
1821 2350 2035 2423 negotia
2064 2362 2193 2421 per-

582 2458 845 2514 'scrntari
876 2476 889 2510 :
924 2469 1129 2525 nosque
1158 2452 1430 2517 convenit,
1463 2458 1523 2505 ut
1569 2446 1924 2519 prtetnlimus,
1966 2443 2083 2515 ejus
2136 2442 2191 2498 in

609 2548 859 2605 omnibus
886 2548 1180 2604 constituta
1210 2541 1427 2600 sectari.
1455 2539 1660 2607 Tertio,
1690 2538 1815 2610 quia
1860 2534 2082 2592 Photius
2108 2532 2194 2590 vir

609 2642 863 2708 forensis,
913 2639 1154 2706 curialis,
1206 2637 1529 2708 ncophytus,
1564 2631 1800 2697 invasor,
1846 2636 2012 2700 atque
2039 2622 2193 2681 adul.

609 2747 714 2803 ter,
768 2750 868 2792 nec
898 2747 1027 2791 non'
1053 2740 1108 2789 et
1146 2730 1487 2788 anathemate
1516 2725 1905 2783 condemnatus
1930 2717 2190 2787 existens,

609 2827 745 2882 nihil
786 2824 977 2881 habuit
1005 2838 1063 2881 se
1092 2821 1196 2896 [[2,
1238 2836 1399 2892 quam
1449 2817 1529 2891 se]
1560 2815 1911 2887 sequentibus
1932 2811 2192 2884 propina-

609 2920 769 2976 verit.
801 2914 994 2975 Photio
1024 2927 1190 2983 certe,
1237 2913 1557 2986 praesidente
1588 2918 1826 2973 auctore,
1859 2905 2063 2962 dictum
2107 2914 2193 2961 est

611 3012 680 3065 ab
708 3002 1180 3064 anathematizatis
1204 3024 1220 3062 :
1251 3007 1611 3061 Consecratus
1632 3012 1738 3056 non
1766 2999 1940 3056 solum
1969 3012 2077 3053 non
2101 3010 2191 3053 ac-

611 3101 740 3171 cipit
770 3099 1031 3173 Spiritum
1080 3107 1348 3164 sanctum,
1400 3094 1494 3151 sed
1542 3102 1597 3150 et
1640 3088 1783 3164 quod
1812 3099 1968 3146 antea
2003 3087 2193 3145 habuit

610 3194 805 3247 ilamcn
837 3188 1083 3247 aufertur
1111 3190 1176 3246 ab
1202 3206 1267 3246 eo
1292 3205 1306 3245 :
1328 3202 1517 3244 verum
1541 3182 1791 3256 quamvis
1836 3183 1940 3239 hoc
1971 3180 2188 3255 tyranni

2294 1981 2606 2038 tisfactione
2628 1979 2815 2048 libeiii,
2832 1979 2985 2053 cujus
3010 1980 3289 2055 exemplar
3309 1980 3493 2038 missis
3517 1984 3740 2039 nostris
3761 1999 3895 2039 eom-

2296 2068 2563 2142 misimus,
2595 2075 2662 2130 ad
2684 2084 2737 2130 te
2765 2074 3150 2142 remeaverint,
3173 2076 3424 2146 quamvis
3447 2087 3657 2133 contra
3698 2077 3898 2149 profes-

2293 2167 2500 2222 sionem
2529 2164 2613 2221 rei
2640 2166 3093 2243 subscriptionem
3139 2173 3293 2223 suam
3323 2169 3567 2240 egerint,
3624 2183 3697 2225 ac
3729 2170 3895 2224 multi.

2293 2257 2507 2330 pliciter
2534 2256 2796 2316 adversus
2821 2270 3095 2316 summum
3122 2256 3495 2316 sacerdotium
3537 2264 3729 2329 tuum,
3758 2272 3812 2319 et
3841 2266 3888 2320 in

2294 2357 2665 2422 contemptum
2703 2350 2848 2407 sedis
2878 2351 3186 2423 apostolica:
3216 2354 3565 2423 exarserint,
3601 2370 3705 2411 eos
3732 2372 3888 2428 gene-

2295 2440 2483 2497 raliter
2536 2442 2589 2497 in
2620 2442 2733 2499 suis
2770 2442 3024 2514 gradibus
3049 2443 3457 2511 conﬁrmantes,
3490 2446 3885 2518 ignoscendum

2295 2533 2652 2590 decrevimus.
2689 2532 2942 2605 Discipuli
2972 2534 3115 2591 enim
3166 2544 3355 2592 sumus
3378 2536 3540 2593 mitis
3591 2547 3652 2593 et
3688 2538 3887 2594 mixti-

2293 2627 2476 2683 cordis
2529 2626 2793 2700 Magistri,
2834 2629 2945 2699 qui,
3010 2628 3375 2699 apostolorum
3427 2630 3695 2704 principe
3746 2642 3886 2697 teste,

2293 2735 2478 2790 passus
2508 2733 2599 2790 pro
2625 2718 2794 2786 nobis,
2826 2719 2974 2776 nobis
3008 2720 3215 2793 reliquit
3241 2721 3545 2793 exempium
3587 2736 3645 2779 ut
3676 2741 3887 2796 sequu—

2294 2827 2416 2865 mur
2434 2809 2649 2882 uestigia
2675 2810 2812 2882 ejus,
2853 2813 2946 2883 qui
2979 2815 3250 2883 peccatum
3276 2830 3380 2870 non
3410 2814 3568 2885 fecit,
3601 2827 3661 2871 ut
3693 2834 3787 2872 nos
3806 2820 3892 2871 sci-

2294 2901 2412 2958 licet
2442 2903 2791 2974 lucrifaceret,
2820 2920 2913 2961 nec
2937 2904 3176 2961 iuventus
3200 2916 3274 2960 est
3298 2907 3454 2962 dolus
3474 2909 3537 2963 in
3568 2926 3665 2964 ore
3690 2912 3883 2981 ipsius:

2294 3002 2340 3048 et
2362 3003 2534 3049 tamen
2549 3008 2664 3049 cum
2679 2992 3098 3064 maledicerctur,
3114 3010 3216 3050 non
3242 2994 3682 3065 remaledicebat,
3704 3011 3755 3054 et
3781 3018 3885 3053 tua

2294 3095 2578 3158 pateretur,
2614 3104 2717 3142 non
2738 3082 3156 3142 comminabatur
3180 3086 3237 3158 (Ι
3260 3085 3408 3143 Pelr.
3441 3088 3531 3161 ιι).
3572 3090 3635 3145 Si
3664 3093 3763 3161 qui
3798 3107 3884 3145 an-

2297 3185 2405 3232 tem
2436 3193 2502 3234 ex
2532 3177 2598 3234 iis
2627 3186 2753 3234 sunt
2776 3172 2866 3251 qui
2906 3178 3063 3235 aliter
3089 3179 3171 3236 vel
3204 3179 3259 3234 in
3284 3176 3481 3248 Deum,
3510 3171 3603 3238 vel
3635 3184 3885 3238 adversus

613 3284 790 3341 Photii
826 3280 1030 3341 dictum
1059 3283 1263 3350 favore,
1294 3281 1517 3354 ipseque
1543 3292 1706 3350 super
1729 3273 2037 3348 hujusmodi
2061 3287 2191 3330 scn-
2219 3260 2265 3323 C
2297 3270 2590 3326 constituta
2639 3270 2887 3337 Patrum,
2914 3272 3042 3342 quia
3073 3272 3128 3327 el
3168 3270 3283 3343 ipsa
3318 3268 3412 3328 Dei
3437 3270 3658 3343 Spiritu
3688 3277 3887 3347 prolata

578 3366 581 3367 ⁷
614 3378 784 3433 tentia
830 3376 1147 3443 delectatus,
1175 3390 1297 3431 cum
1330 3371 1469 3430 male
1493 3384 1523 3428 a
1567 3384 1626 3428 se
1647 3369 1937 3442 promotis,
1969 3366 2020 3423 ei
2064 3381 2193 3423 con-

613 3487 832 3527 sensum
859 3470 1169 3542 prmbucrit,
1192 3465 1438 3539 quamvis
1462 3465 1629 3521 etiam
1667 3478 1775 3517 non
1796 3461 1883 3525 iis,
1913 3459 1978 3514 de
2000 3456 2194 3529 quibus

613 3563 717 3618 hoc
739 3563 938 3619 frustra
966 3562 1168 3617 dictum
1190 3570 1274 3616 est
1302 3559 1479 3614 valeat
1508 3555 1748 3628 coaptari
1784 3564 1797 3609 ἑ
1826 3553 1951 3626 quia
2008 3560 2192 3608 tamen

614 3655 880 3710 veraciter
904 3654 1104 3710 dictum
1152 3662 1253 3720 est,
1286 3666 1472 3709 eorum
1510 3648 1683 3721 magis
1711 3645 2041 3704 damnationi
2070 3661 2195 3717 pro-

578 3746 579 3749 “
614 3745 700 3803 cui
729 3744 893 3802 dubio
924 3744 1196 3817 congruit,
1226 3744 1318 3815 qui
1365 3742 1431 3797 ab
1461 3739 1921 3797 anathematizato
1956 3740 2011 3791 et
2038 3731 2193 3790 dam-

576 3826 581 3833 ’
614 3853 741 3900 nato
770 3834 986 3908 Photio,
1019 3856 1118 3912 per
1147 3836 1542 3909 impositionem
1574 3848 1788 3900 manus,
1822 3847 1929 3888 non
1956 3830 2189 3899 lucrum,

613 3936 708 3995 sed
729 3930 923 3992 vulnus
948 3936 1002 3991 in
1034 3934 1211 4006 capite
1233 3936 1602 4000 susceperunt.
1627 3926 1685 3983 In
1717 3940 1822 3997 quo
1845 3938 1973 3998 ergo
1994 3923 2196 3996 judicio

607 4030 1008 4102 iudicaverunt,
1032 4027 1322 4084 secundum
1345 4022 1690 4095 Evangelium
1721 4019 1936 4092 (Matth.
1966 4019 2088 4092 vn),
2109 4017 2197 4090 ju-

616 4126 904 4182 dicandum
939 4131 1023 4179 est
1065 4123 1129 4177 de
1173 4121 1273 4186 eis,
1311 4126 1365 4173 et
1396 4119 1449 4173 in
1478 4130 1585 4187 qua
1617 4129 1870 4170 mensura
1897 4111 2196 4168 mensurati

617 4226 763 4278 sunt,
787 4224 869 4271 est
889 4215 968 4271 eis
992 4214 1177 4285 utique
1218 4208 1636 4274 remetiendum,
1671 4214 1832 4278 atque
1862 4220 1960 4276 pro
1999 4219 2197 4275 magno

617 4307 723 4365 illis
748 4302 1076 4371 habendum,
1103 4306 1145 4360 si
1176 4303 1365 4358 saltem
1393 4316 1514 4357 sero
1542 4299 1611 4354 ad
1642 4306 1692 4353 te
1717 4305 1988 4369 pastorem
2015 4308 2193 4362 suum,

618 4418 780 4476 quem
808 4408 933 4472 post
958 4395 1235 4454 Christum
1265 4393 1394 4451 olim
1414 4391 1549 4462 jam,
1581 4399 1635 4446 et
1656 4403 1752 4461 per
1775 4384 2058 4444 Christum
2084 4385 2196 4440 uti-

619 4513 725 4570 que
750 4492 1028 4551 consecuti
1049 4497 1195 4555 sunt,
1227 4485 1563 4557 repedantes,
1599 4496 1663 4538 ac
1694 4480 1811 4536 sine
1833 4477 2024 4550 majori
2064 4485 2200 4532 tem-

622 4568 907 4657 poraiique
929 4581 1291 4653 promotione,
1321 4574 1552 4632 Domino
1581 4572 1812 4629 contrito
1834 4569 1998 4626 Corde
2020 4568 2197 4624 humi-

620 4679 856 4748 iiatoque
888 4677 1084 4746 spiritu
1108 4670 1453 4733 famulantes,
1484 4669 1624 4722 bona
1668 4662 1976 4721 studuerint
2002 4672 2193 4731 exspe-

622 4781 772 4827 ctare
803 4767 1004 4823 futura.
1042 4765 1307 4821 Cmterum
1331 4760 1395 4816 de
1425 4757 1589 4815 Paulo
1617 4750 1958 4819 Caesariensi,
1994 4753 2060 4809 de
2095 4767 2202 4823 quo

623 4877 804 4918 sermo
832 4877 860 4914 a
890 4866 942 4914 te
981 4857 1180 4912 multus
1203 4865 1286 4910 est
1309 4852 1546 4918 habitus,
1576 4848 1815 4917 interim,
1841 4844 1984 4918 quod
2008 4846 2076 4902 de
2099 4860 2203 4901 cas-

626 4952 756 5007 teris
779 4949 869 5019 qui
921 4963 951 5001 a
977 4944 1170 5001 Photio
1215 4942 1445 5015 promoti
1477 4950 1624 5007 sunt,
1653 4938 1990 4995 decrevimus
2016 4936 2204 4992 obser—

624 5043 880 5109 vandum,
906 5042 1028 5113 jure
1044 5038 1347 5095 statuimus.
1371 5036 1641 5092 Praeterea
1663 5031 2102 5106 persecutionum
2124 5037 2205 5085 to-

630 5137 883 5201 lerantia,
910 5134 995 5188 vel
1018 5132 1284 5204 palaestrae
1309 5128 1662 5185 certaminum
1678 5140 1814 5197 quas
1841 5124 2103 5179 adversus
2127 5128 2208 5193 ty-

628 5245 859 5286 rannum
884 5226 970 5281 vel
995 5225 1267 5281 mmchum
1294 5238 1393 5294 pro
1411 5222 1640 5277 veritate
1667 5215 2207 5287 multipliciterexer-

629 5323 808 5379 cuisse
829 5320 1069 5385 testaris,
1104 5332 1257 5374 suam
1278 5316 1483 5371 habent
1509 5310 1751 5383 profecto
1790 5306 2122 5373 mercedem,
2151 5312 2210 5361 et

630 5411 1133 5469 immarcescibilem
1155 5406 1536 5484 praestolamur
1557 5419 1588 5459 a
1616 5400 1916 5459 caelestium
1939 5399 2207 5456 bonorum

629 5507 886 5579 largitore
911 5518 1189 5563 coronam.
1242 5502 1385 5558 Sane
1416 5508 1611 5557 caetera
1641 5490 1898 5552 Ecclesiae
1941 5491 2207 5549 beneﬁcia

632 5600 941 5672 largissime
971 5606 1354 5673 consequatur,
1388 5602 1441 5648 et
1468 5590 1677 5649 honore
1724 5584 2069 5659 competenti,
2099 5590 2208 5640 tam

632 5693 775 5763 apud
802 5690 1215 5748 sanctimoniam
1248 5696 1391 5741 tuam
1414 5696 1578 5755 penes
1608 5690 1816 5745 omnes,
1865 5677 2060 5733 merito
2087 5691 2211 5748 pcr-

632 5783 863 5839 frnatur.
897 5786 971 5839 De
999 5783 1085 5838 his
1108 5789 1287 5836 autem
1315 5776 1689 5834 sacerdotibus
1714 5772 1799 5829 vel
1823 5771 2035 5827 clericis
2064 5770 2154 5840 qui
2180 5785 2211 5825 a

633 5870 807 5932 beata:
832 5873 1107 5930 memoriae
1135 5867 1439 5944 patriarcha
1485 5864 1778 5933 Methodio,
1818 5863 1904 5920 vel
1949 5878 1980 5918 a
2009 5860 2213 5919 sancti-

2299 3360 2626 3427 cousistunt,
2664 3354 2956 3432 deliquisse
2987 3354 3072 3415 vel
3100 3360 3400 3418 escessissc
3427 3364 3772 3434 probantur,
3802 3369 3888 3421 hos

2294 3451 2562 3519 volumus,
2590 3450 2830 3508 adhibita
2859 3450 2962 3509 sibi
3012 3458 3196 3510 nostra
3226 3460 3445 3526 quoque
3472 3460 3830 3521 auctoritate,
3857 3476 3883 3513 a

2294 3545 2573 3616 pontiiieio
2596 3553 2691 3600 tuo
2709 3542 3029 3617 regulariter
3069 3548 3391 3616 examinari,
3420 3550 3478 3605 et
3531 3554 3781 3623 paternis
3801 3554 3886 3609 de.

2297 3640 2631 3696 finitionibus
2656 3641 2849 3695 amodo
2868 3648 2923 3695 et
2940 3639 3192 3712 deinceps
3208 3643 3433 3698 omnino
3453 3632 3734 3701 submitti.
3763 3647 3884 3702 Cum

2298 3731 2441 3786 enim
2468 3731 2660 3787 beatus
2684 3730 2878 3787 Petrus
2900 3728 3129 3788 Domino
3164 3744 3269 3788 non
3299 3723 3487 3789 dic'at:
3519 3734 3588 3791 Si
3607 3739 3889 3807 peccat-erit

2296 3822 2350 3877 in
2382 3831 2454 3887 te,
2488 3821 2583 3878 sed
2606 3822 2664 3876 iii
2695 3836 2796 3889 me,
2827 3822 2994 3895 frater
3016 3830 3182 3893 meus,
3233 3820 3497 3881 dimittam
3535 3830 3590 3882 ei
3631 3844 3797 3900 usque
3820 3842 3888 3885 se—

2299 3913 2468 3979 pties?
2516 3910 2733 3985 (Matth.
2769 3912 2927 3986 xviri)
2961 3924 3086 3986 apte
3110 3910 3271 3971 datur
3302 3906 3534 3988 intelligi
3566 3934 3635 3975 ea
3665 3920 3886 3975 nostra.

2300 4003 2471 4059 tribus
2526 4004 2787 4074 impunita
2826 4014 2984 4076 posse
3045 4003 3342 4075 dimittere,
3373 4012 3497 4078 quat
3554 4010 3613 4064 in
3641 4020 3764 4075 nos,
3791 4026 3887 4067 non

2278 4109 2418 4165 quae
2437 4094 2490 4148 in
2521 4095 2827 4162 Dominum,
2847 4095 2933 4151 vel
2951 4097 3005 4152 in
3025 4092 3305 4155 Dominica
3328 4102 3655 4169 constituta,
3678 4114 3886 4174 patrati-

2300 4194 2404 4240 tur.
2437 4184 2579 4240 Dieit
2604 4186 2747 4240 enim
2779 4184 3061 4256 Scriptura
3085 4198 3102 4243 ε
3130 4187 3193 4244 Si
3214 4191 3505 4261 peccaverit
3531 4186 3697 4248 homo
3735 4196 3792 4248 in
3812 4194 3888 4248 ho-

2297 4281 2511 4346 minem,
2562 4268 2763 4352 rogabit
2792 4296 2886 4351 pro
2917 4296 2977 4335 eo
3015 4280 3304 4349 sacerdos;
3333 4283 3378 4337 si
3415 4292 3605 4339 autem
3634 4289 3694 4340 in
3725 4286 3879 4339 Dan

2296 4374 2602 4444 peccaverit,
2631 4374 2748 4446 quis
2773 4373 2978 4444 rogabit
3002 4390 3098 4443 pro
3127 4373 3227 4430 eo?
3251 4373 3304 4447 (Ι
3333 4373 3460 4446 Reg.
3488 4376 3585 4453 ti.)
3620 4374 3767 4433 Sane
3794 4377 3882 4432 bos

2296 4466 2391 4536 qui
2416 4466 2470 4520 in
2494 4464 2726 4521 nefando
2750 4464 3126 4529 conciliabulo,
3157 4465 3301 4537 quod
3330 4468 3385 4522 in
3417 4468 3682 4539 injuriam
3716 4476 3769 4525 et
3794 4468 3883 4524 tle-

2299 4558 2638 4626 rogationem
2680 4557 2824 4612 sedis
2850 4557 3160 4627 apostolica
3182 4558 3656 4631 Constantinopoli
3692 4560 3882 4617 factum

2227 4622 2276 4684 θ
2301 4622 2407 4713 est,
2430 4651 2733 4708 voluntarie
2750 4622 3138 4722 subscripsisse
3165 4653 3480 4723 probantur,
3507 4622 3884 4725 cujuscunque

2303 4744 2413 4798 sint
2431 4743 2639 4799 ordinis
2664 4742 2747 4797 vel
2770 4742 3143 4814 professionis,
3171 4743 3314 4819 nulla
3338 4743 3492 4798 venia
3525 4745 3730 4816 dignos
3755 4759 3877 4809 em

2305 4838 2407 4893 nisi
2435 4837 2601 4892 multa
2625 4836 2900 4892 miseratio
2924 4835 3185 4904 ejusdem,
3211 4852 3371 4907 quam
3391 4836 3595 4894 laedere
3615 4839 3724 4895 nisi
3748 4850 3880 4905 sunt,

2307 4930 2618 5000 npostolicm
2669 4928 2814 4985 sedis
2839 4934 3111 4994 occurrat,
3158 4928 3567 4984 eiridcntisshna
3616 4931 3762 4985 ratio
3804 4931 3885 4985 do-

2306 5030 2428 5086 cet,
2475 5029 2532 5075 et
2577 5019 2869 5075 multifaria
2898 5018 3167 5091 majorum
3218 5021 3430 5077 sanetio
3475 5020 3774 5078 manifeste
3800 5023 3886 5079 de-

2308 5118 2573 5172 monstrat

2380 5209 2519 5277 Quin
2576 5214 2632 5265 et
2663 5193 2984 5264 universalis
3013 5206 3352 5264 Chalcedone
3402 5204 3594 5261 habita
3656 5208 3888 5279 synodus

2311 5304 2445 5359 adeo
2474 5300 2781 5371 hujusmodi
2800 5301 3163 5358 temeritatem
3184 5298 3450 5356 detestata
3468 5306 3578 5365 est,
3604 5307 3668 5356 ut
3687 5302 3745 5357 in
3774 5314 3887 5358 sen-

2312 5395 2480 5451 tentia
2510 5410 2674 5465 quam
2702 5394 2757 5449 in
2788 5395 3107 5450 Dioscorum
3130 5391 3377 5465 protoiit,
3401 5391 3503 5446 hoc
3521 5392 3773 5447 maxime
3794 5404 3890 5446 tue-

2310 5498 2527 5545 morare
2550 5488 2818 5556 videatur,
2846 5500 2970 5544 eum
2992 5486 3059 5542 de
3086 5487 3208 5558 ipso
3229 5487 3364 5542 dicit
3403 5488 3580 5558 (tunc.
3625 5483 3886 5544 (Incitat,

2315 5594 2420 5640 act.
2450 5584 2571 5657 in):
2605 5583 2867 5638 Secundis
2913 5564 3231 5637 etees'sibus
3283 5579 3523 5650 priorem
3549 5577 3882 5649 iniquitatem

2314 5677 2470 5733 valde
2514 5674 2892 5730 transcendit:
2922 5673 3268 5742 praesumpsit
3297 5671 3439 5727 enim
3477 5676 3532 5724 et
3587 5683 3887 5724 excommu-

2314 5771 2641 5825 nicationem
2666 5768 2876 5823 dictare
2899 5766 3157 5821 adversus
3184 5764 3591 5821 sanctissimum
3621 5770 3681 5817 et
3700 5761 3887 5818 beatis.

2318 5859 2517 5916 simum
2542 5855 3006 5929 archiepiscopum
3030 5868 3239 5928 magna:
3259 5855 3445 5911 nonne
3464 5851 3727 5910 Leonetn.
3751 5853 3889 5909 Prio-
