4004 6290
544 309 682 376 1287

1909 341 2192 405 ADRIANI
2236 343 2434 408 PAPzE
2477 345 2519 408 ll

3710 335 3866 393 i238

551 453 780 520 destitit,
807 453 914 512 illis
939 455 1145 515 scilicet
1175 457 1450 516 tramitem
1473 459 1788 518 directionis
1812 465 2127 531 ostendens,
2158 471 2205 530 Α
2234 467 2360 522 dum
2419 468 2562 538 quod
2612 483 2719 524 non
2782 462 3041 524 doceatur
3089 465 3258 524 fuisse
3301 466 3563 524 collatum
3585 469 3613 521 ?
3661 467 3866 536 Neque

492 543 510 614 ἶ
549 543 672 602 istis
701 546 918 618 pietatis
946 566 1165 606 manum
1199 566 1412 624 semper
1437 555 1755 610 extendens.

620 638 827 711 Itaque,
858 641 933 697 fili
975 645 1297 702 cbarissimc
1337 655 1393 702 et
1419 649 1748 705 venerabilis
1786 665 1998 720 semper
2027 650 2136 704 Au-

549 739 724 800 guste,
758 735 992 802 noveris,
1024 738 1285 808 quidquid
1307 754 1434 810 erga
1471 741 1875 798 sanctissimum
1912 741 2134 798 fratrem

547 832 605 878 et
652 827 1028 900 coepisc0pum
1061 839 1309 887 nostrum
1346 831 1632 903 lgnatium,
1661 833 1748 890 vel
1799 835 1946 891 circa
1985 835 2133 892 schi-

546 916 835 974 smaticum
869 917 1144 988 Photium,
1171 922 1427 980 divinitus
1451 925 1772 996 inspiratam
1821 937 1876 984 et
1908 927 2135 999 justitia:

547 1003 666 1060 zelo
710 1021 1032 1066 succensum
1061 1018 1116 1067 te
1153 1010 1353 1069 litteris
1395 1015 1615 1071 intimas
1657 1018 1950 1090 peregisse,
1979 1018 2134 1073 nobis

545 1102 602 1149 et
627 1097 896 1154 universae
924 1098 1351 1159 Occidentalium
1398 1105 1654 1162 Ecclesiae
1677 1121 1775 1178 per
1815 1107 1996 1163 omnia
2022 1107 2138 1175 pla-

545 1186 754 1253 cuisse;
784 1192 1084 1259 praesertim
1117 1209 1237 1249 cum
1263 1194 1336 1250 nil
1366 1197 1544 1267 egeris
1568 1207 1766 1268 praeter
1793 1200 1932 1268 quod
1957 1197 2131 1270 [fort.,

543 1289 747 1365 ptzeter
772 1293 837 1335 ea
861 1282 1002 1357 quae]
1026 1285 1318 1356 apostolica
1339 1289 1497 1344 sedes
1514 1305 1634 1346 cum
1663 1290 1830 1346 totius
1854 1291 2130 1363 Hesperiae

543 1369 866 1439 praesulibus
906 1371 1225 1442 jamdudum
1269 1377 1536 1448 agendum
1568 1378 1822 1452 [agenda]
1867 1381 2132 1447 decrevit,

544 1470 622 1529 et,
652 1463 798 1518 nulla
823 1480 974 1521 mora
1002 1467 1420 1536 interveniente,
1447 1472 1782 1542 perficiendo
1809 1474 2085 1530 mandavit
2117 1489 2132 1528 :

543 1570 667 1626 quae
706 1555 958 1614 videlicet
1004 1574 1131 1615 cum
1176 1561 1263 1617 his
1307 1563 1560 1620 omnibus
1586 1573 1807 1635 prepter
1835 1566 1888 1621 id
1919 1565 2136 1622 caelitus

2237 560 2378 614 enim
2408 560 2546 614 inter
2570 558 2816 615 Photium
2843 561 3116 614 mtechum
3141 569 3195 614 et
3223 558 3519 614 Maximum
3546 558 3864 629 Cynicum,

2237 666 2267 706 a
2296 652 2501 722 synodo
2530 653 2764 707 secunda
2795 651 3130 715 damnatum,
3156 651 3238 705 vel
3273 651 3414 704 inter
3453 649 3860 705 ordinationes

2236 741 2394 812 hujus
2421 756 2474 800 et
2508 744 2650 798 illius
2697 744 3058 800 distinctionis
3088 744 3291 813 aliquid
3319 759 3442 799 esse
3487 742 3860 809 conjicinms.

2235 835 2410 906 Atque
2436 836 2556 890 ideo
2584 836 2701 906 pari
2735 835 2840 891 [inc
2882 836 3178 905 constringi
3215 835 3412 890 debere
3437 835 3739 897 videntur,
3770 835 3862 902 qui

2235 941 2334 996 par
2384 927 2636 982 habuisse
2677 943 2800 982 cum
2854 943 2919 982 eo
2957 927 3283 997 principium
3341 926 3523 981 modis
3590 926 3865 982 omnibus

2237 1020 2676 1089 comprobantur.
2733 1018 3011 1088 Siquidem
3069 1028 3124 1073 et
3167 1018 3322 1088 juxta
3379 1019 3531 1088 quod
3588 1017 3860 1088 prdams

2236 1111 2614 1182 magniloquus
2667 1111 2910 1181 pontifex
2967 1109 3234 1165 universis
3291 1125 3389 1180 per
3437 1109 3854 1165 Caesariensem

2236 1201 2614 1256 Mauritaniam
2636 1202 2944 1257 constitutis
2965 1201 3231 1272 episcopis
3265 1201 3461 1255 scribit
3490 1201 3680 1271 (epist.
3729 1201 3853 1270 9i):

2234 1291 2457 1348 Difﬁcile
2477 1301 2560 1348 est
2586 1301 2644 1347 ut
2667 1295 2808 1348 bono
2831 1301 3157 1364 peregantur
3176 1293 3349 1357 exitu,
3373 1308 3500 1362 qure
3535 1293 3692 1346 malo
3725 1302 3853 1346 sunt

2235 1383 2490 1439 inchoata
2519 1384 2806 1453 principio.
2838 1383 2905 1437 Et
2927 1383 3064 1436 infra
3097 1401 3108 1436 :
3135 1382 3249 1438 Non
3271 1398 3404 1453 ergo
3437 1384 3492 1437 in
3519 1383 3853 1452 cujusquam

2234 1490 2466 1545 persona
2495 1475 3010 1545 praetermittendum
3035 1483 3137 1540 est,
3165 1475 3364 1545 inquit,
3398 1476 3554 1544 quod
3591 1476 3648 1528 in
3679 1484 3852 1528 statu-

2238 1567 2305 1623 tis
2337 1568 2677 1639 generalibus
2706 1569 3034 1633 continetur,
3067 1583 3164 1623 nec
3209 1568 3488 1637 putandus
3537 1576 3630 1622 est
3681 1568 3854 1621 honor

544 1656 796 1718 protecta
838 1649 1072 1720 imperio
1102 1659 1194 1708 tuo
1224 1661 1406 1725 grates
1435 1655 1760 1712 multifarias
1806 1658 2057 1722 reddunt,
2085 1665 2140 1712 et
2237 1657 2326 1712 ille
2367 1657 2663 1730 legitimus,
2693 1659 2786 1728 qui
2815 1657 2993 1714 fuerat
3018 1667 3208 1713 contra
3239 1659 3442 1712 divinae
3471 1657 3624 1728 legis
3650 1674 3853 1727 parce-

544 1739 863 1798 humillima:
883 1744 1206 1802 obedientia:
1231 1755 1334 1802 tuae
1359 1749 1626 1818 praeconia
1651 1749 1898 1805 laudibus
1921 1749 2136 1805 eximiis
2236 1757 2330 1820 pta
2360 1749 2607 1806 collatus.
2639 1751 2706 1806 Et
2741 1761 2890 1806 certe
2923 1751 3268 1806 ﬁdelissimus
3289 1761 3344 1806 et
3368 1751 3851 1821 prudentissimus

545 1829 806 1901 indagare
833 1831 1174 1908 [inclamare]
1203 1851 1312 1892 non
1341 1837 1610 1893 desinunt.
1644 1837 1813 1896 Porro
1846 1838 1914 1894 de
1957 1855 2137 1895 sacer-
2167 1835 2214 1896 Β
2240 1840 2326 1894 vir
2367 1840 2597 1897 Basilius
2637 1841 2934 1911 imperialis
2963 1843 3271 1912 spatharius
3307 1852 3361 1896 et
3406 1857 3614 1910 preces
3641 1853 3851 1896 vestras

545 1922 763 1980 dotibus
795 1924 880 1981 vel
923 1927 1134 1983 caeteris
1167 1928 1258 1999 qui
1307 1939 1497 1985 contra
1542 1944 1732 2002 pacem
1769 1931 2026 1987 Ecclesia:
2055 1931 2134 1986 fa-

545 2015 771 2083 cientes,
818 2017 1081 2075 unitatem
1110 2020 1227 2091 ejus
1280 2021 1530 2078 scindere
1571 2027 2053 2095 prmsumpserunt,
2081 2033 2136 2080 et

546 2107 602 2164 in
652 2107 877 2166 fratrem
936 2119 992 2166 et
1037 2112 1419 2184 coepiscopum
1483 2124 1730 2171 nostrum
1782 2115 2136 2171 multifariam

545 2201 892 2258 commisisse
936 2204 1265 2273 probantur;
1297 2221 1460 2277 super
1507 2207 1704 2278 quibus
1736 2209 1901 2264 etiam
1946 2209 2136 2264 decre-

549 2301 662 2350 tum
694 2297 763 2352 ab
804 2298 1100 2368 apostolica
1141 2301 1270 2374 sede
1289 2301 1576 2357 clementia
1615 2309 1703 2357 tua
1729 2317 1882 2359 more
1923 2303 2136 2374 prisco~

546 2404 667 2445 rum
713 2391 1019 2464 principum
1061 2395 1300 2464 postulat
1349 2413 1362 2450 :
1417 2396 1556 2452 sciat
1600 2395 1820 2452 dilectio
1871 2405 1963 2451 tua
2011 2397 2137 2467 quia

546 2483 923 2544 sicutdiverso
945 2488 1107 2546 modo
1131 2489 1423 2562 deliquisse
1451 2491 1783 2560 referuntur,
1807 2493 1881 2549 ita
1908 2494 2137 2549 diversis

549 2591 644 2632 eos
676 2575 1082 2636 definitionibus
1110 2580 1305 2651 subjici
1358 2597 1466 2640 non
1510 2583 1956 2642 inconvenienter
1981 2601 2138 2656 opor-

548 2675 667 2722 tere
699 2669 1102 2739 perpendimus.
1149 2671 1386 2741 Quorum
1417 2681 1602 2730 tamen
1647 2673 1983 2732 differentias
2010 2691 2138 2747 apo-

548 2759 754 2816 stolicae
779 2761 923 2817 sedis
951 2761 1163 2834 legatis,
1195 2779 1302 2820 una
1331 2781 1454 2821 cum
1481 2767 1648 2822 fratre
1672 2775 1729 2822 et
1761 2768 2137 2824 comministro

547 2861 736 2910 nostro
759 2853 965 2926 lgnatio
993 2857 1461 2927 convenientibus,
1490 2860 1946 2931 quemadmodum
1974 2862 2130 2917 nobis

549 2946 785 3018 desuper
800 2948 986 3005 datum
1007 2959 1112 3019 est,
1135 2952 1496 3009 moderandas
1519 2954 1915 3011 commisimus.
1933 2953 2136 3011 Verum

547 3040 676 3110 quia
721 3041 896 3112 pietas
923 3050 1014 3099 tua
1043 3059 1169 3100 cum
1215 3045 1589 3102 ecclesiastica
1634 3045 2012 3102 misericordia
2039 3061 2138 3102 nos

548 3131 694 3188 circa
737 3132 858 3191 illos
901 3135 971 3191 ad
1001 3135 1053 3192 id
1085 3137 1230 3208 quod
1274 3137 1566 3194 humanius
1599 3146 1685 3194 est
1712 3139 2052 3204 exhortatur,
2083 3146 2137 3194 te

2238 1929 2394 1985 nobis
2412 1946 2510 2000 pro
2541 1930 2625 1985 his
2651 1931 2706 1985 in
2731 1932 3000 2001 perceptis
3022 1932 3306 1986 ordinibus
3343 1931 3694 2002 recipiendis
3724 1930 3852 1984 mul-

2237 2021 2450 2094 tiplices
2477 2022 2688 2089 detulit,
2711 2031 2768 2077 et
2796 2025 2930 2077 adeo
2956 2033 3213 2078 constans
3242 2032 3298 2078 et
3339 2023 3653 2078 continuus
3685 2037 3852 2092 penes

2238 2130 2338 2171 nos
2366 2116 2421 2170 in
2456 2115 2707 2185 precibus
2735 2115 2994 2186 perstitit,
3025 2123 3084 2168 ut
3113 2115 3156 2169 si
3205 2131 3312 2169 non
3363 2114 3628 2184 legitime
3685 2114 3847 2182 recipi

2237 2221 2398 2278 posse
2430 2207 2806 2276 quoquomodo
2859 2206 3235 2271 crederentur,
3265 2205 3457 2275 ipsius,
3489 2214 3560 2258 ut
3593 2206 3671 2258 ita
3708 2205 3848 2258 dica-

2238 2315 2382 2366 mus,
2411 2299 2698 2355 insolentia
2738 2299 2889 2366 victi,
2921 2297 3260 2368 recipiendos
3289 2312 3414 2353 esse
3440 2296 3707 2367 profecto
3741 2305 3844 2349 sta-

2238 2400 2534 2448 tueremus.

2243 2509 2248 2513 -
2310 2483 2513 2540 Verum
2553 2493 2608 2539 et
2644 2485 2793 2540 circa
2823 2484 2923 2540 hos
2956 2492 3079 2554 post
3123 2482 3501 2538 reversionem
3555 2482 3842 2536 missorum

2237 2585 2566 2642 nostrorum,
2591 2584 2820 2647 postque
2848 2591 3036 2630 rerum
3055 2585 3330 2646 gestarum
3361 2573 3533 2629 nobis
3565 2573 3842 2642 expositas

2238 2668 2591 2735 differentias,
2619 2679 2674 2725 et
2702 2669 2985 2740 indagatas
3020 2667 3274 2737 liquidius
3301 2682 3704 2737 personarum,
3735 2665 3841 2719 cul-

2235 2779 2428 2835 parum
2458 2772 2512 2818 et
2537 2763 2943 2834 provectionum
2977 2761 3286 2832 qualitates,
3313 2772 3481 2831 atque
3513 2761 3830 2826 distantias,

2238 2856 2284 2912 si
2333 2856 2461 2927 quid
2507 2857 2870 2912 miserationis
2913 2856 3367 2925 impartiendum,
3403 2855 3648 2910 docente
3699 2855 3839 2919 Deo,

2237 2950 2378 3020 apud
2406 2965 2567 3021 quem
2595 2950 2776 3006 omnia
2805 2948 3081 3020 possibilia
3109 2958 3253 3011 sunt,
3291 2947 3451 3004 nobis
3477 2946 3657 3001 fuerit
3704 2961 3840 3001 resc-

2239 3055 2418 3102 ratum
2446 3087 2461 3114 ,
2494 3063 2601 3102 non
2650 3047 2855 3102 erimus
2905 3046 3119 3117 penitus
3164 3042 3533 3109 inﬂexibiles;
3586 3043 3837 3098 nimirum

2237 3141 2329 3210 qui
2359 3154 2576 3211 semper
2603 3139 2672 3194 ad
2696 3154 2856 3194 omne
2883 3139 3081 3194 bonum
3110 3138 3357 3208 cupimus
3387 3139 3640 3192 existere
3672 3137 3839 3191 suasi-

549 3224 800 3282 nolumus
841 3227 1093 3300 ignorare
1126 3230 1384 3300 quoniam
1429 3229 1570 3285 ultra
1615 3244 1781 3300 quam
1807 3230 1914 3287 dici
1965 3229 2137 3300 possit
2162 3221 2206 3285 C
2239 3231 2395 3288 biles.
2435 3230 2694 3287 Volumus
2713 3247 2862 3302 ergo,
2891 3247 2990 3302 per
3011 3241 3206 3286 vestra:
3233 3231 3456 3300 pietatis
3483 3229 3835 3291 industn'am,

550 3315 696 3379 hinc,
715 3314 911 3385 fateor,
941 3333 1177 3376 maerore
1194 3319 1606 3392 comprimimur
1638 3320 2009 3392 immensoque
2035 3320 2134 3375 do-

548 3405 668 3463 lorc
710 3410 1156 3482 constringimur,
1185 3427 1280 3468 eos
1325 3412 1584 3468 nimirum
1616 3427 1723 3468 non
1751 3412 1926 3468 solum
1963 3413 2136 3469 beata:

547 3503 829 3559 memoriae
877 3505 1180 3563 decessoris
1226 3506 1331 3561 mei
1380 3521 1534 3576 papae
1576 3505 1806 3573 Nicolai,
1837 3508 2035 3578 quibus
2082 3517 2138 3564 et

551 3593 668 3663 ipse
695 3595 1014 3667 subscripsi,
1037 3596 1199 3668 justis
1227 3598 1601 3655 sanctionibus
1640 3599 1972 3655 creberrime
2016 3615 2137 3670 per-

550 3687 893 3755 cellentibus,
923 3705 1110 3746 verum
1138 3691 1303 3748 etiam
1334 3700 1650 3748 sanctorum
1678 3692 1904 3747 Patrum
1937 3692 2136 3763 regulis

550 3781 918 3848 severissime,
948 3798 1044 3839 seu
1075 3785 1473 3854 quodammodo
1514 3786 1878 3857 peremptorie
1917 3787 2138 3858 punien-

553 3873 717 3929 tibus.
752 3871 1140 3932 Verumtamen
1166 3884 1388 3948 propter
1426 3891 1616 3948 pacem
1639 3877 1896 3934 Ecclesize
1925 3877 2138 3935 facilius

551 3965 932 4032 obtinendam,
982 3977 1309 4040 propterque
1353 3978 1558 4026 tantam
1609 3969 2041 4038 multitudinem,
2089 3971 2135 4028 si

552 4067 736 4115 tamen
795 4060 1155 4132 resipuerint,
1199 4063 1624 4120 misericorditer
1669 4063 2033 4132 liberandam,
2080 4074 2138 4120 ut

553 4167 679 4207 cum
713 4161 904 4211 sancto
929 4153 1147 4212 Gelasio
1173 4172 1310 4228 papa
1339 4157 1584 4214 dicamus
1609 4159 1782 4228 (epist.
1808 4158 1862 4229 6)
1901 4177 1914 4213 :
1938 4158 2138 4216 Neces-

551 4248 698 4304 saria
725 4265 908 4306 rerum
934 4251 1336 4324 dispensatione
1359 4254 1812 4326 constringimur,
1839 4263 1892 4310 et
1919 4264 2137 4326 aposto-

550 4342 671 4399 licae
721 4343 868 4401 sedis
913 4344 1284 4402 moderamine
1323 4348 1707 4415 convenimur,
1739 4349 1819 4404 sic
1866 4365 2134 4406 canonum

553 4445 905 4505 paternorum
931 4439 1151 4495 decreta
1179 4439 1401 4507 librare,
1430 4449 1485 4496 et
1515 4450 1665 4497 retro
1685 4441 1974 4511 prazsulum
2003 4459 2137 4513 prae-

553 4527 1009 4602 deccssorumque
1036 4539 1349 4589 nostrorum
1396 4543 1663 4604 praecepta
1697 4534 1900 4600 metiri,
1933 4544 1991 4589 ut
2016 4550 2136 4606 quae

2241 3324 2350 3379 illic
2377 3338 2722 3378 numerosum
2750 3322 3012 3378 celebrari
3040 3321 3347 3386 concilium,
3377 3321 3466 3375 cui
3503 3321 3691 3376 nostri
3714 3336 3838 3390 quo-

2240 3431 2346 3486 que
2367 3417 2519 3472 missi
2557 3417 2930 3487 prmsidentes,
2960 3425 3016 3471 et
3065 3415 3342 3484 culparum
3367 3427 3839 3484 personarumque

2240 3506 2568 3564 differentias
2593 3508 2796 3577 liquido
2815 3516 3222 3578 cognoscentes,
3245 3507 3402 3576 juxta
3430 3506 3586 3575 quod
3613 3507 3671 3560 in
3693 3522 3838 3559 man-

2241 3599 2382 3655 datis
2402 3609 2746 3672 acceperunt,
2763 3601 3094 3672 singulorum
3109 3599 3276 3654 libere
3298 3599 3674 3654 discretiones
3693 3615 3839 3655 exer-

2240 3701 2402 3747 ceant
2432 3710 2444 3745 :
2475 3693 2529 3746 in
2557 3708 2663 3762 quo
2680 3693 2930 3748 videlicet
2953 3707 3108 3747 sacro
3137 3701 3278 3746 ctetu
3308 3695 3662 3749 exsecranda
3693 3693 3839 3747 vani-

2242 3793 2383 3840 tates
2409 3775 2816 3856 concilii,'quod
2845 3786 3108 3842 adversus
3151 3785 3293 3840 sedis
3322 3784 3489 3854 hujus
3522 3797 3717 3842 actum
3761 3797 3838 3842 est

2240 3891 2464 3947 prorsus
2513 3877 2797 3949 injuriam,
2837 3886 3032 3933 cuncta
3077 3878 3419 3933 decernimus
3463 3879 3836 3949 exemplaria,

2240 3985 2465 4040 prorsus
2495 3986 2525 4024 a
2560 3971 2968 4040 possessoribus
2997 3970 3110 4025 suis
3147 3969 3327 4025 ablata
3348 4010 3364 4035 ,
3395 3970 3452 4024 in
3487 3971 3839 4041 mediumque

2242 4062 2441 4128 delata,
2469 4062 2960 4134 contemplantibus
3000 4062 3230 4127 cunctis,
3272 4062 3382 4132 igni
3433 4064 3718 4128 cremari;
3751 4078 3840 4117 nec

2241 4173 2526 4229 superesse
2575 4159 2714 4229 apud
2760 4157 3056 4228 quemlibet
3097 4173 3164 4212 ex
3217 4157 3300 4212 his
3349 4156 3617 4212 omnibus
3651 4157 3836 4212 saltem

2240 4270 2409 4310 unum
2452 4254 2583 4321 iota,
2612 4254 2697 4311 vel
2725 4271 2889 4309 unum
2919 4256 3150 4325 apicem,
3180 4254 3281 4310 nisi
3327 4253 3470 4310 forte
3514 4255 3647 4324 quis
3681 4255 3840 4310 totius

2243 4347 2562 4412 clericatus,
2592 4347 2700 4402 imo
2753 4347 2917 4404 totius
2949 4347 3183 4403 nominis
3213 4346 3508 4402 Christiani
3553 4348 3830 4417 dignitate,

2243 4441 2588 4496 anathemate
2613 4441 2914 4510 perculsus,
2930 4455 3120 4495 carere
3145 4439 3392 4495 voluerit.
3418 4438 3548 4520 Non
3570 4441 3722 4493 enim
3747 4455 3832 4494 nos

2245 4541 2356 4587 tam
2405 4532 2775 4587 detestandum
2832 4530 3156 4602 collegium,
3203 4530 3306 4584 nisi
3350 4529 3697 4584 Ariminensi
3745 4530 3834 4585 sub

551 4620 902 4690 praesentium
922 4623 1222 4680 necessitas
1249 4602 1552 4695 temporum
1575 4602 1945 4680 restaurandis
1966 4602 2140 4682 cccle-
2166 4602 2216 4662 D
2242 4625 2564 4681 Constantio
2591 4664 2606 4689 ,
2655 4623 2739 4678 vel
2788 4622 3062 4692 Ephesino
3112 4637 3142 4675 a
3187 4621 3448 4676 Dioscoro
3509 4629 3833 4692 congregato

553 4710 652 4768 siis
684 4711 974 4770 relaxanda
1019 4716 1278 4787 deposcit,
1314 4717 1555 4773 adhibita
1579 4717 2015 4774 consideratione
2058 4719 2141 4774 di-

553 4804 766 4876 ligenti,
792 4815 1055 4878 quantum
1090 4817 1269 4880 potest
1297 4808 1439 4874 fieri,
1471 4818 1868 4880 temperemus;
1900 4811 2042 4880 quod
2085 4819 2141 4866 et

551 4913 654 4956 nos
679 4914 832 4970 aequa
858 4913 1146 4971 possumus
1170 4915 1270 4971 pro
1299 4900 1571 4958 lucrandis
1619 4901 1882 4958 fratribus
1925 4903 2138 4960 ratione

551 4991 832 5062 prosequi,
864 5000 921 5046 et
949 4999 1249 5064 temporum
1281 4992 1590 5050 necessitati
1637 4992 1966 5050 consulendo
1991 4996 2140 5064 peni-

555 5091 643 5138 tus
676 5081 918 5149 imitari;
948 5083 1123 5141 Photii
1154 5085 1420 5141 duntaxat
1460 5085 1855 5141 ordinationem
1883 5085 1953 5140 ab
1982 5085 2141 5157 hujus

553 5175 925 5231 moderamine
975 5175 1192 5247 pietatis
1244 5177 1463 5233 interim
1511 5191 1732 5248 prorsus
1777 5177 2136 5247 excipientes,

553 5277 792 5339 eamque
820 5267 997 5340 [fort.,
1032 5268 1287 5342 eumque]
1334 5268 1535 5340 passim
1562 5276 1618 5324 et
1665 5277 1862 5338 praeter
1907 5283 2138 5325 examen

553 5359 863 5417 nullatenus
887 5359 1250 5418 admittentes.
1277 5361 1419 5418 Dicit
1454 5361 1598 5417 enim
1621 5359 1850 5416 altisona
1880 5360 2137 5416 Ecclesiae

552 5456 708 5522 tuba,
734 5463 958 5512 sanctus
1006 5454 1260 5512 videlicet
1289 5455 1435 5513 sedis
1479 5453 1788 5525 apostolicae
1832 5469 1968 5524 papa
2002 5453 2135 5521 Leo,

555 5545 711 5617 cujus
758 5546 1086 5603 sententiam
1123 5545 1384 5618 quidquid
1425 5546 1624 5617 ubique
1653 5544 1978 5602 catholicum
2031 5553 2136 5613 est,

552 5641 706 5697 velut
733 5641 955 5697 cteleste
982 5641 1232 5707 miratur,
1261 5639 1522 5707 celebrat,
1548 5648 1604 5696 et
1631 5649 1919 5696 veneratur
1943 5653 2135 5695 oracu-

491 5801 496 5804 _
554 5733 667 5789 lum
701 5751 714 5787 :
745 5733 880 5789 Cum
925 5749 1068 5804 smpe
1115 5734 1340 5806 quiestio
1383 5733 1451 5790 de
1480 5733 1618 5790 male
1664 5741 1885 5804 accepto
1931 5733 2138 5791 honore

555 5833 833 5891 nascatur,
855 5827 980 5892 quis
1000 5826 1236 5891 ambigat
1259 5841 1600 5894 nequaquam
1622 5826 1740 5884 istis
1761 5841 1883 5885 esse
1903 5825 2138 5885 tribuen-

1487 6091 1530 6118 δ

2242 4716 2529 4774 latrocinio
2577 4715 2999 4785 comparandum
3055 4712 3417 4767 decernimus.
3491 4711 3832 4765 Accendatur

2241 4809 2388 4865 circa
2433 4814 2801 4879 protectorum
2850 4813 3064 4860 tuorum
3109 4802 3499 4865 reverentiam,
3553 4803 3830 4856 beatorum

2241 4899 2493 4956 videlicet
2540 4897 2903 4969 apostolorum
2950 4895 3295 4967 principum,
3325 4893 3396 4946 iiIi
3443 4893 3828 4956 dilectissime,

2242 5001 2348 5048 tuae
2372 4991 2520 5048 zelus
2550 4990 2788 5060 pietatis,
2819 4995 2874 5044 et
2903 4996 3178 5042 tantorum
3203 4987 3328 5040 ficta
3357 4996 3673 5041 commenta
3702 5000 3830 5056 pra:-

2242 5085 2524 5157 stigiorum
2553 5097 2837 5138 remanere
2883 5081 3030 5136 nullo
3077 5081 3236 5136 modo
3264 5094 3429 5150 penes
3470 5079 3715 5149 aliquem
3743 5093 3829 5149 pa-

2241 5178 2408 5232 tiatur
2438 5195 2450 5230 :
2480 5175 2574 5231 sed
2621 5184 2676 5231 et
2708 5175 2753 5232 si
2789 5175 3078 5244 quisquam
3112 5175 3228 5228 haec
3271 5171 3586 5236 defendere,
3615 5172 3705 5227 vel
3743 5186 3831 5226 oc-

2241 5268 2471 5334 cultare,
2502 5267 2712 5338 sibique
2741 5267 2796 5322 in
2837 5274 3118 5338 posterum
3143 5264 3376 5321 fortasse
3405 5279 3698 5320 reservare
3719 5274 3828 5319 ten-

2241 5361 2477 5426 taverit,
2529 5369 2620 5414 tua
2667 5358 2901 5430 publicis
2943 5357 3153 5428 legibus
3197 5357 3503 5428 promulgct
3553 5358 3827 5428 multiplex

2240 5452 2542 5524 sapientia,
2570 5451 2698 5520 quid
2743 5449 3051 5520 hujusmodi
3101 5466 3334 5521 persona
3384 5458 3509 5519 post
3556 5449 3828 5519 imperiale

2241 5544 2433 5601 debeat
2456 5543 2692 5599 edictum
2715 5544 3113 5615 redargutionis
3136 5545 3434 5607 incurrere,
3460 5541 3545 5597 vel
3569 5551 3824 5611 quantum

2239 5639 2545 5704 conveniat,
2572 5637 2619 5692 si
2663 5653 2769 5694 non
2799 5637 3186 5702 correctionis,
3228 5635 3419 5692 saltem
3473 5638 3827 5707 correptionis
3863 5651 3866 5654 ‘

2238 5727 2511 5795 incidere;
2538 5734 2804 5799 quatenus
2823 5743 2919 5799 per
2943 5727 3063 5792 hoc,
3090 5743 3222 5798 pura
3244 5728 3311 5784 de
3334 5736 3535 5782 caetero
3559 5729 3829 5784 conscien-

2238 5818 2335 5889 tia,
2361 5835 2485 5876 cum
2527 5817 2812 5878 Psalmista
2860 5819 3131 5880 veraciter
3174 5833 3373 5880 canere
3414 5817 3648 5878 valeas:
3683 5819 3831 5888 (Mitti

2229 5933 2375 5954 ςιπισγ-ιιο
2394 5933 2466 5954 “ﬁcu

2327 5959 2335 5970 ι
2383 5953 2465 5970 ’⁷ς⁵⁴
