4004 6290
208 288 355 369 4293

1408 316 1768 382 EPISTOLIE
1805 318 1894 377 ET
1932 314 2273 377 DECRETA.

2253 258 2332 275 ια..

3355 313 3499 374 1294

167 494 178 515 ,
220 446 426 499 sanctae
449 420 543 497 ile‘i
565 436 827 498 Ecclesia)
853 426 981 498 illuc
1009 424 1424 508 destinavimus,
1455 441 1526 496 ab
1550 452 1803 496 reveren-
1827 443 1880 503 Α
1903 436 2049 492 enim
2075 435 2237 490 debet
2257 440 2538 505 paternam
2559 434 2927 491 htereditatem
2950 434 3037 491 ille
3057 434 3347 499 dimittere,
3371 436 3488 505 qui,

222 534 357 590 tiam
386 532 689 605 principum
718 533 1084 605 apostolorum
1115 534 1260 590 Petri
1301 543 1358 590 et
1393 524 1544 589 Pauli
1574 533 1805 601 benigne

167 629 173 635 ’
220 620 503 695 suscipite,
534 626 590 680 et
613 638 675 679 ea
698 639 819 695 quae
839 625 991 681 vobis
1016 641 1113 697 pro
1142 624 1465 682 utilitatibus
1485 624 1806 681 Christianae

222 710 347 770 lidei
379 720 539 786 atque
563 712 833 786 religionis
853 715 1111 784 dixerint,
1140 712 1271 772 aure
1299 717 1478 772 cordis
1504 714 1808 786 percipien-

222 816 326 872 tes,
361 807 430 862 ad
454 804 701 863 eﬂ‘ectum
732 807 1030 878 perducere
1075 807 1348 865 festinate.
1387 809 1650 881 Optamus
1693 807 1807 879 glo-

225 902 364 957 riam
400 907 634 956 vestram
660 890 736 955 'in
783 901 1000 958 Christo
1036 902 1176 958 bene
1215 902 1416 959 valere.
1462 892 1597 959 Data
1641 900 1806 958 Nenis

225 992 589 1068 Septembris,
617 992 912 1052 indictione
942 1011 1023 1051 ιιι.

957 1111 1096 1169 XXI.

257 1239 326 1283 ΑΒ
360 1238 640 1283 ιεριδαοροε
673 1240 726 1282 IN
765 1240 938 1284 ντεςΝο
971 1241 1162 1287 ελιιοιι
1200 1241 1353 1295 ωινι
1390 1241 1773 1297 ςοΝετιτυτοε.

837 1341 1016 1414 (Anno
1040 1341 1193 1414 869.)

225 1455 295 1514 Ut
315 1454 563 1533 Curetum
594 1458 762 1533 regem
789 1458 1084 1533 deterreant
1114 1459 1178 1515 ab
1217 1452 1513 1517 invadenda
1533 1470 1689 1533 regno
1711 1459 1811 1516 Lo-

292 1530 480 1604 tlmrit',
516 1539 565 1584 et
597 1527 829 1604 Paulum
861 1547 924 1585 ac
958 1530 1183 1588 Leonem
1221 1534 1406 1588 missas
1445 1544 1480 1591 tt
1517 1527 1807 1604 se'legatos

299 1600 515 1673 benigne
540 1601 850 1672 suscipiant.

292 1715 568 1771 Annianus
594 1715 913 1787 epibcopus,
942 1726 1134 1775 servus
1159 1732 1439 1777 servorum
1478 1717 1610 1785 Dei,
1652 1732 1807 1775 reve-

1910 529 2022 585 Deo
2047 529 2288 601 gratias,
2322 532 2429 584 non
2462 528 2675 600 ignorat
2707 527 2921 597 Naitolh
2962 526 3350 589 Jezrahelitam
3390 544 3490 600 pro
3538 546 3543 551 ·

1908 625 2019 681 sola
2046 621 2272 695 paierna
2299 624 2456 678 vinea
2475 663 2491 689 ,
2522 622 2683 679 etiam
2721 632 2906 677 contra
2936 638 3118 692 regem
3146 621 3368 692 impium
3398 624 3492 678 de-

1907 717 2194 783 fendenda,
2217 730 2390 786 usque
2414 717 2481 771 ad
2510 724 2737 771 mortem
2768 715 3002 785 lapidum
3027 715 3342 786 pervenisse
3368 713 3490 787 (III

1907 809 2033 881 Reg.
2061 824 2153 865 im
2175 807 2216 881 ).
2249 807 2449 865 Verum
2483 809 2527 863 si
2553 817 2611 863 et
2634 808 2788 863 labor
2814 807 3041 879 alicujus
3063 808 3358 869 ambitione
3387 807 3491 862 im-

1906 903 2196 974 pediatur,
2243 902 2497 973 quoniam
2547 910 2833 972 paternum
2882 901 3057 957 deseri
3106 901 3491 971 patrimonium

1906 994 2333 1065 subripientibus
2360 1008 2466 1049 non
2492 1002 2723 1065 oportet,
2756 1008 2854 1064 per
2881 1009 3039 1064 quem
3072 994 3200 1065 quid
3225 993 3331 1049 tale
3360 1009 3493 1049 con-

1909 1084 2107 1159 tigerit,
2138 1101 2242 1141 una
2269 1098 2395 1142 eum
2424 1086 2727 1141 fautoribus
2759 1094 2813 1140 ct
2836 1087 3192 1143 sectatoribus
3229 1088 3342 1144 suis
3362 1129 3377 1152 ,
3405 1087 3490 1142 di-
3523 1141 3528 1147 .

1907 1191 2068 1253 gnam
2115 1192 2413 1253 paremque
2457 1182 2983 1238 animadversionem
3028 1184 3289 1240 exsolvet.
3338 1183 3404 1239 Et
3444 1176 3527 1240 si'

1907 1276 2030 1347 quis
2051 1282 2290 1331 vestrum
2326 1278 2436 1331 tam
2473 1274 2694 1332 nefarite
2723 1277 3045 1333 temeritatis
3086 1280 3364 1333 auctorem
3408 1278 3493 1332 vel

1909 1367 2137 1426 tacendo
2162 1362 2375 1440 ingerit,
2401 1367 2486 1424 vel
2513 1382 2621 1423 non
2649 1369 2956 1425 resistendo
2981 1370 3317 1425 consenserit
3335 1410 3349 1435 ,
3383 1384 3491 1424 non

1901 1457 2015 1530 jam
2040 1461 2295 1532 pastoris,
2328 1460 2422 1516 sed
2445 1461 2769 1517 mercenarii
2798 1461 3014 1516 nomine
3043 1477 3101 1516 se
3133 1463 3345 1516 noverit
3377 1460 3494 1515 fore

1908 1553 2277 1608 censendum:
2315 1560 2370 1608 et
2405 1552 2530 1624 quia
2554 1550 2668 1620 jam
2700 1567 2805 1607 non
2836 1551 3128 1622 pertinebit
3175 1552 3242 1606 ad
3271 1562 3393 1607 eum
3426 1550 3494 1606 de

1909 1644 2119 1710 ovibus,
2154 1656 2263 1699 non
2298 1643 2591 1715 pertinebit
2620 1651 3013 1712 consequenter
3041 1642 3106 1697 de
3134 1642 3495 1711 pastoralibus

1909 1736 2281 1810 dignitatibus.
2316 1737 2424 1793 llos
2450 1744 2707 1807 praetcrea
2737 1738 2932 1793 missos
2960 1736 3271 1807 apostolica:
3294 1743 3495 1791 nostra:

222 1807 550 1907 τοθίίξέίίξδίθ
589 1816 645 1864 ei
676 1808 1038 1907 ⁸³¹ξ⁰¹ί⁸ξξη¹ξ⁸
1073 1808 1336 1907 “ﬁrmus
1364 1819 1438 1907 ξι
1472 1811 1806 1884 εοθρίεθυβίε
1839 1846 1882 1907 Β
1909 1807 2075 1895 sedis,
2117 1827 2339 1883 Paulum
2364 1835 2419 1883 et
2447 1826 2683 1883 Leonem
2717 1826 3051 1883 venerabiles
3080 1827 3385 1896 episcopos,
3416 1825 3493 1881 di-

224 1903 426 1959 nostris
454 1903 509 1960 in
542 1920 707 1977 regna
740 1903 924 1962 Caroli
950 1904 1167 1978 gleriosi
1192 1907 1336 1978 regis
1359 1905 1656 1966 Ecclesium
1696 1908 1804 1965 Do-

223 1996 355 2051 mini
390 1996 842 2068 gubernantibus.

293 2089 440 2145 inter
466 2091 686 2147 exordia
717 2091 1062 2162 pontiﬁcatus
1106 2092 1211 2150 mei
1249 2092 1401 2164 pacis
1431 2092 1669 2151 studium
1699 2109 1810 2164 pra:

227 2187 438 2241 cteteris
465 2185 757 2242 virtutibus
785 2185 1098 2257 praedicanti
1120 2185 1490 2256 suadendique
1515 2186 1810 2257 arripuisse

227 2278 469 2334 tuemini.
507 2276 721 2349 Quippe
739 2277 830 2347 qui
862 2279 1111 2335 noverint
1138 2278 1283 2349 quod
1311 2279 1363 2335 itt
1388 2277 1683 2335 Dominicte
1716 2292 1808 2333 na-

226 2372 452 2431 tivitatis
473 2373 737 2444 principio
762 2372 1001 2439 caelestis
1025 2372 1229 2428 militia:
1249 2373 1398 2429 visus
1418 2373 1490 2429 sit
1512 2373 1807 2440 exercitus,

225 2465 316 2534 qui
349 2464 639 2520 clamavit:
671 2462 853 2529 Gloria
879 2466 933 2521 in
960 2464 1179 2521 excelsis
1201 2465 1344 2532 Deo,
1381 2474 1430 2522 et
1454 2467 1511 2520 in
1538 2475 1679 2522 terra
1706 2474 1812 2538 patr

224 2555 522 2611 hominibus
549 2554 697 2611 bona:
723 2555 1009 2614 voluntatis
1030 2555 1181 2629 (Luc.
1210 2557 1289 2630 ι).
1324 2556 1425 2615 Ubi
1452 2557 1696 2629 profecto
1723 2575 1811 2615 so-

223 2642 391 2704 lerter
414 2647 801 2704 attendendum
831 2655 935 2715 est,
965 2651 1091 2722 quia
1122 2649 1264 2706 sicut
1290 2658 1558 2722 pastores,
1591 2653 1681 2723 qui
1715 2668 1808 2707 su-

224 2752 322 2812 per
355 2754 572 2813 gregem
617 2738 774 2797 suum
820 2756 931 2811 prae
973 2742 1187 2799 caeteris
1232 2742 1628 2814 vigilaverunt,
1674 2743 1810 2799 tanti

229 2834 444 2905 t’ripudli
479 2834 664 2891 videre
691 2849 802 2905 prae
840 2835 1053 2893 caeteris
1080 2834 1274 2907 gaudia
1311 2844 1625 2892 meruerunt
1668 2854 1682 2892 :
1733 2836 1810 2891 ita

224 2940 324 2984 nos
361 2930 452 3000 qui
484 2938 730 3002 pastores
752 2930 1002 2995 dicimur,
1045 2939 1172 2987 tunc
1204 2931 1505 2988 ctelestium
1546 2932 1809 2989 bonorum

225 3020 463 3078 laetitiam
492 3018 717 3093 adipisci
742 3023 1092 3091 merebimur,
1116 3024 1161 3079 si
1183 3034 1344 3096 super
1361 3039 1490 3081 oves
1505 3024 1811 3082 Dominicas

223 3114 449 3170 sollicite
485 3112 770 3186 vigilemus
802 3131 817 3181 ;
852 3128 919 3171 ne
939 3114 1190 3175 videlicet
1218 3117 1320 3173 itas
1344 3118 1429 3173 vel
1459 3133 1557 3189 per
1586 3118 1810 3176 insidias

222 3202 330 3259 odii
361 3218 454 3260 seu
480 3204 763 3261 discordia:
785 3221 950 3261 vorax
982 3206 1139 3278 lupus
1167 3207 1418 3275 invadat,
1450 3209 1534 3265 vel
1574 3225 1671 3280 per
1707 3224 1805 3267 cu-
1833 3220 1880 3283 ο

226 3297 506 3372 piditatem
536 3298 724 3354 avidus
760 3296 851 3355 ille
884 3299 968 3356 leo
996 3301 1284 3374 deglutiat,
1312 3303 1403 3374 qui
1422 3344 1436 3370 ,
1476 3312 1537 3359 ut
1557 3305 1813 3378 princeps

226 3390 592 3461 apostolorum
627 3390 851 3457 scribit,
881 3390 1100 3464 rugiens
1133 3395 1327 3450 circuit
1369 3408 1619 3467 querens
1647 3413 1809 3470 quem

224 3488 442 3543 devoret
473 3478 527 3559 (1
550 3482 693 3541 Patr.
713 3486 772 3558 l).
800 3488 1052 3559 Ideoque,
1078 3488 1272 3547 fratres
1318 3492 1643 3559 ebarisstml,
1670 3508 1811 3551 nunc

224 3583 390 3639 etiam
420 3583 472 3638 id
500 3582 675 3654 ipsum
699 3584 903 3654 repeto,
935 3584 989 3639 id
1020 3585 1195 3654 ipsum
1217 3588 1483 3655 oportune
1505 3589 1589 3643 vel
1616 3584 1809 3659 impor-

228 3680 357 3730 tuue
389 3672 609 3740 suadeo,
640 3682 865 3745 prorsus
895 3673 1147 3747 eliiogito.
1181 3675 1543 3744 Quamobrem
1571 3684 1629 3734 ut
1659 3680 1810 3751 pacis

223 3772 320 3820 seu
343 3755 647 3820 dilectionis
674 3758 967 3828 vinculum.
993 3758 1113 3836 quis
1138 3766 1309 3838 major
1330 3776 1413 3823 est
1430 3762 1681 3825 omnibus
1700 3771 1808 3825 vir-

226 3852 429 3912 uitibus
451 3864 506 3912 et
526 3852 1067 3926 bolocautoiitatlbtts,
1098 3866 1278 3914 vestra
1306 3869 1520 3931 quoque
1547 3860 1807 3918 sanctitas

224 3944 582 4003 insolubilitei‘
603 3946 744 4003 inter
763 3960 969 4015 omnes,
992 3949 1084 4005 sed
1100 3950 1808 4022 prtecipueintersublimio-

224 4052 314 4097 res
330 4046 588 4111 personas
608 4042 885 4098 observari
907 4042 1116 4109 doceat,
1138 4043 1505 4101 indesinenter
1525 4042 1802 4102 adhortor.

225 4130 565 4206 Quapropter
588 4135 716 4191 illud
739 4150 769 4190 a
795 4132 950 4193 vobis
967 4136 1146 4209 exigo,
1169 4144 1230 4192 ut
1250 4137 1463 4194 solliciti
1487 4139 1802 4207 existentes,

223 4224 267 4284 si
300 4238 435 4299 quos
464 4224 744 4286 senScritis
771 4228 905 4286 velle
929 4222 1021 4286 lilii
1046 4232 1216 4287 nostri
1239 4232 1454 4304 gloriosi
1477 4232 1621 4304 regis
1641 4228 1802 4289 vestri

222 4320 399 4379 Caroli
421 4322 670 4381 fortassis
690 4323 899 4380 animos
919 4323 983 4379 ad
1003 4323 1364 4381 invadendum
1387 4336 1632 4395 regnum,
1660 4328 1804 4399 Quod

222 4419 477 4475 defuncte
496 4421 767 4492 quondam
781 4414 979 4493 inclyti)
993 4422 1118 4492 rege
1138 4413 1411 4486 Lothario,
1438 4420 1503 4475 ad
1525 4412 1802 4477 domitium

221 4514 775 4572 desiderantissimtitn
808 4502 975 4572 lilium
1007 4520 1248 4573 n'b‘S'trun’i
1288 4515 1586 4588 piissimum
1634 4517 1801 4589 impe-

1909 1922 2077 1978 lectos
2106 1921 2443 1977 consiliarios
2467 1928 2680 1976 nostros
2698 1961 2713 1986 ,
2743 1935 2879 1990 quos
2908 1936 3005 1989 pro
3036 1936 3165 1990 pace
3189 1929 3241 1976 ct
3274 1932 3495 1975 concor-

1909 2016 1995 2071 dia
2030 2016 2124 2070 Dei
2154 2014 2409 2070 Ecclesiae
2435 2014 2561 2070 illuc
2590 2013 2997 2078 destinavimus,
3028 2012 3099 2067 ob
3130 2012 3492 2068 reverentiam

1908 2109 2213 2180 principum
2241 2108 2606 2179 apostolorum
2631 2106 2777 2162 Petri
2804 2116 2857 2163 et
2885 2105 3035 2162 Pauli
3068 2106 3302 2176 benigne
3324 2105 3496 2160 susci-

1908 2203 2039 2275 pite,
2069 2215 2124 2258 et
2146 2217 2213 2258 ea
2237 2217 2357 2273 qum
2376 2203 2531 2258 vobis
2554 2216 2652 2272 pro
2674 2200 2996 2256 utilitatibus
3019 2199 3344 2255 Christiana:
3372 2197 3494 2253 licici

1910 2305 2076 2365 atque
2111 2294 2382 2365 religionis
2410 2295 2681 2359 dixerint,
2709 2308 2841 2349 aure
2870 2292 3054 2353 cordis
3095 2290 3456 2362 percipientcs
3477 2329 3493 2353 ,

1909 2389 1975 2445 ad
2007 2388 2260 2445 ell'ectutu
2294 2388 2492 2444 ducere
2522 2386 2792 2443 festinate.
2823 2384 3085 2456 Optamus
3111 2392 3353 2439 sanctam
3386 2381 3496 2436 fra-

1911 2479 2220 2535 ternitatem
2274 2488 2507 2534 vestram
2561 2479 2614 2533 in
2660 2476 2875 2533 Christo
2924 2477 3061 2533 bene
3112 2475 3311 2531 valere.
3362 2473 3494 2529 Data

1909 2572 2076 2629 Nonis
2101 2566 2456 2644 Septembris,
2492 2570 2786 2627 indictione
2812 2582 2894 2625 ιιι.

2615 2683 2779 2741 XXII.

2071 2815 2137 2856 AD
2170 2812 2479 2857 BlNCﬂABUM
2516 2811 2970 2856 LRCHIEPISCOPUH
3010 2810 3348 2852 RBEMENSEM.

2515 2912 2705 2984 (Anno
2738 2908 2897 2982 869.)

1910 3027 2332 3085 Benevolentinnt
2377 3043 2530 3082 suam
2581 3025 2870 3081 llincmaro
2919 3022 3215 3094 pollicetur,
3275 3037 3495 3092 eumque

1980 3102 2224 3168 Itorltttttt'
2267 3108 2323 3157 ut
2362 3114 2572 3168 operam
2605 3114 2756 3153 suam
2798 3097 3131 3168 interponat,
3165 3112 3227 3168 ne
3278 3110 3494 3168 regnum

1979 3164 2221 3243 Lotharii
2262 3162 2533 3243 quisquam
2566 3168 2796 3243 invadat.
2829 3162 3069 3237 .Legatos
3096 3166 3317 3237 denique
3337 3162 3494 3218 ‘Pau-
3536 3236 3539 3239 Ἴ

1981 3236 2089 3296 lunt
2114 3251 2159 3296 et
2189 3235 2412 3298 Leonem
2434 3235 2781 3294 commendat.

1980 3357 2254 3426 ADBIANUS
2281 3355 2564 3426 episc0pus
2584 3395 2597 3420 ,
2642 3367 2833 3426 servus
2862 3367 3140 3426 servorum
3171 3351 3296 3426 Dei,
3338 3363 3492 3404 reve-

1912 3422 2226 3486 rentissimo
2259 3422 2681 3483 ct'sauc'tissituo
2708 3424 2966 3481 coitl‘ralri
2995 3432 3179 3480 nostro
3209 3422 3491 3476 lilNCMABO

1910 3501 2320 3571 archiepiscopo
2350 3497 2664 3555 libemeusi.

1980 3588 2353 3647 Sanctimonia
2381 3601 2473 3646 tua
2502 3600 2664 3661 quam
2695 3589 2856 3646 fuerit
2877 3587 3186 3660 apostolica:
3214 3588 3493 3643 memoria:
3534 3592 3537 3595 ‘

1908 3695 2060 3754 νίψω
2105 3680 2310 3739 Nicolai
2344 3682 2662 3746 familiaris,
2709 3697 2815 3736 non
2848 3681 2986 3735 forte
3023 3681 3169 3735 dedit
3210 3679 3489 3735 oblivioni.

1906 3775 1964 3831 lu
2009 3777 2162 3847 cuius
2189 3768 2438 3830 videlicet
2472 3772 2856 3828 familiaritatis
2891 3773 3013 3827 sinu
3061 3786 3160 3825 nos
3193 3785 3408 3841 quoque
3438 3778 3491 3825 te

1907 3868 2263 3938 recipientes,
2333 3862 2581 3921 ﬁduciam
2635 3878 2800 3935 penes
2843 3863 3197 3935 apostolatutn
3244 3871 3487 3917 nostrum

1906 3960 2235 4016 fraternitati
2267 3956 2373 4013 tam
2400 3957 2634 4030 gratantl
2666 3965 2846 4015 mente
2873 3956 3168 4011 oderimus;
3219 3955 3487 4011 Praeterea

1906 4052 2125 4109 noveris
2153 4051 2369 4121 misisse
2397 4064 2496 4107 nos
2524 4050 2780 4121 epistolas
2812 4048 3072 4119 quasdam
3108 4048 3161 4102 in
3187 4046 3489 4101 Gallicana-

1906 4158 2027 4201 rum
2051 4145 2286 4216 partium
2313 4143 2589 4215 regiones,
2622 4151 2729 4196 tam
2773 4155 2926 4211 reges
2946 4180 2962 4206 ,
2998 4153 3163 4209 quam
3190 4136 3450 4208 praesules
3469 4175 3483 4199 ,

1905 4243 1962 4292 et
1999 4246 2190 4292 omnes
2230 4234 2453 4289 omnino
2498 4247 2790 4305 regnorum
2817 4230 3106 4301 primates,
3156 4229 3222 4284 ad
3251 4227 3484 4297 compri-

1906 4329 2159 4384 mendum
2203 4326 2486 4393 ambitum,
2528 4335 2583 4380 et
2603 4324 2891 4393 unicuique
2906 4322 2995 4393 jus
3016 4319 3290 4391 proprium
3312 4332 3487 4377 reser-

1906 4422 2176 4487 vandum,
2234 4426 2603 4491 competenter
2646 4416 3032 4478 admonentes,
3101 4412 3483 4475 cohortantes,

1905 4515 2215 4580 suadentes,
2239 4514 2627 4577 contestantes,
2655 4510 3024 4582 prohibentes,
3049 4517 3104 4563 ct
3126 4506 3481 4561 deterrentes.

219 4615 456 4663 ratorcm
514 4604 701 4675 rediit,
754 4608 983 4680 iureque
1040 4609 1368 4664 hereditario
1434 4608 1509 4664 illi
1553 4588 1797 4677 debetur,
1830 4588 1880 4650 Π
1906 4607 2074 4678 Cujus
2117 4606 2196 4662 rei
2224 4605 2646 4662 sollicitudinem
2680 4602 2941 4657 sanctitas
2979 4608 3068 4654 tua
3105 4596 3325 4670 speciali
3352 4611 3487 4668 quo-

220 4698 470 4770 nequiter
510 4697 766 4767 incitare;
806 4714 923 4766 vos,
953 4700 1045 4770 qui
1075 4700 1384 4771 spirituales
1412 4702 1564 4769 estis,
1608 4702 1799 4758 ltorum

218 4790 468 4850 carnales
485 4793 664 4859 voces,
686 4792 814 4863 quin
832 4792 1009 4863 potius
1025 4799 1078 4848 et
1094 4792 1269 4863 ipsum
1288 4793 1797 4850 escelleutissimum

219 4885 433 4956 regem,
463 4896 527 4941 ac
556 4883 694 4941 lilios
722 4884 839 4953 ejus
866 4888 1120 4957 tauquam
1146 4886 1260 4942 veri
1293 4884 1563 4958 episcopi,
1590 4904 1619 4942 a
1648 4896 1800 4945 tanto

216 4991 564 5057 compescere
603 4968 816 5048 piaculo
851 4980 1130 5037 studeatis.
1180 4958 1432 5048 Quiniuio
1460 4981 1526 5035 ad
1558 4980 1797 5038 favorem

218 5080 271 5126 et
305 5080 463 5141 opem
490 5069 608 5144 eius
636 5070 779 5125 hunc
820 5064 1216 5126 inﬂammantes
1262 5072 1550 5127 bertemlni
1577 5113 1591 5139 ,
1639 5085 1803 5144 atque

217 5160 356 5219 sicut
375 5164 499 5218 eum
520 5146 574 5217 in
600 5160 705 5217 lidc
726 5177 820 5218 sua
837 5160 1093 5232 tanquam
1115 5163 1251 5219 alter
1271 5171 1423 5234 pater
1442 5165 1697 5236 suscepit,
1722 5164 1797 5222 ita

216 5250 424 5323 foveat,
454 5263 512 5311 et
555 5257 699 5312 hunc
740 5260 800 5311 ut
841 5254 1118 5327 proprium
1150 5256 1388 5328 genitum
1419 5256 1794 5328 amplectatur.

215 5345 461 5416 Iniquum
489 5346 664 5412 enim,
693 5354 749 5403 et
772 5337 945 5402 instar
966 5347 1233 5419 sacrilegii
1264 5354 1365 5412 est,
1390 5356 1452 5404 ut
1468 5348 1559 5420 qui
1582 5362 1641 5405 se
1659 5349 1800 5406 ultro

196 5441 314 5509 'p't'o
338 5438 512 5495 salute
534 5438 798 5504 lldeli'u'm,
828 5442 884 5494 et
914 5429 1146 5495 maitme
1174 5436 1375 5496 sanauit
1404 5438 1660 5496 Romana:
1699 5440 1801 5495 Ec-

215 5513 411 5609 ciesiag,
446 5533 639 5590 matris
667 5518 873 5589 scilicet
905 5532 1145 5588 omnium
1176 5533 1272 5588 Dei
1300 5532 1675 5601 ecclesiarum,
1708 5535 1801 5589 de-

214 5619 493 5701 féiisiiiue,
524 5621 604 5680 ιιιι
632 5623 823 5681 multis
847 5624 1065 5682 casibus
1091 5623 1279 5690 elicit,-
1309 5624 1535 5693 alicujus
1565 5627 1799 5682 factione

213 5711 543 5783 stliiiltla'tiis,
575 5730 605 5771 a
635 5715 811 5788 Empta
834 5716 1053 5790 pietatis
1081 5717 1297 5773 recedat
1323 5728 1506 5787 opere,
1544 5727 1703 5789 atque
1729 5720 1797 5775 ad

211 5806 449 5880 pati-lam
498 5806 879 5870 vindicandam
930 5809 1188 5884 procedat
1235 5810 1626 5868 istereditatem.
1678 5811 1794 5869 Non

1905 4699 2196 4756 dammodo
2237 4697 2536 4754 certamine
2581 4694 2916 4764 suscipiens,
2966 4692 3084 4747 vice
3134 4699 3317 4749 nostra
3373 4699 3484 4744 tam

1904 4807 2060 4864 reges
2083 4794 2247 4863 quam
2273 4799 2498 4848 cteteros
2527 4789 2621 4845 Dei
2643 4786 2730 4843 vel
2755 4785 2939 4842 mundi
2974 4784 3270 4849 ministros,
3298 4782 3485 4845 admo-

1905 4887 2104 4953 nendo,
2118 4884 2415 4951 suadendo,
2429 4895 2484 4939 et
2502 4880 2858 4955 prohibendo,
2883 4894 2913 4934 a
2928 4877 3239 4948 cupiditatis
3254 4874 3338 4935 vel
3360 4888 3485 4937 ava-

1905 4980 2045 5038 ritiae
2091 4978 2222 5035 vitio
2264 4978 2588 5049 comprimat
2641 4985 2697 5032 et
2762 4982 3070 5044 compescat
3112 4988 3127 5028 :
3168 4978 3228 5025 ut
3275 4969 3487 5027 scilicet

1908 5075 2279 5145 unusquisque
2321 5072 2433 5127 suis
2468 5076 2757 5126 sententiis
2793 5068 3028 5123 alienum
3059 5078 3166 5119 non
3194 5060 3482 5130 subripiat,
3513 5128 3517 5132 _

1904 5184 2012 5226 non
2037 5167 2316 5232 sollicitet,
2365 5181 2473 5221 non
2516 5166 2781 5234 usurpet.'
2826 5160 3103 5229 Prtecipue
3150 5165 3212 5211 ut
3258 5166 3521 5239 regnum}

1905 5260 2175 5333 quondam
2204 5258 2346 5330 regis
2373 5256 2601 5322 Lotarii,
2627 5254 2770 5325 quod
2792 5251 3118 5313 cbarissimo
3144 5248 3255 5304 lilio
3294 5255 3483 5309 nostro
3511 5250 3521 5323 ξ

1907 5350 2123 5407 domino
2151 5348 2459 5420 imperatori
2496 5346 2618 5415 jure
2651 5346 2896 5409 debetur,
2943 5343 3027 5405 vel
3054 5341 3301 5405 homines
3330 5338 3382 5405 in
3417 5353 3483 5394 eo
3512 5382 3517 5412 τ

1906 5445 2182 5515 degentes,
2210 5440 2516 5496 mortalium
2544 5437 2724 5495 nullus
2749 5436 2988 5503 invadat,
3035 5433 3214 5495 nullus
3244 5446 3483 5489 commo—
3512 5447 3538 5489 ν·

1904 5543 2061 5601 veat,
2107 5533 2287 5593 nullus
2325 5532 2394 5588 ad
2436 5540 2495 5588 ee
2538 5538 2764 5587 conetur
2797 5528 3093 5594 inﬂectere.
3128 5525 3392 5593 Quoniam
3436 5523 3483 5581 si
3512 5560 3541 5609 ;,.

1904 5642 2003 5699 per
2029 5623 2398 5695 hujuscemodi
2445 5623 2800 5681 temeritatem
2843 5618 3168 5683 eharitatem
3198 5617 3481 5681 scindere,

1904 5720 2252 5777 concordiam
2310 5718 2588 5781 dividere,
2664 5714 2972 5773 invidentia
3020 5712 3224 5771 facibus
3269 5713 3483 5773 inarde-

1904 5827 2092 5878 scere,
2142 5811 2410 5883 cupidatis
2449 5809 2669 5866 aestibus
2695 5808 2990 5874 anhelare,
3021 5805 3476 5878 propinquitatem
