4004 6290
481 269 621 336 mos
1329 271 1332 274 '
1841 348 1844 353 ι
1879 268 2159 330 ADRIANI
2199 271 2400 330 eam
2436 270 2480 330 ιι
3012 250 3016 254 ’
3145 245 3155 266 ⁵
3665 237 3823 304 H96

493 402 606 456 telo
646 393 983 454 crudelitatis
1008 393 1303 467 percellere
1322 434 1337 460 ,
1383 388 1698 448 scandalum
1741 390 1797 445 in
1839 389 2080 446 Ecclesia
2107 392 2162 454 Α
2185 393 2326 456 vice,
2349 393 2700 464 omniumque
2719 389 3072 449 ecclesiarum
3099 389 3198 448 Dei
3226 403 3412 448 curam
3438 396 3497 446 et
3524 385 3823 446 sollieitm

493 491 589 547 Dei
620 503 881 559 generare
902 504 1009 544 non
1035 484 1395 557 pertimescit,
1424 499 1529 539 non
1555 483 1726 538 solum
1749 483 2082 554 permedio-
2184 485 2363 540 dinem
2406 485 2561 541 nobis
2591 501 2621 539 a
2651 485 2881 540 Domino
2905 500 3018 555 prae
3074 485 3289 541 caeteris
3335 482 3658 554 delegatam
3707 483 3823 536 ha-

492 581 706 636 crit-atis
746 588 946 636 nostra:
993 579 1386 643 ministerium,
1429 577 1538 632 Deo
1575 586 1826 640 auctore,
1873 577 2082 632 viribus
2181 575 2390 639 bentcs,
2427 583 2714 644 antequam
2747 576 3003 645 antiquus
3028 583 3214 630 noster
3248 573 3612 628 adversarius
3641 588 3816 625 meno

494 674 881 739 inﬁrmabitur,
910 689 1096 727 verum
1121 673 1284 728 etiam
1312 671 1538 725 vinculis
1562 670 1925 725 anathematis
1950 670 2082 724 obli-
2182 673 2265 720 tes
2287 675 2496 721 vestras
2519 665 2746 722 occultis
2779 675 2835 720 et
2864 665 3044 736 impiis
3071 664 3329 736 nequitia:
3358 677 3472 718 sua:
3519 662 3812 716 versutiis

491 774 666 834 gatus,
696 766 918 820 nomine
940 763 1372 820 Christianitatis
1397 762 1661 832 privatus,
1685 777 1808 816 eum
1840 761 2076 828 diabolo,
2181 769 2512 830 corrumpat,
2545 769 2599 814 et
2627 759 2814 815 morbo
2854 759 3143 814 insanabili
3169 757 3395 821 sanciet,
3435 755 3623 810 armis
3659 770 3821 824 pras-

490 873 650 926 quem
695 873 856 927 super
902 859 1006 912 hoc
1055 856 1319 921 imitatur,
1365 854 1586 908 omnino
1627 853 1917 908 locabitur.
1965 852 2078 908 Tua
2181 854 2345 909 cincti
2406 853 2621 918 divinis,
2653 867 2965 918 occurrere,
2998 852 3418 920 salubribusque
3469 863 3577 902 vos
3635 845 3822 922 infer;

488 966 620 1005 vero
649 951 977 1015 reverentia,
1031 949 1076 1004 si
1104 949 1157 1003 in
1191 949 1295 1004 hoc
1329 957 1547 1002 strenue
1576 946 1870 1002 secundum
1897 946 2081 1003 datam
2181 962 2331 1002 mare
2361 947 2645 1016 praeceptis
2668 946 2924 1002 debemus
2950 963 2962 999 :
2996 945 3191 1015 quibus
3222 943 3507 999 humiliter
3521 940 3814 996 obedien-

490 1043 593 1098 sibi
619 1043 876 1098 divinitus
902 1042 1222 1112 sapientiam
1253 1040 1596 1103 laboraverit,
1638 1047 1839 1094 nostra:
1868 1038 1991 1103 sibi,
2023 1046 2082 1094 ut
2120 1092 2122 1095 .
2181 1049 2284 1107 tes,
2313 1043 2453 1098 sicut
2497 1057 2686 1098 omnes
2733 1041 2822 1112 qui
2851 1041 2918 1096 ab
2947 1039 3101 1095 initio
3131 1041 3243 1096 Deo
3263 1037 3627 1108 placuerunt,
3665 1035 3821 1089 salvi

486 1134 856 1204 praetulimus,
903 1133 1287 1188 familiaritatis
1318 1133 1568 1188 ﬁduciam
1595 1147 1704 1187 non
1738 1131 1944 1186 dubitet
1969 1145 2083 1185 mo-
2179 1153 2301 1194 esse
2322 1136 2564 1208 possitis,
2594 1137 2810 1192 dicente
2837 1136 3067 1191 Domino
3096 1134 3151 1188 in
3181 1131 3480 1204 Evangelia
3510 1149 3528 1186 :
3563 1128 3630 1185 Si
3683 1130 3819 1199 quis

489 1225 571 1279 (lis
599 1224 851 1280 omnibus
882 1225 1256 1292 tribuendam,
1305 1239 1403 1278 nec
1453 1224 1659 1279 dillidat
1687 1223 2079 1278 benevolentia:
2179 1227 2348 1299 diligit
2378 1244 2482 1293 me,
2507 1244 2798 1282 sermonem
2839 1243 3012 1282 meum
3042 1225 3286 1287 servabit,
3336 1233 3384 1278 et
3436 1222 3619 1276 Pater
3654 1238 3820 1276 mea:

489 1328 688 1373 nostra:
718 1319 1106 1388 benignitatem
1126 1359 1140 1382 ,
1183 1333 1304 1372 cum
1335 1317 1630 1372 necessitas
1657 1315 1928 1386 exegerit,
1966 1315 2079 1370 suis

487 1411 982 1480 opportunitatibus
1025 1411 1358 1465 adfuturam.
1417 1408 1530 1464 Hoc
1576 1417 1835 1478 przeterea
1884 1409 2078 1464 missos

487 1504 796 1574 apostolicae
827 1513 1028 1558 nostrae
1051 1505 1216 1568 sedis,
1249 1503 1475 1558 Paulum
1503 1511 1558 1556 et
1580 1501 1819 1556 Leonem
1854 1516 2078 1556 venera-

2179 1320 2357 1392 diliget
2397 1337 2536 1383 eum,
2573 1329 2622 1374 et
2651 1319 2721 1373 ad
2753 1336 2869 1374 eum
2911 1319 3187 1378 veniemus,
3222 1326 3268 1371 et
3291 1313 3640 1370 mansionem
3662 1313 3819 1382 apud

2178 1430 2296 1467 eum
2348 1412 2603 1482 faciemus
2656 1410 2840 1482 (Joan.
2881 1412 3018 1482 xw).
3046 1409 3382 1479 Quapropter
3447 1407 3804 1462 charitatem

2177 1512 2438 1571 vestram,
2466 1519 2499 1558 ο
2519 1503 2830 1559 cbarissimi
2854 1504 2906 1558 in
2937 1502 3168 1558 Domino
3191 1501 3305 1565 ﬁlii,
3332 1498 3648 1570 apostolica
3676 1498 3816 1552 tuba

483 1598 622 1654 biles
651 1600 964 1669 episcopos,
1016 1599 1240 1654 dilectos
1268 1597 1610 1653 consiliarios
1641 1604 1887 1660 nostros,
1943 1610 2078 1665 quos
2178 1614 2483 1661 monemus,
2512 1608 2568 1653 et
2606 1598 2814 1654 eoelesti
2862 1596 3172 1669 magisterio
3217 1609 3539 1660 exoramus,
3594 1600 3656 1647 ut
3711 1607 3816 1662 pro

483 1706 582 1759 pro
617 1705 750 1761 pace
775 1700 829 1746 et
855 1691 1148 1747 concordia
1185 1690 1275 1745 Dei
1323 1690 1580 1745 Ecclesia:
1625 1689 1755 1753 illuc
1787 1689 2078 1745 destinavi-
2178 1689 2331 1761 regni
2364 1689 2683 1756 stabilitate,
2715 1705 2812 1744 vos
2839 1705 2986 1744 nunc
3015 1689 3068 1744 in
3093 1689 3283 1744 eadem
3317 1687 3446 1753 ﬁde,
3477 1687 3816 1756 mentisque

483 1798 634 1844 mus,
687 1783 756 1837 ob
791 1783 1150 1838 reverentiam
1182 1783 1485 1854 principum
1513 1782 1878 1853 apostolorum
1928 1781 2076 1837 Petri
2108 1762 2156 1822 Β
2182 1783 2517 1846 sinceritate,
2560 1783 2884 1854 generaliter
2929 1798 3121 1840 omnes
3157 1783 3426 1853 satagatis
3479 1782 3811 1838 consistere

482 1885 536 1929 et
563 1874 714 1928 Pauli
743 1875 976 1944 benigne
1002 1876 1236 1947 suscipe,
1283 1885 1338 1931 et
1383 1892 1447 1931 ea
1487 1893 1608 1948 quae
1635 1876 1730 1931 tibi
1757 1891 1856 1946 pro
1877 1874 2078 1929 utilita-

482 1968 626 2022 tibus
653 1968 977 2023 Christiana:
1013 1968 1136 2023 ﬁdei
1169 1979 1330 2039 atque
1363 1969 1640 2039 religionis
1677 1969 1945 2034 dixerint,
1981 1982 2076 2023 ore

483 2062 664 2116 cordis
688 2062 1018 2132 percipiens,
1064 2063 1131 2117 ad
1156 2062 1404 2118 ellectum
1435 2063 1634 2118 ducere
1667 2062 1878 2117 festina.
1912 2061 2078 2132 Opta-

481 2168 603 2206 mus
632 2153 975 2208 sanctitatem
1002 2163 1147 2210 tuam
1195 2157 1248 2211 in
1293 2156 1510 2211 Christo
1533 2157 1671 2212 bene
1697 2156 1892 2212 valere.
1941 2157 2074 2212 Data

482 2243 653 2300 Nonis
679 2242 1041 2315 Septembris,
1071 2247 1368 2305 indictione
1395 2265 1476 2303 Ill.

1191 2377 1376 2434 XXIII.

835 2509 903 2550 ΔΙ)
929 2509 1197 2553 ιηιοίιειιεε
1235 2511 1394 2553 REGNI
1435 2513 1714 2556 LOTEARII.

1097 2607 1275 2678 (Anno
1318 2610 1466 2681 869.)

484 2712 617 2800 Post
658 2729 873 2800 mortem
921 2722 1371 2800 Lolltariiregis,
1398 2726 1645 2800 hortatur
1669 2737 1726 2782 ut
1753 2729 1934 2800 ﬁdeles
1974 2735 2078 2788 sint

549 2790 814 2871 [falarica
840 2795 1142 2871 imperatori
1165 2790 1306 2851 illius
1344 2797 1522 2868 fratri,
1548 2801 1634 2853 cui
1662 2790 1878 2871 regium;
1909 2804 2075 2859 hatre-

551 2863 745 2916 ditario
763 2865 890 2933 jure
917 2865 1188 2920 debeatur.

549 2977 830 3044 Annianus
849 2977 1150 3050 episcopus,
1193 2995 1384 3038 servus
1435 2999 1718 3041 servorum
1762 2987 1877 3054 Dei,
1910 2989 2083 3045 omni-

475 3067 578 3122 bus
608 3069 925 3138 primatibus
955 3080 1008 3126 et
1030 3072 1281 3144 gloriosis
1307 3076 1597 3131 comitibus
1652 3080 2079 3138 consistentibus

2180 1875 2324 1930 circa
2377 1876 2790 1932 dilectissimum
2822 1892 2885 1932 ac
2935 1877 3234 1948 spiritalem
3291 1875 3462 1931 ﬁlium
3517 1885 3811 1941 nostrum,

2181 1967 2439 2022 domuum
2468 1969 2801 2025 Ludovicum
2835 1971 3216 2042 imperatorem
3253 1970 3593 2041 Augustum,
3637 1985 3808 2039 qnam

2181 2062 2325 2117 circa
2359 2061 2496 2117 divae
2521 2064 2795 2119 memoria:
2820 2065 3092 2136 quondam
3143 2063 3460 2119 Lotharium
3491 2063 3807 2133 imperato-

2180 2170 2295 2210 rem
2321 2163 2530 2224 patrem
2584 2154 2730 2210 illius
2755 2155 2956 2210 mundo
3003 2163 3224 2227 pectore
3271 2155 3656 2211 conservastis
3694 2173 3709 2208 :
3745 2163 3801 2208 ut

2182 2247 2358 2302 nullus
2411 2247 2758 2314 mortalium,
2813 2247 3185 2321 cujuscunque
3255 2249 3328 2304 sit
3379 2249 3686 2321 dignitatis
3748 2258 3804 2303 et

2181 2338 2386 2409 gloriae,
2408 2353 2509 2394 vos
2533 2339 2603 2394 ab
2626 2339 2941 2410 apostolicae
2963 2340 3106 2396 sedis
3143 2349 3420 2411 prmeepto
3465 2341 3801 2412 monituque

2181 2430 2383 2488 salubri
2402 2431 2576 2501 possit
2604 2432 2776 2487 modis
2797 2441 2892 2487 aut
2924 2433 3256 2503 argumentis
3307 2432 3661 2502 quibuslibet
3711 2450 3801 2488 re-

2179 2537 2396 2589 vocare,
2455 2523 2707 2578 velavia
2741 2524 2990 2580 veritatis
3045 2525 3099 2579 i‘n
3157 2523 3438 2593 obliquum
3472 2523 3794 2584 deﬂectere,

2181 2629 2282 2670 nec
2311 2614 2472 2670 ullius
2501 2623 2770 2687 praecepta
2797 2616 2972 2687 magis
2997 2631 3160 2686 quam
3184 2615 3327 2670 beati
3350 2613 3502 2669 Petri
3539 2615 3798 2684 apostoli,

2181 2720 2282 2777 per
2308 2721 2370 2761 os
2397 2715 2641 2762 nostrum
2667 2707 2898 2778 prolata,
2927 2707 3192 2786 vobisque
3240 2706 3484 2772 utiliora,
3532 2706 3798 2776 jucundis

2183 2801 2463 2871 percipere
2489 2801 2711 2856 auribus
2741 2801 3022 2856 studentis.
3048 2800 3314 2869 Quoniam
3341 2801 3444 2871 ipsi
3474 2811 3536 2856 et
3563 2811 3798 2872 paterno

2184 2900 2240 2948 et
2270 2892 2614 2948 haereditario
2647 2892 2772 2963 jure
2829 2893 3122 2948 secundum
3183 2892 3356 2963 legem
3402 2899 3460 2947 et
3519 2895 3797 2948 rationem

2184 2986 2288 3042 hoe
2315 3001 2541 3056 regnum
2571 2986 2815 3052 debetur,
2841 2995 2896 3042 et
2915 3001 3010 3056 per
3038 2995 3277 3056 paternae
3299 2986 3648 3042 haereditatis
3671 3004 3798 3043 suc-

2186 3079 2487 3138 cessionem
2529 3093 2872 3149 summopere
2927 3079 3161 3149 pertinet
3198 3097 3210 3133 :
3243 3079 3445 3150 quippe
3485 3095 3620 3135 cum
3671 3096 3794 3150 eum

475 3159 532 3214 in
560 3176 723 3232 regno
753 3162 936 3218 domni
967 3164 1226 3232 Lotharii,
1259 3169 1529 3236 quondam
1576 3171 1757 3241 magni
1789 3171 2078 3243 imperato-
2105 3149 2150 3213 ο
2181 3171 2440 3244 praelatus
2471 3171 2684 3242 genitor
2715 3171 2881 3238 illius,
2907 3173 3180 3242 quondam
3208 3149 3535 3243 imperator,
3591 3149 3796 3229 consti-

477 3255 575 3321 ris,
609 3265 661 3310 et
695 3258 955 3327 genitoris
979 3258 1160 3314 domni
1190 3259 1448 3316 Ludovici
1492 3262 1857 3334 imperatoris.

547 3351 808 3407 Perfecta:
854 3353 1044 3424 procul
1085 3354 1248 3410 dubio
1287 3356 1571 3412 cbaritatis
1617 3367 1700 3414 est
1733 3359 1956 3428 bonum,
1993 3377 2076 3417 se-

476 3444 711 3500 cundum
761 3445 1098 3513 Apostolum,
1124 3447 1360 3516 gaudere
1415 3463 1540 3502 cum
1587 3449 1974 3520 gaudentibus,
2019 3462 2077 3509 et

475 3533 606 3588 ﬁere
633 3549 758 3589 eum
785 3533 1034 3589 ﬂentibus
1072 3535 1243 3604 (Rom.
1287 3535 1408 3607 xu).
1443 3536 1596 3593 Unde
1630 3539 1755 3610 quia
1786 3539 2076 3599 Lotharius

475 3627 744 3697 quondam
778 3642 872 3682 rex
901 3636 1080 3682 vester
1124 3629 1304 3684 divina
1360 3630 1427 3685 de
1483 3631 1585 3687 hoc
1608 3633 1806 3688 SIBCIIIO
1829 3633 2074 3702 jussione

470 3719 746 3790 migravit,
774 3733 868 3774 vos
893 3720 959 3775 de
984 3719 1132 3780 obitu
1167 3721 1334 3791 ipsius
1356 3722 1512 3778 valde
1532 3723 1715 3780 tristes
1743 3723 1988 3794 allectos,
2015 3735 2074 3784 et

468 3813 683 3883 lugubri
743 3813 941 3868 doloris
991 3813 1227 3884 ingentis
1256 3813 1638 3882 amaritudine,
1695 3823 1880 3887 utpote
1918 3819 2068 3876 viros

470 3905 675 3970 ﬁdeles,
713 3905 949 3975 repletos
977 3921 1097 3961 esse
1123 3907 1518 3977 cognoscimus,
1541 3909 1853 3981 carnalique
1873 3909 2071 3969 all’ectu

467 3998 584 4067 ejus
603 4015 747 4054 nunc
778 3999 1065 4053 transitum
1096 3999 1224 4054 ﬁere
1256 4018 1269 4053 :
1306 4010 1491 4055 noster
1510 4017 1620 4056 non
1651 4003 1830 4078 minus
1851 4014 2069 4074 aposto-

465 4091 603 4148 licus
648 4093 861 4147 animus
918 4093 1071 4148 vobis
1122 4094 1460 4162 eompatiens
1489 4103 1544 4150 et
1595 4095 1908 4162 condolens,
1958 4115 2066 4155 non

465 4186 641 4239 solum
665 4199 763 4253 pro
792 4192 992 4238 aeterna
1017 4184 1157 4238 illius
1174 4186 1361 4255 requie
1388 4195 1548 4255 atque
1561 4187 1753 4254 salute,
1781 4189 1874 4244 sed
1905 4191 2067 4246 etiam

463 4291 564 4347 pro
591 4276 841 4346 praesenti
863 4275 1232 4330 consolatione
1249 4284 1446 4340 vestra,
1465 4293 1562 4346 pro
1576 4292 1728 4348 pace,
1747 4281 2061 4348 concordia,
2098 4339 2100 4341 ,

461 4375 520 4423 et
543 4367 767 4430 unitate,
817 4382 977 4434 quam
1017 4383 1112 4423 vos
1142 4382 1208 4421 ex
1251 4376 1364 4422 toto
1392 4369 1554 4423 corde
1590 4371 1768 4440 sequi,
1816 4381 1870 4427 et
1917 4373 2062 4429 ﬁdeli

461 4463 686 4518 omnino
711 4463 996 4517 devotione
1021 4462 1270 4532 amplecti
1301 4478 1398 4519 ceu
1425 4463 1624 4520 Christi
1654 4467 1898 4524 membra
1940 4469 2061 4524 nul-

461 4553 568 4608 lam
598 4555 847 4609 habentia
878 4555 1165 4619 maculam,
1196 4571 1315 4625 qua:
1357 4557 1646 4613 instantem
1674 4569 1766 4614 aut
1824 4560 2060 4617 futuram

461 4649 653 4704 mortis
713 4650 1007 4718 perniciem
1035 4649 1187 4704 vobis
1207 4651 1380 4720 possit
1404 4649 1625 4716 inferre,
1651 4653 2056 4722 incunctanter,

458 4753 519 4798 ut
544 4751 776 4814 Oportet,
810 4742 1387 4802 ﬂebilibus,Dominutn
1417 4745 1670 4814 precibus
1713 4748 1920 4815 precati
1965 4764 2058 4804 su-

458 4851 597 4891 mus.
631 4836 958 4906 thuotidie
988 4836 1304 4906 suppliciter
1349 4851 1638 4892 exoramus
1672 4845 1732 4892 ut
1755 4846 1810 4893 et
1833 4838 1931 4903 illi,
1963 4841 2055 4912 qui

457 4931 662 4987 carnali
700 4932 836 4987 obiit
884 4932 1213 4996 conditione,
1248 4933 1412 4987 vitam
1452 4941 1791 5003 perpetuam,
1819 4943 1875 4988 et
1901 4936 2055 4990 vobis

456 5025 846 5082 misericordiae
872 5027 1121 5098 largitate
1144 5028 1555 5096 consolationis,
1586 5031 1758 5100 pacis,
1783 5038 1839 5084 et
1866 5030 2060 5084 unani-

456 5121 665 5176 mitatis
690 5120 938 5176 allectum
972 5130 1025 5177 et
1050 5122 1377 5178 desiderium
1431 5123 1702 5193 inspirare
1748 5125 2058 5194 donareque

457 5212 724 5284 dignetur.
772 5213 1037 5280 Quoniam
1076 5215 1189 5285 ipse
1225 5224 1327 5280 est,
1385 5215 1476 5284 qui
1529 5231 1625 5270 nos
1652 5225 1877 5286 paterno
1907 5233 2057 5273 more

456 5303 610 5374 virga
635 5305 860 5376 iustitiae
881 5305 1129 5375 corripit,
1155 5321 1221 5361 ae
1248 5307 1589 5378 purgationis
1611 5323 1846 5363 maerore
1870 5308 2058 5380 allligit

455 5405 513 5453 et
541 5397 655 5467 ipse
682 5413 779 5452 nos
806 5397 860 5452 in
902 5400 1052 5454 omni
1111 5399 1459 5455 tribulatione
1515 5407 1702 5454 nostra
1761 5400 2058 5457 clementer

457 5490 726 5545 consolari
750 5491 1023 5561 dignatur,
1057 5500 1115 5546 ut
1142 5493 1411 5562 possimus
1433 5493 1727 5559 sustinere,
1749 5509 2057 5564 nunquam-

458 5597 564 5653 que
586 5581 834 5639 deﬁcere.
871 5581 1253 5652 Quamobrem,
1283 5585 1374 5638 ﬁlii
1404 5584 1730 5648 charissimi,
1749 5584 2057 5654 apostolica:

457 5676 602 5731 sedis
639 5677 951 5747 magisterio
1004 5677 1294 5746 plurimmn
1345 5677 1625 5742 debentes,
1682 5692 1799 5742 nos,
1841 5679 1934 5746 qui
1961 5693 2056 5748 per

460 5780 750 5834 supernam
784 5767 1012 5836 gratiam
1063 5767 1427 5837 apostolorum
1457 5767 1723 5838 principis
1778 5766 2054 5839 fungimur

2180 3265 2347 3321 tuerit
2370 3265 2778 3334 imperatorem,
2809 3265 3072 3336 regnique
3121 3265 3287 3320 totius
3345 3265 3638 3321 ltatredem
3683 3281 3792 3337 pra

2179 3357 2392 3414 caeteris
2416 3355 2786 3412 sublimaverit
2810 3356 2973 3412 natis.
3005 3355 3158 3411 Sicut
3189 3356 3340 3412 Isaac
3382 3357 3677 3427 quondam
3707 3357 3792 3414 Ja-

2179 3449 2280 3506 cob
2307 3449 2418 3503 ﬁlio
2448 3464 2547 3504 suo
2576 3448 2921 3514 benedicens,
2977 3449 3256 3505 dominum
3290 3449 3447 3504 illum
3477 3449 3637 3506 Esau
3665 3468 3790 3508 con-

2179 3540 2354 3596 stituit
2385 3537 2537 3609 (Gen.
2589 3539 2767 3609 xxvn)
2799 3554 2815 3593 :
2842 3541 2916 3595 ita
2939 3548 2995 3596 et
3037 3541 3165 3596 huic
3195 3541 3410 3596 caeteris
3443 3543 3689 3612 praelato
3714 3554 3789 3600 to-

2178 3640 2292 3686 tum
2320 3631 2542 3686 omnino
2564 3640 2648 3686 est
2681 3646 2711 3685 a
2737 3639 2891 3702 patre
2917 3647 3234 3689 concessum
3263 3632 3588 3704 imperium.
3608 3634 3779 3704 Quem

2180 3723 2294 3795 ipse
2321 3724 2497 3780 adhuc
2520 3723 2710 3780 vivens
2751 3723 3022 3794 imperiali
3057 3723 3332 3784 voluitet
3361 3728 3658 3783 consensit
3685 3745 3787 3785 una

2177 3817 2458 3874 vobiscum
2503 3818 2571 3873 ab
2624 3818 2922 3887 apostolica
2971 3819 3100 3874 sede
3147 3819 3455 3877 diademate
3501 3826 3783 3889 coronari,

2175 3921 2494 3981 sceptroque
2557 3912 2721 3981 potiri
2765 3911 2884 3967 sine
2933 3911 3097 3968 dubio
3150 3913 3422 3986 augustali
3495 3919 3781 3985 permisit.

2175 4003 2300 4057 Ideo
2353 4001 2687 4058 nobilitatem
2746 4010 2984 4058 vestram
3034 4019 3318 4060 monemus
3352 4012 3409 4060 et
3437 4005 3784 4064 obtestamur

2177 4093 2230 4160 in
2294 4093 2539 4158 Domino,
2588 4101 2648 4147 ut
2697 4093 3007 4150 nullatenus
3060 4094 3128 4150 ab
3185 4097 3376 4152 eodem
3408 4112 3510 4153 vos
3547 4100 3781 4169 spiritali

2176 4184 2286 4240 lilio
2313 4192 2502 4240 nostro
2557 4184 2802 4257 Augusto
2846 4186 3178 4257 quibuslibet
3210 4189 3676 4260 promissionibus
3702 4196 3781 4251 vel

2172 4277 2336 4334 minis
2385 4276 2616 4354 alicujus
2663 4292 2941 4347 separare,
2996 4279 3349 4351 dividereque
3387 4283 3657 4351 tentetis;
3691 4287 3778 4341 sed

2143 4373 2508 4449 .illiquandiu
2536 4390 2772 4446 superna
2827 4377 3024 4432 vixerit
3053 4377 3350 4445 voluntate,
3411 4379 3467 4434 in
3524 4382 3778 4436 omnibus

2170 4465 2333 4520 veluti
2365 4466 2584 4536 proprio
2609 4466 2832 4532 seniori,
2864 4467 3084 4538 preprio
3145 4469 3483 4538 imperatori,
3509 4469 3774 4543 justeque

2165 4555 2366 4612 hmredi
2398 4557 2546 4626 regni
2570 4557 2814 4622 obedire,
2847 4557 3118 4628 ﬁdemque
3141 4558 3366 4614 illaesam
3418 4575 3582 4617 more
3616 4561 3773 4617 solito

2165 4667 2513 4718 conservare,
2563 4652 2850 4723 studioque
2897 4653 3080 4724 sagaci
3133 4669 3348 4724 semper
3395 4656 3692 4719 attendite,
3720 4666 3775 4712 ut

2163 4745 2260 4801 Dei
2294 4745 2680 4814 omnipotentis
2705 4754 2760 4800 et
2788 4745 2960 4800 sancti
3020 4744 3167 4801 Petri
3205 4746 3457 4817 gratiam,
3491 4758 3770 4803 nostram-

2161 4858 2264 4913 que
2287 4841 2586 4912 plenariam
2614 4841 2817 4896 habere
2845 4840 3164 4896 mereamini
3220 4839 3688 4906 benedictionem,
3721 4859 3772 4917 ει

2164 4933 2476 5004 apostolica
2501 4933 2900 4988 communionis
2953 4932 3307 4988 consortium.
3337 4930 3475 4986 Nam
3502 4947 3672 5003 quem
3706 4951 3770 4990 ex

2165 5028 2318 5083 vobis
2366 5027 2643 5082 contraria
2695 5034 2908 5081 tentare
2936 5025 3218 5089 nitentem,
3247 5033 3410 5094 atque
3459 5017 3792 5096 apostolicae

2166 5120 2310 5175 sedis
2342 5119 2563 5175 monitis
2612 5120 2665 5174 in
2713 5127 3084 5189 contemptum
3149 5117 3293 5173 beati
3342 5118 3488 5174 Petri
3536 5121 3766 5191 apostoli

2165 5214 2404 5269 caelestis
2439 5211 2591 5283 regni
2614 5211 2869 5282 clavigeri
2900 5211 3123 5282 spretis,
3151 5212 3218 5265 ad
3250 5209 3411 5264 aliam
3443 5225 3502 5265 se
3552 5222 3764 5282 partem

2165 5305 2413 5362 conferre
2439 5303 2872 5376 cognoverimus,
2907 5302 3055 5357 velut
3083 5301 3376 5367 inﬁdelem,
3410 5311 3467 5358 et
3497 5304 3764 5360 ecclesia-

2162 5400 2313 5455 sticae
2340 5398 2458 5468 paci
2483 5413 2548 5452 ae
2578 5397 2736 5453 saluti
2758 5395 3115 5460 contrarium,
3144 5409 3172 5450 a
3201 5395 3373 5450 nostri
3430 5397 3765 5466 apostolatus

2163 5489 2546 5544 communione
2595 5501 2701 5541 non
2757 5485 2932 5541 solum
2976 5485 3211 5540 alienum
3247 5485 3606 5557 habebimus,
3667 5490 3758 5546 sed

2161 5580 2324 5636 etiam
2363 5575 2728 5632 anathematis
2780 5574 3000 5630 vinculo
3049 5575 3174 5646 jure
3205 5576 3509 5648 meritoque
3537 5577 3761 5650 alligare

2159 5671 2382 5727 omnino
2403 5669 2736 5732 curabimus,
2764 5675 2818 5722 et
2841 5683 2939 5723 nos
2967 5669 3266 5724 secundum
3293 5669 3614 5740 apostolica:
3655 5673 3761 5742 pri~

2153 5763 2409 5834 vilegium
2440 5759 2720 5833 dignitatis
2745 5768 2799 5816 et
2829 5760 3134 5831 potestatis,
3161 5761 3336 5835 ipsum
3357 5762 3755 5824 excellentissi-
