4004 6290
187 397 326 461 ηθτ

1426 400 1785 461 Εριετοιιτε
1808 356 1917 461 ur
1957 354 2299 463 sidiam.

3320 383 3464 450 i398

192 531 342 573 mum
371 530 434 572 ac
458 514 754 588 Spiritalem
788 514 955 574 lilium
977 526 1245 586 nostrum,
1299 518 1557 575 domuum
1600 520 1777 576 Ludo—
1803 527 1851 584 Α
1880 522 2014 577 etin
2045 523 2266 581 archivo
2293 529 2480 580 nostro
2506 523 2665 582 hodie
2695 522 2782 582 illa
2812 524 3089 583 recondita
3116 526 3460 586 retinemus?

193 611 373 668 vicum
404 610 785 680 imperatorem
814 612 1133 683 Augustum,
1181 613 1331 685 regni
1358 612 1516 682 hujus
1554 614 1775 686 provin-

193 708 313 774 ciae,
346 706 552 762 scilicet
598 705 784 762 Gallia:
829 708 1018 773 totius,
1050 724 1249 779 regem.
1286 708 1562 763 dominum
1593 717 1647 763 et
1676 708 1777 763 im-

195 810 523 872 peratorem,
580 800 740 856 sicuti
786 799 900 870 jam
950 802 1076 856 olim
1108 818 1138 856 a
1184 800 1294 856 Deo
1353 801 1774 871 praeordinatqu

194 908 319 949 esse
344 900 576 956 constat,
600 900 657 947 et
685 894 753 946 ab
776 893 1214 949 antecessoribus
1265 895 1465 950 nostris
1509 893 1776 965 pontifici-

193 986 297 1042 bus
341 993 603 1040 statutum
647 985 829 1041 multis
855 987 1067 1042 videtur
1114 986 1346 1053 indiciis,
1389 988 1673 1055 habemus,
1722 997 1777 1043 et

194 1091 476 1147 quousque
501 1076 825 1146 superfuerit
848 1079 987 1149 ipse,
1017 1095 1139 1135 eum
1167 1081 1369 1136 habere
1417 1081 1770 1137 studebimus.

194 1170 348 1238 Quod
383 1184 514 1226 sane
540 1186 763 1241 regnum
800 1172 847 1227 si
876 1181 1134 1244 tyrannus
1164 1172 1380 1243 aliquis,
1413 1182 1601 1230 contra
1634 1174 1771 1229 divi-

193 1275 322 1315 nam
349 1270 406 1315 et
433 1260 782 1330 apostolicam
811 1262 1166 1330 voluntatem,
1214 1263 1467 1321 invadere
1517 1282 1777 1337 praesum-

190 1350 382 1423 pserit,
407 1352 713 1422 apostolicae
741 1354 859 1408 sine
889 1369 1039 1410 mora
1070 1356 1358 1413 sustinebit
1386 1357 1607 1414 ultionis
1652 1376 1777 1416 cen-

192 1458 398 1500 suram.
428 1443 688 1517 Optamus
717 1448 1053 1504 nobilitatem
1093 1460 1328 1506 vestram
1388 1452 1633 1508 unanimi
1686 1455 1777 1508 de-

191 1536 409 1592 votione
438 1538 756 1605 consistere,
788 1549 843 1595 et
875 1541 929 1597 in
956 1540 1228 1597 insolubili
1258 1543 1541 1600 cbaritatis
1557 1545 1775 1601 vinculo

192 1640 417 1683 manere
441 1627 775 1701 coniunctos.

903 1744 1092 1804 XXIV.

568 1875 637 1916 AD
672 1875 919 1919 οΑιιοιωι
956 1878 1168 1920 ολινωι
1206 1877 1402 1920 REGEI.

314 2048 343 2071 ί
790 1973 982 2046 (Anno
1015 1973 1178 2047 870.)

194 2084 380 2164 Regem
427 2087 825 2164 increpatquod
874 2089 1111 2147 Lotharii
1140 2109 1353 2164 regnum
1396 2094 1676 2159 invaserit,
1723 2105 1773 2150 et

266 2158 403 2213 sedis
450 2158 751 2237 apes-taliet?
784 2161 979 2237 legatos
1014 2158 1417 2237 contempserit:
1454 2158 1772 2237 mandatque

263 2239 320 2306 ut
346 2246 502 2306 regnp
524 2229 616 2283 illo
644 2229 959 2306 exceda't,__et
987 2233 1120 2306 alio!
1146 2229 1343 2304 legatos
1366 2234 1581 2306 benigne
1602 2229 1770 2291 susci-

261 2299 411 2371 piat,
453 2299 712 2355 Joannem
754 2301 1020 2368 videlicet,
1071 2299 1323 2370 Petr'um,
1367 2299 1683 2361 Wibbodum
1709 2325 1771 2362 ac

257 2369 523 2492 gazam
552 2372 818 2442 episcopos
836 2413 851 2437 ,
880 2382 929 2427 et
968 2371 1186 2429 Petrum
1205 2369 1561 2448 presbyterum
1590 2380 1770 2433 cardi-

260 2456 452 2494 uatem.

260 2553 536 2608 ADRIANUS
562 2553 871 2626 episcopus,
898 2570 1088 2612 servus
1114 2571 1397 2615 servorum
1425 2557 1543 2627 Dei,
1574 2559 1771 2617 dilecto

190 2644 299 2701 tilio
325 2645 543 2704 Canem
568 2646 801 2720 glorioso
830 2649 966 2720 regi.

258 2750 285 2780 ι
316 2738 605 2794 Sacrorum
634 2738 816 2810 itaque
858 2740 1169 2812 dogmatum
1219 2742 1642 2800 evidentissimis
1672 2746 1797 2815 do-_

188 2829 452 2886 cumentis
473 2837 529 2883 et
550 2830 860 2900 apostolicis
891 2831 1251 2889 informamur
1277 2836 1560 2906 exemplis,
1588 2847 1649 2893 ut
1670 2839 1770 2894 mi-

190 2920 294 2975 tius
325 2934 483 2989 agere
514 2920 808 2978 debeamus
839 2937 962 2977 cum
1003 2924 1260 2991 mitibus,
1307 2935 1363 2981 et
1404 2928 1645 2985 severius
1675 2946 1773 3002 per

182 3011 449 3083 justitiam
495 3012 872 3083 delinquentes
914 3017 1293 3088 corripiamus.
1327 3018 1433 3075 Sed
1470 3035 1646 3092 neque
1674 3039 1773 3080 nos

188 3103 298 3159 Deo
345 3104 560 3174 placere
606 3120 932 3176 possumus,
1009 3108 1055 3164 si
1100 3109 1338 3180 pastoris
1381 3112 1555 3168 vicem
1599 3114 1772 3170 susci-

186 3197 414 3267 pientes,
448 3211 554 3251 nou
584 3211 718 3267 opus
746 3199 1015 3268 pastoris,
1067 3201 1162 3256 sed
1206 3205 1524 3260 mercenarii
1546 3205 1769 3261 latibula

1877 613 2032 682 Quod
2061 616 2107 670 si
2132 630 2230 672 nec
2260 616 2356 672 tibi
2387 617 2491 672 ista
2524 616 2819 685 sufficiunt,
2867 626 2994 675 tdnc
3024 620 3089 674 ad
3121 619 3341 690 majoris
3372 637 3459 675 re-

1875 709 2256 777 prehensionis
2290 718 2392 765 tua:
2420 711 2693 765 cumulum
2733 712 2841 767 tuis
2890 721 2941 766 te
2987 711 3311 783 specialibus
3337 728 3460 768 sen-

1876 801 2059 855 tentiis
2106 802 2492 868 convenimus,
2524 811 2579 857 et
2620 810 2679 856 ut
2706 802 2773 856 ad
2802 817 2899 858 cor
2944 812 3094 857 tuum
3141 804 3357 866 redeas,
3392 820 3459 859 ex

1874 891 1987 946 oris
2036 891 2115 946 tui
2167 890 2600 963 professionibus
2648 893 2955 949 incilamus.
3025 894 3249 964 Quando
3300 896 3462 967 igitur

1874 982 2152 1051 Ludovici,
2186 984 2372 1040 fratris
2403 986 2479 1040 tui
2508 985 2623 1051 lilii,
2648 994 2933 1056 superatus
2974 987 3203 1054 viribus,
3233 1002 3457 1057 regnum

1874 1077 2192 1148 perdidisti,
2243 1078 2489 1149 nunquid
2521 1092 2629 1133 non
2660 1078 2941 1149 epistolam
2961 1119 2977 1145 ,
3008 1094 3170 1150 quam
3200 1079 3461 1134 habemus

1875 1185 1986 1241 prae
2013 1170 2287 1233 manibus,
2320 1169 2435 1225 sedi
2461 1170 2771 1241 apostolica:
2796 1170 3039 1225 direxisti
3065 1171 3088 1224 ?
3114 1171 3166 1226 in
3192 1185 3297 1240 qua
3322 1171 3462 1226 inter

1875 1276 2069 1321 caetera
2126 1264 2411 1321 confessus
2445 1264 2595 1320 fuisti
2644 1263 2865 1320 dicens:
2901 1263 3035 1319 Cum
3076 1263 3336 1319 fratribus
3362 1277 3461 1319 nov

1876 1357 2005 1412 stris
2030 1365 2155 1428 post
2180 1356 2539 1412 Fontanicum
2567 1355 2765 1411 bellum
2802 1356 2855 1410 in
2887 1371 3052 1410 unum
3082 1355 3461 1418 convenimus,

1874 1458 1949 1514 et,
1979 1448 2121 1503 inter
2154 1464 2253 1504 nos
2283 1448 2548 1504 divisione
2572 1462 2861 1520 regnorum
2888 1446 3035 1502 facta
3058 1488 3073 1512 ,
3113 1462 3301 1518 pacem
3333 1446 3464 1502 feci-

1875 1538 2017 1608 mus,
2041 1550 2096 1596 et
2116 1540 2475 1613 jurejurando
2498 1541 2824 1613 juravimus,
2858 1540 3003 1611 quod
3028 1555 3186 1596 nemo
3214 1550 3462 1595 nostrum

1874 1634 2026 1705 regni
2071 1633 2296 1689 alterius
2346 1641 2523 1688 metas
2554 1633 2857 1688 invaderet.
2904 1630 3060 1689 Nunc
3090 1642 3269 1688 autem
3297 1648 3464 1705 regno

1872 1742 1996 1783 meo
2018 1726 2345 1797 iuramentis
2390 1728 2588 1798 spretis
2616 1727 2806 1782 invaso
2833 1736 2995 1799 atque
3024 1726 3270 1796 sublato,
3306 1730 3467 1784 mise-

1876 1827 2060 1874 reatur
2084 1826 2269 1873 vester
2295 1817 2654 1889 apostolatus,
2687 1824 2743 1873 et
2772 1832 2841 1872 ne
2864 1833 3065 1874 nomen
3091 1818 3294 1875 Christi
3323 1818 3467 1874 blas-

1800 1908 1848 1967 B
1876 1911 2163 1981 phemetur
2210 1911 2264 1965 in
2295 1910 2568 1983 gentibus,
2615 1910 2733 1965 sine
2777 1910 3089 1966 vindicante
3116 1909 3325 1966 facinus
3359 1926 3465 1965 non

1876 2002 2229 2074 relinquatur.
2286 2002 2428 2058 Ecce
2456 2002 2687 2074 qualiter
2718 2002 2894 2059 aliena
2934 2003 3031 2058 tibi
3082 2002 3466 2072 concupiscere

1876 2096 2095 2152 minime
2124 2097 2375 2152 convenit
2409 2115 2423 2151 :
2453 2112 2584 2152 ecce
2617 2097 2712 2152 tibi
2738 2105 3016 2152 ostensum
3046 2105 3158 2162 est,
3210 2097 3352 2167 quod
3378 2095 3467 2166 ju-

1877 2197 2121 2244 ramenta
2150 2189 2364 2260 publice
2403 2189 2545 2246 facta
2576 2199 2885 2262 contempla
2911 2199 3057 2246 sunt.
3088 2189 3371 2246 Postremo
3397 2189 3464 2245 ad

1876 2279 2117 2337 fortioris
2146 2290 2254 2337 tua:
2281 2283 2721 2353 reprehensionis
2752 2283 3041 2349 indicium,
3079 2282 3467 2354 aliquantisper

1877 2380 2239 2429 monstratum
2290 2382 2407 2438 cst,
2456 2373 2599 2444 quod
2648 2382 2702 2431 et
2733 2382 2784 2430 te
2823 2374 3147 2445 impunitum
3191 2374 3466 2429 dimittere

1877 2478 1983 2517 non
2017 2464 2295 2520 debemus.
2334 2464 2437 2533 Qui
2468 2466 2614 2536 quod
2638 2466 2726 2522 alii
2757 2465 2933 2522 facere
2954 2466 3288 2538 precabaris,
3320 2481 3468 2523 nunc

1878 2554 1932 2609 in
1960 2554 2123 2609 simili
2166 2571 2329 2626 opere
2361 2556 2454 2610 tibi
2483 2555 2662 2612 facere
2687 2558 2834 2629 justo
2862 2574 2962 2613 nos
2988 2567 3203 2629 oportet
3226 2557 3465 2629 judicio,

1878 2654 1934 2703 et
1964 2655 2017 2702 te
2045 2646 2111 2702 de
2138 2648 2244 2702 tuis
2279 2647 2490 2703 actibus
2517 2649 2795 2720 increpare
2820 2668 2833 2703 :
2867 2649 3139 2719 praecipue
3164 2664 3287 2704 cum
3316 2664 3468 2720 aper-

1884 2742 1989 2796 tius
2016 2741 2425 2806 demonstraris,
2448 2741 2595 2811 quod
2621 2741 2779 2796 labiis
2810 2749 3039 2807 tantum,
3066 2749 3249 2796 etnon
3279 2740 3464 2808 corde,

1881 2835 2134 2891 devotum
2165 2842 2368 2890 sanctae
2409 2834 2668 2891 Romana:
2694 2834 2971 2901 Ecclesim,
2997 2834 3159 2890 veluti
3188 2834 3240 2889 in
3267 2834 3467 2905 episto-

1880 2925 1948 2981 lis
1974 2926 2042 2980 ad
2072 2926 2387 2981 decessores
2415 2935 2631 2982 nostros
2666 2934 2723 2981 et
2750 2927 2906 2983 nobis
2942 2942 2971 2980 a
3022 2935 3076 2981 te
3099 2926 3318 2982 directis
3342 2941 3467 2981 con-

1879 3019 2100 3085 tinetur,
2133 3028 2184 3075 te
2207 3016 2492 3087 jactitares
2522 3034 2642 3075 esse
2671 3019 2861 3075 lilium.
2888 3019 2956 3075 Et
2977 3035 3122 3075 nunc
3150 3019 3283 3074 adeo
3308 3019 3467 3075 devo-

1878 3114 1954 3169 tio
1978 3112 2098 3168 fidei
2124 3120 2228 3167 tua:
2249 3119 2461 3167 cassata
2494 3121 2596 3177 est,
2624 3120 2680 3168 ut
2702 3113 2843 3184 jam,
2869 3112 2995 3183 quia
3023 3111 3466 3168 convenientibus

1878 3206 2155 3276 responsis
2178 3205 2374 3260 missos
2402 3213 2619 3261 nostros
2647 3220 2678 3260 a
2709 3213 2761 3259 te
2794 3204 3019 3259 minime
3046 3203 3299 3260 dimisisti
3321 3245 3336 3270 ,
3358 3219 3466 3260 no-

186 3291 582 3363 przeslolamur,
610 3301 665 3349 et
694 3295 944 3350 veniente
986 3294 1114 3368 lupo
1139 3295 1396 3368 fugimus,
1426 3312 1495 3353 ne
1520 3297 1771 3354 solatium
1800 3278 1846 3340 (ἶ
1878 3297 2070 3369 bisque
2113 3295 2415 3353 rescribere
2464 3295 2659 3351 callide
2705 3295 2966 3361 omisisti,
3010 3295 3209 3351 missos
3235 3302 3357 3350 tuos
3381 3293 3467 3350 vel

188 3384 549 3444 conferamus.
599 3385 775 3459 Super
813 3389 1011 3459 quibus
1061 3390 1191 3446 illud
1235 3406 1433 3448 cavere
1481 3393 1773 3461 debemus,

188 3478 331 3547 quod
379 3478 639 3535 Dominus
693 3495 792 3550 per
848 3481 1170 3553 prophetam
1234 3482 1497 3555 loquitur,
1540 3485 1769 3542 dicens:

188 3563 355 3622 Canes
379 3568 533 3634 muti,
581 3584 687 3624 non
731 3569 959 3626 valentes
984 3571 1182 3627 latrare
1209 3573 1367 3646 (Isai.
1400 3576 1544 3648 LVI);
1576 3586 1631 3631 et
1654 3594 1777 3633 rur-

188 3673 305 3715 sum
331 3675 345 3714 :
386 3657 479 3714 γω
504 3661 825 3731 pastoribus,
857 3662 1058 3735 inquit,
1087 3664 1177 3736 qui
1208 3666 1490 3736 pascebant
1531 3668 1773 3739 semetip-

186 3766 271 3806 sos
294 3746 526 3822 (Ezech.
555 3753 756 3824 xxxiv)
781 3794 796 3819 ,
829 3764 888 3809 et
922 3755 1149 3828 reliqua.
1184 3755 1338 3825 Quod
1368 3758 1412 3813 si
1444 3760 1654 3815 cunctis
1679 3775 1775 3829 pa-

190 3841 427 3897 storibus
469 3841 737 3900 Dominici
768 3846 948 3917 gregis
993 3847 1254 3903 Dominus
1299 3864 1398 3920 pro
1448 3849 1654 3907 desidia
1692 3867 1773 3907 va:

188 3934 515 4005 generaliter
541 3934 711 4002 dicit,
749 3944 902 3993 tanto
936 3939 1108 4010 magis
1145 3955 1243 3996 nos
1272 3940 1420 3996 illam
1449 3942 1773 3999 sententiam

191 4024 484 4081 formidare
532 4025 817 4092 debemus,
864 4038 1069 4100 quanto
1115 4047 1226 4102 pra:
1281 4032 1532 4089 omnibus
1578 4044 1632 4089 et
1677 4050 1779 4106 pm

188 4116 467 4182 omnibus,
516 4132 623 4174 non
669 4118 843 4174 solum
875 4121 1098 4178 honoris
1120 4163 1134 4188 ,
1180 4123 1274 4179 sed
1301 4124 1465 4179 etiam
1508 4127 1690 4183 oneris
1720 4129 1774 4183 in

189 4207 430 4264 humeris
457 4211 660 4269 nostris
690 4213 930 4284 pondera
962 4229 1176 4287 quoque
1204 4226 1496 4289 gestamus.
1543 4218 1625 4276 An
1667 4237 1775 4276 non

187 4313 287 4371 pro
316 4308 400 4367 te,
433 4316 526 4357 rex
550 4344 564 4368 ,
617 4304 883 4361 rationem
916 4321 1101 4363 coram
1131 4309 1361 4366 Domino
1392 4326 1592 4383 ponere
1622 4326 1772 4368 com-

187 4389 483 4460 pellemur?
517 4393 584 4461 si,
610 4403 670 4450 ut
697 4395 827 4451 illud
856 4397 1074 4453 interim
1101 4399 1378 4467 sileamus,
1409 4403 1553 4473 quod
1582 4402 1774 4458 missos

189 4483 497 4551 apostolicae
526 4486 669 4542 sedis
696 4502 846 4543 more
876 4488 1043 4561 regali
1087 4490 1330 4562 recipere
1358 4493 1771 4563 contempsisti,

192 4581 441 4627 sanctum
473 4582 624 4629 tuum
653 4592 758 4630 non
789 4581 1270 4650 reprehendimus,
1316 4591 1372 4637 et
1397 4583 1621 4654 spiritali
1655 4584 1770 4640 zelo

188 4663 514 4735 redarguere
571 4664 916 4733 desistimus,
987 4673 1202 4741 quando
1265 4683 1453 4730 contra
1500 4658 1767 4742 divinam,

184 4765 608 4830 sanctorumque
654 4758 877 4817 Patrum
920 4766 1334 4833 auctoritatem,
1379 4776 1541 4839 atque
1584 4778 1772 4825 contra

181 4848 415 4918 propriae
442 4847 565 4904 ildei
592 4852 963 4921 sponsionem,
994 4869 1099 4925 qua
1122 4853 1474 4924 jurejurando
1504 4858 1773 4929 pollicitus

182 4955 279 5007 es,
313 4956 382 4997 ne
426 4941 635 5009 aliena,
684 4945 1033 5019 etpraecipue
1077 4949 1306 5005 fratrum
1349 4959 1562 5006 tuorum
1606 4968 1772 5024 regna

184 5033 618 5104 concupisceres,
644 5047 737 5092 aut
762 5037 1064 5107 invaderes,
1096 5056 1317 5112 regnum
1341 5042 1616 5111 quondam
1667 5044 1771 5101 Lo-

182 5125 345 5180 tharii
373 5125 738 5198 imperatoris,
770 5132 916 5202 quod
940 5130 1171 5204 spiritali
1199 5133 1310 5189 lilio
1333 5143 1539 5201 nostro,
1569 5136 1766 5193 domno

182 5214 461 5273 Ludovico
487 5220 735 5291 Augusto
786 5222 898 5279 ﬁlio
925 5223 1061 5294 ejus,
1090 5222 1245 5293 juxta
1268 5225 1479 5281 divinas
1506 5236 1561 5282 et
1584 5227 1767 5284 huma-

181 5323 284 5365 nas
308 5309 451 5382 leges
483 5312 727 5380 debetur,
757 5317 1149 5387 praesumpsisti
1180 5316 1454 5384 invadere,
1484 5327 1539 5374 et
1568 5320 1621 5375 in
1647 5336 1766 5376 rea-

182 5410 298 5457 tum
342 5404 566 5475 perjurii
611 5406 850 5463 incidere
895 5423 1001 5464 non
1043 5409 1366 5465 formidasti.
1437 5408 1686 5484 Nunquid
1732 5428 1764 5468 a

180 5505 365 5551 mente
391 5497 616 5564 excidit,
643 5499 786 5569 quod
812 5508 991 5558 vestra
1015 5511 1433 5574 vestrorumque
1452 5503 1762 5576 juramenta

180 5587 297 5643 sedi
326 5590 636 5659 apostolicae
665 5592 932 5649 destinata
960 5594 1335 5661 discussimus,
1366 5596 1761 5666 roboravimus,

252 5736 281 5804 ξ
318 5722 608 5804 Sacrorum
635 5728 810 5804 itaque
847 5728 1171 5804 dogmatum.
1218 5729 1397 5804 Caroli
1444 5732 1513 5804 ad
1553 5731 1763 5804 singula

181 5793 344 5872 hujus
368 5796 609 5872 epistolae
634 5793 876 5872 membra
904 5793 1269 5872 responsionis
1297 5802 1546 5858 meminit
1573 5793 1766 5858 Advria-

178 5880 287 5924 nus
329 5869 386 5924 in
424 5869 649 5941 epistola
678 5869 768 5928 29.
816 5869 1045 5945 Legatos
1070 5882 1251 5929 autem
1323 5888 1463 5946 quos
1502 5889 1529 5929 a
1572 5874 1765 5931 Carolo

1876 3390 2167 3462 epistolas,
2218 3404 2355 3460 quas
2383 3400 2433 3443 te
2463 3390 2758 3444 missurum
2786 3388 3039 3444 indicasti
3062 3429 3077 3455 ,
3109 3388 3376 3444 hactenus
3398 3388 3466 3442 ad

1876 3489 2243 3552 contemptum
2268 3481 2578 3551 apostolica:
2622 3481 2767 3536 sedis
2792 3495 2897 3535 non
2930 3479 3197 3536 direxisti.
3242 3479 3396 3547 Quod
3419 3480 3464 3535 si

1875 3574 1997 3642 quis
2027 3572 2162 3627 alius
2207 3573 2312 3629 tale
2355 3573 2450 3628 tibi
2482 3573 2630 3628 dedit
2669 3571 2989 3639 consilium,
3038 3571 3198 3628 fidem
3242 3573 3383 3627 circa
3413 3581 3467 3627 te

1875 3663 2101 3718 minime
2125 3677 2308 3718 veram
2336 3664 2571 3718 servavit
2595 3680 2610 3717 :
2642 3664 2686 3717 si
2713 3656 2971 3717 autem‘in
2995 3663 3097 3718 hoc
3127 3671 3221 3718 tuo
3249 3671 3463 3717 tantum

1878 3753 2107 3810 consilio
2132 3770 2263 3809 usus
2289 3769 2369 3819 es,
2398 3754 2577 3809 minus
2602 3752 2801 3825 regalis
2831 3752 3149 3808 excellentia
3177 3769 3338 3822 quam
3369 3753 3467 3808 de-

1876 3845 1991 3900 buit
2013 3846 2159 3901 fecit.
2192 3845 2266 3900 De
2296 3845 2445 3916 pacis
2474 3861 2603 3899 vero
2629 3853 2685 3899 et
2715 3844 3020 3900 concordiae
3046 3844 3276 3907 unitate,
3310 3842 3467 3912 cujus

1877 3956 1976 3995 nos
2008 3940 2149 3995 inter
2183 3940 2487 4011 piissimum
2516 3939 2787 3994 Caesarem
2814 3948 2869 3993 et
2899 3946 2953 3994 te
2980 3938 3309 3994 mediatores
3346 3950 3468 3994 esse

1876 4030 2075 4087 debere
2119 4045 2499 4101 suggesseras,
2559 4029 2917 4085 libentissime
2979 4029 3351 4101 suscepimus,
3413 4035 3468 4083 et

1877 4138 2037 4193 agere
2095 4124 2378 4194 coepimus.
2431 4121 2538 4177 Sed
2581 4121 2656 4177 illi
2701 4130 2889 4177 contra
2939 4122 3123 4179 hostes
3165 4122 3464 4179 Christiani

1877 4214 2112 4271 nominis
2147 4214 2450 4279 dimicanti,
2482 4227 2581 4284 pro
2626 4213 2947 4269 liberatione
2982 4213 3168 4285 populi
3205 4213 3299 4269 Dei
3330 4212 3466 4268 mul-

1876 4306 1947 4362 tis
1975 4305 2252 4362 laboribus
2277 4304 2550 4361 insistenti
2568 4345 2585 4372 ,
2629 4314 2686 4360 et
2707 4304 2847 4360 bella
2878 4305 3095 4360 Domini
3121 4304 3419 4377 praeliando
3439 4347 3454 4371 ,

1877 4398 2302 4454 Sarracenorum
2328 4396 2727 4453 multitudinem
2751 4397 3050 4468 superanti,
3077 4405 3136 4451 ut
3160 4411 3263 4467 pax
3290 4395 3463 4461 fieret,

1875 4488 2070 4544 cedere
2099 4487 2317 4542 noluisti
2365 4504 2380 4541 :
2414 4487 2544 4557 quin
2574 4488 2753 4557 potius
2782 4502 2890 4543 non
2930 4496 2989 4542 ut
3035 4488 3184 4557 pacis
3228 4497 3463 4552 amator,

1875 4582 1971 4637 sed
1998 4590 2059 4636 ut
2087 4578 2323 4636 scandali
2353 4580 2677 4646 concitator,
2710 4580 2877 4635 etiam
2920 4587 2974 4635 et
3013 4580 3316 4652 tyrannidis
3342 4595 3463 4635 ma-

1878 4672 2263 4729 nifestissimus
2288 4678 2597 4738 exsecutor,
2619 4671 2769 4743 pacis
2792 4679 3004 4741 tempus
3032 4686 3137 4726 non
3161 4686 3221 4726 es
3247 4682 3467 4743 praesto-

1878 4766 2062 4821 latus:
2096 4764 2225 4834 quia
2261 4763 2695 4834 postquamhaec
2739 4760 2813 4816 illi
2861 4761 3055 4817 callide
3084 4763 3341 4817 mandare
3366 4778 3462 4817 cu-

1878 4855 2048 4921 rasti,
2096 4855 2278 4911 domui
2312 4854 2660 4925 imperatoris
2704 4867 2929 4923 regnum
2970 4854 3143 4925 magis
3184 4868 3249 4909 ac
3290 4855 3465 4924 magis

1877 4948 2163 5013 invasisti,
2208 4946 2543 5009 sollicitasti,
2586 4945 2872 5012 ordinasti,
2917 4955 2969 5002 et
3007 4947 3251 5002 homines
3294 4947 3464 5017 ipsius

1876 5040 2029 5113 regni
2060 5040 2129 5095 ad
2174 5047 2320 5093 tuam
2366 5037 2678 5093 ﬁdelitatem
2720 5036 2907 5106 jurare
2955 5036 3155 5093 fecisti.
3202 5037 3301 5093 Cui
3338 5038 3462 5093 talia

1872 5134 2053 5193 facere
2091 5136 2535 5206 pertimesceres,
2586 5134 2689 5189 nisi
2727 5134 2841 5204 ipse
2889 5133 3053 5187 tantis
3084 5132 3359 5189 laboribus
3394 5132 3460 5187 ad

1863 5237 2183 5301 perpetuam
2211 5242 2401 5300 pacem
2438 5237 2640 5283 sancta:
2661 5226 2918 5282 Ecclesiae
2945 5226 3034 5279 diu
3063 5233 3332 5295 noctuque
3361 5240 3461 5295 pro

1863 5325 2063 5382 Christi
2089 5340 2276 5381 amore
2305 5324 2532 5379 fidenter
2560 5325 2807 5379 haereret.
2840 5319 2942 5389 Qui
2984 5336 3015 5374 a
3038 5321 3231 5390 coeptis
3260 5319 3449 5385 bonis,

1863 5418 1919 5473 in
1942 5419 2139 5490 quibus
2173 5418 2251 5473 illi
2282 5427 2335 5474 te
2361 5418 2622 5474 solamina
2649 5417 2935 5489 oportebat
2962 5414 3213 5471 conferre
3242 5412 3416 5485 magis
3435 5454 3450 5481 ,

1871 5510 2448 5582 quam-Christianum
2496 5507 2747 5581 populum
2796 5515 2985 5563 contra
3033 5505 3193 5562 fidem
3222 5505 3458 5563 debitam

1869 5604 2157 5677 persequi,
2204 5618 2424 5659 manum
2452 5610 2506 5657 et
2529 5615 2797 5673 opusnon
2823 5599 3182 5666 subtrahens,
3231 5596 3455 5654 dubium

1869 5747 2362 5867 regelcoptesmptos
2390 5738 2486 5807 ait,
2517 5737 2744 5795 Paulum
2783 5746 2840 5795 et
2880 5734 3144 5794 Joannem
3173 5732 3455 5806 episcopos

1871 5827 1925 5867 in
1951 5828 1982 5867 e
2024 5828 2093 5867 un
2122 5850 2137 5865 .
2212 5826 2326 5866 mu.
3290 5862 3295 5867 ,

1871 5826 2137 5884 intelligit.
2171 5826 2326 5866 atus.
