2002 3145
261 171 329 199 1299

263 242 315 261 non
330 238 371 261 est
385 236 455 269 qttod
468 235 678 270 omnipotentem
697 235 841 263 Dominum
856 240 889 262 att
913 234 970 261 lttec
993 241 1054 269 per—
1068 235 1092 264 A

262 280 365 314 agenda
378 280 426 307 sibi
438 280 581 315 propitium
590 279 682 313 faciet,
692 280 761 307 etde
773 281 896 308 hostibus
907 278 1052 308 Clt‘tisliani

262 326 380 354 nominis
394 326 557 361 triumphum
569 327 622 354 cito
637 327 775 362 percipiet.
792 327 844 354 Sed
860 327 902 354 his
918 327 1054 354 succincte

261 372 388 407 prolatis,
408 373 554 406 quoniant,
583 376 612 400 ut
634 373 823 407 praediximus,
847 373 916 399 sicttt
934 372 1053 400 ontttium

261 418 381 452 pondera
405 418 430 445 ia
447 419 567 446 humeris
582 420 683 447 ttostris
702 425 855 454 gestamus,
882 420 918 447 ita
933 420 1052 447 onntium

262 468 337 492 actus
353 465 501 499 prtevidere
515 465 654 499 debemus,
668 474 701 492 ne
716 474 765 501 pro
778 465 902 493 humanis
918 466 1055 494 favoribus

262 519 311 538 nos
326 511 382 538 htee
397 512 486 539 dicere
507 512 567 546 quis
582 512 735 543 existimet,
756 512 778 538 si
796 512 864 539 forte
878 512 1013 540 accideret
1027 516 1055 539 ut

261 557 397 592 principes
410 558 505 590 nostri,
522 558 618 593 quibus
640 567 655 585 τι
672 565 696 585 te
711 566 853 594 pervasunt
870 567 981 594 regnum
994 559 1055 594 jure

262 603 384 636 debetur,
408 604 457 631 sibi
476 604 563 631 illatas
582 604 693 638 injurias
717 613 769 632 ttott
793 605 980 638 vindicarent;
1006 612 1055 632 nos

263 657 347 684 usque
362 649 395 676 ad
411 658 503 676 verant
525 650 754 683 cntemlationem,
768 651 830 685 quia
842 659 936 678 ontnes
950 650 1055 678 salvare

261 695 395 727 volumus,
413 695 530 730 perjnria
545 695 601 727 illa,
617 699 698 731 atque
713 696 881 723 invasionnnt
900 696 1054 732 tyrannides

262 740 407 775 impunitas
422 740 494 767 nttllo
510 746 587 775 pacto
603 741 800 769 dintittcremus
817 751 822 768 :
838 742 899 776 quia
922 750 976 769 tton
999 750 1056 769 altl-

261 786 363 813 ltitione
379 788 463 822 regni,
478 789 523 815 sed
534 786 639 822 jnstitia
656 796 869 822 commoventur,
892 793 919 816 et
936 797 988 817 non
1003 794 1056 816 ter-

262 841 353 860 rarum
372 834 457 869 spatia
472 835 629 869 quatrimus,
642 835 689 862 sed
701 843 733 862 cx
748 835 839 863 debito
862 836 933 863 vitiis
947 843 979 862 ac
993 844 1057 871 pra-

261 880 389 908 vitatibus
412 881 617 916 quibuscunque
644 882 770 909 resistere
795 882 947 918 vigilamus.
972 882 1057 918 Igitur

261 932 290 955 ttt
314 927 421 955 interim
448 928 590 962 perpaucis
614 928 725 964 gloriam
749 933 821 956 luant
845 929 1052 961 (-onvettiantus,
1070 920 1092 949 Β

261 981 412 1005 monemus,
427 978 453 1000 et
469 974 629 1001 auctoritate
642 974 789 1009 apostolica
803 975 900 1009 quibus
912 983 1056 1010 posstttttus

262 1020 349 1047 ntodis
384 1020 541 1055 spiritaliter
573 1021 734 1054 suadettttts,
767 1025 933 1057 paterttoqnc
959 1021 1055 1049 affectu

261 1066 451 1101 prmeipimus,
484 1073 514 1094 ιιι
540 1066 595 1101 jam
621 1069 700 1095 tertio
723 1070 840 1096 monitus
860 1070 893 1096 ab
918 1068 1056 1096 invasione

261 1112 336 1145 regni
362 1112 492 1147 spiritalis
515 1112 561 1139 lilii
577 1114 661 1140 nostri
682 1114 906 1141 Cltristianissimi
926 1114 1055 1149 principis

247 1162 287 1184 -te
303 1158 409 1191 penitus
423 1158 567 1185 subtrahas
583 1164 610 1186 ct
621 1166 777 1193 compescas
788 1179 794 1190 ,
816 1159 903 1186 alietta
919 1167 972 1185 tton
988 1166 1055 1185 con-

261 1204 393 1238 eupiscas,
408 1210 435 1232 et
450 1205 520 1239 quod
542 1205 589 1231 tibi
606 1213 660 1232 non
673 1206 713 1232 vis
725 1204 781 1232 fieri
795 1225 802 1238 ,
829 1205 867 1231 illi
891 1213 944 1232 tton
960 1204 1053 1232 facias.

220 1272 225 1277 .
261 1249 320 1277 Noli
342 1248 421 1284 justis
435 1251 487 1278 tuis
502 1251 769 1286 competentibusque
793 1250 841 1278 tibi
864 1251 945 1278 rebus
959 1251 1056 1286 injuste

261 1302 355 1333 captas
369 1298 506 1334 tyrannice
520 1299 634 1331 sociare,
652 1306 685 1326 tte
698 1304 725 1325 et
736 1298 809 1333 justc
822 1306 962 1333 possessas
977 1298 1056 1325 amit-

262 1349 313 1376 tas,
330 1349 356 1372 et
369 1345 467 1380 injuste
483 1352 612 1380 pet-rasas
623 1345 696 1380 justo
716 1345 764 1372 Dei
782 1345 883 1380 judicio
899 1349 924 1373 tc
938 1345 1055 1373 ambisse

262 1391 399 1425 putniteat.
416 1390 470 1418 Nos
485 1391 596 1424 etcttim,
611 1391 736 1426 qttoniant
751 1391 853 1419 salvum
870 1396 896 1418 te
908 1392 1056 1419 consistere

262 1438 401 1474 eupimtts,
434 1443 460 1465 et
485 1443 513 1465 ιιι
532 1438 621 1465 aninta
643 1446 810 1474 corporeque
834 1438 904 1466 felici
928 1446 1055 1465 successu

262 1483 362 1518 polleas
378 1484 545 1517 anhelamus,
562 1484 613 1511 nisi
630 1484 724 1512 saltent
738 1493 810 1513 nunc
824 1484 923 1512 nostris
934 1505 940 1517 ,
963 1485 1055 1512 aliisve

262 1529 415 1557 salubribus
436 1530 558 1565 partteris
574 1531 700 1564 monitis,
726 1536 755 1558 ut
770 1536 796 1559 cl
809 1532 882 1567 prius
899 1532 1055 1560 inobediens

262 1581 360 1604 nostra:
384 1577 498 1612 spiritali
522 1585 644 1605 censura:
663 1578 833 1611 constiteris,
867 1579 939 1606 ttttllo
960 1584 1053 1614 pacto,

263 1621 389 1657 nulloque
414 1624 650 1658 prtetcrmittemus
673 1625 797 1658 ingenio,
817 1625 976 1660 quominus,
1001 1626 1056 1652 Deo

260 1667 385 1702 iuvante,
410 1673 503 1703 partes
524 1668 583 1696 illas
605 1670 762 1705 nosmetipsi
779 1676 915 1705 petamus,
939 1675 966 1698 et.
985 1671 1057 1706 quod

263 1714 348 1741 nostri
370 1718 411 1742 est
431 1715 573 1749 ministerii
591 1715 698 1750 pettittts
718 1724 889 1751 peragamus.
916 1716 1057 1744 Postremo

263 1768 427 1795 magnopere
442 1768 647 1788 contmonentns
658 1781 665 1794 ,
688 1765 717 1787 ιη
731 1761 778 1788 hos
792 1761 958 1796 apostolatus
971 1761 1057 1788 nostri

263 1806 414 1840 praecipuos
427 1806 533 1838 missos,
547 1804 677 1833 Joannem
693 1805 826 1838 videlicet,
841 1810 921 1841 atquc
934 1805 1055 1840 Petrum,

266 1851 440 1885 Wibbodum,
454 1857 481 1879 et
495 1852 638 1887 Joannem,
657 1854 817 1881 reverendos
838 1855 990 1890 episcopos,
1008 1862 1057 1883 ttcc

263 1906 316 1925 tton
343 1901 369 1925 et
397 1897 507 1925 Petrum
539 1899 692 1934 religiosum
720 1900 907 1936 presbyterum
939 1900 1058 1928 cardinis

263 1945 360 1977 nostri,
386 1945 568 1980 dilectumqtte
590 1946 749 1973 fatttiliarcnt
766 1951 899 1979 nostrum,
915 1955 965 1981 pro
979 1947 1056 1981 prin-

263 1990 351 2025 ciputn
382 1990 564 2025 apostolorum
590 1992 623 2018 ab
644 1991 769 2018 otttttibus
792 1991 959 2027 prt‘eferenda
982 2000 1059 2019 reve-

264 2036 351 2064 rentia
365 2041 392 2063 ct
405 2044 506 2069 atttore,
521 2037 636 2072 benigne
650 2036 792 2072 suscipias,
807 2041 834 2063 ct
848 2041 941 2071 utpote
955 2044 969 2064 ιι
984 2041 1057 2064 tanta

264 2082 327 2110 sede
345 2082 489 2117 digressos,
503 2082 651 2109 honorifice
664 2086 786 2116 receptos
797 2081 880 2109 colas.
893 2081 961 2116 Ipsis
974 2082 1056 2115 enim,

264 2137 324 2163 qua:
347 2128 443 2163 pagina
468 2128 588 2159 reticuit,
618 2128 665 2155 libi
689 2128 802 2155 dicettda
824 2127 1009 2162 injunxintus:
1032 2131 1060 2155 et

265 2175 325 2203 ideo
342 2174 472 2210 quidquid
484 2174 647 2201 verbolcuus
659 2170 844 2208 expasuerint,
859 2174 916 2200 sine
931 2173 1058 2208 scrupulo

263 2228 376 2255 prorsus
390 2220 501 2247 admitte
515 2229 520 2246 :
534 2224 561 2246 et
580 2224 609 2247 ut
630 2218 751 2247 eliicaccs
769 2219 803 2246 ad
827 2227 874 2246 ttos
891 2219 989 2246 reverti
1014 2227 1059 2246 va-

265 2266 348 2298 leant,
372 2265 534 2293 omnimodis
553 2265 644 2300 vigila.
669 2264 798 2300 Optamus
812 2264 925 2299 gloriam
943 2269 1015 2291 tuam
1030 2264 1056 2291 itt

265 2311 373 2338 Christo
390 2319 459 2338 ttuttc
482 2315 508 2338 et
526 2299 633 2346 semper
650 2309 718 2338 bene
734 2310 832 2337 valere.
850 2310 916 2337 Data
932 2319 947 2337 v
960 2309 1057 2337 lialcn-
1072 2299 1096 2329 D

265 2360 313 2388 das
324 2359 397 2392 Julii,
413 2360 560 2388 indictione
573 2368 614 2387 ιιι.

621 2428 705 2455 XXV.

328 2494 362 2514 AD
380 2494 520 2515 EPISCOPOS
539 2494 564 2514 ῐΝ
584 2494 670 2514 REGNO
687 2494 781 2514 CAROLI
800 2493 995 2514 CONSTITUTOS.

569 2545 664 2581 (Anno
681 2545 762 2582 870.)

267 2604 299 2632 Ut
315 2613 399 2639 regem
416 2608 538 2631 moneant
550 2624 556 2636 ,
581 2609 608 2630 ut
621 2613 636 2630 a
653 2612 731 2638 regno
746 2603 862 2631 Lotltarii
876 2603 1017 2635 abstineat,
1033 2608 1057 2633 et

461 2639 558 2675 legatos
573 2639 679 2674 benigne
691 2640 844 2674 suscipiant.

301 2706 440 2733 ADRIANIJB
453 2705 596 2740 episcopus
606 2725 614 2736 ,
636 2713 731 2733 servus
743 2713 881 2733 servorum
896 2706 954 2739 Dei,
979 2714 1058 2734 revn-

266 2742 428 2769 rentissitttis
449 2747 475 2768 et
492 2741 670 2769 sanctissimis
694 2742 877 2769 eonfratribus
899 2742 1000 2769 nostris
1014 2750 1058 2769 ar-

265 2777 444 2812 chiepiscopis
469 2781 495 2803 et
518 2776 651 2812 cpiseopis
675 2777 701 2804 in
729 2786 810 2813 regno
837 2776 925 2804 Caroli
949 2777 1055 2813 gloriosi

266 2812 337 2848 regis
352 2813 518 2840 constitutis.
676 2830 681 2834 -

303 2870 393 2904 Nuper
416 2870 581 2904 apostolatus
612 2870 697 2898 nostri
722 2870 812 2898 missis
834 2875 914 2905 atque
938 2870 1058 2905 epistolis

270 2917 448 2944 reverentiam
465 2922 584 2945 vestram
604 2917 750 2946 salutiferis
765 2919 1013 2952 exhortationibus,
1031 2922 1058 2946 ιιι

938 175 1079 203 ADRIANI
1099 175 1199 204 PAPJE
1219 176 1239 204 Il

1832 168 1907 200 i300

1106 235 1308 271 vobismetipsis
1320 236 1508 271 consuleretis,
1521 238 1686 271 monuimus,
1697 242 1724 266 et
1731 237 1814 272 juxta
1828 241 1904 274 quod
1922 250 1929 277 ζ

1106 289 1152 308 vos
1166 283 1294 317 oportuit,
1311 282 1489 311 fraternitatis
1505 283 1600 312 affectu
1616 292 1669 312 non
1684 284 1824 312 immerito
1839 292 1905 312 cor-
1920 308 1923 321 ι

1106 328 1246 363 ripuimus.
1264 329 1318 356 Sed
1337 333 1439 357 tantum
1453 329 1600 365 apostolica
1615 330 1715 357 ntonita
1729 331 1903 365 contempsi-
1919 330 1924 365 ξ

1105 373 1164 406 stis,
1178 379 1307 409 quantum
1324 383 1373 403 nec
1394 375 1493 403 nostris
1511 375 1632 412 epistolis
1646 377 1839 411 respondistis,
1853 385 1905 404 nec

1107 430 1196 458 regem
1210 427 1331 450 vestrum
1353 423 1479 451 Carolunt
1493 432 1574 459 grave
1588 423 1691 451 facinus
1712 423 1905 451 incurrentem
1920 421 1922 424 ’

1105 467 1197 502 procul
1213 467 1293 495 dubio
1308 468 1440 496 doluistis.
1456 468 1496 496 An
1509 477 1561 497 tton
1575 477 1656 505 grave
1668 469 1758 497 scelus
1772 469 1905 500 ittcurrit,

1106 513 1213 548 quando
1224 535 1230 547 ,
1246 514 1315 542 sicut
1328 514 1405 542 tttulti
1418 518 1537 542 vestrum
1552 519 1699 548 noverunt,
1723 514 1767 542 sui
1782 514 1907 547 oblitus,
1923 528 1924 546 ς

1102 558 1290 593 jusjurandum
1302 580 1308 591 ,
1325 559 1396 595 quod
1409 559 1474 587 olim
1488 568 1548 588 ettm
1569 559 1697 588 fratribus
1711 559 1770 587 suis
1784 560 1907 595 pepigit,

1106 613 1160 640 quo
1185 613 1265 633 ttettto
1288 605 1394 633 illorunt
1418 614 1530 642 regnum
1558 606 1670 634 alterius
1696 606 1843 634 invaderet
1866 605 1910 633 vel

1107 654 1261 686 usurparet,
1276 655 1305 678 ut
1322 651 1526 679 cvidenlissime
1540 652 1704 686 patefactum
1720 657 1773 685 est,
1792 660 1909 687 regnum

1107 699 1243 733 quondattt
1269 698 1392 726 Lotltarii
1414 699 1597 735 imperatoris,
1612 699 1683 735 qttod
1701 699 1764 735 jure
1779 698 1847 727 divo
1859 700 1911 726 int-

1108 744 1227 780 peratori
1242 745 1340 772 donttto
1362 744 1501 773 Ludovico
1516 745 1571 773 filio
1586 745 1645 780 ejus
1659 752 1768 781 semper
1782 746 1910 781 Augusto

1108 789 1229 822 debetur,
1245 791 1343 825 spretis
1365 790 1529 826 juramentis
1542 791 1650 824 invasit,
1665 795 1691 819 et
1703 791 1822 827 perjurii
1840 791 1911 818 inci-

1108 836 1285 863 ditcrimen?
1305 836 1381 864 Unde
1405 837 1483 865 valde
1505 832 1646 870 miramur,
1665 838 1911 872 obstupescimus,

1109 887 1136 909 et
1150 882 1286 915 dolemus,
1314 887 1343 909 nt
1365 883 1388 910 si
1402 890 1450 910 vos
1463 882 1542 911 ﬁdem
1559 883 1596 910 illi
1609 883 1776 919 promisistis
1789 904 1797 915 ,
1826 890 1911 918 quare

1106 929 1281 964 vosmetipsos
1292 929 1419 964 perditis,
1443 933 1471 957 et
1485 936 1539 957 non
1552 934 1613 957 eum
1629 929 1708 957 modo
1719 931 1909 965 suggerendo,

1106 975 1186 1002 tnodo
1209 975 1271 1001 illud
1285 979 1332 1002 aut
1353 975 1418 1003 illud
1440 976 1614 1010 opponendo,
1640 980 1669 1003 ut
1686 976 1837 1010 resipiscat
1858 976 1910 1002 cir-

1107 1021 1268 1048 cumvenitis
1281 1030 1287 1048 :
1302 1021 1368 1056 quin
1382 1021 1472 1056 potius
1487 1021 1563 1050 vobis
1581 1021 1779 1050 consentiendo
1790 1043 1798 1054 ,
1819 1020 1909 1055 et'illi,

1107 1072 1162 1095 tam
1176 1067 1345 1096 detestabilia
1369 1068 1509 1101 faciendo,
1535 1069 1607 1104 quod
1628 1068 1713 1096 vestri
1737 1076 1795 1096 non
1821 1068 1909 1096 fecere

1106 1119 1242 1150 parentes,
1259 1115 1409 1150 gehennam
1423 1115 1534 1150 paratis.
1557 1114 1687 1143 Pratfatus
1698 1115 1842 1150 siquidem
1862 1115 1908 1141 im-

1106 1164 1226 1195 perator,
1243 1165 1349 1189 terretta
1364 1169 1446 1196 regna
1459 1168 1511 1189 non
1524 1161 1656 1194 ambiens,
1678 1168 1727 1197 pro
1744 1160 1909 1188 liberatione

1107 1205 1196 1241 populi
1212 1205 1259 1233 Dei
1274 1206 1366 1234 multis
1378 1206 1517 1234 laboribus
1532 1206 1667 1242 fatigatus,
1682 1206 1870 1241 triumphales
1884 1206 1908 1233 itt

1108 1252 1322 1280 Sarracenorth
1337 1253 1458 1281 cervices
1473 1253 1563 1289 potius
1578 1261 1686 1286 manus,
1701 1260 1787 1288 quam
1804 1253 1831 1280 in
1847 1261 1907 1280 eum

1108 1306 1219 1333 regnum
1241 1305 1320 1325 suum
1342 1298 1478 1327 tollentem
1501 1298 1634 1326 extendit.
1661 1298 1761 1326 Redite
1788 1306 1857 1334 ergo
1877 1298 1909 1326 ad

1107 1351 1164 1376 vos,
1180 1343 1366 1377 dilectissimi,
1388 1348 1415 1372 et
1438 1348 1467 1371 ut
1483 1342 1546 1371 olim
1562 1344 1663 1372 fmdera
1683 1344 1755 1371 inter
1771 1345 1908 1372 seniorem

1107 1395 1238 1423 vestrunt,
1257 1389 1409 1426 fratresque
1423 1390 1512 1424 illius,
1536 1398 1599 1418 cum
1619 1388 1787 1425 iuramentis
1801 1391 1908 1423 habita,

1108 1437 1154 1464 sed
1170 1437 1250 1465 tttodo
1262 1442 1389 1474 corrupta
1404 1438 1586 1465 reformentur
1599 1458 1606 1469 ,
1632 1437 1691 1465 sine.
1704 1438 1910 1465 cessationihus

1108 1483 1238 1511 laborate.
1264 1483 1439 1512 Commonete
1459 1483 1560 1519 iugiter
1586 1483 1660 1511 illunt
1682 1484 1762 1519 juxta
1787 1489 1908 1512 vestrum

1108 1529 1302 1562 ministerium,
1328 1535 1355 1558 et
1378 1535 1408 1558 ut
1430 1530 1590 1566 episcopalis
1615 1530 1641 1557 in
1653 1530 1732 1558 vobis
1755 1538 1813 1558 non
1830 1530 1908 1557 refri-

1108 1580 1200 1611 gescat
1213 1575 1343 1609 Charitas,
1358 1574 1508 1610 providete.
1529 1574 1562 1602 Et
1575 1574 1597 1602 si
1611 1583 1671 1602 eum
1693 1574 1805 1602 salvum
1820 1575 1909 1602 consi-

1111 1625 1182 1648 stere
1196 1620 1286 1653 vultis,
1302 1625 1331 1647 ιιι
1348 1620 1422 1657 regni
1441 1619 1503 1654 jura
1515 1617 1548 1647 ad
1571 1627 1599 1647 se
1614 1628 1666 1646 non
1679 1620 1852 1655 pertinentia
1868 1621 1910 1647 de-

1111 1668 1189 1695 sistat
1223 1667 1369 1701 invadere,
1411 1671 1561 1703 opportune
1590 1666 1744 1702 importune
1781 1666 1907 1694 insistite.

1110 1706 1204 1741 Aliena
1220 1722 1273 1741 tton
1286 1714 1470 1749 concupiscat,
1496 1713 1581 1740 aliena
1594 1721 1649 1740 nott
1664 1712 1752 1746 rapiat
1762 1733 1770 1744 ,
1796 1718 1827 1740 et
1841 1713 1909 1747 quod

1109 1761 1159 1789 sibi
1174 1769 1225 1788 ttott
1249 1760 1306 1787 vult
1320 1760 1394 1793 lieri,
1417 1759 1462 1787 alii
1475 1767 1586 1795 prorsus
1602 1768 1653 1786 ttou
1675 1759 1768 1786 faciat.
1791 1759 1909 1786 nemini-

1110 1812 1203 1834 scatur
1234 1806 1381 1842 Scripturte
1404 1805 1520 1834 dicentis
1541 1815 1547 1832 :
1575 1805 1634 1832 Non
1660 1805 1832 1839 (οιιειψὶδι-ες
1860 1814 1909 1831 γεω

1109 1853 1223 1888 proximi
1235 1853 1273 1879 tui
1290 1852 1387 1888 (Exod.
1401 1851 1447 1889 xx)
1461 1862 1468 1887 ;
1484 1856 1511 1880 et
1528 1859 1651 1879 rursum:
1670 1851 1769 1878 Omnia
1782 1861 1907 1887 qum-nn-

1108 1908 1157 1934 que
1173 1898 1249 1925 vultis
1261 1903 1288 1925 ut
1303 1899 1403 1933 faciant
1417 1898 1487 1925 vobis
1502 1899 1631 1928 homines,
1657 1897 1747 1924 eadem
1771 1903 1795 1924 et
1810 1906 1854 1924 ros
1868 1898 1903 1930 fa-

1109 1946 1158 1973 cite
1171 1945 1223 1972 illis
1238 1945 1345 1980 (Matth.
1361 1944 1420 1981 vn).
1448 1943 1501 1973 Nos
1516 1945 1586 1972 cnint
1602 1952 1654 1971 non
1668 1949 1776 1971 tatttttttt
1798 1952 1909 1979 regnum

1109 1992 1260 2027 cuicunque
1276 1991 1408 2027 augendo,
1422 1998 1503 2026 quam
1517 1990 1649 2025 justitiam
1664 1990 1846 2024 requirendo,
1861 1990 1908 2016 ista

1108 2036 1310 2075 prosequimur,
1332 2043 1359 2066 et
1373 2046 1406 2066 ne
1426 2038 1487 2073 quis
1498 2046 1546 2073 pro
1563 2036 1702 2072 temporali
1722 2044 1839 2072 regnum
1853 2045 1909 2071 per-

1110 2086 1158 2113 dat
1173 2090 1313 2118 :etcrnum,
1328 2093 1383 2113 non
1398 2084 1517 2113 indebite
1533 2089 1728 2111 contestantur.
1751 2082 1831 2116 Quod
1849 2084 1870 2109 si
1884 2088 1909 2110 et

1111 2140 1184 2159 ttunc
1200 2130 1242 2159 nis
1266 2130 1419 2168 salubribus
1442 2130 1543 2158 nostris
1566 2129 1805 2157 exhortationibus
1831 2134 1909 2162 atque

1108 2177 1303 2204 monitionibus
1325 2182 1379 2204 tant
1401 2176 1457 2211 jam
1482 2176 1552 2204 fatus
1574 2184 1621 2206 rex
1639 2183 1720 2210 quant
1743 2183 1796 2203 vos
1813 2182 1909 2211 parete

1108 2223 1344 2257 conletnpseritis;
1370 2223 1466 2251 scitote
1488 2223 1551 2258 quia
1567 2216 1640 2250 ducti
1659 2225 1777 2257 paterno
1792 2221 1908 2253 allecto,

1109 2265 1366 2304 ferventissimoth
1382 2268 1440 2296 telo
1451 2268 1574 2304 justiti-aa,
1594 2268 1698 2300 statim,
1720 2267 1836 2295 Christo
1851 2269 1906 2304 opi-

1110 2315 1177 2348 ftce,
1201 2320 1292 2351 partes
1307 2315 1367 2342 illas
1378 2315 1597 2350 penetrabimus,
1621 2319 1648 2342 et
1662 2314 1690 2341 in
1703 2318 1910 2349 contemptores

1110 2361 1217 2397 dignata
1248 2361 1372 2390 dabimus
1395 2360 1534 2388 ultionem.
1566 2360 1707 2389 Postremo
1738 2367 1910 2396 magnopere

1109 2415 1314 2435 conttnonemus
1339 2411 1368 2434 ut
1389 2407 1440 2435 ltos
1454 2406 1621 2442 apostolatus
1645 2406 1729 2434 nostri
1754 2407 1910 2441 pracipuos

1110 2462 1218 2486 totssos,
1232 2453 1362 2481 Joannem
1385 2452 1520 2486 videlicet,
1536 2457 1616 2487 atque
1629 2452 1752 2484 Petrum,
1768 2459 1818 2480 seu
1833 2451 1909 2480 \Vib-

1109 2500 1208 2527 bodttm
1221 2504 1248 2527 et
1262 2499 1393 2527 Joannem
1406 2500 1567 2526 reverendus
1579 2499 1729 2533 episcopos,
1746 2506 1799 2525 nec.
1814 2507 1871 2525 non
1885 2504 1909 2525 ct

1110 2545 1219 2574 Petrum
1233 2546 1386 2581 religiosum
1401 2546 1587 2581 presbyterum
1605 2545 1723 2573 cardittis
1739 2545 1828 2571 nostri
1839 2565 1846 2575 ,
1871 2545 1910 2571 de

1110 2591 1263 2626 lectumque
1282 2595 1404 2619 nostrum
1418 2591 1589 2623 familiarem,
1607 2599 1655 2626 pro
1670 2591 1826 2625 principum
1844 2598 1909 2625 apo.

1110 2638 1241 2666 stolorutn
1272 2638 1306 2666 ab
1338 2637 1462 2666 omnibus
1488 2638 1653 2672 praeferenda
1689 2637 1848 2663 reverentia
1886 2643 1910 2664 et

1112 2692 1215 2717 amore,
1239 2684 1354 2720 benigne
1368 2684 1538 2718 suscipiatis,
1563 2688 1590 2710 et
1609 2687 1701 2718 utpote
1714 2690 1728 2708 a
1744 2687 1823 2710 tanta
1847 2683 1910 2711 sede

1112 2731 1263 2767 digressos,
1293 2730 1441 2758 honorifice
1466 2735 1589 2764 receptos
1614 2728 1716 2756 colatis.
1739 2727 1811 2764 Ipsis
1836 2730 1909 2756 enim

1110 2788 1169 2815 qute
1187 2780 1284 2815 pagina
1300 2779 1422 2811 reticuit,
1447 2779 1523 2806 vobis
1544 2777 1655 2805 dicenda
1669 2777 1853 2811 injunxitnus.
1879 2777 1908 2804 Et

1112 2825 1171 2853 ideo
1184 2825 1313 2860 quidquid
1327 2823 1490 2851 vcrbotenus
1505 2822 1687 2858 exposuerit“,
1702 2821 1763 2848 sine
1779 2822 1910 2857 scrupulo

1110 2881 1220 2908 prorsus
1237 2871 1386 2903 admittite,
1408 2875 1435 2898 et
1450 2874 1480 2897 ttt
1493 2868 1616 2897 eﬂlca‘ces
1635 2868 1668 2896 id
1681 2875 1730 2895 nos
1743 2868 1849 2895 reverti
1865 2867 1909 2894 va-

1111 2919 1199 2953 lcant',
1234 2918 1397 2948 omnimodis
1419 2916 1537 2953 vigilate.
1574 2915 1705 2956 Optamus
1731 2916 1910 2947 sanctitatem
