4004 6290
260 384 392 443 1501

1456 375 1814 435 Ei’lSTOL/E
1854 375 1943 431 ET
1984 374 2322 436 DECRETA.

3374 374 3513 434 1302

250 509 485 563 vestram
532 500 586 559 in
634 498 852 558 Christo
894 501 1034 559 bene
1087 499 1288 557 valere.
1340 498 1473 555 Data
1498 512 1529 552 v
1570 493 1836 551 Kalendas
1861 497 1914 557 Α
1941 509 2049 551 non
2079 497 2314 563 feriaris,
2342 504 2608 568 praecave.
2633 496 2770 568 Quia
2792 514 2967 572 neque
2998 511 3075 569 tu,
3107 502 3198 574 qui
3224 502 3433 560 honore
3458 513 3513 561 et

248 591 400 662 Julii,
427 592 722 650 indictione
748 609 831 651 ιιι.

942 682 1133 741 XXVI.
1227 728 1233 734 .

392 811 462 856 an
488 810 802 857 ιιιιιοιιλιιυι
836 800 1290 857 tscntsrtscopuu
1337 810 1678 853 ansussssu.

847 914 1026 990 (Anno
1061 911 1210 987 870.)

248 1028 436 1104 Arguit
456 1026 822 1104 __Hincmarum
842 1029 981 1101 quod
1015 1027 1265 1104 Caralitin
1290 1045 1460 1104 regent
1495 1046 1527 1083 a
1554 1028 1698 1098 regni
1726 1025 1831 1081 Lo-

325 1099 487 1171 tharii
516 1100 820 1171 pervasione
844 1099 948 1153 non
981 1100 1265 1171 revocarit,
1300 1099 1587 1171 litterisque
1629 1109 1831 1169 aposto-

319 1170 436 1225 licis
458 1168 561 1226 non
588 1171 932 1241 rescripserit.
970 1168 1237 1224 Hortatur
1263 1179 1318 1223 ut
1344 1168 1512 1241 regem
1535 1169 1599 1223 ab
1622 1168 1682 1223 eo
1709 1183 1832 1241 conj

319 1241 440 1298 sitio
467 1242 745 1308 deterreat,
769 1250 818 1295 et
855 1240 990 1297 alios
1010 1241 1207 1313 legatos
1229 1257 1291 1295 se
1311 1241 1377 1295 de
1402 1238 1561 1295 causa
1577 1240 1763 1295 missos
1784 1238 1832 1294 ei

317 1312 670 1367 commendat.

318 1424 596 1480 Aamsaus
622 1423 932 1496 episcOpus,
989 1438 1182 1480 servus
1218 1438 1501 1490 servorum
1534 1423 1648 1488 Dei,
1674 1436 1832 1479 reve-

247 1516 561 1573 rentissimo
584 1524 641 1572 et
671 1517 1017 1573 sanctissimo
1041 1517 1305 1575 confratri
1327 1526 1517 1574 nostro
1545 1517 1830 1575 ΙΙιΝοιιΑιιο

245 1610 541 1671 Rbemensi
567 1611 992 1682 archiepiscopo.

318 1701 376 1757 Si
401 1702 788 1759 bencliciorum
813 1702 1048 1768 Domini,
1073 1716 1194 1771 quae
1228 1702 1373 1757 sedis
1402 1698 1715 1773 apostolica:
1745 1701 1829 1755 in-

245 1795 445 1853 stantia
485 1802 810 1853 consecutus
856 1808 935 1860 es,
985 1809 1194 1850 memor
1235 1808 1427 1861 esses;
1468 1806 1562 1851 aut
1591 1795 1635 1849 si
1664 1794 1737 1848 ita
1764 1794 1831 1849 de

246 1888 499 1961 proximi,
533 1887 679 1947 sicut
706 1886 773 1942 de
802 1887 1056 1959 propriis,
1097 1887 1313 1945 casibus
1337 1885 1491 1955 juxta
1519 1886 1663 1957 quod
1694 1886 1828 1943 scri-
1858 1862 1905 1922 Β

244 1989 395 2053 ptum
422 1988 507 2037 est
531 1980 869 2047 condoleres,
904 1980 1149 2051 profecto
1176 1988 1270 2034 aut
1310 1994 1467 2034 amor
1496 1978 1613 2045 Dei,
1648 1987 1740 2033 aut
1767 1979 1829 2034 ti-

245 2087 367 2131 mor
394 2072 675 2143 gehennae,
715 2071 782 2133 ad
812 2070 1103 2143 pastoralis
1131 2085 1277 2126 cura:
1315 2070 1676 2125 ministerium
1699 2084 1828 2140 per-

244 2166 518 2237 agendum
559 2180 589 2225 ιι
637 2179 828 2223 somno
854 2164 1073 2221 desidiae
1103 2163 1389 2229 excitaret,
1420 2171 1476 2217 et
1519 2162 1585 2216 ad
1615 2177 1829 2217 annun-

245 2257 487 2316 tiandum
531 2258 717 2329 iniquo
784 2258 1126 2329 iniquitatem
1185 2272 1340 2312 suam
1397 2255 1481 2311 vel
1554 2256 1851 2312 modicunt'

245 2351 524 2421 invitaret.
551 2349 660 2406 Sed
681 2359 740 2407 ut
764 2350 821 2406 in
849 2349 1032 2407 multis
1058 2349 1354 2411 cernimus,
1377 2348 1603 2419 ctocuio
1634 2349 1831 2404 mentis

244 2450 445 2499 nostra:
473 2440 840 2511 conspicimus
867 2479 883 2506 ,
916 2440 1230 2496 abundante
1257 2439 1568 2509 iniquitate,
1598 2447 1653 2494 et
1686 2439 1828 2493 mul-

247 2540 424 2588 torum
456 2531 723 2593 charitate
770 2529 1148 2603 refrigerante,
1192 2530 1294 2602 ipsi
1340 2539 1589 2600 pastores
1617 2544 1831 2587 merce-

244 2624 522 2687 uariorum
544 2639 753 2685 morem
800 2632 1128 2694 sequuntur,
1166 2624 1260 2694 qui
1300 2624 1488 2679 vident
1520 2622 1705 2693 lupum
1735 2636 1829 2677 ve-

246 2714 508 2783 nientem,
556 2724 612 2775 et
652 2715 933 2775 dimittunt
981 2728 1144 2781 oves,
1196 2723 1253 2772 et
1296 2713 1525 2786 fugiunt.
1578 2712 1826 2768 Primum

248 2819 431 2871 tamen
461 2810 740 2869 reminisci
779 2811 963 2876 debes,
1015 2811 1059 2869 si
1107 2824 1348 2881 unquam
1375 2808 1691 2881 apostolicis
1711 2809 1828 2880 epi-

247 2902 402 2959 stolis
420 2918 527 2958 non
548 2904 875 2975 rescriptum
891 2904 985 2970 sit,
998 2912 1055 2960 et
1077 2902 1527 2960 convenientibus
1555 2903 1830 2972 responsis

246 2994 313 3055 de
341 2997 571 3068 negotiis
608 2998 752 3057 unde
782 2999 1045 3071 agebatur
1071 3037 1087 3065 ,
1131 2996 1441 3069 apostolicae
1481 2998 1599 3053 sedi
1638 2998 1830 3053 remis-

245 3102 365 3146 sum
389 3105 404 3143 :
429 3087 589 3149 sicuti
620 3097 769 3149 tuam
792 3090 1153 3146 reverentiam
1175 3104 1277 3161 pro
1298 3097 1489 3145 nostro
1508 3096 1828 3159 contemptu

244 3180 438 3239 fecisse
483 3182 699 3254 penitus
744 3190 981 3249 constat,
1021 3184 1238 3256 quando
1271 3198 1445 3255 nuper
1472 3197 1570 3255 per
1610 3190 1828 3239 nostros

245 3273 443 3329 miSsos
474 3272 528 3328 in
558 3271 858 3331 Galliarum
884 3280 1068 3345 partes
1090 3273 1347 3344 epistolas
1391 3282 1502 3329 tam
1534 3274 1631 3329 tibi
1661 3288 1827 3346 quam

245 3367 368 3425 aliis
397 3366 811 3433 destinavimus,
843 3375 901 3422 et
932 3367 1140 3423 nullum
1167 3367 1296 3424 inde
1321 3380 1644 3439 responsam
1674 3383 1832 3425 rece-

244 3460 440 3532 pimus.
466 3457 574 3515 Sed
599 3460 726 3530 quia
748 3460 816 3517 de
836 3459 924 3517 his
950 3458 1058 3517 alio
1080 3458 1201 3516 loco
1220 3459 1509 3515 dicendum
1529 3470 1632 3527 est,
1660 3469 1832 3518 restat

248 3561 309 3611 ut
335 3552 402 3608 de
434 3551 541 3608 tuis
568 3552 781 3613 actibus
809 3564 907 3623 per
922 3550 1217 3623 justitiam,
1240 3565 1307 3606 ex
1329 3552 1595 3608 charitate
1624 3561 1830 3622 tamen,

250 3643 652 3717 reprehendere
680 3657 787 3701 non
827 3642 1163 3703 omittamus.
1200 3641 1334 3711 Quis
1361 3642 1527 3714 igitur
1559 3644 1751 3700 melius
1780 3654 1833 3701 te

247 3736 417 3802 novit,
445 3735 589 3807 quod
637 3734 731 3791 lilii
763 3735 1039 3807 quondam
1066 3734 1330 3793 Ludovici
1374 3735 1744 3807 imperatoris,
1775 3736 1831 3791 in

246 3845 414 3891 unum
461 3830 845 3889 convenientes
908 3845 1132 3902 regnum
1186 3830 1330 3886 inter
1381 3844 1440 3885 se
1489 3829 1829 3899 diviserunt,

243 3915 716 3992 iurequejurando
736 3919 840 3977 sibi
867 3920 1105 3977 invicem
1154 3920 1539 3990 promiserunt,
1567 3930 1626 3975 ut
1652 3920 1833 3978 nullus

248 4028 437 4070 eorum
491 4029 717 4086 regnum
765 4014 990 4073 alterius
1040 4014 1230 4072 fratris
1262 4015 1367 4071 sibi
1402 4024 1713 4087 ttsurparet,
1742 4025 1836 4072 aut

248 4107 469 4165 omnino
489 4107 843 4179 pervaderet?
868 4116 924 4165 et
957 4116 1084 4165 tunc
1112 4107 1340 4167 Carolus
1362 4123 1479 4174 rex,
1514 4122 1832 4164 sacramen-

252 4197 322 4255 tis
355 4198 460 4254 illis
486 4199 831 4271 contemptis,
873 4212 1117 4271 regnum,
1166 4199 1331 4270 quod,
1368 4199 1628 4259 Lothario
1661 4201 1834 4271 impe-

251 4296 432 4347 ratore
453 4288 728 4358 defuncto.
753 4290 974 4349 domino
996 4291 1349 4349 serenissima
1376 4291 1692 4363 imperatori
1721 4292 1835 4348 tilio

249 4380 367 4451 ejus
392 4383 637 4452 debetur,
671 4384 897 4452 invasit,
924 4392 982 4443 ct
1021 4384 1182 4443 fidem
1211 4384 1448 4441 debitam
1479 4385 1722 4441 violavit.
1752 4385 1833 4441 Tu

249 4491 403 4545 vero,
430 4479 557 4548 quia
608 4478 825 4545 siluisti,
855 4487 911 4537 et
932 4489 1125 4537 contra
1152 4478 1260 4537 tale
1286 4477 1499 4536 facinus
1530 4479 1722 4536 saltem
1750 4478 1831 4535 leo

248 4563 390 4624 viter
414 4582 521 4625 non
537 4568 903 4638 insurrexisti,
928 4586 1037 4629 non
1062 4570 1236 4627 solum
1262 4585 1508 4638 consors,
1524 4573 1619 4628 scd
1644 4574 1831 4642 etiam,
1860 4601 1913 4663 υ

251 4657 395 4730 quod
417 4665 503 4713 est
523 4658 780 4726 deterius.
809 4659 969 4729 hujus
993 4662 1296 4733 tyrannidis
1320 4670 1512 4718 auctor
1532 4677 1655 4718 esse
1672 4664 1820 4720 vide-

253 4751 349 4807 ris.
380 4750 452 4807 Et
480 4750 620 4818 ideo,
655 4767 725 4809 ne
742 4760 799 4809 et
822 4752 1026 4822 nosipsi
1051 4768 1151 4823 pro
1192 4755 1583 4810 taciturnitatis
1613 4755 1831 4812 silentio

252 4842 394 4915 apud
421 4842 592 4898 Deum
619 4842 945 4901 redditorem
973 4843 1266 4915 unicuique
1293 4844 1451 4912 juxta
1487 4861 1624 4917 opus
1647 4861 1830 4914 suum,

253 4932 708 5005 reprehensibiies
750 4950 873 4995 esse
920 4936 1222 5002 videamur,
1265 4936 1575 5007 apostolicis
1602 4954 1830 4995 somno-

250 5027 472 5086 lentiam
518 5036 758 5087 vestram
810 5029 1112 5087 excitamus
1145 5028 1416 5093 aifatibus,
1458 5039 1513 5086 et
1552 5031 1642 5100 qui
1668 5031 1830 5087 aliter

255 5135 361 5177 non
397 5121 692 5187 debemus,
722 5130 783 5179 ut
810 5121 880 5177 ad
909 5129 961 5176 te
990 5121 1281 5179 revertaris
1320 5123 1686 5193 praecipimus.
1728 5122 1840 5180 Me-

255 5217 437 5266 mento
465 5210 608 5281 quod
638 5210 902 5269 Dominus
935 5210 1071 5269 tales
1107 5225 1207 5281 per
1235 5212 1561 5283 prophetam
1588 5213 1838 5284 increpet

254 5300 443 5360 dicens
468 5320 483 5359 :
514 5302 641 5359 Non
676 5304 988 5363 «audistis
1030 5318 1099 5360 ea:
1125 5303 1364 5367 adverso,
1394 5318 1558 5372 neque
1588 5303 1835 5373 opposui-

254 5396 350 5453 stis
374 5413 584 5452 murum
611 5413 707 5470 pro
735 5397 892 5454 domo
916 5396 1109 5463 Israel,
1152 5405 1209 5453 ut
1254 5395 1462 5453 staretis
1497 5397 1553 5451 in
1577 5396 1761 5467 praelia
1781 5397 1836 5452 in

258 5489 344 5547 die
372 5489 585 5547 Domini
609 5490 829 5564 (Eucti.
860 5490 1007 5563 ιιιι).
1039 5490 1305 5557 Quocirca
1342 5498 1403 5547 ut
1439 5491 1509 5547 ab
1555 5489 1836 5547 iuvasione

259 5584 414 5656 regni
457 5584 721 5657 spiritalis
763 5585 864 5644 lilii
908 5584 1082 5642 nostri
1120 5583 1383 5643 Ludovici
1423 5583 1685 5653 principis
1739 5597 1836 5639 rex

256 5688 439 5737 vester
477 5680 593 5751 jam
632 5681 794 5737 tertio
827 5680 1063 5739 monitus
1106 5676 1296 5748 procul
1334 5676 1572 5739 recedat,
1610 5676 1831 5741 insiste;

259 5779 320 5826 ut
347 5769 579 5841 amplius
625 5769 923 5842 perjurium
960 5786 1070 5829 non
1108 5769 1369 5830 incurrat,
1417 5766 1658 5837 invigila,
1695 5775 1836 5822 etut

257 5878 362 5936 pro
392 5873 539 5920 retro
587 5864 759 5935 culpis
800 5865 1032 5937 peractis
1058 5861 1392 5937 apostolatus
1430 5860 1601 5918 nosu'i
1639 5859 1837 5930 jacuiis

1934 586 2201 659 dignitate
2231 592 2441 647 ueteris
2467 592 2609 649 illius
2651 594 2801 665 regni
2831 597 3099 667 episcopis
3122 613 3180 654 es
3205 598 3509 665 sublimior,

1934 681 2162 739 silentiis
2189 685 2421 755 opprimi
2472 685 2678 742 debes:
2718 704 2916 759 neque,
2967 690 3012 747 si
3060 707 3167 747 non
3207 693 3322 764 regi
3349 707 3513 763 prave

1934 774 2112 844 agenti
2142 777 2429 842 restiteris,
2452 792 2636 833 coram
2669 779 2823 835 nobis
2841 783 3169 840 excusabilis
3200 785 3406 854 poteris
3428 785 3513 839 in-

1931 869 2127 924 veniri.
2167 868 2324 924 Mone
2358 870 2524 942 igitur
2567 886 2689 926 cum
2713 880 2772 926 ut
2806 886 2864 927 se
2892 873 3147 946 corrigat,
3182 892 3514 948 regnumque

1932 962 2204 1032 quondam
2257 963 2500 1020 Lotharii
2554 965 2917 1036 imperatoris,
2961 971 3104 1039 quod
3144 972 3210 1026 ad
3252 988 3374 1028 eum
3405 988 3510 1028 non

1932 1058 2191 1128 pertinet,
2223 1059 2477 1114 invadere
2502 1059 2616 1130 jam
2647 1060 2892 1117 desistat.
2922 1060 3042 1118 Jam
3076 1079 3227 1129 vero,
3258 1065 3301 1119 si
3329 1066 3380 1121 in
3414 1066 3511 1121 ob-

1932 1150 2242 1207 stinationis
2269 1167 2381 1208 sua:
2414 1153 2642 1223 perfidia
2691 1162 2815 1226 post
2842 1160 3076 1210 vestram
3102 1158 3513 1212 conventionem

1931 1242 2227 1311 persistere
2256 1243 2529 1308 maluerit,
2560 1259 2723 1314 quam
2764 1241 2921 1313 juxta
2945 1254 3129 1302 nostra
3159 1248 3361 1303 monita
3387 1250 3517 1305 resi-

1931 1335 2160 1406 piscere,
2186 1338 2254 1392 ab
2290 1336 2433 1393 illius
2457 1353 2555 1395 vos
2598 1340 2981 1395 communione
3025 1349 3188 1410 atque
3237 1342 3515 1397 consortio

1932 1434 2296 1497 sequestrate,
2346 1437 2402 1485 et
2447 1431 2739 1486 secundum
2782 1430 3118 1502 Apostolum,
3165 1448 3267 1488 nec
3314 1434 3425 1491 Ave
3466 1434 3515 1490 ei

1934 1518 2176 1576 dicentes
2205 1519 2290 1592 (11
2316 1521 2476 1599 ,Ιοιιγι
2502 1522 2582 1590 x),
2613 1522 2658 1578 si
2694 1533 2894 1578 nostra:
2923 1524 3324 1582 communionis
3352 1526 3516 1584 vultis

1932 1624 2053 1666 esse
2100 1613 2416 1684 participes,
2466 1614 2809 1684 praesentiam
2855 1613 2972 1685 ejus
3027 1617 3205 1673 modis
3263 1620 3517 1677 omnibus

1934 1702 2189 1759 devitate.
2224 1702 2358 1760 Nam
2411 1715 2466 1761 ct
2514 1723 2611 1764 nos
2663 1704 2739 1763 ita
2776 1704 3199 1782 uniuscujusque
3248 1710 3516 1779 iustitiam

1935 1792 2184 1849 volumus
2212 1803 2269 1850 et
2294 1797 2649 1866 exquirimus,
2691 1807 2752 1855 ut
2781 1800 2825 1855 si
2857 1798 2998 1857 idem
3032 1818 3127 1857 rex
3163 1804 3365 1858 nostris
3389 1820 3519 1875 apo-

1934 1886 2138 1942 smlicis
2190 1890 2707 1958 exhortationibus,
2758 1893 3173 1967 Salubribusque
3222 1899 3513 1969 praeceptis

1932 1992 2059 2034 mox
2085 1981 2353 2050 susceptis
2387 1982 2475 2038 bis
2515 1981 2711 2041 litteris
2754 1994 2862 2041 non
2899 1985 3188 2053 obedierit,
3212 1992 3267 2042 et
3296 2002 3325 2041 a
3350 1989 3518 2044 tantis

1934 2072 2233 2143 tyrannicis
2262 2072 2594 2132 factionibus
2645 2091 2750 2134 non
2800 2078 3176 2146 declinaverit,
3227 2078 3517 2148 adjuvantc

1932 2158 2064 2227 Deo,
2092 2178 2192 2219 nec
2221 2178 2393 2231 mora,
2426 2166 2683 2222 continuo
2724 2167 2829 2223 iter
2873 2177 3119 2225 nostrum
3150 2176 3367 2225 nostros
3390 2170 3519 2225 sub-

1932 2264 2189 2325 sequetur
2242 2257 2469 2329 legatos,
2512 2267 2566 2315 et
2607 2258 2870 2331 quidquid
2917 2259 2985 2317 dc
3024 2261 3218 2318 talibus
3246 2263 3519 2333 tantisque

1931 2346 2089 2415 viris,
2122 2349 2289 2405 Deum
2344 2354 2443 2421 per
2478 2366 2576 2407 nos
2605 2353 2828 2407 omnino
2867 2353 3268 2423 spernentibus,
3304 2361 3519 2425 oportet

1931 2452 2213 2512 peragere,
2248 2442 2611 2512 prmveniente
2649 2442 2822 2515 gratia
2867 2443 3041 2499 sancti
3085 2444 3345 2513 Spiritus,
3369 2454 3512 2515 prae-

1932 2528 2239 2585 sentiallter
2288 2546 2631 2604 peragemus,
2664 2532 2815 2589 nullo
2857 2540 3036 2604 pacto,
3068 2534 3325 2608 nulloque
3347 2545 3521 2592 retra-

1932 2619 2190 2675 ctationis
2212 2621 2618 2693 impedimento,
2657 2622 2784 2679 talia
2812 2625 2929 2681 sine
2953 2622 3157 2682 ultione
3185 2625 3345 2700 digna
3376 2644 3517 2700 prie-

1933 2711 2312 2769 termittetttes.
2347 2713 2630 2771 Postremo
2661 2730 2990 2789 magnopere
3030 2733 3440 2776 commonemus
3463 2729 3521 2776 ut

1932 2803 2033 2859 ltos
2064 2805 2396 2875 apostolatus
2421 2806 2595 2863 nostri
2638 2804 2939 2881 prmeipuos
2988 2809 3205 2877 missos,
3255 2810 3521 2868 Joannem

1930 2896 2202 2965 videlicet,
2236 2907 2397 2971 atque
2445 2898 2665 2955 Petrum
2691 2942 2706 2967 ,
2760 2916 2855 2958 seu
2887 2900 3238 2971 Wibbodum,
3268 2913 3326 2960 et
3354 2903 3517 2961 Joan-

1930 3004 2077 3054 nem.
2100 2994 2425 3049 reverendus
2444 2994 2746 3066 episcopos,
2773 3011 2873 3052 nec
2905 3011 3013 3052 non
3045 3004 3101 3053 et
3130 2996 3351 3055 Petrum
3384 2997 3514 3053 reli-

1928 3081 2137 3154 giosum
2186 3084 2564 3157 presbyterum
2615 3085 2857 3143 cardinis
2901 3087 3092 3154 nostri,
3148 3088 3513 3162 dilectumque

1932 3185 2175 3231 nostrum
2205 3176 2551 3248 familiarem,
2582 3195 2682 3252 pro
2718 3181 3023 3252 principum
3050 3180 3419 3254 apostolorum
3445 3182 3539 3253 ab,

1934 3272 2185 3327 omnibus
2221 3273 2557 3343 praeferenda
2612 3276 2914 3332 reverentia
2956 3286 3010 3333 ct
3040 3291 3244 3343 amore,
3291 3277 3523 3349 benigne

1933 3364 2219 3436 suscipias,
2238 3366 2295 3421 et
2315 3374 2501 3436 utpote
2521 3382 2553 3423 a
2576 3375 2724 3423 tanta
2752 3371 2877 3424 sede
2902 3368 3192 3439 digressos,
3220 3368 3520 3425 honorifice

1934 3465 2183 3527 receptos
2211 3458 2377 3515 colas.
2407 3458 2542 3530 ipsis
2569 3461 2713 3515 enim
2757 3475 2877 3532 quae
2917 3456 3113 3533 pagina
3143 3460 3384 3527 reticuit,
3421 3460 3541 3539 tibi

1936 3549 2163 3607 dicenda
2208 3550 2565 3621 injunximus.
2615 3551 2685 3608 Et
2729 3552 2851 3609 ideo
2890 3552 3150 3624 quidquid
3196 3552 3521 3607 verbotenus

1934 3640 2301 3710 cxposuerint,
2352 3644 2470 3697 Sine
2515 3642 2771 3714 scrupulo
2811 3658 3035 3714 prorsus
3083 3642 3329 3708 admitte,
3362 3648 3417 3697 et
3456 3647 3516 3695 ut

1934 3727 2177 3786 efficaces
2213 3731 2282 3786 ad
2317 3745 2415 3785 nos
2447 3732 2644 3785 reverti
2699 3728 2936 3797 valeant,
2978 3732 3305 3787 omnimodis
3330 3729 3512 3803 vigila.

1936 3820 2199 3889 Optamus
2242 3822 2585 3877 sanctitatem
2621 3831 2767 3877 tuam
2820 3821 2875 3877 in
2903 3821 3121 3878 Christo
3153 3824 3289 3879 bene
3313 3820 3515 3877 valere.

1938 3913 2073 3969 Data
2094 3930 2127 3968 v
2148 3914 2417 3970 Kalendas
2439 3912 2588 3982 Julii,
2621 3915 2915 3971 indictione
2940 3931 3022 3972 ιιι.

2630 4026 2843 4086 XXVII.

2219 4137 2289 4177 an
2322 4126 2601 4180 racteras
2646 4138 2802 4179 REGNI
2831 4138 3023 4180 canem
3064 4137 3239 4179 οΑινι.

2548 4235 2726 4311 (Anno
2766 4234 2916 4311 870.)

2147 4356 2352 4414 Eadem
2371 4375 2489 4431 quae
2515 4357 2571 4413 in
2591 4356 2811 4429 epistola
2824 4355 2896 4412 25
2920 4354 2990 4411 ad
3020 4355 3303 4427 episcopos.

2007 4476 2285 4532 Absumus
2318 4474 2629 4546 episcopus,
2662 4489 2852 4529 servus
2882 4487 3162 4529 servorum
3192 4468 3308 4537 Dei,
3339 4469 3520 4526 omni-

1937 4569 2038 4625 bus
2067 4567 2416 4638 optimatibus
2438 4566 2590 4637 regni
2617 4565 2796 4622 Caroli
2819 4562 3039 4639 gloriosi
3070 4563 3234 4634 regis.

2008 4659 2192 4731 Nuper
2238 4658 2571 4730 apostolatus
2619 4657 2790 4714 nostri
2847 4654 3031 4711 missis
3073 4663 3234 4725 atque
3283 4652 3525 4724 epistolis

1938 4753 2304 4809 reverentiam
2341 4760 2579 4806 vestram
2610 4748 2908 4805 salutiferis
2935 4744 3427 4809 exhortationibus,
3463 4751 3523 4799 ut

1937 4841 2339 4913 vobismetipsis
2364 4838 2721 4896 consuleretis
2757 4839 3086 4904 monuimus,
3114 4846 3169 4893 et
3186 4837 3342 4908 juxta
3372 4835 3519 4903 quod

1936 4951 2035 4991 vos
2064 4934 2324 5004 oportuit,
2346 4930 2692 5003 paternitatis
2723 4928 2917 4985 affectu
2957 4945 3062 4983 non
3103 4927 3374 4982 immerito
3395 4940 3519 4980 cor-

1942 5025 2225 5102 ripu_imus.
2272 5022 2377 5079 Sed
2431 5031 2638 5078 tantum
2691 5020 2984 5093 apostolica
3025 5018 3227 5073 monita
3271 5022 3520 5073 contem-

1942 5120 2142 5190 psistis,
2188 5126 2450 5190 quantum
2495 5130 2599 5172 nec
2626 5115 2829 5171 nostris
2864 5110 3110 5182 epistolis
3143 5107 3518 5178 respondistis,

1942 5227 2044 5268 nec
2068 5227 2250 5282 regem
2280 5218 2521 5265 vestrum
2545 5206 2794 5262 Caroium
2817 5216 2980 5277 grave
3000 5200 3211 5256 facinus
3242 5200 3520 5254 incurren-

1944 5314 2053 5361 tem
2079 5302 2269 5375 procul
2302 5302 2469 5358 dubio
2512 5298 2783 5355 doluistis.
2834 5295 2917 5350 An
2968 5292 3074 5349 non
3133 5302 3299 5362 grave
3348 5288 3523 5345 scelus

1942 5398 2195 5462 incurrit,
2223 5395 2460 5466 quando,
2488 5394 2627 5450 sicut
2663 5390 2820 5447 multi
2851 5398 3089 5445 vestrum
3111 5391 3403 5449 noverunt,
3434 5384 3517 5439 sui

1939 5491 2160 5557 oblitus,
2196 5487 2592 5561 jusjurandum,
2637 5482 2782 5555 quod
2812 5481 2940 5537 olim
2971 5480 3096 5536 etim
3124 5479 3385 5534 fratribus
3406 5475 3522 5532 suis

1938 5584 2162 5655 pepigit,
2194 5595 2302 5651 quo
2352 5594 2511 5634 nemo
2539 5576 2755 5633 illorum
2802 5586 3027 5645 regnum
3073 5571 3257 5626 fratris
3296 5569 3523 5624 alterius

1939 5675 2224 5731 invaderet
2266 5671 2349 5726 vel
2402 5677 2708 5740 usurparet,
2752 5674 2812 5721 ut
2841 5663 3249 5721 evidentissima
3281 5658 3523 5732 patefac-

1942 5776 2054 5821 tum
2107 5772 2208 5829 est,
2264 5775 2489 5832 regnum
2542 5758 2814 5829 quondam
2860 5755 3103 5812 Lotharii
3158 5744 3521 5824 imperatoris,

1942 5859 2088 5930 quod
2134 5856 2257 5926 jure
2310 5854 2435 5912 divo
2485 5853 2802 5924 imperatori
2850 5850 3049 5907 domno
3101 5847 3374 5907 Ludovico
3416 5839 3527 5900 tilio
