4004 6290
455 328 598 395 i503

1804 326 2089 387 ADIlIANI
2126 326 2331 385 PAPE
2370 322 2413 383 Il

3628 304 3781 370 130!

460 456 578 526 ejus
626 466 839 525 semper
878 450 1122 526 Augusto
1172 450 1422 516 debetur,
1478 448 1676 521 spretis
1712 445 2038 518 iuramentis
2066 448 2116 508 Α
2143 442 2409 498 laudanda
2432 450 2519 498 est
2546 438 2703 512 plane
2725 446 2909 497 vestra
2958 439 3289 508 constantia,
3318 455 3467 513 quae,
3508 441 3600 498 sui
3632 458 3758 497 non
3808 480 3819 503 τ

462 549 681 613 invasit,
732 557 787 603 et
817 546 1037 619 perjurii
1073 545 1262 602 incidit
1290 544 1536 601 crimen?
1575 542 1729 598 Unde
1758 539 1915 595 valde
1944 539 2049 592 mi-

461 658 666 707 ramur,
716 640 1165 712 obstupescimus,
1200 647 1256 693 et
1280 637 1546 701 dolemus,
1576 644 1637 689 ut
1669 634 1714 688 si
1756 647 1854 687 vos
1885 631 2043 686 ﬁdem

462 735 541 792 illi
576 734 923 806 promisistis,
966 747 1135 804 quare
1180 730 1540 800 vosmetipsos
1584 726 1808 799 perditis
1841 732 1898 781 et
1938 737 2044 777 non

462 842 586 882 eum
630 825 790 881 modo
818 824 1176 897 suggerendo,
1211 823 1371 877 modo
1416 820 1545 875 illud
1576 828 1672 874 aut
1701 817 1830 873 illud
1878 829 2046 887 oppo-

461 918 660 983 nendo,
692 927 753 972 ut
774 917 1063 987 resipiscat
1089 913 1499 970 circumvenitis
1529 927 1544 965 :
1580 912 1714 982 ‘quin
1744 910 1923 980 potius
1953 923 2046 964 vo-

459 1008 547 1065 bis
565 1008 978 1073 consentiendo,
1008 1015 1064 1062 et
1103 1006 1179 1061 illi
1225 1014 1335 1060 tam
1380 1002 1725 1060 detestabilia
1766 1001 2042 1068 faciendo,

462 1101 604 1172 quod
628 1102 796 1155 vestri
827 1115 933 1154 non
964 1097 1144 1154 fecere
1173 1106 1448 1169 parentes,
1477 1097 1787 1167 gehennam
1812 1093 2043 1164 paratis.

460 1191 727 1247 Prazlatus
780 1192 1046 1263 siquidem
1090 1190 1407 1260 imperator,
1463 1198 1676 1243 terrena
1732 1200 1898 1256 regna
1938 1200 2046 1240 non

460 1285 728 1349 ambiens,
782 1298 881 1354 pro
911 1282 1229 1338 liberatione
1275 1280 1456 1352 populi
1505 1280 1602 1334 Dei
1633 1277 1818 1333 multis
1849 1276 2048 1332 labori-

458 1376 563 1432 bus
586 1376 863 1448 fatigatus,
892 1374 1246 1445 triumphales
1268 1374 1321 1429 in
1349 1374 1775 1429 Sarracenorum
1805 1370 2047 1426 cervices

458 1469 639 1539 potius
667 1484 880 1533 manus,
911 1482 1074 1537 quam
1117 1467 1173 1521 in
1218 1482 1341 1520 eum
1393 1481 1620 1537 regnum
1668 1478 1827 1519 suum
1856 1461 2046 1518 tollen-

461 1568 571 1616 tem
599 1560 859 1616 extendit.
893 1559 1087 1615 Redite
1114 1574 1244 1630 ergo
1265 1559 1332 1613 ad
1364 1573 1477 1622 vos,
1503 1555 1862 1620 dilectissimi,
1896 1563 1951 1609 et
1986 1563 2047 1610 ut

457 1651 587 1707 olim
635 1651 841 1707 foedera
892 1652 1033 1707 inter
1087 1651 1357 1707 seniorem
1415 1657 1681 1716 vestrum,
1737 1649 2047 1718 fratresque

460 1740 631 1808 illius,
667 1759 790 1798 cum
814 1743 1141 1812 juramenlis
1173 1743 1379 1807 habita,
1423 1743 1518 1798 sed
1565 1742 1726 1797 modo
1762 1750 2042 1813 corrupta,

2148 536 2454 600 immemor,
2506 536 2664 591 tidem
2715 535 3036 605 promissam
3092 536 3291 591 merito
3330 536 3666 602 custodivit,
3700 547 3761 591 et

2145 627 2293 682 velut
2322 628 2495 682 frater
2520 636 2706 684 ‘vester
2727 626 2970 694 Carolus,
3000 627 3225 683 alterius
3266 630 3421 701 regni
3439 628 3601 697 jura,
3634 629 3759 684 Lo-

2147 718 2308 773 tharii
2340 720 2609 788 quondam
2634 718 2845 775 scilicet
2870 719 3235 790 imperatoris,
3271 735 3394 789 qua:
3413 719 3583 788 juxta
3606 721 3761 775 divi-

2146 825 2247 866 nas
2280 820 2442 881 atque
2484 812 2752 867 humanas
2778 810 2927 883 leges
2978 813 3154 868 eidem
3192 813 3443 884 piissimo
3505 814 3765 884 impera-

2148 904 2250 959 tori
2280 903 2391 959 ﬁlio
2426 904 2541 974 ejus
2569 904 2856 971 debentur,
2893 920 2995 960 nec
3016 905 3240 972 invasit,
3266 921 3369 961 nec
3400 907 3759 976 concupivit.

2145 995 2252 1051 Pro
2277 997 2473 1066 quibus
2519 996 2729 1052 scilicet
2756 997 3112 1069 iniquissimis
3152 999 3387 1065 actibus,
3420 1015 3571 1070 quos
3602 1000 3762 1054 idem

2146 1088 2394 1157 Carolus,
2426 1092 2536 1146 Deo
2562 1098 2897 1162 contempto,
2926 1092 3155 1162 peregit,
3187 1101 3243 1147 et
3266 1107 3367 1162 pro
3406 1091 3765 1161 jus-amentis

2146 1196 2266 1251 quae
2281 1196 2629 1252 corrumpere
2654 1197 2763 1238 non
2786 1183 3096 1254 trepidavit,
3125 1184 3283 1239 valde
3300 1185 3763 1254 obstupescimus

2146 1279 2201 1325 et
2242 1271 2523 1327 miramur.
2549 1271 2687 1339 Quia
2740 1280 2794 1328 et
2841 1272 3080 1339 illorum,
3111 1288 3249 1344 quos
3277 1273 3509 1330 deviare
3541 1292 3762 1347 cogno-

2148 1365 2372 1431 scimus,
2403 1374 2612 1421 tantum
2654 1366 2960 1422 animarum
2996 1367 3234 1437 pericula
3267 1369 3552 1438 gemimus
3581 1380 3640 1424 et
3668 1372 3769 1425 do-

2148 1456 2345 1525 lemus,
2385 1467 2647 1528 quantum
2673 1473 2774 1528 pro
2796 1458 3049 1515 omnibus
3084 1459 3181 1526 illi,
3209 1459 3303 1530 qui
3331 1476 3437 1515 nos
3461 1476 3577 1516 suo
3606 1462 3766 1532 gregi

2148 1564 2382 1620 praeesse
2418 1551 2668 1622 dignatus
2707 1559 2810 1617 est,
2855 1552 3095 1609 rationes
3125 1568 3328 1624 ponere
3355 1553 3565 1624 procul
3596 1556 3769 1610 dubio

2149 1641 2557 1713 compellemur.
2591 1643 2979 1700 Verumtamen
3029 1646 3224 1702 missos
3250 1647 3432 1702 nostri
3480 1648 3769 1718 apostola-

2151 1743 2258 1801 tus,
2286 1751 2409 1792 cum
2434 1736 2679 1807 ejusdem
2726 1737 2990 1808 spiritalis
3020 1737 3115 1794 ﬁlii
3145 1739 3317 1795 nostri
3342 1740 3592 1811 Augusti
3616 1740 3768 1812 lega-

460 1833 846 1901 reformentur,
880 1835 997 1889 sine
1026 1833 1425 1890 cessationibus
1455 1833 1713 1888 Iaborate.
1740 1833 1804 1887 Et
1839 1833 1885 1889 si
1913 1848 2039 1889 eum
2072 1814 2121 1875 Β
2149 1831 2243 1898 tis,
2285 1842 2393 1888 tam
2439 1834 2506 1889 ad
2528 1848 2627 1888 vos
2652 1848 2815 1904 quam
2864 1833 2935 1888 ad
2974 1832 3225 1889 eumdem
3279 1832 3575 1900 Carolum,
3622 1835 3765 1890 sicut

460 1928 667 1983 salvum
718 1929 1017 1984 consistere
1061 1928 1241 1992 vultis,
1290 1937 1350 1982 ut
1399 1928 1550 1999 regni
1593 1927 1716 1999 jura
1757 1927 1904 1983 adse
1936 1942 2047 1983 non

458 2022 788 2092 pertinentia
829 2021 1058 2077 desistat
1110 2022 1387 2087 invadere,
1433 2029 1732 2092 Opportune
1790 2020 2045 2077 insistite.

458 2113 648 2169 Aliena
692 2129 798 2168 non
829 2115 1198 2184 concupiscat,
1227 2114 1405 2169 aliena
1442 2129 1551 2169 non
1597 2112 1795 2184 rapiat,
1821 2121 1877 2167 et
1905 2111 2050 2183 quod

461 2205 564 2260 sibi
581 2220 689 2259 non
713 2203 826 2259 vult
847 2204 983 2269 ﬁeri,
1011 2204 1101 2260 alii
1125 2220 1351 2277 prorsus
1377 2221 1484 2260 non
1512 2204 1694 2261 faciat.
1720 2203 2053 2260 Reminisca-

461 2304 549 2352 tur
576 2296 871 2368 Scriptum
891 2298 1119 2353 dicentis
1146 2316 1159 2351 :
1186 2297 1310 2352 Non
1333 2298 1670 2369 concupisces
1692 2313 1800 2351 rem
1824 2298 2052 2367 proximi

462 2389 540 2442 tui
559 2386 755 2460 (Exod.
789 2390 904 2458 xx).
932 2389 1001 2444 Et
1027 2404 1242 2444 rursum
1269 2408 1282 2443 :
1313 2386 1505 2444 Omnia
1532 2404 1855 2461 quaecunque
1893 2390 2052 2444 vultis

461 2484 517 2529 ut
561 2475 761 2544 faciant
820 2476 960 2530 vobis
1008 2476 1264 2542 homines,
1313 2476 1494 2530 eadem
1538 2484 1587 2530 et
1626 2492 1714 2530 vos
1754 2475 2050 2545 faciteillis

466 2565 679 2637 (Matth.
723 2565 838 2638 vn).
892 2565 1009 2622 Non
1060 2567 1203 2622 enim
1235 2574 1442 2621 tantum
1478 2581 1702 2637 regnum
1749 2568 2053 2638 cuicunque

464 2658 882 2728 augmentando,
911 2674 1075 2730 quam
1102 2658 1371 2728 justitiam
1411 2660 1760 2729 acquirendo,
1792 2660 1894 2716 ista
1929 2675 2053 2731 pro-

464 2750 763 2819 sequimur,
795 2758 848 2805 ct
899 2767 968 2806 ne
1008 2751 1130 2821 quis
1160 2768 1259 2823 pro
1287 2752 1570 2823 temporali
1612 2768 1839 2825 regnum
1860 2755 2054 2825 perdat

463 2850 728 2897 aeternum
758 2885 772 2908 ,
800 2838 924 2899 non
978 2844 1216 2900 indebite
1267 2854 1656 2901 contestamur.
1710 2844 1865 2914 Quod
1918 2847 1965 2902 si
1998 2856 2054 2903 et

465 2952 608 2993 nunc
638 2937 723 2993 his
771 2939 1081 2995 salubribus
1129 2940 1331 2996 nostris
1372 2941 1845 2998 exhortationibus
1890 2950 2054 3014 atque

464 3030 856 3087 monitionibus
900 3040 1009 3086 tam
1044 3032 1159 3102 jam
1195 3030 1340 3088 fatus
1384 3048 1503 3098 rex,
1534 3049 1696 3105 quam
1729 3050 1825 3091 vos
1858 3050 2055 3106 parere

464 3122 934 3193 contempseritis;
985 3123 1178 3179 scitote
1227 3125 1354 3195 quia
1391 3125 1537 3181 ducti
1568 3134 1798 3196 paterno
1826 3125 2046 3195 affectu,

465 3211 972 3285 ferventissimoque
1022 3215 1137 3270 zelo
1164 3214 1422 3285 justitim,
1454 3219 1661 3283 statim,
1689 3218 1906 3275 Christo
1929 3221 2048 3291 opi-

467 3305 602 3374 ﬁce,
645 3316 828 3377 partes
866 3306 985 3363 illas
1019 3307 1444 3378 penetrabimus,
1480 3320 1536 3364 et
1569 3308 1624 3364 in
1650 3318 2058 3381 contemptores

468 3399 685 3469 dignam
748 3400 995 3457 dabimus
1059 3401 1341 3459 ultionem.
1396 3403 1680 3460 Postremo
1729 3420 2057 3477 magnopere

467 3506 893 3558 commonemus,
926 3502 985 3547 ut
1032 3493 1132 3548 hos
1169 3494 1503 3564 apostolatus
1546 3498 1717 3552 nostri
1759 3499 2058 3569 pracipuos

470 3583 687 3647 missos,
713 3582 976 3641 Joannem
1008 3586 1279 3653 videlicet,
1315 3597 1460 3656 etc.;
1490 3607 1657 3661 usque
1693 3592 1762 3646 ad
1785 3593 1964 3662 ﬁnem,
2001 3604 2057 3649 ut

467 3674 525 3729 in
551 3675 767 3744 epistola
807 3676 878 3731 25
916 3677 985 3732 ad
1021 3680 1305 3748 episcopos.
1331 3679 1593 3750 Optamus
1616 3682 1941 3740 industriam
1966 3699 2059 3740 ve-

470 3773 637 3821 stram
668 3767 721 3820 in
753 3767 971 3825 Christo
990 3771 1128 3826 bene
1148 3771 1347 3828 valere.
1390 3772 1526 3827 Data
1551 3790 1586 3829 v
1610 3773 1882 3832 Kalendas
1906 3774 2055 3844 Julii,

473 3856 765 3914 indictione
790 3876 870 3915 ιιι.

1137 3955 1374 4012 XXVIII.

783 4063 852 4103 AD
873 4063 1180 4107 ιπυονιουιί
1210 4066 1388 4107 REGE]!
1415 4066 1728 4110 GERIIANIE.
1751 4106 1757 4112 .

1085 4160 1262 4231 (Anno
1285 4161 1434 4234 870.)

472 4270 816 4350 Commendat
862 4274 1056 4350 legatos
1104 4290 1248 4339 suos,
1304 4275 1652 4350 etuLudovici
1702 4267 2058 4350 imperatoris,

543 4357 754 4427 propter
779 4344 1018 4427 Lotltarii
1046 4362 1260 4427 regnum
1297 4362 1328 4398 a
1357 4345 1548 4400 Carolo
1572 4344 1813 4427 invasam
1842 4344 2056 4427 missos.

545 4416 861 4487 Episcopum
914 4416 1147 4473 Colonia:
1189 4420 1302 4471 sine
1334 4434 1429 4471 suo
1476 4420 1719 4475 consultu
1754 4422 2059 4478 ordinatum

544 4487 708 4558 fuisse
729 4488 1084 4559 conqueritur.

543 4605 820 4661 ADRIANUS
848 4606 1153 4677 episcopus,
1181 4620 1372 4662 servus
1407 4621 1689 4663 servorum
1715 4607 1835 4675 Dei,
1866 4609 2063 4668 dilecto

474 4695 588 4752 ﬁlio
625 4696 895 4754 Lunovnco
921 4698 1156 4769 glorioso
1184 4698 1315 4770 regi.

547 4790 699 4848 Sicut
726 4807 867 4863 saepe
894 4808 991 4863 per
1019 4793 1213 4849 missos
1234 4804 1287 4849 ct
1308 4795 1566 4864 epistolas
1598 4805 1811 4854 vestras
1848 4813 2065 4869 compe~

476 4889 667 4953 rimus,
699 4890 765 4943 de
792 4888 1117 4945 exaltatione
1144 4890 1337 4945 matris
1360 4899 1555 4947 vestra:
1583 4892 1842 4949 Romamn
1872 4893 2064 4949 Eccle-

477 4982 966 5053 sitejucnndamini
997 5023 1012 5048 ,
1062 4992 1118 5037 et
1171 4998 1294 5037 cum
1338 4986 1664 5041 charissimo
1713 4986 1826 5040 ﬁlio
1881 4994 2069 5060 nostro

477 5075 697 5130 domino
722 5075 993 5130 Ludovico
1031 5075 1274 5148 Augusto
1296 5092 1513 5134 omnem
1540 5078 1910 5143 concordiam,
1943 5093 2064 5133 om-

479 5184 711 5238 nemque
749 5170 899 5238 pacis
933 5169 1276 5227 dilectionem
1306 5182 1363 5227 et
1392 5172 1514 5227 ﬁdei
1557 5173 1866 5243 possidetis,
1896 5182 1953 5227 et
1982 5173 2064 5229 in-

479 5261 800 5327 solabiliter,
840 5264 1299 5333 quemadmodum
1329 5266 1471 5321 idem
1493 5266 1876 5321 serenissimus
1900 5265 2068 5335 impe-

482 5364 632 5407 rator
660 5352 815 5409 nobis
846 5354 1102 5420 innotuit,
1132 5371 1228 5410 vos
1265 5357 1502 5412 retinere
1547 5358 1732 5413 multis
1757 5373 1941 5413 coram
1965 5373 2065 5429 po-

482 5446 604 5501 sitis
633 5448 979 5516 proﬁtemini.
1029 5447 1182 5505 Unde
1235 5449 1482 5519 gloriosa:
1530 5459 1729 5507 vestra:
1781 5450 2065 5506 serenitati

485 5539 771 5594 nonnullas
797 5549 976 5610 grates
1022 5540 1325 5607 referimus,
1362 5550 1417 5596 et
1462 5551 1520 5596 ut
1568 5543 1622 5597 in
1669 5542 1864 5613 coeptis
1912 5542 2071 5599 bonis

485 5635 868 5701 perseveretis,
910 5634 1545 5705 apostolicisaﬂ'atibus,
1595 5636 1669 5691 ﬁli
1722 5638 2067 5703 eharissime,

488 5727 817 5784 incitamus:
861 5730 1116 5799 quoniam
1162 5731 1422 5801 scriptum
1464 5741 1548 5788 est
1582 5750 1594 5785 :
1635 5731 1739 5799 Qui
1781 5748 2104 5803 perseverat

488 5821 617 5875 verit
641 5836 803 5891 usque
815 5821 869 5874 in
895 5820 1074 5889 ﬁnem,
1101 5822 1185 5876 hic
1223 5821 1398 5877 salvus
1419 5825 1515 5877 erit
1539 5823 1753 5895 (Matth.
1778 5824 1857 5898 χ).
1887 5826 1996 5883 Sed
2018 5834 2074 5883 et

2150 1939 2250 1980 nos
2269 1940 2441 1996 nuper
2470 1924 2652 1981 facere
2671 1925 3075 1997 proposuimus,
3101 1939 3231 1982 ecce
3249 1926 3592 1982 direximus.
3618 1926 3769 1994 Quos

2151 2017 2381 2088 benigne
2411 2032 2479 2072 ac
2506 2016 2803 2072 honoriﬁce
2832 2031 2933 2087 pro
2957 2031 3143 2072 amore
3169 2017 3559 2087 apostolorum
3589 2019 3768 2073 susci-

2148 2109 2385 2178 pientes,
2416 2123 2606 2164 omnes
2633 2108 2900 2164 utilitates
2921 2117 2977 2164 et
3001 2118 3309 2181 opportuna
3333 2111 3395 2165 in
3421 2125 3603 2181 opere
3626 2126 3763 2181 pra-

2134 2201 2293 2256 esenti
2326 2201 2539 2273 negotia
2558 2216 2684 2256 cum
2705 2201 2788 2257 eis
2822 2202 3065 2257 tractetis
3086 2220 3100 2256 :
3132 2211 3429 2273 quatenus,
3450 2204 3548 2259 his
3567 2220 3767 2275 perac-

2155 2293 2242 2358 tis,
2294 2293 2437 2349 sicut
2482 2300 2687 2369 nos.et
2732 2307 2877 2364 saepe
2919 2293 3098 2349 dictus
3130 2294 3417 2366 Augustus
3442 2309 3761 2366 speramus,

2154 2384 2317 2440 iidem
2347 2384 2502 2439 missi
2531 2384 2671 2439 salvi
2703 2393 2867 2455 atque
2917 2385 3025 2441 illae
3053 2386 3098 2442 si
3137 2400 3236 2457 per
3263 2396 3517 2443 vestrum
3557 2390 3767 2461 adjuto-

2154 2475 2316 2541 rium,
2364 2476 2432 2530 ad
2476 2476 2796 2546 praedictum
2842 2491 3048 2548 regem,
3077 2477 3213 2533 duce
3242 2476 3381 2544 Deo,
3408 2482 3767 2550 perveniant,

2155 2575 2210 2624 et
2237 2568 2450 2639 regredi
2481 2569 2717 2623 valeant.
2757 2566 2879 2623 Jam
2914 2583 3044 2625 vero
3096 2569 3142 2625 si
3188 2570 3331 2625 idem
3370 2585 3474 2625 rex
3521 2573 3597 2626 ab
3618 2573 3769 2626 inva-

2155 2664 2309 2719 sione
2331 2663 2420 2718 illa
2447 2665 2764 2732 cessaverit,
2802 2673 2859 2721 et.
2901 2681 3015 2722 suae
3035 2667 3310 2738 tyrannidi
3332 2669 3603 2735 cesserit,
3632 2685 3765 2725 ecce

2154 2754 2312 2831 bene.
2355 2754 2450 2811 Sin
2477 2766 2683 2822 autem,
2724 2758 2917 2813 scitote
2946 2759 3073 2829 quia
3099 2766 3198 2828 per
3237 2774 3341 2815 nos
3369 2760 3503 2815 illuc
3534 2761 3648 2817 iter
3664 2777 3761 2816 ve-

2155 2846 2340 2902 niendi
2370 2847 2821 2917 accelerabimus,
2844 2858 2900 2905 et
2926 2850 3072 2907 velut
3088 2851 3143 2907 in
3167 2861 3612 2925 contemptorem
3647 2855 3767 2923 Dei,

2157 2954 2220 2994 ac
2248 2940 2668 3009 apostolicarum
2698 2943 3080 3010 monitionum,
3109 2944 3374 3000 ultionem
3401 2945 3655 3002 debitam
3688 2948 3768 3002 in-

2158 3029 2435 3088 feremus:
2485 3048 2555 3088 ne
2593 3033 2750 3089 nobis
2776 3034 3092 3105 imputetur,
3136 3036 3182 3091 si
3223 3035 3312 3092 ille
3342 3037 3661 3108 impunitus
3685 3054 3770 3093 re-

2160 3123 2443 3188 manserit,
2472 3132 2529 3179 et
2554 3124 2599 3179 si
2626 3139 2685 3180 se
2710 3122 2741 3179 ti
2786 3126 2972 3197 pravis
3001 3127 3236 3191 actibus,
3264 3127 3536 3199 perjuriis
3556 3130 3770 3185 scilicet

2160 3230 2224 3271 ac
2246 3216 2733 3287 concupiscentiis,
2755 3218 2986 3290 aliisque
3017 3219 3268 3276 nefandis
3313 3221 3636 3278 sceleribus
3657 3238 3761 3279 non

2158 3312 2413 3376 correxit,
2466 3319 2727 3370 venturus
2764 3312 2930 3383 judex
2978 3329 3103 3370 eum
3146 3316 3214 3372 de
3257 3318 3513 3371 manibus
3555 3320 3767 3374 nostris

2158 3404 2420 3474 requirat,
2453 3412 2509 3461 et
2546 3421 2644 3476 pro
2675 3406 2879 3462 desidia
2916 3409 3115 3464 merito
3157 3410 3551 3481 reprehendat.
3595 3411 3763 3467 Ilii-a-

2158 3512 2280 3551 mur
2304 3507 2569 3567 praeterea
2591 3498 2820 3568 gloriam
2868 3507 3102 3561 vestram
3148 3501 3205 3555 in
3257 3501 3625 3571 praeﬁciendo
3652 3504 3765 3573 epi-

2159 3605 2326 3660 scopo
2351 3590 2664 3662 Agrippinae
2711 3590 2949 3647 Colonia!
2989 3599 3102 3647 tam
3133 3593 3433 3649 indiscrete
3455 3596 3771 3665 praebuisse

2160 3680 2483 3739 consensum
2532 3702 2544 3738 :
2581 3699 2705 3739 cum
2727 3684 3132 3741 evidentissima
3157 3685 3328 3742 scires
3357 3687 3513 3757 quod
3552 3698 3773 3759 aposto-

2160 3777 2278 3834 lica:
2325 3778 2470 3834 sedis
2510 3779 2718 3850 judicio
2767 3789 2929 3850 atque
2964 3780 3213 3836 consultu
3255 3780 3457 3836 ibidem
3514 3783 3773 3838 debuerit

2160 3868 2400 3923 ordinari
2424 3870 2671 3937 antistes,
2708 3869 2865 3940 cujus
2893 3886 3125 3927 censura
3155 3887 3328 3942 nuper
3362 3870 3556 3927 fuerat
3575 3876 3770 3929 eadem

2160 3958 2406 4017 Ecclesia
2452 3977 2552 4017 suo
2591 3958 2813 4033 privata
2840 3972 3074 4019 rectore.
3116 3962 3184 4018 Et
3208 3964 3429 4035 quidem
3464 3968 3623 4035 quod
3652 3976 3777 4038 post

2160 4050 2419 4122 judicium
2462 4054 2608 4111 sedis
2648 4055 2961 4126 apostolica;
2995 4055 3198 4113 factum
3225 4065 3328 4123 est,
3352 4057 3497 4113 dure
3519 4061 3772 4131 suscepi-

2163 4159 2287 4201 mus
2318 4163 2331 4199 :
2374 4146 2471 4201 sed
2498 4147 2642 4216 quod
2669 4154 2758 4201 tua
2787 4162 2951 4218 super
2981 4147 3086 4204 hoc
3128 4147 3369 4215 devotio,
3410 4164 3585 4219 quam
3624 4152 3775 4207 circa

2163 4254 2263 4295 nos
2288 4239 2492 4295 habere
2521 4239 2794 4310 probaris,
2826 4240 3156 4296 omnimodis
3177 4241 3364 4307 tacuit,
3397 4242 3603 4298 durius
3632 4245 3774 4299 aesti-

2163 4345 2397 4387 mamus.
2453 4331 2729 4403 Praecipue
2785 4333 2911 4404 quia
2962 4332 3250 4389 Guntharii
3306 4334 3516 4389 dudum
3587 4338 3772 4391 archi-

2166 4423 2409 4494 episcopi
2439 4438 2681 4490 cansam,
2710 4434 3001 4496 antequam
3028 4426 3082 4480 in
3110 4424 3450 4482 locumillius
3474 4426 3774 4484 substitue-

2091 4545 2143 4606 Β
2170 4524 2321 4571 retur
2366 4517 2673 4588 episcopus,
2713 4533 2815 4574 nos
2867 4518 3065 4575 iterum
3109 4520 3428 4586 audituros,
3486 4528 3548 4574 et
3580 4535 3771 4576 vocem

2168 4604 2287 4675 ejus
2308 4607 2641 4663 admissuros
2671 4606 2790 4664 fore
2811 4609 3220 4680 spopondimus.
3245 4608 3547 4664 Prefatam
3576 4610 3776 4681 quippe

2167 4702 2562 4758 ordinationem
2621 4717 2723 4758 nec
2760 4703 3172 4768 conﬁrmamus,
3215 4718 3316 4759 nec
3342 4710 3530 4758 ratam
3564 4704 3773 4760 habere

2170 4796 2532 4862 decernimus,
2562 4811 2845 4868 quousque
2872 4797 2964 4851 ille
2984 4797 3076 4867 qui
3103 4797 3389 4853 ordinatus
3419 4806 3528 4864 est,
3566 4808 3773 4855 nostrae

2169 4887 2491 4943 exhibeatnr
2520 4888 2843 4957 praesentiae,
2867 4896 2922 4942 et
2950 4897 3181 4958 utraque
3222 4902 3348 4958 pars
3378 4903 3577 4942 coram
3614 4890 3777 4945 nobis

2174 4979 2442 5045 discussa,
2491 4986 2791 5035 conventus
2837 4978 3112 5052 synodalis
3145 4978 3517 5050 perpendatur
3548 4980 3774 5035 audien—

2171 5074 2266 5128 tia.
2296 5073 2574 5128 Postremo
2602 5086 2931 5144 magnopere
2958 5086 3385 5136 commonemus,
3416 5080 3476 5124 ut
3503 5071 3608 5127 hos
3641 5088 3775 5142 apo-

2171 5163 2402 5219 stolatus
2430 5161 2598 5217 nostri
2629 5162 2931 5233 praecipuos
2960 5162 3175 5229 missos,
3197 5160 3464 5217 Joannem
3490 5162 3774 5227 videlicet,

2172 5268 2333 5330 atque
2354 5259 2593 5323 Petrum,
2626 5272 2718 5313 seu
2747 5256 3099 5323 Wibbodum,
3123 5265 3180 5313 et
3203 5255 3490 5322 Joannem,
3518 5273 3777 5314 revereri-

2176 5354 2273 5409 dos
2299 5353 2600 5422 episcopos,
2632 5366 2736 5407 nec
2771 5366 2876 5405 non
2923 5359 2978 5406 et
3029 5350 3252 5405 Petrum
3296 5350 3616 5422 religiosqu
3644 5368 3773 5422 pre-

2177 5448 2453 5519 sbyterum
2480 5446 2721 5502 cardinis
2761 5445 2957 5512 nostri,
3005 5444 3374 5515 dilectumque
3410 5455 3669 5500 nostrum
3701 5446 3775 5501 fa-

2177 5539 2468 5604 miliarem,
2497 5554 2597 5610 pro
2627 5538 2931 5610 principum
2980 5538 3346 5608 apostolorum
3397 5541 3466 5592 ab
3516 5540 3776 5594 omnibus

2177 5631 2512 5705 praeferenda
2550 5632 2853 5689 reverentia
2900 5640 2954 5688 et
2998 5646 3211 5700 amore,
3250 5631 3483 5703 benigne
3508 5633 3774 5703 suscipia-

2177 5729 2268 5796 tis,
2303 5738 2358 5785 et
2387 5736 2573 5800 utpote
2615 5745 2644 5784 a
2695 5736 2843 5783 tanta
2884 5728 3011 5784 sede
3037 5714 3337 5799 digresSos,
3360 5725 3673 5783 honoriﬁce
3693 5743 3775 5783 re-

2178 5833 2365 5896 ceptos
2397 5825 2608 5881 colatis.
2641 5823 2777 5895 Ipsis
2800 5823 2948 5880 enim
2978 5837 3100 5895 qua:
3124 5822 3318 5895 pagina
3345 5821 3592 5891 reticuit,
3616 5821 3775 5878 vobis
