4004 6290
220 382 378 455 1305

1409 400 1768 461 EPISTOLAE‘.
1808 398 1896 458 ET
1934 396 2280 458 DECRETA.

3353 381 3492 444 i306

220 520 451 576 dicenda
487 516 834 587 iniunximus.
884 516 950 573 Et
1005 516 1128 575 ideo
1170 518 1430 589 quidquid
1476 519 1802 574 verbotenus
1830 522 1877 582 Α
1905 515 1997 573 sed
2034 533 2179 573 nunc
2209 516 2403 573 melius
2427 517 2702 584 faceretis,
2732 515 2775 575 si
2800 520 2942 591 quod
2973 519 3027 577 in
3068 519 3213 578 civili
3258 524 3490 580 concilio

220 612 591 681 exposuerint,
625 610 743 665 sine
781 610 1035 681 scrupulo
1074 626 1297 681 prorsus
1339 610 1629 675 admittite,
1656 619 1711 665 et
1745 619 1805 665 ut

218 700 471 758 efﬁcaces
497 703 563 758 ad
595 718 693 758 nos
717 703 914 759 reverti
945 702 1179 769 valeant,
1212 702 1538 758 omnimodis
1563 702 1800 772 vigilate.

225 794 499 865 Optamus
534 794 762 865 gloriam
791 804 938 849 tuam
988 795 1042 850 in
1070 793 1289 850 Christo
1332 810 1475 849 nunc
1508 802 1562 847 et
1590 808 1803 864 semper

217 887 360 943 bene
407 885 607 942 valere.
651 887 845 942 Datav
886 886 1155 943 Kalendas
1198 884 1347 953 Iulii,
1386 884 1678 941 indictione
1715 900 1798 941 ιιι.

912 1000 1105 1056 XXIX.

322 1108 390 1149 AD
422 1107 696 1150 EPISCOPOS
731 1108 785 1149 IN
823 1107 995 1150 REGNO
1029 1107 1277 1149 LUDOVICI
1316 1106 1702 1149 CONSTITUTOS.

831 1189 1007 1261 (Anno
1045 1186 1196 1260 s70.)

215 1280 562 1337 Commendat
587 1282 805 1353 legatos,
835 1291 1108 1353 monetque
1139 1290 1195 1336 ut
1237 1281 1345 1353 regi
1362 1297 1472 1353 suo
1500 1287 1801 1350 perpetuam

516 1352 695 1424 pacem
720 1369 840 1407 cum
877 1352 1195 1424 imperatore
1234 1352 1517 1407 suadeant.

288 1447 561 1502 Annianus
591 1447 875 1517 episcopus
899 1486 915 1513 ,
961 1461 1149 1502 servus
1177 1460 1457 1501 servorum
1486 1445 1602 1509 Dei,
1630 1445 1802 1501 omni-

213 1537 318 1594 bus
369 1538 818 1594 reverentissimis
842 1546 897 1593 et
920 1536 1279 1593 sanctissimis
1308 1535 1677 1592 confratribus
1704 1550 1803 1591 no-

212 1632 367 1697 stris,
398 1632 818 1703 archiepiscopis
847 1639 904 1687 et
930 1631 1198 1701 episcopis
1240 1630 1297 1686 in
1345 1644 1514 1703 regno
1543 1628 1802 1685 Ludovici

212 1725 434 1796 gloriosi
465 1725 609 1796 regis
632 1724 964 1790 constitutis,
985 1723 1235 1779 salutem.

284 1818 500 1873 Gratias
529 1816 737 1889 agimus
769 1817 880 1872 Deo
910 1816 1267 1888 omnipotenti
1316 1829 1417 1886 pro
1450 1813 1605 1871 vobis
1633 1811 1797 1885 quod,

1904 609 2043 679 apud
2074 625 2232 664 suum
2262 608 2575 680 episcopum
2612 625 2895 681 perperam
2922 620 3133 683 gestum
3165 622 3269 679 est,
3294 613 3347 667 in
3374 628 3493 684 pro-

1903 704 2119 758 vinciali
2181 702 2389 776 synodo
2443 705 2584 774 apud
2638 720 2736 760 vos
2785 705 3205 773 rationabiliter,
3251 714 3307 762 et
3348 706 3493 776 apud

1902 791 2123 849 fratrem
2149 802 2390 850 nostrum
2417 793 2769 851 Hincmarum
2796 795 3262 866 archiepiscopum
3295 811 3483 851 cassa-

1902 893 2071 939 retur.
2100 883 2439 966 Quapropter
2460 885 2754 955 apostolica
2792 887 3081 943 dilectione
3138 887 3368 958 gloriam
3399 902 3492 943 ve-

1902 986 2070 1032 stram
2096 977 2397 1043 hortamur,
2426 987 2486 1032 ut
2536 986 2631 1032 aut
2681 978 3094 1048 praesentialiter
3142 979 3271 1034 huic
3298 978 3490 1036 Herle-

1901 1070 2043 1126 frido
2073 1071 2391 1142 presbytero
2416 1086 2569 1126 suam
2596 1070 2883 1127 ecclesiam
2910 1086 3034 1127 cum
3062 1072 3319 1127 omnibus
3347 1072 3486 1135 suis,

1902 1176 2073 1231 usque
2129 1163 2198 1217 ad
2249 1170 2463 1233 tempus
2518 1161 2867 1233 provincialis
2912 1163 3105 1235 synodi
3156 1164 3298 1219 hanc
3319 1162 3493 1220 libere

1903 1270 2241 1326 possessuro,
2260 1272 2358 1327 pro
2385 1265 2627 1327 tempore
2647 1257 2789 1326 quod
2817 1257 2957 1312 sacri
2972 1272 3210 1313 canones
3233 1257 3495 1313 definiere

1907 1347 2227 1404 solemniter
2251 1349 2479 1405 reddere
2504 1348 2739 1413 faciatis,
2768 1349 3170 1418 autErpuinum
3182 1350 3495 1420 episcopum

1904 1457 2060 1496 suum
2093 1441 2325 1513 legatum
2352 1441 2531 1507 nobis,
2561 1441 2653 1511 qui
2679 1441 2796 1497 haec
2850 1442 3060 1511 plenius
3087 1443 3379 1512 veriusque
3408 1457 3495 1497 re-

1902 1532 2137 1598 nuntiet,
2198 1531 2613 1601 praesentialiter
2675 1533 2891 1588 mittere
2944 1533 3150 1605 cogatis
3185 1542 3495 1604 :quatenus

1902 1623 2029 1678 dunt
2088 1623 2212 1679 luce
2252 1623 2449 1679 clarius
2498 1634 2691 1679 cuncta
2765 1627 3095 1689 noverimus,
3154 1627 3392 1683 sciamus
3441 1627 3494 1682 in

1901 1728 2063 1785 quem
2087 1714 2397 1785 apostolicze
2419 1716 2910 1773 animadversionis
2960 1719 3284 1774 sententiam
3314 1718 3496 1789 prole-

1904 1823 2109 1865 ramus.
2135 1807 2277 1865 Deus
2332 1824 2427 1865 vos
2475 1808 2774 1866 incolumes
2820 1812 3111 1878 custodiat,
3144 1811 3496 1868 dilectissime

212 1909 354 1965 sicut
380 1906 616 1963 ﬁdelium
648 1906 909 1962 relatione
933 1906 1316 1978 comperimus,
1356 1914 1417 1960 ut
1455 1903 1600 1961 inter
1648 1917 1799 1960 sere-
1829 1892 1876 1953 B
1903 1901 1999 1957 fili.

209 2001 496 2055 nissimum
548 1999 847 2070 principem
902 2007 1146 2055 nostrum
1176 1998 1434 2055 domnum
1469 1995 1801 2052 Ludovicum

210 2091 543 2162 Augustum,
575 2100 629 2146 et
656 2090 950 2163 gloriosum
982 2104 1163 2162 regem
1203 2090 1538 2159 aequivocum
1567 2089 1717 2159 ejus,
1746 2095 1804 2143 et

210 2194 495 2255 patruum,
529 2185 799 2240 seniorem
842 2183 1047 2240 scilicet
1077 2192 1341 2251 vestrum,
1377 2184 1532 2240 tirma
1562 2182 1801 2239 charitas

209 2284 394 2347 et‘pax
422 2286 682 2347 perpetua
726 2286 965 2342 maneat,
1016 2285 1204 2348 utpote
1252 2274 1376 2332 fidei
1426 2275 1679 2331 custodes
1718 2274 1829 2330 ιιι-⁷

208 2367 466 2438 vigilatis,
507 2375 563 2423 et
613 2375 674 2421 ut
714 2366 917 2423 foedera
952 2368 1095 2423 inter
1130 2383 1225 2424 eos
1265 2368 1449 2424 habita
1485 2366 1799 2424 ineonvulsa

209 2461 532 2526 consistant,
581 2460 812 2515 suadere
856 2460 1080 2516 curatis.
1112 2459 1404 2528 Quocirca,
1433 2460 1794 2526 dilectissimi,

211 2554 410 2610 nostris
429 2569 524 2609 vos
545 2553 851 2625 apostolicis
877 2553 1096 2609 monitis
1125 2554 1492 2618 exhortamur,
1526 2563 1586 2609 ut
1618 2555 1671 2609 in
1695 2556 1800 2611 hoc

211 2660 426 2717 semper
452 2645 836 2718 perseveretis,
890 2654 946 2701 et
1000 2645 1232 2717 idipsum
1289 2646 1339 2702 ei
1384 2648 1611 2703 suadere
1664 2664 1799 2719 puro

210 2747 430 2811 pectore
457 2738 738 2795 studeatis.
756 2737 890 2793 Tam
907 2738 1145 2795 estenim
1167 2738 1240 2793 illi
1264 2738 1498 2795 invictus
1524 2740 1797 2813 Augustus

209 2831 525 2897 benevolus,
558 2841 819 2903 quantum
851 2846 978 2902 erga
1010 2846 1200 2888 omnes
1223 2832 1485 2902 probatur
1522 2833 1799 2903 esse'piis-

209 2924 398 2980 simus.
430 2922 582 2980 State
622 2938 750 2995 ergo
779 2923 835 2979 in
868 2921 973 2980 fide
999 2963 1015 2991 ,
1070 2922 1304 2979 viriliter
1351 2924 1496 2994 agite
1521 2963 1537 2990 ,
1584 2932 1639 2979 et
1687 2924 1798 2981 Deo

208 3014 485 3072 odibilium
518 3014 659 3070 facta
695 3014 963 3070 declinate
994 3031 1007 3068 :
1037 3013 1163 3084 quia
1187 3028 1293 3069 non
1328 3013 1484 3070 decet
1507 3029 1605 3069 vos
1634 3013 1795 3069 fidem

206 3119 446 3167 vestram
497 3126 880 3183 corrumpere,
936 3110 1078 3167 sicut
1116 3108 1266 3175 illos,
1321 3109 1415 3181 qui
1460 3106 1654 3164 Carolo
1681 3106 1796 3179 regi

207 3202 407 3259 seniori
454 3218 553 3258 suo
604 3218 704 3275 pro
754 3204 992 3259 humano
1038 3201 1225 3258 favore
1262 3208 1686 3267 consenserunt,
1736 3208 1798 3255 ut

209 3314 434 3370 regnum
486 3271 655 3369 ipsius
696 3296 961 3369 principis
987 3298 1158 3353 nostri
1189 3297 1550 3368 pervaderet,
1592 3304 1647 3351 et
1674 3310 1797 3366 per-
1823 3271 1869 3335 (ἶ

201 3390 332 3460 jurii
372 3392 584 3446 noxam
625 3389 949 3446 incurreret.
980 3387 1086 3445 Pro
1119 3389 1314 3461 quibus
1342 3405 1440 3445 vos
1466 3389 1659 3444 merito
1687 3386 1798 3444 col-

208 3481 508 3547 laudamus,
553 3490 608 3537 et
634 3489 694 3536 ut
723 3482 777 3536 in
808 3481 1000 3553 emptis
1027 3482 1414 3551 perseveretis,
1453 3479 1797 3550 paternitatis

206 3574 399 3629 all‘ectu
426 3574 773 3644 praecipimus
804 3573 974 3644 :aquia
999 3573 1091 3643 qui
1118 3574 1520 3643 perseveraverit
1550 3588 1711 3643 usque
1739 3572 1797 3625 in

208 3665 387 3736 ﬁnem,
435 3665 520 3720 hic
555 3664 729 3720 salvus
762 3664 863 3719 erit
902 3663 1121 3734 (Matth.
1152 3663 1231 3735 ι).
1259 3663 1544 3719 Postremo
1570 3676 1795 3734 magno-

206 3770 331 3827 pere
370 3771 780 3814 commonemus
803 3797 819 3823 ,
854 3765 920 3811 ut
957 3756 1056 3812 hos
1087 3755 1421 3828 apostolatus
1459 3756 1627 3810 nostri
1660 3770 1798 3826 pra:-

207 3835 393 3917 cipuos
418 3850 635 3915 missos,
658 3848 914 3905 videlicet
942 3845 1204 3903 Joannem
1237 3855 1403 3918 atque
1428 3845 1671 3911 Petrum,
1700 3860 1797 3927 seu
1832 3906 1841 3915 ,

205 3938 530 3996 Wibbodum
549 3938 881 3996 etIoannem
908 3938 1237 3995 revcreudos
1254 3937 1562 4009 episcopos,
1587 3950 1798 3992 necnon

205 4044 259 4089 et
284 4034 505 4090 Petrum
539 4034 850 4105 religiosum
897 4033 1273 4105 presbyterum
1322 4030 1561 4088 cardinis
1601 4029 1797 4097 nostri,

207 4127 569 4200 dilectumque
624 4137 871 4183 nostrum
930 4125 1298 4193 familiarem,
1353 4140 1453 4197 pro
1491 4125 1797 4197 principum

206 4220 572 4291 apostolorum
601 4221 669 4277 ab
712 4220 966 4276 omnibus
1011 4218 1349 4290 praeferenda
1406 4217 1714 4287 reverentia
1741 4223 1798 4273 et

206 4327 408 4388 amore,
442 4312 675 4385 benigne
716 4310 1048 4382 suscipiatis,
1075 4318 1132 4367 et
1165 4320 1352 4381 utpote
1396 4326 1427 4365 a
1471 4318 1619 4365 tanta
1671 4308 1801 4365 sede

207 4404 498 4477 digressos,
520 4405 818 4462 honoriﬁce
841 4412 1089 4475 receptos
1111 4402 1323 4459 colatis.
1354 4403 1489 4474 Ipsis
1510 4402 1654 4458 enim
1678 4415 1800 4471 qua:

206 4498 398 4568 pagina
422 4498 661 4563 reticuit,
688 4497 842 4554 vobis
862 4497 1090 4552 dicenda
1117 4493 1469 4565 iniunximus.
1491 4493 1618 4549 Ideo
1639 4492 1800 4563 quid-

207 4587 337 4659 quid
376 4587 700 4644 verbotenus
745 4588 1115 4658 exposuerint,
1148 4588 1265 4644 sine
1294 4586 1549 4659 scrupulo
1574 4602 1798 4658 prorsus

208 4678 497 4744 admittite,
538 4685 593 4733 et
645 4687 706 4734 ut
748 4677 993 4735 efﬁcaces
1047 4680 1115 4735 ad
1161 4694 1260 4735 nos
1306 4679 1504 4734 reverti
1562 4678 1805 4742 valeant,‘

206 4769 529 4826 omnimodis
561 4771 800 4842 vigilate.
844 4771 1107 4842 Optamus
1152 4772 1501 4827 sanctitatem
1554 4781 1796 4828 vestram

207 4860 263 4917 in
291 4861 508 4918 Christo
532 4864 671 4920 bene
697 4862 900 4919 valere.
949 4863 1083 4919 Data
1109 4879 1143 4919 v
1173 4862 1444 4920 Kalendas
1483 4862 1611 4920 Julii
1642 4905 1658 4933 ,
1713 4865 1797 4921 in-

208 4953 444 5012 dictione
469 4971 555 5013 ιιι.

918 5027 1088 5085 XXX.

594 5137 664 5178 AD
691 5135 944 5179 CAROLUI
967 5136 1177 5179 ῦΑινιιιι
1202 5137 1401 5179 ιιειιειι.

805 5214 1001 5288 (Anno
1025 5215 1196 5286 s70.)

525 5307 602 5364 De
629 5325 793 5364 causa
828 5307 1121 5380 Herlefridi
1168 5309 1475 5382 presbyteri.

275 5418 551 5478 ADRIANUS
598 5423 903 5494 episcopus,
956 5437 1145 5480 servus
1200 5439 1479 5480 servorum
1528 5422 1648 5491 Dei,
1680 5422 1796 5495 glo-

210 5511 353 5567 rioso
378 5513 595 5570 Canom
623 5515 758 5587 regi.

276 5603 430 5670 Quod
457 5616 777 5675 pra-sentem
804 5607 1177 5679 presbyterum
1219 5606 1598 5673 Hcrlclridum,
1640 5617 1793 5678 pote-

210 5704 347 5751 state
387 5699 466 5753 sui
498 5698 740 5769 praesulis
762 5698 882 5770 plus
914 5714 1076 5769 quam
1107 5700 1367 5755 canonica
1408 5699 1637 5754 veritate
1662 5712 1792 5768 per-

209 5787 439 5856 culsum,
465 5789 532 5845 ad
551 5793 734 5848 sedem
760 5791 1132 5862 apostolicam,
1157 5800 1342 5864 utpote
1364 5798 1526 5863 caput
1551 5790 1793 5846 omnium

211 5878 583 5953 ecclesiarum,
611 5883 796 5962 venire
819 5885 965 5960 passi
994 5885 1148 5955 estis,
1172 5884 1309 5943 bene
1330 5884 1547 5958 quidem
1563 5882 1793 5949 fecistis;

2046 2101 2116 2141 AD
2152 2100 2465 2143 BINCHARU!
2505 2102 2959 2144 ARCIIIEPISCOPUII
3009 2104 3348 2146 RHEMENSEM.

2506 2181 2689 2253 (Anno
2716 2182 2871 2255 871.)

1941 2269 2009 2327 Ut
2035 2289 2158 2345 erga
2183 2274 2642 2345 comprovinciales
2668 2292 2792 2331 suos
2827 2291 2932 2331 non
2956 2286 3078 2348 agat
3111 2277 3446 2349 negligenter.

1971 2382 2252 2439 ADRIANUS
2293 2384 2601 2456 episcopus,
2640 2400 2830 2441 servus
2877 2401 3159 2443 servorum
3216 2389 3350 2455 Dei,
3401 2403 3495 2446 re-
3596 2460 3601 2463 ἶ

1901 2474 2283 2531 verentissimo
2319 2473 2583 2532 confratri
2638 2486 2827 2534 nostro
2880 2477 3167 2537 Ηιιιοιιιιιο
3212 2481 3485 2553 archiepi—

1902 2581 2091 2638 scopo.

1972 2659 2238 2716 Fidelium
2264 2661 2528 2719 relatione
2558 2666 2926 2737 comperimus
2946 2669 3089 2737 quod
3118 2677 3210 2724 tua
3232 2670 3493 2727 fraterni-

1903 2761 1984 2809 tas
2010 2754 2250 2811 debitum
2295 2757 2536 2828 vigorem
2599 2759 2653 2814 in
2706 2761 2985 2830 provincia
3035 2762 3333 2819 Rhemensi
3383 2779 3491 2820 non

1899 2848 2146 2920 agitans,
2208 2850 2374 2904 multa
2434 2852 2858 2922 reprehensione
2920 2855 3241 2926 dignissima
3296 2872 3328 2911 a
3382 2857 3488 2912 tuis

1900 2940 2448 3010 comprovincialibus
2495 2944 2898 3001 convalescant.
2963 2946 3129 3018 Cujus
3177 2948 3255 3004 rei
3316 2949 3491 3018 gratia

1899 3029 2285 3103 negligentiam
2312 3041 2551 3089 vestram
2591 3036 2676 3091 his
2703 3036 3016 3107 apostolicis
3061 3037 3315 3095 all‘atibus
3345 3041 3495 3096 exci-

1901 3128 2175 3189 tamus,ut
2196 3125 2491 3181 secundum
2519 3128 2953 3183 venerandorum
2977 3144 3248 3185 canonum
3277 3130 3492 3202 regulas

1901 3215 1974 3271 ita
1998 3218 2240 3273 omnium
2255 3219 2478 3274 omnino
2490 3221 3022 3291 comprovincialium
3040 3231 3254 3277 tuorum
3273 3222 3491 3295 synodi-

1902 3326 1992 3377 ce,
2018 3312 2168 3367 salvo
2183 3320 2383 3368 sancta:
2406 3312 2664 3368 Romanae
2683 3313 2940 3369 Ecclesiae
2958 3313 3243 3385 privilegio
3269 3329 3489 3371 reseces

1900 3403 2052 3471 vitia,
2081 3412 2140 3459 ιιι
2172 3403 2443 3477 privilegii
2467 3404 2544 3459 tui
2573 3418 2759 3460 coram
2786 3405 2930 3473 Deo,
2956 3414 3256 3477 nostroque
3287 3404 3491 3476 judicio

1901 3510 2008 3551 non
2035 3498 2299 3553 merearis
2336 3498 2606 3554 sustinere
2649 3495 2942 3566 jacturam.
2989 3495 3253 3567 Optamus
3294 3497 3491 3553 frater-

1901 3589 2126 3644 nitatem
2156 3597 2301 3646 tuam
2329 3591 2383 3645 in
2412 3589 2632 3646 Christo
2656 3590 2795 3646 bene
2836 3589 3041 3649 valere.
3071 3590 3207 3647 Data
3236 3607 3330 3648 vnt
3366 3591 3488 3648 Kal.

1899 3677 2070 3750 April.

2578 3750 2795 3807 XXXII.

2079 3858 2146 3898 AD
2199 3858 2511 3901 BINCHARUM
2568 3860 2951 3902 ιΑιιιιυΝιεΝςειι
2991 3861 3308 3907 εριεοορυκ.

2494 3938 2674 4010 (Anno
2711 3940 2807 3997 871
2822 3964 2864 4012 .)

1903 4026 2093 4085 Sedeat
2132 4031 2474 4100 apostolicam
2500 4035 2846 4104 quantocius,
2885 4046 2943 4091 ut
2983 4040 3258 4108 promisit,
3309 4042 3488 4097 adeat.

1969 4119 2249 4177 ΑιιιιιΑιιιιδ
2286 4120 2594 4192 episcopus,
2626 4139 2816 4180 servus
2846 4140 3124 4186 servorum
3173 4130 3302 4197 Dei,
3330 4130 3493 4188 Husc-

1901 4225 2047 4267 ιιιιιο
2068 4212 2412 4268 Laudunensi
2445 4214 2721 4285 episcopo.

1994 4301 2374 4359 Sollicitudine
2424 4306 2686 4374 pastorali
2736 4324 2900 4379 super
2949 4320 3055 4367 tua:
3107 4314 3490 4371 remorationis

1901 4394 2119 4465 negotio
2156 4395 2415 4466 liquidius
2443 4407 2873 4466 perscrutantes,
2922 4402 3226 4473 reperimus
3258 4415 3310 4461 te
3364 4421 3489 4460 sau-

1902 4498 2005 4545 cta:
2042 4489 2189 4546 sedis
2234 4490 2541 4561 apostolica:
2576 4494 2840 4563 promissa
2874 4496 3185 4555 visitatione
3207 4538 3222 4564 ,
3255 4501 3493 4556 ambitus

1900 4582 2133 4653 propriae
2180 4582 2514 4648 voluntatis,
2576 4602 2684 4656 quo
2734 4589 2865 4645 satis
2917 4591 3355 4662 tergiversatorie
3412 4595 3490 4649 uti

1902 4676 2121 4744 diceris,
2151 4679 2387 4749 tepidum
2431 4678 2732 4736 reddidisse
2768 4700 2780 4734 ε
2813 4691 2869 4738 et
2893 4694 2987 4739 aut
3040 4698 3315 4755 nunquam
3365 4686 3494 4741 visi-

1902 4778 2019 4826 tare
2066 4780 2377 4827 sanctorum
2423 4772 2791 4842 apostolorum
2841 4775 3030 4832 limina
3083 4777 3339 4846 voluisti;
3398 4786 3495 4833 aut

1900 4863 2188 4919 Dominum
2217 4872 2342 4919 vota
2392 4873 2483 4920 tua
2534 4881 2642 4921 non
2690 4867 2881 4923 audire
2937 4869 3252 4935 credidisti;
3306 4878 3399 4925 aut
3438 4881 3494 4926 et

1900 4954 2187 5010 Dominum
2210 4954 2300 5010 cui
2324 4954 2610 5022 vovisti,et
2630 4972 2731 5012 nos
2760 4973 2791 5011 a
2813 4959 3009 5027 quibus
3034 4960 3218 5015 vocari
3248 4959 3490 5026 voluisti,

1900 5048 2089 5120 procul
2118 5048 2282 5103 dubio
2309 5049 2704 5119 contempsisti.
2736 5050 2881 5122 Ergo
2919 5067 2988 5107 ne
3023 5050 3185 5116 forte,
3222 5059 3280 5107 ut
3311 5054 3491 5108 credi-

1903 5155 2047 5206 mus,
2076 5140 2364 5195 occasione
2412 5139 2675 5195 adeunda:
2695 5140 2841 5195 sedis
2873 5140 3187 5211 apostolica:
3230 5140 3426 5208 fretus,
3456 5158 3491 5198 a

1903 5230 2330 5288 reverentissimi
2360 5230 2550 5286 fratris
2575 5229 2748 5286 nostri
2772 5228 3052 5287 Hincmari
3087 5232 3489 5302 metropolitani

1903 5320 1982 5377 tui
2033 5320 2213 5377 debita
2269 5318 2606 5390 subjectione
2665 5317 2926 5373 aliorsum
2980 5318 3288 5384 declinans,
3341 5330 3490 5375 tanto

1894 5414 2124 5471 liberius
2154 5413 2303 5470 libita
2343 5426 2439 5483 per
2480 5412 2711 5465 abusum
2739 5410 3052 5480 pertinacia:
3093 5420 3198 5465 tum
3236 5411 3488 5466 commit-

1905 5517 2011 5574 tas,
2042 5515 2304 5577 quautum
2334 5514 2389 5561 et
2440 5502 2856 5573 metropolitano
2906 5502 3226 5574 regulariter
3275 5503 3487 5573 subjici,

1903 5610 1959 5655 et
1981 5601 2048 5655 ad
2078 5615 2176 5655 nos
2195 5598 2260 5654 de
2284 5597 2373 5653 die
2401 5597 2455 5651 iu
2476 5596 2618 5652 diem
2637 5594 2940 5651 dilferendo
2963 5594 3149 5649 venire
3177 5595 3485 5650 detrectas:

1910 5694 2231 5751 auctoritate
2275 5692 2449 5749 sancti
2482 5690 2717 5762 Spiritus
2765 5689 2861 5745 tibi
2897 5688 3259 5760 praecipimus,
3291 5696 3352 5744 ut
3377 5702 3493 5744 me-

1907 5805 2025 5845 mor
2046 5801 2323 5844 sacrornm
2360 5798 2650 5855 canonum,
2675 5782 2765 5853 qui
2789 5782 2981 5854 jubent
3000 5798 3099 5855 per
3126 5797 3492 5854 unamquam-

1911 5900 2015 5956 que
2046 5881 2378 5956 provinciam
2413 5854 2501 5952 ju's
2544 5877 2986 5953 tnetropolitanos
3020 5877 3261 5953 singulos
3289 5876 3490 5946 habere
