4004 6290
556 360 694 418 1507

1904 384 2108 442 ΑΠΒΙΑ
2118 384 2184 442 NI
2220 387 2419 443 PAPIE
2462 388 2505 445 II

3682 388 3833 455 μοι

552 489 768 554 debere,
799 490 1212 561 metropolitano
1246 499 1337 549 tuo
1368 505 1464 563 per
1487 493 1693 561 omnia,
1718 496 2014 553 secundum
2046 512 2131 553 sa-
2160 499 2208 559 A
2237 498 2337 553 bus
2369 500 2620 569 gloriosis
2646 505 2936 563 comitibus
2959 515 3017 563 et
3040 510 3254 566 caeteris
3284 512 3531 571 ﬁdelibus
3577 517 3635 571 in
3666 534 3834 589 regns

551 595 675 654 eros
729 596 964 638 canones
989 620 1005 647 ,
1054 583 1328 653 subjectus
1389 584 1595 641 existas
1639 601 1653 640 :
1687 601 1862 657 neque
1907 587 2133 644 moleste
2234 589 2435 658 Caroli,
2463 602 2518 649 et
2549 594 2605 650 in
2634 612 2801 669 regno
2825 601 3097 670 quondam
3123 602 3367 661 Lotharli
3404 622 3598 679 regum
3632 583 3812 667 constt

550 670 692 727 feras
736 672 880 729 hunc
927 672 1022 731 tibi
1072 688 1194 731 esse
1239 674 1541 743 praelatum,
1591 676 1685 745 qui
1726 685 1780 733 te
1830 678 1974 735 nosti
2026 679 2132 734 tuis

547 760 738 818 ovibus
790 777 908 818 esse
942 764 1308 840 praepositum.
1353 764 1491 832 Quin
1524 768 1723 836 potius,
1762 768 2129 828 obedientiam

547 870 708 924 quam
722 871 753 910 a
769 856 872 912 tuis
887 856 1081 927 extgis,
1094 857 1256 914 etiam
1280 857 1395 928 ipse
1420 860 1837 943 metropolitano
1854 869 1968 925 tuo,
1979 862 2129 918 salvo

546 946 809 1005 duntaxat
846 949 1154 1018 apostolica:
1195 951 1339 1006 sedis
1372 952 1629 1023 synodico
1653 953 2018 1023 proclamandi
2043 955 2130 1025 ju-

545 1036 717 1103 dicio,
760 1040 1019 1099 cationica
1061 1041 1177 1113 lege
1220 1042 1531 1113 dependens
1576 1055 1700 1103 vota
1746 1054 1868 1111 tua,
1917 1047 1962 1103 si
2000 1059 2129 1104 vero

543 1138 665 1199 vota
697 1130 936 1196 fuerunt,
962 1134 1409 1202 procrastinando
1442 1136 1626 1193 tandiu
1652 1153 1760 1193 non
1786 1137 2021 1202 dill'eras,
2058 1153 2127 1195 ne

539 1220 958 1281 existimationis
1001 1233 1106 1283 uite
1160 1226 1446 1294 merearis,
1496 1228 1640 1303 quod
1693 1244 1803 1289 non
1853 1237 2122 1307 Optamus,

539 1313 809 1373 sustinere
833 1315 1127 1387 jacturam.

1207 1430 1440 1487 XXXIII.

906 1536 977 1579 AD
1013 1539 1261 1583 (ιιιιοιιιιί
1300 1541 1510 1582 (ιλινιιιι
1550 1542 1751 1585 ΜΞῧΕΙ.

1153 1638 1331 1710 (Αιιιιο
1357 1639 1506 1714 871.)

535 1722 645 1783 Pro
672 1725 1058 1803 Carolomanno
1085 1728 1264 1784 Caroli
1296 1732 1429 1803 regis
1454 1730 1567 1800 ﬁlio
1584 1774 1597 1796 ,
1627 1730 1714 1803 qui
1740 1749 1770 1786 (ι
1795 1742 1940 1803 parte
1964 1749 2118 1787 vexa-

604 1808 687 1872 t_us
714 1799 781 1852 ad
824 1800 1120 1869 pontiﬁcem
1159 1818 1251 1872 per
1297 1799 1494 1872 legatos
1524 1799 1647 1858 suos
1674 1813 1724 1858 et
1749 1799 1950 1859 litteras
1992 1819 2116 1859 can-

606 1870 831 1940 fugerat.

601 1982 874 2039 ADIIIANUS
899 1984 1203 2057 episcopus,
1228 2001 1418 2043 servus
1444 2002 1722 2044 servorum
1754 1990 1871 2059 Dei,
1898 1989 2119 2046 Cauete

532 2074 668 2143 regi.

603 2164 747 2221 Inter
783 2175 976 2224 cratera
1012 2183 1331 2227 excessuum
1381 2179 1593 2228 tuorum
1623 2213 1638 2239 ,
1690 2173 1883 2243 quibus
1942 2173 2117 2230 aliena

530 2258 843 2330 usurpando
874 2260 1140 2320 invasisse
1170 2265 1409 2321 crederis
1439 2306 1453 2331 ,
1503 2266 1630 2321 illud
1680 2280 1894 2336 quoque
1923 2268 2117 2323 nihilo-

530 2351 711 2408 minus
737 2350 1013 2421 obiicitur,
1046 2355 1189 2424 quod
1218 2357 1380 2413 etiam
1407 2358 1698 2415 bestiarum
1729 2356 1999 2415 feritatem
2027 2374 2119 2416 ex-

526 2445 748 2510 cedens,
779 2455 966 2507 contra
997 2447 1212 2518 propria
1242 2447 1480 2513 viscera,
1530 2448 1581 2506 id
1626 2458 1712 2505 est
1738 2458 1927 2507 contra
1954 2451 2118 2509 Caro~

526 2535 835 2591 Iomamum
863 2538 1102 2608 genitum
1138 2548 1287 2595 tuum
1322 2541 1513 2597 saevire
1561 2541 1783 2597 minime
1823 2545 2063 2603 verearis
2095 2562 2112 2602 ι

526 2627 603 2683 ita
651 2636 709 2683 ut
752 2644 904 2685 more
955 2631 1297 2698 struthionis,
1330 2631 1474 2702 quod
1521 2646 1590 2687 ex
1631 2631 1771 2690 libro
1814 2634 1958 2691 beati
2012 2630 2113 2693 Job

526 2719 645 2790 (Job
682 2721 872 2791 xxxtx)
901 2721 1185 2791 discimus,
1227 2723 1580 2781 obduraveris
1611 2723 1679 2778 ad
1727 2724 1896 2781 lilium
1937 2735 2110 2793 tuum,-

524 2812 679 2882 (ιιιαεί
708 2829 815 2879 non
844 2813 914 2870 sit
941 2823 1063 2871 tuus
1093 2831 1107 2867 :
1138 2830 1260 2873 eum
1282 2814 1530 2872 videlicet
1552 2830 1658 2875 non
1681 2815 1858 2872 solum
1882 2827 2110 2888 paterna

523 2905 694 2976 gratia
722 2915 776 2962 et
808 2906 1088 2963 beneﬁciis
1117 2907 1339 2979 privans
1362 2947 1377 2975 ,
1406 2922 1595 2967 verum
1618 2907 1781 2963 etiam
1809 2909 1959 2978 regni
1989 2905 2113 2973 lini;

522 3000 624 3055 bus
649 2998 956 3066 ciiminans,
991 3008 1155 3070 atque
1189 2998 1333 3070 quod
1375 2999 1601 3069 impium
1632 3008 1734 3065 est,
1787 3007 1845 3057 ut
1893 3015 2110 3056 excom-

523 3092 765 3147 munioni
815 3092 1200 3159 submittatur,
1260 3090 1540 3155 all‘ectans.
1574 3091 1774 3157 Verum
1810 3093 1936 3164 quia
1966 3092 2109 3157 idem

522 3181 950 3241 Carolomannus
994 3184 1191 3259 sedem,
1224 3184 1574 3254 apostolicam
1616 3185 1808 3255 legatis
1830 3185 1961 3253 suis,
1990 3194 2109 3249 tan-3

520 3292 680 3348 quam
730 3279 1053 3348 quibusdam
1098 3278 1295 3349 pedum
1330 3294 1551 3339 suorum
1583 3279 1833 3349 passibus
1856 3279 2021 3346 adiit,
2047 3288 2103 3336 et

520 3387 620 3443 per
665 3373 916 3445 proprias
965 3372 1175 3431 litteras
1218 3388 1318 3430 nos
1346 3373 1598 3444 appellat,
1632 3373 1758 3443 quin
1792 3373 1971 3442 potius
2022 3374 2106 3433 in—

518 3467 1012 3537 terpellatzprimo
1047 3466 1266 3538 quidem
1309 3467 1377 3523 ab
1420 3465 1789 3535 hujuscemodi
1847 3476 2103 3529 conatum

519 3570 669 3617 tuum
732 3560 943 3616 intentu
1002 3560 1326 3617 auctoritate
1374 3558 1665 3627 apostolica
1722 3557 2097 3621 refrenemus:

514 3650 710 3706 deinde
756 3665 918 3716 vero,
955 3666 1023 3705 ne
1052 3652 1312 3706 adversus
1350 3650 1655 3719 apostolum
1681 3650 1896 3721 (Ephes.
1930 3653 2005 3722 vt)
2033 3651 2103 3713 ad

518 3741 855 3797 iracundiam
886 3755 1147 3812 provoces
1177 3736 1344 3796 lilium
1376 3750 1544 3807 tuum,
1596 3740 1887 3797 salubriter
1908 3742 2100 3797 exhor-

512 3842 711 3891 tamur.
734 3833 911 3907 Atque
935 3833 1055 3891 ideo
1079 3842 1134 3891 et
1163 3835 1394 3907 gratiam
1422 3836 1469 3890 ei
1501 3843 1648 3890 tuam
1676 3835 1818 3890 sicut
1844 3835 2099 3891 convenit
2172 3890 2179 3897 ε

512 3926 696 3992 redde,
730 3935 784 3982 et
815 3926 985 3992 illum,
1016 3934 1077 3980 ut
1116 3941 1304 3983 revera
1336 3927 1611 3997 pmprium
1640 3925 1830 3993 lilium,
1856 3926 2099 3997 paternis

512 4018 791 4075 allectibus
820 4018 1055 4088 suscipe,
1083 4032 1185 4073 nec
1214 4032 1319 4073 non
1347 4027 1403 4073 et
1426 4019 1670 4088 pristinis
1706 4017 1986 4074 beneﬁciis
2030 4020 2099 4076 ac‘

511 4112 810 4167 honoribus
838 4111 1126 4167 restituere
1163 4118 1365 4180 satage,
1395 4109 1567 4168 donec
1595 4111 1788 4167 saltem
1824 4112 2099 4182 apostola-

511 4214 597 4260 tus
653 4204 825 4260 nostri
886 4203 1036 4260 missi
1094 4203 1162 4259 ad
1197 4210 1251 4258 te
1312 4203 1552 4270 veniant,
1593 4211 1649 4258 et
1702 4203 1854 4259 salvo
1908 4201 2097 4260 debito

510 4297 793 4368 utriuSque
818 4304 1059 4352 vestrum
1087 4295 1311 4362 honore,
1326 4295 1587 4367 quidquid
1620 4296 1685 4352 de
1711 4296 1802 4352 illo
1825 4297 2095 4356 salubrius

511 4393 788 4447 inventum
816 4388 1001 4455 fuerit,
1041 4388 1368 4459 competenti
1413 4388 1761 4444 exsecutione
1791 4404 1856 4445 ac
1882 4389 2095 4461 dispen-

510 4486 718 4541 satione
745 4484 1027 4541 ordinetur
1071 4498 1133 4538 ac
1180 4483 1517 4552 disponatur.
1562 4481 1703 4554 Ergo
1756 4498 1824 4538 ne
1870 4482 2093 4552 adjicias

507 4586 792 4649 peccatum
817 4591 980 4647 super
1008 4583 1314 4647 peccatum,
1342 4575 1435 4630 sed
1474 4582 1529 4631 et
1558 4575 1626 4629 de
1668 4575 1914 4644 pristinis
1942 4576 2093 4632 inva-
2121 4612 2171 4672 υ

506 4669 676 4725 sionis
702 4676 759 4723 et
789 4668 1030 4724 avaritiae
1052 4666 1413 4739 pravitatibus
1451 4668 1767 4738 deprecare,
1811 4676 1867 4724 et
1914 4683 2095 4725 corre-

505 4761 701 4816 ctionis
745 4768 963 4816 ostensa
1010 4758 1366 4831 perfectione,
1416 4758 1630 4814 veniam
1668 4759 2095 4817 ecclesiasticam

508 4854 748 4925 recipere
782 4851 907 4909 totis
931 4851 1177 4907 medullis
1192 4860 1409 4922 exopta,
1425 4859 1481 4906 et
1504 4866 1571 4906 ne
1594 4852 1860 4909 iinetenus
1879 4868 2092 4925 pereas,

506 4962 909 5019 usquequaque
942 4946 1161 5002 decerta
1198 4964 1211 5000 :
1242 4956 1508 5017 quatenus
1554 4961 1652 5016 per
1692 4946 1794 5002 hoc
1823 4949 1945 5004 linis
1973 4963 2095 5017 pra-

504 5044 730 5097 vitatum
754 5041 877 5096 linis
897 5038 1380 5095 animadversionis
1407 5038 1691 5105 elliciatur,
1706 5048 1780 5105 et,
1799 5049 2092 5111 praestante

505 5136 636 5202 Deo,
665 5150 786 5191 cum
822 5133 1051 5190 termino
1079 5133 1250 5203 culpae
1280 5135 1545 5189 terminus
1570 5135 1792 5191 accedat
1821 5144 1877 5191 et
1901 5150 2084 5206 ptena.

505 5229 640 5285 Data
678 5243 740 5284 ιιι
769 5226 893 5284 ldus
912 5225 1063 5295 Julii,
1095 5226 1391 5285 indictione
1420 5242 1493 5282 ιν.

1163 5363 1401 5440 xxxw.

503 5476 569 5516 AD
590 5476 857 5518 PBOCERES
877 5473 1035 5517 REGNI
1053 5475 1246 5517 CAROLI
1267 5474 1422 5516 CALVI
1452 5477 1522 5517 ΕΤ
1553 5477 1807 5519 LOTIIARII
1832 5479 2083 5528 QUONDAH

1212 5546 1384 5587 REGIS.

1133 5644 1287 5701 Auno
1318 5645 1440 5702 871.

1133 5645 1287 5701 Auno
1318 5645 1440 5702 871.

531 5736 779 5793 Prohibet
812 5751 874 5791 ne
901 5752 1053 5790 arma
1092 5645 1303 5807 C(apiant
1344 5645 1526 5791 congra
1574 5736 2041 5797 Carolomanuum.

569 5850 842 5904 ADIIIANUS
877 5848 1182 5916 cpiscopus,
1221 5863 1412 5906 servus
1448 5865 1725 5906 servorum
1762 5851 1878 5920 Dei,
1909 5854 2082 5909 omni-

2235 684 2388 739 tutis.

2303 775 2521 833 Auditui
2570 792 2756 838 nostro
2801 785 2983 841 sonuit
3035 788 3178 857 quod
3229 789 3456 847 Carolus
3507 808 3610 849 rex
3668 798 3835 850 etiam

2232 869 2532 928 belluarum
2588 875 2831 933 furorem
2885 883 3314 948 transcendens,
3363 894 3562 941 contra
3610 891 3839 958 propria

2230 966 2475 1033 viscera,
2516 968 2567 1024 id
2613 980 2694 1025 est
2741 981 2930 1028 contra
2963 974 3416 1032 Carolomannum
3461 978 3644 1033 lilium
3676 996 3839 1035 suum

2230 1059 2485 1127 srevierit,
2534 1060 2679 1119 hunc
2705 1054 2960 1133 videlicet
2982 1081 3090 1135 non
3116 1066 3277 1127 modo
3303 1076 3532 1139 paterna
3576 1073 3762 1141 gratia
3788 1080 3842 1125 et

2227 1146 2506 1205 beneﬂciis
2534 1152 2773 1220 privans,
2807 1170 2992 1225 verum
3035 1157 3197 1215 etiam
3225 1160 3373 1228 regni
3425 1162 3509 1215 sui
3543 1163 3718 1216 metis
3744 1162 3838 1217 eli-

2227 1240 2443 1309 minans
2470 1260 2482 1296 :
2508 1243 2805 1312 quinetiam
2829 1254 3051 1303 conetur
3070 1249 3329 1313 adversus
3349 1250 3502 1306 illum
3525 1254 3837 1310 exercitum

2225 1344 2559 1402 congregare
2581 1374 2597 1398 ,
2646 1341 2703 1391 et
2743 1350 2840 1391 vos
2867 1351 3058 1393 omnes
3086 1338 3349 1396 adversus
3376 1356 3505 1397 eum
3542 1343 3679 1397 totis
3710 1346 3837 1401 uisio

2220 1418 2325 1479 bus
2351 1421 2644 1481 destinare.
2686 1422 2861 1491 Unde,
2889 1427 3016 1496 quia
3044 1443 3142 1498 per
3170 1429 3481 1500 hujusmodi
3504 1434 3830 1491 contentio-

2221 1528 2345 1571 nem
2371 1522 2534 1584 atque
2551 1516 2863 1575 conﬂictum
2887 1533 3030 1590 saepe
3049 1522 3326 1593 sanguinis
3345 1524 3551 1581 effusio
3574 1527 3827 1601 contigit,

2217 1606 2609 1678 providendum
2641 1624 2986 1682 summopere
3010 1612 3254 1673 ducimus
3277 1655 3294 1683 ,
3324 1632 3396 1677 ne
3423 1618 3538 1675 tale
3570 1621 3831 1691 proneiae

2216 1707 2407 1777 nostro
2444 1701 2726 1769 proveniat
2764 1711 3028 1773 tempore,
3067 1718 3153 1762 ac.
3166 1721 3264 1776 per
3308 1707 3414 1767 hoc
3460 1725 3675 1767 nomen
3742 1712 3831 1768 Dei

2221 1789 2626 1860 blasphematur
2674 1793 2727 1851 in
2760 1794 3034 1866 gentibus.
3085 1795 3317 1868 Ideoque
3364 1814 3569 1869 pacem
3617 1810 3679 1858 et
3728 1818 3830 1859 non

2147 1864 2194 1927 Β
2221 1878 2362 1937 bella
2416 1882 2662 1942 volentes
2709 1864 2856 1956 (nam
2893 1886 3180 1947 Psalmista
3229 1864 3462 1949 homine
3489 1893 3637 1950 dicit
3667 1913 3683 1947 :
3716 1894 3829 1953 Dis-

2223 1972 2337 2042 sipa
2385 1983 2560 2043 gemet
2612 1991 2731 2046 quis
2780 1975 2916 2037 bella
2964 1978 3139 2041 uolunt
3186 1977 3359 2051 [PsaL
3394 1981 3833 2055 vn]),eaqu

2220 2064 2376 2134 pacis
2409 2073 2535 2125 sunt
2565 2066 2707 2125 inter
2736 2068 3034 2143 genitorem
3065 2067 3394 2143 et'genitum
3419 2111 3437 2139 ,
3479 2074 3530 2135 si
3564 2078 3829 2145 putastis,

2220 2156 2550 2212 constituite.
2597 2157 2769 2231 Porro
2831 2159 2877 2223 si
2930 2175 3038 2219 non
3089 2163 3356 2232 poteStis.
3404 2163 3613 2227 saltem
3668 2166 3819 2227 bellis

2218 2249 2414 2314 cedite,
2446 2249 2628 2320 praelia
2659 2250 2939 2322 dissipate.
2968 2251 3245 2325 Alioquin,
3278 2255 3539 2327 quisquis
3581 2269 3823 2321 vestru-

2216 2348 2407 2397 contra
2438 2340 2894 2410 Carolomannum
2939 2348 3417 2414 castra-moverit,
3451 2365 3618 2409 arma
3650 2364 3824 2413 sustu-

2216 2428 2361 2496 lerit,
2401 2431 2485 2485 vel
2514 2425 2750 2493 laesionis
2774 2435 3033 2501 exercitia
3060 2439 3474 2508 praeparaverit,
3530 2456 3604 2499 ac
3650 2456 3752 2512 per
3776 2442 3823 2501 ii

2217 2530 2278 2577 ut
2317 2522 2625 2579 ell'undatur
2659 2523 2898 2591 ﬁdelium
2925 2527 3145 2598 sanguis
3171 2531 3582 2597 construxerit,
3608 2548 3723 2587 non
3745 2548 3819 2590 ευ·

2216 2613 2327 2671 lum
2358 2616 2939 2674 excommunicationis
2971 2618 3200 2677 nexibus
3225 2619 3615 2689 inundabitur,
3639 2638 3824 2680 verum

2215 2706 2382 2783 etiam
2412 2707 2644 2764 vinculis
2666 2708 3029 2779 anathematis
3051 2708 3320 2783 obligatus
3341 2711 3396 2766 in
3418 2713 3685 2785 gebenna
3708 2730 3822 2771 cum

2213 2797 2429 2856 diabolo
2479 2799 2847 2871 deputabitur.
2887 2799 3156 2873 Optamus
3195 2817 3293 2865 vos
3329 2802 3384 2875 in
3419 2802 3655 2877 Christo
3691 2808 3823 2879 bene

2211 2890 2412 2959 valere.
2439 2892 2576 2948 Data
2604 2907 2664 2948 ιιι
2693 2891 2818 2961 ldus
2842 2892 3035 2969 Julias,
3062 2895 3360 2963 indictione
3387 2913 3467 2959 tv.

2211 3092 2279 3143 an
2313 3092 2595 3145 setscoros
2635 3093 2689 3134 ιιι
2726 3093 2901 3136 ιιεςιιο
2930 3095 3122 3139 (ιλιιοιι
3158 3098 3229 3140 ετ
3267 3096 3532 3151 auertant
3562 3099 3821 3159 malum

2806 3167 3196 3209 CONSTITUTOS.

2817 3244 2995 3313 (Anno
3032 3244 3181 3317 871.)

2352 3332 2602 3389 Prohibet
2635 3352 2699 3390 ne
2738 3333 3151 3393 Carlomannum
3176 3342 3674 3398 excommunicenl.

2275 3444 2555 3515 ADRIANUS
2581 3446 2893 3521 episcopus,
2934 3465 3126 3509 servus
3154 3467 3441 3519 servorum
3463 3456 3572 3512 Dei
3599 3498 3615 3523 ,
3662 3472 3818 3513 reve-

2206 3538 2532 3593 rentissimis
2559 3548 2614 3593 et
2642 3540 3006 3599 sanctissimis
3032 3541 3401 3615 confratribus
3438 3550 3690 3621 nostris,
3736 3566 3820 3606 alb

2205 3628 2567 3701 chiepiscopis
2590 3638 2645 3685 et
2679 3632 2951 3702 episcopis
2980 3632 3034 3689 in
3065 3650 3231 3707 regno
3256 3633 3437 3694 Caroli
3466 3648 3531 3695 et
3566 3641 3622 3696 in
3652 3654 3818 3715 regns

2202 3718 2473 3788 quondam
2506 3719 2750 3777 Lotharii
2781 3737 2971 3796 regum
3002 3723 3302 3801 Ecclesiam
3348 3728 3580 3787 Domini
3616 3732 3818 3805 guber-

2203 3809 2479 3869 nantibus.

2271 3903 2601 3987 Prmsulatus
2634 3907 2807 3965 nostri
2832 3908 3055 3973 auribus
3084 3911 3388 3987 intimaturn
3417 3928 3512 3973 est
3554 3916 3814 3979 Caroiutl

2202 4010 2382 4069 regem
2408 3984 2866 4069 Carolomannum
2894 4000 3064 4063 lilium
3095 4018 3253 4060 suum
3285 3984 3464 4079 gratia
3491 4023 3598 4063 sua
3632 4011 3817 4079 priva-

2202 4095 2340 4155 tum,
2381 4097 2504 4161 post
2531 4089 2700 4147 multa
2731 4090 2849 4149 dira
2894 4091 3054 4167 simul
3087 4100 3143 4148 et
3169 4094 3302 4151 dura
3333 4096 3649 4154 crudeliter
3674 4102 3814 4160 irro-

2200 4189 2347 4254 gata,
2386 4181 2687 4250 beneliciis,
2715 4192 2771 4239 et
2800 4184 2872 4242 ab
2896 4184 3029 4259 ipsis
3050 4201 3263 4261 quoque
3304 4190 3457 4263 regni
3510 4193 3599 4249 sui
3647 4195 3821 4265 metis

2198 4272 2510 4330 elhninasse
2542 4291 2554 4329 :
2588 4274 2832 4347 quinimo
2881 4285 2939 4333 ut
2968 4291 3062 4333 vos
3088 4277 3254 4335 etiam
3291 4279 3344 4335 in
3398 4294 3531 4337 eum
3584 4298 3813 4341 excom~

2198 4369 2586 4435 munientionis
2614 4369 2820 4442 spicula
2861 4368 3143 4440 jaccrelis,
3193 4373 3579 4432 sanctimonia:
3609 4388 3808 4435 vestra

2199 4460 2551 4518 nihilominus
2598 4463 2856 4525 suasisse.
2916 4463 2974 4529 ln
3030 4479 3138 4535 quo
3196 4465 3324 4539 quid
3372 4466 3525 4522 aliud
3569 4469 3807 4544 intelligi

2197 4553 2388 4625 datur,
2429 4554 2473 4610 si
2529 4555 2609 4611 rei
2638 4570 2698 4611 se
2726 4565 2802 4611 ita
2851 4557 3054 4613 veritas
3098 4557 3299 4627 habet,
3336 4559 3444 4615 nisi
3478 4563 3637 4631 quod
3676 4565 3806 4621 resti

2198 4646 2553 4718 delictorum,
2601 4665 2767 4721 quam
2827 4650 3203 4722 multipliciter
3262 4654 3618 4722 extendendo
3681 4674 3811 4714 con-

2200 4740 2402 4804 texuit,
2433 4741 2611 4797 adhuc
2650 4742 2791 4801 istud
2826 4758 3041 4815 quoque
3090 4743 3384 4815 impietatis
3436 4762 3624 4817 genus
3674 4750 3807 4815 velit

2198 4830 2456 4902 adjicere,
2486 4840 2542 4887 et
2577 4847 2702 4890 sese
2732 4832 2933 4907 talibus
2977 4834 3323 4909 iniquitatum
3372 4848 3601 4913 captum
3662 4841 3809 4907 iuni-

2196 4924 2334 4981 culis
2362 4936 2418 4981 et
2444 4927 2799 4983 constrictum
2830 4929 3028 5001 gestiat
3049 4929 3309 4985 irretire?
3338 4931 3485 4988 unde
3532 4933 3803 5007 nimiunn

2195 5017 2352 5074 valde
2387 5021 2654 5087 dolemus,
2685 5029 2741 5076 et
2784 5022 2835 5077 ei
2885 5020 3081 5079 aii‘ectu
3116 5023 3349 5093 spiritali
3400 5031 3798 5097 compatimur.

2196 5107 2265 5164 Et
2289 5112 2537 5179 quamvis
2561 5113 2890 5169 exteriorem
2913 5114 3062 5173 circa
3092 5115 3244 5172 illum
3271 5131 3459 5188 pacem
3489 5120 3798 5189 solvamus,

2194 5203 2511 5259 interiorem
2565 5214 2744 5262 tamen
2798 5207 3067 5278 integram
3115 5223 3526 5268 conservamus.
3568 5211 3716 5271 Nam
3745 5226 3802 5273 et

2194 5297 2318 5353 ideo
2367 5297 2516 5353 illum
2561 5300 2932 5369 percutimus,
2973 5308 3034 5367 ut
3057 5310 3313 5360 sanemus
3341 5321 3358 5359 :
3386 5313 3445 5361 et
3470 5303 3697 5378 ﬂagella
3723 5310 3802 5366 id—

2099 5422 2103 5428 -
2192 5387 2339 5443 circo
2367 5389 2707 5449 extrinsecus
2733 5390 3074 5463 adhibemus,
3106 5401 3166 5451 ut
3193 5394 3526 5465 intrinsecus
3559 5398 3800 5473 vulnera

2192 5481 2509 5537 delictorum
2554 5499 2827 5540 curemus.
2878 5485 3117 5542 Verbera
3170 5504 3405 5562 namque
3456 5493 3801 5565 corrigentis

2189 5581 2355 5640 sunt,
2390 5591 2436 5627 ιιι
2459 5591 2492 5629 ιι
2523 5591 2697 5646 [toruae
2726 5577 3051 5641 damnantis.
3096 5576 3298 5634 Verum
3325 5581 3451 5652 quia
3489 5581 3645 5640 idem
3694 5586 3797 5643 Ca-

2189 5665 2537 5723 rolomannus
2594 5682 2692 5722 nos
2755 5668 2937 5725 missis
3000 5670 3144 5734 suis,
3197 5672 3354 5740 quasi
3418 5660 3795 5743 quorumdam

2184 5759 2382 5829 pedum
2442 5776 2663 5817 suorum
2708 5760 3007 5831 gressibus,
3055 5761 3222 5830 adiit,
3274 5772 3331 5819 ct
3388 5778 3490 5835 per
3547 5766 3795 5839 syllabas

2184 5853 2430 5922 proprias
2488 5851 2834 5924 apostolicam
2885 5852 3066 5911 sedem
3118 5853 3375 5927 appellat,
3417 5856 3552 5927 quin
3604 5861 3794 5933 potius
