4004 6290
296 313 438 378 i309

1491 315 1850 381 EPISTOLIE
1887 316 1977 373 ET
2020 315 2360 374 DECRETA.

3430 308 3563 387 ista

295 431 607 508 interpellat
635 449 651 489 :
682 432 1045 503 decernimus,
1074 432 1279 490 nullam
1300 446 1398 489 vos
1426 433 1481 491 in
1509 447 1634 491 eum
1665 448 1881 489 excom-
1910 439 1959 498 Α
1987 440 2042 491 et
2088 431 2412 489 laudabilius
2450 432 2801 495 sublimitatis
2828 443 3022 493 vestrae
3070 437 3395 509 praedicatur
3442 439 3549 499 insi

295 526 681 601 municationis
718 526 1055 599 iaculatores
1081 526 1303 585 omnino
1342 526 1710 592 sententiam;
1739 540 1874 594 quo-

294 635 471 693 usque
497 618 748 677 videlicet
778 635 896 686 nos,
928 619 1021 692 qui
1052 620 1394 695 sacerdotum
1423 619 1634 675 Domini
1662 628 1873 675 matura

294 715 544 773 volumus
589 729 708 771 esse
745 714 948 786 judicia
978 754 996 781 ,
1041 715 1296 791 universa
1340 730 1460 786 quae
1507 721 1657 786 gesta
1699 721 1827 768 sunt
1857 753 1873 779 ,

294 807 561 864 veraciter
590 796 968 878 agnoScamus.
999 806 1216 878 Alioqui
1247 804 1536 863 invalidam
1564 804 1876 877 apostolicae

293 897 535 969 pondere
556 897 896 954 auctoritatis
922 896 1183 965 futuram,
1197 904 1493 969 contraque
1515 884 1874 951 reverentiam

293 996 529 1046 vestram
581 988 759 1061 potius
808 1003 915 1044 non
967 987 1238 1043 immerito
1307 986 1635 1043 srevituram.
1691 982 1874 1041 Satius

292 1090 501 1150 autem,
536 1090 591 1137 et
620 1081 737 1137 sine
763 1079 1101 1139 dubitatione
1134 1079 1477 1152 praestantius
1504 1087 1588 1134 est
1611 1119 1627 1144 ,
1675 1093 1742 1133 ne
1771 1076 1873 1133 Ca-

293 1176 442 1231 rolus
483 1174 760 1246 preprium
790 1173 957 1230 lilium
989 1181 1251 1244 spernat,
1302 1188 1370 1228 ne
1410 1172 1734 1233 domesticos
1788 1187 1872 1228 se-

292 1266 454 1323 minis
505 1267 588 1323 sui
627 1265 910 1336 despiciat,
962 1281 1031 1321 ne
1072 1263 1198 1335 jura
1239 1263 1659 1335 propinquitatis
1709 1263 1871 1318 solito

290 1372 442 1413 more
462 1350 795 1427 corrumpat,
815 1369 885 1412 ne
906 1355 1054 1427 pacis
1074 1354 1129 1411 et
1153 1356 1436 1412 charitatis
1457 1354 1661 1411 ftedera
1683 1352 1868 1420 violet,

288 1465 356 1505 ne
385 1451 585 1506 caduca
612 1448 885 1505 mansuris
901 1448 1189 1517 anteferat,
1217 1465 1285 1505 ne
1310 1449 1623 1520 temporalia
1651 1448 1870 1505 :eternis

285 1550 583 1614 praeportat.
624 1541 893 1599 Praeterea
941 1543 1200 1614 praefatus
1229 1543 1657 1600 Carolomannus
1687 1543 1869 1599 inson-

287 1642 393 1689 tem
441 1634 659 1705 quidem
704 1649 763 1690 se
808 1633 952 1691 circa
983 1642 1194 1704 patrem
1230 1635 1601 1705 multipliciter
1650 1636 1862 1692 asserit.

286 1730 486 1786 Verum
520 1740 583 1787 ut
631 1746 749 1799 nos,
789 1738 899 1787 non'
946 1732 1267 1799 astruendo,
1324 1733 1417 1787 sed
1472 1733 1862 1799 ratiocinando,

1979 540 2084 594 gne
2109 525 2251 594 quod
2281 540 2384 579 non
2404 523 2667 592 judicium
2698 527 2778 581 vel
2811 538 3166 596 asscrtorum,
3196 532 3289 587 sed
3319 533 3566 589 conscio-

1980 630 2102 669 rum
2132 624 2341 671 tantum
2375 624 2430 671 et
2474 617 2963 681 obsecundatornm
3008 636 3238 691 persona
3269 624 3350 679 usi
3400 622 3567 681 fuisse

1985 708 2372 780 dignoscimini
2405 726 2416 761 :
2447 708 2520 769 ita
2554 719 2611 764 ut
2658 725 2754 778 per
2781 711 3098 769 humilitatis
3128 730 3310 768 arcem
3340 716 3407 771 ad
3456 715 3568 770 cul-

1978 817 2100 856 men
2131 802 2397 857 virtutum
2428 802 2715 873 pervenire
2750 803 3046 861 dilexeritis
3066 807 3255 875 potius
3276 822 3437 876 quam
3470 822 3566 877 per

1978 892 2274 963 imperialis
2290 893 2596 949 altitudinis
2622 894 2818 951 fastum
2850 897 2917 950 ad
2947 897 3123 952 inanis
3141 898 3325 968 gloriae
3349 900 3455 954 ima
3471 900 3564 955 dc-

1976 982 2080 1038 labi
2107 985 2513 1040 consenseritis.
2543 986 2809 1045 Przeterea
2838 990 3009 1044 nostri
3057 990 3274 1047 habitus
3308 991 3560 1060 qualitas,

1976 1088 2136 1145 quam
2181 1074 2324 1129 scire
2367 1090 2428 1131 se
2456 1076 2593 1131 velle
2638 1076 2943 1147 benignitas
2972 1090 3155 1136 vestra
3194 1082 3284 1152 pio
3319 1084 3564 1154 designat

1975 1161 2192 1230 all‘ectu,
2222 1163 2294 1218 ita
2327 1180 2384 1220 se
2426 1165 2621 1231 habet,
2669 1176 2727 1221 ut
2763 1183 2996 1237 superna
3043 1172 3412 1241 providentia,
3441 1190 3563 1243 qure

1974 1263 2166 1310 cuncta
2204 1257 2484 1329 creavit_et
2516 1259 2768 1315 continua
2796 1262 3107 1331 provisione
3139 1265 3422 1335 gubernat,
3463 1281 3561 1322 ex-

1970 1349 2157 1419 pedire
2204 1350 2358 1423 nobis
2412 1352 2713 1423 perspicit,
2767 1364 2823 1409 et
2871 1357 3016 1425 quod
3070 1359 3373 1427 expedierit
3432 1376 3562 1417 eon-

1971 1441 2110 1497 sulte
2161 1442 2455 1514 dispensat.
2488 1445 2883 1516 Apocrisiarios
2931 1464 3144 1518 quoque
3192 1461 3438 1517 nostros,
3472 1469 3563 1509 su-

1969 1546 2067 1604 per
2118 1548 2348 1603 quorum
2399 1535 2749 1593 nihilominus
2806 1540 3115 1595 reversione
3152 1542 3470 1612 scripsistis,
3498 1544 3563 1597 li-

1970 1633 2057 1681 cet
2081 1640 2224 1692 sero,
2253 1635 2375 1697 post
2404 1627 2569 1683 multa
2595 1638 2777 1695 tamen
2805 1631 3042 1701 pericula
3067 1673 3081 1700 ,
3128 1633 3560 1703 depraedationes

1968 1725 2132 1788 atque
2161 1719 2506 1791 propriorum
2556 1722 2838 1778 hominum
2879 1724 3333 1791 trucidationem,
3384 1729 3559 1784 nudos

281 1839 403 1895 qua,
428 1824 913 1879 animadvertimus
940 1822 1226 1892 fateamur,
1256 1825 1386 1895 quid
1416 1826 1635 1890 mil-um,
1672 1826 1720 1880 εί
1762 1824 1864 1881 Ca-
1893 1822 1940 1881 Β
1972 1812 2183 1867 tandem
2240 1815 2545 1885 recepimus
2594 1832 2700 1871 non
2749 1816 3034 1886 cujuslibet
3087 1818 3325 1874 hominis
3390 1820 3558 1877 fretos
3598 1855 3603 1861 -

279 1916 428 1972 rolus
476 1924 742 1986 praecepta
791 1915 919 1983 Dei,
953 1916 1207 1987 praefixos
1235 1916 1398 1972 metis
1443 1917 1556 1972 suis
1601 1915 1863 1972 terminos

280 2008 670 2074 transferendo,
703 2009 879 2064 aliena
908 2008 1236 2076 invadendo,
1262 2019 1639 2075 contemnens,
1660 2025 1726 2064 ex
1749 2009 1863 2065 suis

280 2104 496 2173 reperit,
538 2102 629 2173 qui
664 2102 781 2174 ejus
807 2101 1173 2160 voluntatibus
1194 2102 1513 2169 contrairet,
1540 2111 1597 2158 et
1619 2102 1689 2158 de
1717 2102 1859 2163 lum-

200 2210 207 2215 ‘
276 2193 360 2250 bis
389 2195 502 2250 suis
542 2197 882 2266 procederet,
914 2194 1005 2265 qui
1043 2193 1214 2264 ipsius
1252 2194 1477 2251 nutibus
1522 2193 1856 2257 resultaret:

275 2303 400 2359 eum
427 2303 535 2343 non
566 2288 878 2358 ignoremus
913 2287 1329 2360 protoplastum,
1373 2296 1561 2344 contra
1593 2288 1759 2345 Deum
1801 2303 1859 2347 se

274 2393 373 2449 per
394 2376 819 2435 inobedicntiam
832 2377 1152 2449 erigentem,
1170 2388 1225 2433 et
1241 2379 1406 2435 vetita
1435 2380 1856 2451 contingentem,

275 2483 379 2523 non
412 2467 583 2524 solent
616 2469 885 2525 exteriora
915 2483 1140 2540 quaeque
1171 2469 1483 2545 rebellantia
1515 2471 1855 2542 cognovisse,

271 2575 461 2617 verum
491 2561 656 2621 etiam
688 2561 744 2619 in
780 2561 1071 2637 semetipso
1109 2577 1231 2633 quae
1268 2563 1371 2621 sibi
1411 2563 1739 2620 obsisterent
1776 2564 1858 2620 in-

271 2653 528 2712 venisse?
570 2652 722 2735 Quod
778 2662 960 2711 tamen
990 2669 1097 2711 non
1127 2654 1375 2722 dicimus,
1422 2656 1579 2727 quasi
1630 2656 1856 2715 Carolo-

272 2760 550 2810 mannum.
574 2745 828 2802 rebellem
858 2746 1000 2803 circa
1029 2754 1237 2816 patrem
1265 2744 1518 2813 fatentes,
1545 2755 1639 2803 aut
1666 2756 1858 2803 contu-

269 2851 478 2891 macem
509 2836 749 2908 genitum
781 2851 907 2908 erga
935 2837 1236 2909 genitorem
1271 2834 1387 2892 fore
1434 2838 1689 2893 docentes
1718 2856 1730 2892 :
1761 2839 1854 2895 sed

266 2927 395 3000 quid
447 2928 952 3001 secretojustoque
998 2928 1183 2986 divino
1247 2926 1455 2999 judicio
1515 2928 1631 2985 fieri
1684 2932 1857 3005 possit

265 3022 687 3089 considerantes,
723 3034 778 3079 et
813 3031 871 3078 ut
897 3024 1010 3079 haec
1043 3037 1137 3079 rex
1165 3020 1392 3079 Carolus
1422 3023 1649 3080 solerter
1679 3035 1853 3082 atten-

264 3112 396 3180 dat,
446 3111 733 3169 salubriter
785 3113 1159 3170 admonentes.
1222 3113 1299 3170 De
1358 3113 1554 3185 quibus
1602 3118 1852 3173 omnibus

263 3205 457 3263 scitote
491 3222 590 3264 nos
620 3206 720 3279 ipsi
767 3208 878 3276 regi
917 3206 1110 3265 Carolo
1137 3209 1339 3280 scripta
1384 3220 1566 3266 nostra
1610 3212 1845 3277 misisse,
1876 3221 1922 3284 α

261 3302 315 3355 et
347 3299 718 3357 exhortatoria
744 3302 1092 3373 pontificatus
1116 3305 1289 3360 nostri
1328 3305 1532 3361 monita
1561 3305 1843 3363 direxisse.

261 3390 524 3463 Optamus
567 3393 963 3451 fraternitatem
996 3408 1234 3453 vestram
1269 3398 1321 3453 in
1353 3399 1571 3456 Christo
1597 3402 1733 3457 bene
1755 3416 1846 3456 va-

260 3481 393 3539 lere.
427 3482 562 3538 Data
593 3498 652 3540 ut
689 3484 814 3542 ldus
842 3484 1030 3550 Julias,
1064 3488 1357 3544 indictione
1385 3505 1461 3544 tv.

924 3574 1167 3631 XXXVI.

924 3576 1077 3631 XXX
1128 3576 1167 3631 Ι.

258 3662 327 3719 an
369 3661 616 3704 etsmua
635 3688 652 3715 ,
677 3576 1191 3705 CONSTANTINlmvET
1215 3662 1422 3705 ιεοΝει
1451 3664 1840 3707 rureanoaes.

861 3740 1039 3810 (Anno
1083 3738 1235 3814 871.)

262 3828 599 3905 Quodumissi
634 3831 797 3905 sedis
830 3832 1166 3905 apostolicae,
1216 3844 1331 3905 post
1382 3833 1548 3905 multa
1586 3833 1842 3905 periculo,

332 3902 458 3956 nudi
490 3903 576 3957 vix
601 3901 889 3976 evaserint.
917 3901 1266 3974 Conqueritur
1305 3905 1444 3976 quod
1470 3901 1712 3975 Ignntz'us
1737 3903 1846 3975 epi-

329 3988 541 4047 scopum
595 3973 737 4047 apud
788 3972 1047 4047 Bulgaros
1072 3972 1403 4047 consecrare
1452 3972 1845 4047 ptiwsumpse'rit

330 4043 394 4097 de
420 4044 585 4098 tribus
624 4043 870 4113 capitulis
896 4043 1032 4099 nihil
1061 4043 1474 4102 immutandum}

326 4134 604 4191 ADRIANUS
623 4137 931 4208 episcopus,
949 4152 1141 4194 servus
1158 4153 1439 4194 servorum
1466 4137 1584 4203 Dei,
1603 4137 1843 4193 dilectis-

259 4226 409 4282 simis
452 4243 517 4283 ac
548 4227 918 4300 Spiritualibus
952 4230 1074 4286 filiis
1110 4231 1345 4296 Basmo,
1374 4219 1759 4287 ϐόες-[ΜητιΝο
1788 4238 1844 4285 et

258 4316 443 4388 LEONI,
472 4320 734 4393 piissimis
764 4331 819 4378 et
846 4315 1301 4394 tranquillissimis
1329 4322 1766 4394 imperatoribus.

324 4411 506 4468 Lectis
549 4413 866 4471 excellentis
906 4415 1120 4487 imperii
1150 4416 1316 4472 vestri
1362 4416 1575 4482 litteris,
1605 4415 1842 4472 dilectio«

256 4517 341 4557 ms
363 4512 557 4558 vestrae
584 4520 704 4576 quae
741 4520 870 4578 erga
914 4520 1014 4563 nos
1060 4505 1252 4581 ﬂagrat
1290 4507 1487 4564 indicia
1516 4516 1571 4565 et
1617 4508 1836 4579 pietatis

1964 1904 2184 1970 auxilio,
2221 1906 2317 1961 sed
2356 1904 2452 1960 Dei
2489 1905 2657 1961 solius
2698 1907 2952 1978 prteditos
2999 1908 3372 1964 adminiculo:
3413 1912 3555 1971 unde

1964 1995 2245 2051 audientes
2270 1995 2387 2051 haec
2414 1996 2653 2051 universi
2686 2008 2931 2068 gemunt,
2969 2006 3024 2053 ct
3052 2000 3177 2069 quia
3201 2000 3290 2055 isti
3319 2002 3556 2072 pertule-

1964 2092 2089 2141 runt
2119 2101 2238 2156 qua:
2279 2086 2379 2142 sub
2424 2086 2573 2142 nullo
2616 2087 2827 2159 piorum
2876 2088 3179 2161 principum
3225 2106 3551 2162 quemquam

1960 2178 2104 2235 sedis
2131 2179 2438 2255 apostolicae
2476 2180 2705 2235 missum
2731 2181 3021 2253 pertulisse
3064 2183 3327 2254 recolunt,
3361 2201 3554 2244 omnes

1961 2270 2251 2341 stupefacti
2300 2273 2608 2345 mirantur,
2668 2273 2836 2344 ﬁtque
2882 2277 3123 2332 continui
3178 2278 3432 2336 clamoris
3486 2280 3554 2336 ab

1960 2362 2204 2419 Ecclesia
2262 2373 2449 2420 nostra
2506 2382 2783 2435 murmur,
2844 2369 2987 2438 quod
3032 2370 3117 2437 ita
3178 2371 3552 2442 dispositionis

1958 2464 2156 2513 vestra:
2184 2460 2503 2515 constitutio
2534 2461 2836 2531 improvide
2876 2463 3097 2533 prodire
3125 2468 3384 2535 potuerit,
3408 2458 3473 2523 ut
3496 2469 3550 2524 in

1959 2549 2316 2606 barbarorum
2351 2551 2579 2624 gladios,
2614 2554 2760 2609 nullo
2793 2555 3005 2624 imperii
3040 2558 3207 2613 vestri
3252 2557 3372 2614 fulti
3413 2575 3551 2629 prte-

1957 2643 2117 2711 sidio,
2178 2645 2501 2719 miseranter
2547 2646 2857 2705 inciderint.
2922 2649 3231 2712 Prtesertim
3273 2667 3397 2707 eum
3451 2654 3549 2708 hos

1958 2749 2094 2805 quos
2116 2735 2183 2791 ab
2212 2736 2505 2806 apostolica
2530 2738 2661 2795 sede
2689 2747 2801 2795 toto
2824 2739 3093 2799 desiderio
3122 2742 3545 2811 postulaveritis,

1957 2834 2013 2883 et
2041 2830 2109 2883 ab
2145 2827 2277 2898 ipsis
2299 2828 2666 2898 apostolorum
2695 2830 3004 2902 principum
3040 2832 3199 2888 tectis
3220 2847 3317 2902 per
3340 2831 3547 2903 legatos

1956 2927 2167 2976 vestros
2214 2919 2391 2976 salvos
2420 2921 2762 2990 acceperitis,
2795 2922 2975 2979 salvos
3023 2938 3231 2987 rursus,
3266 2922 3546 2994 dispositis

1957 3011 2062 3067 rite
2088 3020 2311 3082 propter
2338 3026 2458 3082 quae
2485 3011 2636 3067 missi
2667 3011 2880 3067 fuerant
2908 3014 2977 3067 ad
3012 3013 3232 3084 propria
3267 3014 3547 3073 remittere

1957 3118 2171 3159 summa
2218 3102 2497 3173 diligentia
2554 3119 2846 3175 procurare
2906 3106 3243 3174 debueritis,
3294 3107 3545 3177 exemplo

1956 3195 2146 3252 saltem
2185 3197 2466 3266 provocati
2504 3196 2785 3254 Michaelis
2815 3198 3128 3261 decedentis
3168 3200 3539 3271 imperatoris,

1952 3286 2047 3360 qui
2084 3303 2221 3359 quos
2249 3288 2317 3344 ab
2352 3289 2651 3359 apostolica
2696 3294 2825 3346 sede
2865 3292 3144 3362 suscipere
3173 3293 3392 3358 meruit,
3424 3294 3543 3351 ido-

1947 3394 2052 3436 neo
2082 3380 2291 3454 sociato
2318 3382 2538 3453 praevio,
2578 3392 2639 3437 ut
2667 3392 2868 3441 nostrae
2894 3384 3045 3441 illaesi
3080 3394 3540 3455 praesentarentur

1947 3473 2193 3531 ecclesiae
2241 3473 2430 3531 solerti
2475 3490 2607 3531 cura
2644 3478 2859 3550 sategit.
2902 3478 2968 3533 Et
3006 3487 3272 3549 praeterea
3298 3488 3355 3537 et
3392 3480 3539 3537 aliud

1945 3566 2089 3637 quod
2128 3567 2303 3635 prima
2344 3567 2560 3637 pietatis
2608 3578 2803 3625 vestrae
2854 3586 3053 3642 opera,
3099 3574 3184 3629 vel
3220 3573 3365 3629 circa
3392 3573 3539 3630 sedis

1945 3656 2254 3726 apostolica:
2287 3658 2489 3727 prioris
2525 3659 2878 3728 benignitatis
2906 3662 3106 3717 indicia
3135 3672 3326 3721 contra
3381 3680 3534 3735 spem

1944 3761 2186 3807 nostram
2217 3749 2561 3807 decolorasse
2610 3753 2982 3820 convincitur,
3024 3754 3135 3811 imo
3168 3755 3414 3812 funditus
3444 3757 3536 3811 de-

1943 3845 2210 3902 struxisse
2224 3842 2514 3914 probatur:
2533 3845 2786 3905 videlicet
2801 3847 2925 3916 quia
2952 3846 3137 3903 favore
3160 3857 3345 3904 vestro
3368 3847 3537 3904 frater
3600 3878 3611 3893 κ

1943 3945 2000 3992 et
2022 3936 2375 4005 eoepiscopus
2405 3943 2592 3991 noster
2609 3935 2847 4015 lgnatius
2863 3937 2917 3992 in
2940 3937 3295 4008 Bulgarorum
3314 3940 3535 4011 regione

1942 4034 2267 4083 consecrare
2328 4030 2674 4098 praesumpsit
2729 4028 3074 4097 antistitem,
3143 4031 3287 4086 unde
3348 4032 3531 4089 mirati

1938 4137 2148 4193 sumus,
2173 4130 2228 4177 et
2252 4121 2377 4192 quia
2413 4136 2445 4176 a
2488 4122 2575 4193 pia
2604 4122 2906 4179 intentione
2937 4132 3117 4179 vestra
3149 4132 3297 4181 retro
3325 4125 3533 4197 reversi

1941 4214 2081 4280 sitis.
2114 4213 2405 4270 admodum
2453 4215 2851 4285 obstupuimus.
2897 4213 3282 4270 Verumtamen
3330 4215 3524 4275 saltem

1936 4322 2083 4365 nunc
2100 4309 2212 4376 jam
2233 4306 2436 4361 dictum
2460 4306 2976 4363 reverendissimum
2993 4306 3277 4377 praesulem
3301 4308 3369 4363 ab
3386 4308 3531 4365 illius

1939 4398 2178 4469 regionis
2208 4398 2565 4470 dispositione
2595 4398 2906 4456 salubribus
2936 4400 3525 4470 monitis,qutesumus,

1939 4498 2216 4546 coercete:
2237 4490 2473 4562 alioquin
2494 4506 2593 4546 nec
2626 4491 2742 4561 ipse
2768 4492 3085 4557 canonicam
3112 4491 3331 4563 effugiet
3361 4493 3525 4551 ultiOe-

258 4591 414 4649 εοιίιει
440 4595 616 4650 studia
646 4612 752 4651 ηοη
783 4605 889 4653 ιδῃ]
937 4598 1290 4671 cognovimus
1318 4616 1483 4670 quam
1521 4600 1838 4673 recognovi-
1865 4591 1916 4652 1)
1942 4600 2088 4650 nem,
2110 4599 2211 4640 nec
2235 4584 2272 4638 ii
2299 4585 2391 4655 qui
2413 4584 2732 4655 praesulatus
2754 4585 2835 4641 vel
2862 4585 3085 4642 alterius
3115 4584 3273 4641 oﬂieii
3299 4585 3400 4642 sibi
3422 4602 3522 4641 no-

257 4700 411 4751 mus;
439 4686 580 4741 unde
610 4687 907 4758 gratiarum
957 4690 1303 4747 multimodas
1347 4694 1590 4749 actiones
1611 4708 1835 4749 summa:

255 4775 533 4839 Divinitati
568 4777 870 4847 referimus,
899 4789 954 4847 et
979 4781 1304 4854 multiplices
1344 4782 1534 4840 laudes
1559 4782 1677 4853 ejus
1701 4801 1832 4843 con-

256 4867 435 4923 cinere
490 4882 595 4924 non
648 4883 949 4938 cessamus,
1002 4872 1071 4929 ob
1118 4872 1174 4929 id
1218 4874 1457 4930 maxime
1498 4874 1625 4945 Quia
1689 4876 1834 4933 circa

254 4958 529 5041 religionis
556 4959 759 5037 cultum
789 4964 1024 5030 accensi,
1068 4964 1382 5036 postpositis
1426 4966 1638 5022 caeteris
1665 4981 1835 5021 saecu-

255 5052 456 5111 laribus
486 5055 654 5122 curis,
682 5063 809 5112 ante
853 5058 1034 5115 omnia
1081 5059 1465 5119 ecclesiasticae
1492 5062 1610 5132 paci
1639 5078 1835 5129 consu-

254 5143 456 5215 luistis;
508 5157 564 5204 et
616 5149 743 5225 quia
799 5149 941 5205 sedis
994 5150 1306 5221 apostolica:
1380 5152 1598 5209 decreta
1628 5195 1642 5221 ,
1699 5170 1831 5211 sana

252 5236 531 5308 priscaque
566 5236 683 5308 lege
712 5254 875 5310 super
900 5239 1105 5297 exortis
1154 5243 1542 5300 controversiis
1590 5245 1830 5315 exquisi-

252 5314 387 5411 stis;
437 5338 493 5384 et
545 5329 598 5385 in
647 5330 947 5405 colligendo
996 5348 1194 5404 magno
1251 5343 1549 5407 sanctoque
1599 5314 1827 5408 collegio

251 5419 392 5499 pium
449 5422 686 5481 studium
741 5416 815 5479 et
848 5423 1178 5482 desiderium
1215 5428 1560 5497 ostendistis;
1612 5430 1665 5484 in
1694 5446 1820 5499 quo,

250 5513 495 5570 abdicato
522 5515 807 5589 pravitatis
849 5525 1091 5582 auctore,
1121 5518 1365 5576 definitio
1412 5530 1574 5576 rectae
1604 5521 1725 5577 fidei
1769 5531 1825 5578 et

249 5609 524 5665 catholicae
553 5626 616 5666 ac
662 5618 900 5683 paterna:
932 5610 1260 5678 traditionis,
1292 5620 1457 5681 atque
1488 5610 1612 5683 jura
1646 5614 1823 5670 Eccle-

246 5701 338 5775 siae
382 5702 652 5773 perpetuis
702 5702 915 5759 saeculis
961 5703 1262 5777 profutura,
1302 5713 1357 5761 et
1411 5707 1543 5771 satis
1595 5707 1816 5775 idonea,

251 5809 355 5867 ﬁxa
378 5811 507 5865 sunt
535 5807 590 5855 et
631 5796 844 5854 firmata
880 5816 894 5855 :
925 5801 981 5857 in
1013 5815 1120 5871 quo
1150 5800 1316 5856 etiam
1346 5800 1474 5858 illud
1523 5802 1820 5861 mirabilius

1939 4692 2063 4733 men
2094 4676 2204 4733 illic
2225 4686 2650 4748 usurpant,cum
2678 4677 3263 4742 exeonmmnicatione,
3281 4693 3386 4748 qua
3410 4678 3525 4748 jam

1938 4780 2196 4827 tenentur
2215 4772 2457 4838 astricti,
2489 4772 2654 4828 etiam
2684 4773 2885 4844 proprii
2913 4773 3112 4844 gradus
3130 4773 3343 4844 jactura
3370 4788 3524 4829 care—

1937 4864 2093 4920 bunL

2008 4964 2180 5021 Porro
2212 4966 2277 5020 de
2312 4966 2485 5021 tribus
2513 4963 2782 5035 capitulis,
2837 4980 3000 5036 super
3050 4964 3267 5034 quibus,
3297 4963 3523 5035 praefato

1946 5061 2252 5132 postulante
2281 5060 2626 5116 sanctissimo
2656 5058 2825 5115 fratre
2860 5068 2914 5113 et
2962 5058 3283 5128 coepiscopo
3332 5067 3521 5113 nostro

1937 5152 2165 5224 lgnatio,
2203 5153 2460 5207 divinitus
2494 5158 2797 5222 protectum
2836 5150 3121 5221 imperium
3150 5159 3390 5204 vestrum
3423 5165 3521 5205 nos

1936 5247 2284 5317 deprecatum
2319 5260 2441 5301 esse
2492 5244 2856 5315 dignoscitur,
2894 5243 2969 5297 nil
3017 5254 3305 5313 possumus
3348 5241 3418 5297 ab
3453 5256 3518 5297 eo

1933 5341 2076 5410 quod
2099 5339 2213 5409 jam
2256 5341 2608 5396 constitutum
2640 5347 2761 5403 est,
2809 5337 3060 5393 ordinare
3107 5337 3383 5391 diversum
3430 5336 3518 5391 vel

1931 5434 2236 5505 disponere,
2267 5433 2500 5487 maxime
2534 5432 2599 5486 de
2628 5428 2805 5486 Photii
2833 5427 3244 5484 consecratione
3271 5427 3518 5497 aliquan-

1930 5522 2100 5596 tisper
2129 5522 2345 5580 versum
2391 5541 2403 5576 :
2446 5522 2549 5578 nisi
2595 5520 2735 5577 forte
2766 5536 2884 5587 nos,
2918 5517 3237 5589 quibusdam
3270 5533 3334 5573 ex
3365 5527 3515 5572 utra-

1930 5635 2035 5690 que
2068 5627 2222 5691 parte
2262 5619 2313 5673 in
2358 5616 2642 5689 praesentia
2692 5623 2874 5669 nostra
2919 5611 3170 5685 repertis,
3222 5609 3515 5679 contigerit

1927 5715 2086 5781 seire,
2104 5730 2221 5785 qua:
2244 5728 2413 5784 usque
2442 5714 2546 5768 huc
2566 5711 2868 5766 nescimus:
2889 5708 2969 5763 vel
2995 5707 3204 5761 discere
3224 5718 3344 5775 qua:
3369 5716 3514 5757 nunc

1927 5808 2142 5878 penitus
2169 5808 2499 5879 ignoramus.
2525 5803 2642 5860 Non
2669 5802 2815 5859 enim
2842 5813 2925 5857 est
2952 5802 3003 5856 in
3035 5800 3188 5858 nobis
3216 5807 3303 5856 est
3324 5805 3378 5854 et
3403 5810 3507 5852 non
