  <div class='ocr_page' id='page_1' title='image "/cluster/home/n/w/nwhite01/storage/ocr_20150623/122/hvd.32044015471659/693.png"; bbox 0 0 3954 5400; ppageno 0'>
   <div class='ocr_carea' id='block_1_1' title="bbox 519 342 654 410">
    <p class='ocr_par' dir='ltr' id='par_1_1' title="bbox 519 342 654 410">
     <span class='ocr_line' id='line_1_1' title="bbox 519 342 654 410; baseline -0.015 -1"><span class='ocrx_word' id='word_1_1' title='bbox 519 342 654 410; x_wconf 70' lang='grc'><strong>1811</strong></span> 
     </span>
    </p>
   </div>
   <div class='ocr_carea' id='block_1_2' title="bbox 1836 324 2437 422">
    <p class='ocr_par' dir='ltr' id='par_1_2' title="bbox 1836 324 2437 422">
     <span class='ocr_line' id='line_1_2' title="bbox 1836 324 2437 422; baseline 0.008 -5"><span class='ocrx_word' id='word_1_2' title='bbox 1836 324 2118 419; x_wconf 61' lang='lat' dir='ltr'><strong>annum</strong></span> <span class='ocrx_word' id='word_1_3' title='bbox 2158 360 2358 421; x_wconf 65' lang='lat' dir='ltr'><strong>mea;</strong></span> <span class='ocrx_word' id='word_1_4' title='bbox 2393 361 2437 422; x_wconf 85' lang='grc' dir='ltr'><strong>ιι</strong></span> 
     </span>
    </p>
   </div>
   <div class='ocr_carea' id='block_1_3' title="bbox 519 464 2085 555">
    <p class='ocr_par' dir='ltr' id='par_1_3' title="bbox 519 464 2085 542">
     <span class='ocr_line' id='line_1_3' title="bbox 519 464 2085 542; baseline 0.008 -22"><span class='ocrx_word' id='word_1_5' title='bbox 519 474 623 521; x_wconf 86' lang='lat' dir='ltr'><strong>est.</strong></span> <span class='ocrx_word' id='word_1_6' title='bbox 648 464 772 521; x_wconf 85' lang='lat' dir='ltr'><strong>Etsi</strong></span> <span class='ocrx_word' id='word_1_7' title='bbox 793 479 915 537; x_wconf 70' lang='lat' dir='ltr'><strong>qua:</strong></span> <span class='ocrx_word' id='word_1_8' title='bbox 935 466 1321 537; x_wconf 79' lang='lat' dir='ltr'><strong>destruximus,</strong></span> <span class='ocrx_word' id='word_1_9' title='bbox 1337 467 1527 527; x_wconf 88' lang='lat' dir='ltr'><strong>eadem</strong></span> <span class='ocrx_word' id='word_1_10' title='bbox 1557 472 2085 542; x_wconf 64' lang='lat' dir='ltr'><strong>reaediﬁcaverimus,</strong></span> 
     </span>
    </p>
   </div>
   <div class='ocr_carea' id='block_1_4' title="bbox 2216 464 2961 555">
    <p class='ocr_par' dir='ltr' id='par_1_4' title="bbox 2216 479 2961 555">
     <span class='ocr_line' id='line_1_4' title="bbox 2216 479 2961 555; baseline 0.016 -21"><span class='ocrx_word' id='word_1_11' title='bbox 2216 479 2387 553; x_wconf 67' lang='grc' dir='ltr'>Ῐισριοῦ</span> <span class='ocrx_word' id='word_1_12' title='bbox 2429 484 2651 555; x_wconf 68' lang='grc' dir='ltr'><strong>μεγάλου</strong></span> <span class='ocrx_word' id='word_1_13' title='bbox 2707 490 2791 543; x_wconf 75' lang='grc' dir='ltr'><strong>καὶ</strong></span> <span class='ocrx_word' id='word_1_14' title='bbox 2843 488 2961 545; x_wconf 78' lang='grc' dir='ltr'>αἱσ-</span> 
     </span>
    </p>
   </div>
   <div class='ocr_carea' id='block_1_5' title="bbox 519 559 2097 635">
    <p class='ocr_par' dir='ltr' id='par_1_5' title="bbox 519 559 2097 635">
     <span class='ocr_line' id='line_1_5' title="bbox 519 559 2097 635; baseline 0.011 -25"><span class='ocrx_word' id='word_1_15' title='bbox 519 559 961 628; x_wconf 73' lang='lat' dir='ltr'><strong>prmvaricatores</strong></span> <span class='ocrx_word' id='word_1_16' title='bbox 1009 576 1107 617; x_wconf 89' lang='lat' dir='ltr'><strong>nos</strong></span> <span class='ocrx_word' id='word_1_17' title='bbox 1158 561 1290 635; x_wconf 87' lang='lat' dir='ltr'><strong>legis</strong></span> <span class='ocrx_word' id='word_1_18' title='bbox 1337 580 1457 621; x_wconf 91' lang='lat' dir='ltr'><strong>esse</strong></span> <span class='ocrx_word' id='word_1_19' title='bbox 1501 568 1914 624; x_wconf 90' lang='lat' dir='ltr'><strong>constituemus.</strong></span> <span class='ocrx_word' id='word_1_20' title='bbox 1951 570 2097 628; x_wconf 90' lang='lat' dir='ltr'><strong>Satis</strong></span> 
     </span>
    </p>
   </div>
   <div class='ocr_carea' id='block_1_6' title="bbox 518 650 2095 729">
    <p class='ocr_par' dir='ltr' id='par_1_6' title="bbox 518 650 2095 729">
     <span class='ocr_line' id='line_1_6' title="bbox 518 650 2095 729; baseline 0.008 -24"><span class='ocrx_word' id='word_1_21' title='bbox 518 650 662 705; x_wconf 87' lang='lat' dir='ltr'><strong>enim</strong></span> <span class='ocrx_word' id='word_1_22' title='bbox 691 662 815 706; x_wconf 90' lang='lat' dir='ltr'><strong>nota</strong></span> <span class='ocrx_word' id='word_1_23' title='bbox 858 663 982 707; x_wconf 92' lang='lat' dir='ltr'><strong>sunt</strong></span> <span class='ocrx_word' id='word_1_24' title='bbox 1008 669 1128 724; x_wconf 69' lang='lat' dir='ltr'><strong>qua:</strong></span> <span class='ocrx_word' id='word_1_25' title='bbox 1156 670 1279 710; x_wconf 91' lang='lat' dir='ltr'><strong>cum</strong></span> <span class='ocrx_word' id='word_1_26' title='bbox 1326 673 1424 713; x_wconf 91' lang='lat' dir='ltr'><strong>suo</strong></span> <span class='ocrx_word' id='word_1_27' title='bbox 1454 667 1676 716; x_wconf 91' lang='lat' dir='ltr'><strong>auctore</strong></span> <span class='ocrx_word' id='word_1_28' title='bbox 1705 660 2095 729; x_wconf 81' lang='lat' dir='ltr'><strong>destruximus,</strong></span> 
     </span>
    </p>
   </div>
   <div class='ocr_carea' id='block_1_7' title="bbox 518 746 2098 826">
    <p class='ocr_par' dir='ltr' id='par_1_7' title="bbox 518 746 2098 826">
     <span class='ocr_line' id='line_1_7' title="bbox 518 746 2098 826; baseline 0.009 -30"><span class='ocrx_word' id='word_1_29' title='bbox 518 750 575 797; x_wconf 86' lang='lat' dir='ltr'><strong>et</strong></span> <span class='ocrx_word' id='word_1_30' title='bbox 613 757 734 813; x_wconf 68' lang='lat' dir='ltr'><strong>qua:</strong></span> <span class='ocrx_word' id='word_1_31' title='bbox 783 746 1144 800; x_wconf 89' lang='lat' dir='ltr'><strong>construenda</strong></span> <span class='ocrx_word' id='word_1_32' title='bbox 1192 749 1590 807; x_wconf 81' lang='lat' dir='ltr'><strong>mandavimus.</strong></span> <span class='ocrx_word' id='word_1_33' title='bbox 1644 751 1725 807; x_wconf 85' lang='lat' dir='ltr'><strong>Ab</strong></span> <span class='ocrx_word' id='word_1_34' title='bbox 1757 752 1860 807; x_wconf 88' lang='lat' dir='ltr'><strong>illis</strong></span> <span class='ocrx_word' id='word_1_35' title='bbox 1900 755 2098 826; x_wconf 91' lang='lat' dir='ltr'><strong>quippe</strong></span> 
     </span>
    </p>
   </div>
   <div class='ocr_carea' id='block_1_8' title="bbox 516 833 2096 915">
    <p class='ocr_par' dir='ltr' id='par_1_8' title="bbox 516 833 2096 915">
     <span class='ocr_line' id='line_1_8' title="bbox 516 833 2096 915; baseline 0.009 -27"><span class='ocrx_word' id='word_1_36' title='bbox 516 833 898 891; x_wconf 71' lang='lat' dir='ltr'><strong>sacratissimis</strong></span> <span class='ocrx_word' id='word_1_37' title='bbox 938 837 1268 903; x_wconf 74' lang='lat' dir='ltr'><strong>constitutis,</strong></span> <span class='ocrx_word' id='word_1_38' title='bbox 1319 856 1438 911; x_wconf 71' lang='lat' dir='ltr'><strong>qua:</strong></span> <span class='ocrx_word' id='word_1_39' title='bbox 1486 843 1571 897; x_wconf 88' lang='lat' dir='ltr'><strong>vel</strong></span> <span class='ocrx_word' id='word_1_40' title='bbox 1623 846 1933 915; x_wconf 77' lang='lat' dir='ltr'><strong>apostolicae</strong></span> <span class='ocrx_word' id='word_1_41' title='bbox 1984 863 2096 904; x_wconf 88' lang='lat' dir='ltr'><strong>me-</strong></span> 
     </span>
    </p>
   </div>
   <div class='ocr_carea' id='block_1_9' title="bbox 516 925 2096 1005">
    <p class='ocr_par' dir='ltr' id='par_1_9' title="bbox 516 925 2096 1005">
     <span class='ocr_line' id='line_1_9' title="bbox 516 925 2096 1005; baseline 0.011 -28"><span class='ocrx_word' id='word_1_42' title='bbox 516 925 702 979; x_wconf 86' lang='lat' dir='ltr'><strong>moriae</strong></span> <span class='ocrx_word' id='word_1_43' title='bbox 762 927 1127 995; x_wconf 60' lang='lat' dir='ltr'><strong>praedecessor</strong></span> <span class='ocrx_word' id='word_1_44' title='bbox 1188 939 1372 986; x_wconf 83' lang='lat' dir='ltr'><strong>noster</strong></span> <span class='ocrx_word' id='word_1_45' title='bbox 1435 949 1572 1005; x_wconf 89' lang='lat' dir='ltr'><strong>papa</strong></span> <span class='ocrx_word' id='word_1_46' title='bbox 1630 934 1881 993; x_wconf 76' lang='lat' dir='ltr'><strong>Nicolaus</strong></span> <span class='ocrx_word' id='word_1_47' title='bbox 1937 946 2096 995; x_wconf 86' lang='lat' dir='ltr'><strong>antea</strong></span> 
     </span>
    </p>
   </div>
   <div class='ocr_carea' id='block_1_10' title="bbox 514 1015 2098 1104">
    <p class='ocr_par' dir='ltr' id='par_1_10' title="bbox 514 1015 2098 1104">
     <span class='ocr_line' id='line_1_10' title="bbox 514 1015 2098 1104; baseline 0.013 -35"><span class='ocrx_word' id='word_1_48' title='bbox 514 1015 809 1073; x_wconf 84' lang='lat' dir='ltr'><strong>salubriter</strong></span> <span class='ocrx_word' id='word_1_49' title='bbox 837 1021 1036 1087; x_wconf 83' lang='lat' dir='ltr'><strong>sanxit,</strong></span> <span class='ocrx_word' id='word_1_50' title='bbox 1070 1022 1152 1077; x_wconf 91' lang='lat' dir='ltr'><strong>vel</strong></span> <span class='ocrx_word' id='word_1_51' title='bbox 1182 1039 1279 1079; x_wconf 90' lang='lat' dir='ltr'><strong>nos</strong></span> <span class='ocrx_word' id='word_1_52' title='bbox 1318 1034 1505 1096; x_wconf 89' lang='lat' dir='ltr'><strong>postea</strong></span> <span class='ocrx_word' id='word_1_53' title='bbox 1537 1029 1929 1100; x_wconf 87' lang='lat' dir='ltr'><strong>dispensatorie</strong></span> <span class='ocrx_word' id='word_1_54' title='bbox 1972 1048 2098 1104; x_wconf 89' lang='lat' dir='ltr'><strong>pro-</strong></span> 
     </span>
    </p>
   </div>
   <div class='ocr_carea' id='block_1_11' title="bbox 516 1107 2092 1191">
    <p class='ocr_par' dir='ltr' id='par_1_11' title="bbox 516 1107 2092 1191">
     <span class='ocr_line' id='line_1_11' title="bbox 516 1107 2092 1191; baseline 0.014 -30"><span class='ocrx_word' id='word_1_55' title='bbox 516 1107 753 1174; x_wconf 84' lang='lat' dir='ltr'><strong>tulimus,</strong></span> <span class='ocrx_word' id='word_1_56' title='bbox 808 1112 953 1166; x_wconf 87' lang='lat' dir='ltr'><strong>nulla</strong></span> <span class='ocrx_word' id='word_1_57' title='bbox 987 1115 1224 1170; x_wconf 89' lang='lat' dir='ltr'><strong>motione</strong></span> <span class='ocrx_word' id='word_1_58' title='bbox 1269 1120 1354 1172; x_wconf 84' lang='lat' dir='ltr'><strong>vel</strong></span> <span class='ocrx_word' id='word_1_59' title='bbox 1386 1122 1686 1177; x_wconf 87' lang='lat' dir='ltr'><strong>mutatione</strong></span> <span class='ocrx_word' id='word_1_60' title='bbox 1735 1124 2092 1191; x_wconf 84' lang='lat' dir='ltr'><strong>discedemus,</strong></span> 
     </span>
    </p>
   </div>
   <div class='ocr_carea' id='block_1_12' title="bbox 513 1203 2096 1285">
    <p class='ocr_par' dir='ltr' id='par_1_12' title="bbox 513 1203 2096 1285">
     <span class='ocr_line' id='line_1_12' title="bbox 513 1203 2096 1285; baseline 0.013 -30"><span class='ocrx_word' id='word_1_61' title='bbox 513 1209 608 1256; x_wconf 90' lang='lat' dir='ltr'><strong>aut</strong></span> <span class='ocrx_word' id='word_1_62' title='bbox 637 1203 704 1256; x_wconf 92' lang='lat' dir='ltr'><strong>ad</strong></span> <span class='ocrx_word' id='word_1_63' title='bbox 732 1204 979 1260; x_wconf 77' lang='lat' dir='ltr'><strong>dextram</strong></span> <span class='ocrx_word' id='word_1_64' title='bbox 1027 1207 1111 1262; x_wconf 91' lang='lat' dir='ltr'><strong>vel</strong></span> <span class='ocrx_word' id='word_1_65' title='bbox 1160 1209 1436 1267; x_wconf 85' lang='lat' dir='ltr'><strong>sinistram</strong></span> <span class='ocrx_word' id='word_1_66' title='bbox 1489 1230 1704 1285; x_wconf 92' lang='lat' dir='ltr'><strong>quoquo</strong></span> <span class='ocrx_word' id='word_1_67' title='bbox 1750 1218 1909 1273; x_wconf 91' lang='lat' dir='ltr'><strong>modo</strong></span> <span class='ocrx_word' id='word_1_68' title='bbox 1941 1218 2096 1274; x_wconf 86' lang='lat' dir='ltr'><strong>decli-</strong></span> 
     </span>
    </p>
   </div>
   <div class='ocr_carea' id='block_1_13' title="bbox 515 1290 2092 1378">
    <p class='ocr_par' dir='ltr' id='par_1_13' title="bbox 515 1290 2092 1378">
     <span class='ocr_line' id='line_1_13' title="bbox 515 1290 2092 1378; baseline 0.015 -35"><span class='ocrx_word' id='word_1_69' title='bbox 515 1290 780 1348; x_wconf 86' lang='lat' dir='ltr'><strong>uabimus.</strong></span> <span class='ocrx_word' id='word_1_70' title='bbox 806 1294 935 1361; x_wconf 75' lang='lat' dir='ltr'><strong>Qum</strong></span> <span class='ocrx_word' id='word_1_71' title='bbox 971 1297 1219 1355; x_wconf 86' lang='lat' dir='ltr'><strong>videlicet</strong></span> <span class='ocrx_word' id='word_1_72' title='bbox 1243 1302 1357 1371; x_wconf 88' lang='lat' dir='ltr'><strong>jam</strong></span> <span class='ocrx_word' id='word_1_73' title='bbox 1382 1304 1582 1360; x_wconf 87' lang='lat' dir='ltr'><strong>dudum</strong></span> <span class='ocrx_word' id='word_1_74' title='bbox 1614 1308 1867 1378; x_wconf 83' lang='lat' dir='ltr'><strong>probavit</strong></span> <span class='ocrx_word' id='word_1_75' title='bbox 1904 1309 2092 1366; x_wconf 87' lang='lat' dir='ltr'><strong>Eccle-</strong></span> 
     </span>
    </p>
   </div>
   <div class='ocr_carea' id='block_1_14' title="bbox 513 1385 2095 1473">
    <p class='ocr_par' dir='ltr' id='par_1_14' title="bbox 513 1385 2095 1473">
     <span class='ocr_line' id='line_1_14' title="bbox 513 1385 2095 1473; baseline 0.015 -34"><span class='ocrx_word' id='word_1_76' title='bbox 513 1385 614 1452; x_wconf 84' lang='lat' dir='ltr'><strong>sia,</strong></span> <span class='ocrx_word' id='word_1_77' title='bbox 641 1395 697 1441; x_wconf 91' lang='lat' dir='ltr'><strong>et</strong></span> <span class='ocrx_word' id='word_1_78' title='bbox 741 1388 1061 1446; x_wconf 84' lang='lat' dir='ltr'><strong>immutilata</strong></span> <span class='ocrx_word' id='word_1_79' title='bbox 1096 1398 1363 1452; x_wconf 87' lang='lat' dir='ltr'><strong>servanda</strong></span> <span class='ocrx_word' id='word_1_80' title='bbox 1413 1415 1587 1471; x_wconf 87' lang='lat' dir='ltr'><strong>nuper</strong></span> <span class='ocrx_word' id='word_1_81' title='bbox 1617 1412 1828 1473; x_wconf 84' lang='lat' dir='ltr'><strong>gestum</strong></span> <span class='ocrx_word' id='word_1_82' title='bbox 1879 1404 2095 1461; x_wconf 84' lang='lat' dir='ltr'><strong>univer-</strong></span> 
     </span>
    </p>
   </div>
   <div class='ocr_carea' id='block_1_15' title="bbox 512 1476 2093 1560">
    <p class='ocr_par' dir='ltr' id='par_1_15' title="bbox 512 1476 2093 1560">
     <span class='ocr_line' id='line_1_15' title="bbox 512 1476 2093 1560; baseline 0.015 -29"><span class='ocrx_word' id='word_1_83' title='bbox 512 1476 625 1534; x_wconf 89' lang='lat' dir='ltr'><strong>sale</strong></span> <span class='ocrx_word' id='word_1_84' title='bbox 659 1482 945 1538; x_wconf 90' lang='lat' dir='ltr'><strong>concilium</strong></span> <span class='ocrx_word' id='word_1_85' title='bbox 979 1487 1187 1543; x_wconf 85' lang='lat' dir='ltr'><strong>statuit.</strong></span> <span class='ocrx_word' id='word_1_86' title='bbox 1216 1488 1402 1560; x_wconf 85' lang='lat' dir='ltr'><strong>Neque</strong></span> <span class='ocrx_word' id='word_1_87' title='bbox 1432 1494 1577 1548; x_wconf 85' lang='lat' dir='ltr'><strong>enim</strong></span> <span class='ocrx_word' id='word_1_88' title='bbox 1619 1496 1775 1552; x_wconf 90' lang='lat' dir='ltr'><strong>nobis</strong></span> <span class='ocrx_word' id='word_1_89' title='bbox 1815 1498 1980 1554; x_wconf 91' lang='lat' dir='ltr'><strong>moris</strong></span> <span class='ocrx_word' id='word_1_90' title='bbox 2009 1510 2093 1555; x_wconf 92' lang='lat' dir='ltr'><strong>est</strong></span> 
     </span>
    </p>
   </div>
   <div class='ocr_carea' id='block_1_16' title="bbox 510 1577 2093 1655">
    <p class='ocr_par' dir='ltr' id='par_1_16' title="bbox 510 1577 2093 1655">
     <span class='ocr_line' id='line_1_16' title="bbox 510 1577 2093 1655; baseline 0.014 -27"><span class='ocrx_word' id='word_1_91' title='bbox 510 1583 570 1629; x_wconf 92' lang='lat' dir='ltr'><strong>ut</strong></span> <span class='ocrx_word' id='word_1_92' title='bbox 618 1591 715 1646; x_wconf 90' lang='lat' dir='ltr'><strong>pro</strong></span> <span class='ocrx_word' id='word_1_93' title='bbox 761 1577 913 1635; x_wconf 91' lang='lat' dir='ltr'><strong>libitu</strong></span> <span class='ocrx_word' id='word_1_94' title='bbox 943 1584 1162 1653; x_wconf 89' lang='lat' dir='ltr'><strong>proprio</strong></span> <span class='ocrx_word' id='word_1_95' title='bbox 1212 1588 1452 1655; x_wconf 87' lang='lat' dir='ltr'><strong>paternis</strong></span> <span class='ocrx_word' id='word_1_96' title='bbox 1503 1591 1874 1648; x_wconf 84' lang='lat' dir='ltr'><strong>sanctionibus</strong></span> <span class='ocrx_word' id='word_1_97' title='bbox 1904 1593 2093 1650; x_wconf 85' lang='lat' dir='ltr'><strong>abuta-</strong></span> 
     </span>
    </p>
   </div>
   <div class='ocr_carea' id='block_1_17' title="bbox 510 1674 2093 1755">
    <p class='ocr_par' dir='ltr' id='par_1_17' title="bbox 510 1674 2093 1755">
     <span class='ocr_line' id='line_1_17' title="bbox 510 1674 2093 1755; baseline 0.014 -34"><span class='ocrx_word' id='word_1_98' title='bbox 510 1682 674 1735; x_wconf 91' lang='lat' dir='ltr'><strong>mur,</strong></span> <span class='ocrx_word' id='word_1_99' title='bbox 732 1674 1183 1740; x_wconf 84' lang='lat' dir='ltr'><strong>quemadmodum</strong></span> <span class='ocrx_word' id='word_1_100' title='bbox 1238 1678 1600 1747; x_wconf 90' lang='lat' dir='ltr'><strong>quibusdam,</strong></span> <span class='ocrx_word' id='word_1_101' title='bbox 1659 1683 1751 1754; x_wconf 90' lang='lat' dir='ltr'><strong>qui</strong></span> <span class='ocrx_word' id='word_1_102' title='bbox 1799 1687 1941 1755; x_wconf 90' lang='lat' dir='ltr'><strong>apud</strong></span> <span class='ocrx_word' id='word_1_103' title='bbox 1995 1701 2093 1743; x_wconf 90' lang='lat' dir='ltr'><strong>vos</strong></span> 
     </span>
    </p>
   </div>
   <div class='ocr_carea' id='block_1_18' title="bbox 508 1768 2091 1845">
    <p class='ocr_par' dir='ltr' id='par_1_18' title="bbox 508 1768 2091 1845">
     <span class='ocr_line' id='line_1_18' title="bbox 508 1768 2091 1845; baseline 0.012 -31"><span class='ocrx_word' id='word_1_104' title='bbox 508 1776 715 1817; x_wconf 90' lang='lat' dir='ltr'><strong>summa</strong></span> <span class='ocrx_word' id='word_1_105' title='bbox 754 1779 937 1820; x_wconf 90' lang='lat' dir='ltr'><strong>rerum</strong></span> <span class='ocrx_word' id='word_1_106' title='bbox 978 1768 1470 1827; x_wconf 85' lang='lat' dir='ltr'><strong>ecclesiasticarum</strong></span> <span class='ocrx_word' id='word_1_107' title='bbox 1513 1775 1874 1845; x_wconf 86' lang='lat' dir='ltr'><strong>gubernacula</strong></span> <span class='ocrx_word' id='word_1_108' title='bbox 1908 1779 2091 1833; x_wconf 86' lang='lat' dir='ltr'><strong>mode-</strong></span> 
     </span>
    </p>
   </div>
   <div class='ocr_carea' id='block_1_19' title="bbox 2204 579 2961 648">
    <p class='ocr_par' dir='ltr' id='par_1_19' title="bbox 2204 579 2961 648">
     <span class='ocr_line' id='line_1_19' title="bbox 2204 579 2961 648; baseline 0.016 -17"><span class='ocrx_word' id='word_1_109' title='bbox 2204 579 2372 648; x_wconf 73' lang='grc' dir='ltr'><strong>χύνης</strong></span> <span class='ocrx_word' id='word_1_110' title='bbox 2407 580 2648 647; x_wconf 59' lang='lat' dir='ltr'><strong>timeam,</strong></span> <span class='ocrx_word' id='word_1_111' title='bbox 2671 586 2820 640; x_wconf 83' lang='grc' dir='ltr'><strong>καὶοὶ</strong></span> <span class='ocrx_word' id='word_1_112' title='bbox 2850 588 2961 643; x_wconf 77' lang='grc' dir='ltr'><strong>ἐπί·</strong></span> 
     </span>
    </p>
   </div>
   <div class='ocr_carea' id='block_1_20' title="bbox 2202 681 2961 762">
    <p class='ocr_par' dir='ltr' id='par_1_20' title="bbox 2202 681 2961 762">
     <span class='ocr_line' id='line_1_20' title="bbox 2202 681 2961 762; baseline 0.011 -30"><span class='ocrx_word' id='word_1_113' title='bbox 2202 696 2383 733; x_wconf 79' lang='grc' dir='ltr'>σκοποι</span> <span class='ocrx_word' id='word_1_114' title='bbox 2454 681 2513 734; x_wconf 78' lang='grc' dir='ltr'><strong>οὐ</strong></span> <span class='ocrx_word' id='word_1_115' title='bbox 2580 684 2713 751; x_wconf 76' lang='grc' dir='ltr'><strong><em>μετὰ</em></strong></span> <span class='ocrx_word' id='word_1_116' title='bbox 2779 688 2961 762; x_wconf 82' lang='grc' dir='ltr'>μικρᾶς</span> 
     </span>
    </p>
   </div>
   <div class='ocr_carea' id='block_1_21' title="bbox 2200 772 2957 848">
    <p class='ocr_par' dir='ltr' id='par_1_21' title="bbox 2200 772 2957 848">
     <span class='ocr_line' id='line_1_21' title="bbox 2200 772 2957 848; baseline 0.015 -23"><span class='ocrx_word' id='word_1_117' title='bbox 2200 772 2379 833; x_wconf 67' lang='grc' dir='ltr'><strong>ἐκεῖθεν</strong></span> <span class='ocrx_word' id='word_1_118' title='bbox 2408 775 2613 848; x_wconf 77' lang='grc' dir='ltr'><strong>ἀτιμίας</strong></span> <span class='ocrx_word' id='word_1_119' title='bbox 2649 777 2957 836; x_wconf 79' lang='grc' dir='ltr'>ἆπιλοιθῶσι·</span> 
     </span>
    </p>
   </div>
   <div class='ocr_carea' id='block_1_22' title="bbox 2199 874 2962 950">
    <p class='ocr_par' dir='ltr' id='par_1_22' title="bbox 2199 874 2962 950">
     <span class='ocr_line' id='line_1_22' title="bbox 2199 874 2962 950; baseline 0.012 -25"><span class='ocrx_word' id='word_1_120' title='bbox 2199 874 2283 926; x_wconf 75' lang='grc' dir='ltr'><strong>ναὶ</strong></span> <span class='ocrx_word' id='word_1_121' title='bbox 2318 878 2488 929; x_wconf 80' lang='grc' dir='ltr'>ταῦτα</span> <span class='ocrx_word' id='word_1_122' title='bbox 2533 874 2789 939; x_wconf 78' lang='grc' dir='ltr'><strong>μηδέποτε</strong></span> <span class='ocrx_word' id='word_1_123' title='bbox 2818 899 2962 950; x_wconf 70' lang='lat'><strong>7270-</strong></span> 
     </span>
    </p>
   </div>
   <div class='ocr_carea' id='block_1_23' title="bbox 2196 969 2962 1051">
    <p class='ocr_par' dir='ltr' id='par_1_23' title="bbox 2196 969 2962 1051">
     <span class='ocr_line' id='line_1_23' title="bbox 2196 969 2962 1051; baseline 0.012 -31"><span class='ocrx_word' id='word_1_124' title='bbox 2196 969 2340 1030; x_wconf 77' lang='grc' dir='ltr'>νυίας</span> <span class='ocrx_word' id='word_1_125' title='bbox 2379 972 2498 1045; x_wconf 79' lang='grc' dir='ltr'>πιρὶ</span> <span class='ocrx_word' id='word_1_126' title='bbox 2535 972 2719 1028; x_wconf 77' lang='grc' dir='ltr'>τούτου</span> <span class='ocrx_word' id='word_1_127' title='bbox 2751 976 2962 1051; x_wconf 78' lang='grc' dir='ltr'>κρίσεως</span> 
     </span>
    </p>
   </div>
   <div class='ocr_carea' id='block_1_24' title="bbox 2197 1061 2958 1150">
    <p class='ocr_par' dir='ltr' id='par_1_24' title="bbox 2197 1061 2958 1150">
     <span class='ocr_line' id='line_1_24' title="bbox 2197 1061 2958 1150; baseline 0.012 -31"><span class='ocrx_word' id='word_1_128' title='bbox 2197 1061 2405 1122; x_wconf 70' lang='grc' dir='ltr'>ἐνώπιον</span> <span class='ocrx_word' id='word_1_129' title='bbox 2466 1069 2641 1139; x_wconf 74' lang='grc' dir='ltr'><strong>ὑμῶν·</strong></span> <span class='ocrx_word' id='word_1_130' title='bbox 2696 1068 2809 1126; x_wconf 70' lang='grc' dir='ltr'><strong>οὐδὲ</strong></span> <span class='ocrx_word' id='word_1_131' title='bbox 2859 1074 2958 1150; x_wconf 74' lang='grc' dir='ltr'><strong>γὰρ</strong></span> 
     </span>
    </p>
   </div>
   <div class='ocr_carea' id='block_1_25' title="bbox 2195 1165 2958 1240">
    <p class='ocr_par' dir='ltr' id='par_1_25' title="bbox 2195 1165 2958 1240">
     <span class='ocr_line' id='line_1_25' title="bbox 2195 1165 2958 1240; baseline 0.013 -21"><span class='ocrx_word' id='word_1_132' title='bbox 2195 1165 2606 1240; x_wconf 70' lang='grc' dir='ltr'><strong>προσεκλήθημᾶν</strong></span> <span class='ocrx_word' id='word_1_133' title='bbox 2685 1190 2810 1226; x_wconf 78' lang='grc' dir='ltr'>ποτε</span> <span class='ocrx_word' id='word_1_134' title='bbox 2878 1177 2958 1236; x_wconf 75' lang='grc' dir='ltr'><strong>εἰς</strong></span> 
     </span>
    </p>
   </div>
   <div class='ocr_carea' id='block_1_26' title="bbox 2196 1262 2960 1336">
    <p class='ocr_par' dir='ltr' id='par_1_26' title="bbox 2196 1262 2960 1336">
     <span class='ocr_line' id='line_1_26' title="bbox 2196 1262 2960 1336; baseline 0.013 -21"><span class='ocrx_word' id='word_1_135' title='bbox 2196 1266 2451 1336; x_wconf 74' lang='grc' dir='ltr'><strong>κριτήριον</strong></span> <span class='ocrx_word' id='word_1_136' title='bbox 2519 1262 2605 1321; x_wconf 81' lang='grc' dir='ltr'>διὰ</span> <span class='ocrx_word' id='word_1_137' title='bbox 2659 1270 2833 1328; x_wconf 82' lang='grc' dir='ltr'>τούτο.</span> <span class='ocrx_word' id='word_1_138' title='bbox 2903 1274 2960 1326; x_wconf 81' lang='grc' dir='ltr'><strong>Εἰ</strong></span> 
     </span>
    </p>
   </div>
   <div class='ocr_carea' id='block_1_27' title="bbox 2193 1360 2959 1442">
    <p class='ocr_par' dir='ltr' id='par_1_27' title="bbox 2193 1360 2959 1442">
     <span class='ocr_line' id='line_1_27' title="bbox 2193 1360 2959 1442; baseline 0.018 -30"><span class='ocrx_word' id='word_1_139' title='bbox 2193 1363 2313 1430; x_wconf 68' lang='grc' dir='ltr'><strong>γοῦν</strong></span> <span class='ocrx_word' id='word_1_140' title='bbox 2337 1360 2496 1434; x_wconf 70' lang='grc' dir='ltr'>λέγεις</span> <span class='ocrx_word' id='word_1_141' title='bbox 2515 1367 2799 1442; x_wconf 74' lang='grc' dir='ltr'><strong>προτέρους</strong></span> <span class='ocrx_word' id='word_1_142' title='bbox 2822 1373 2959 1442; x_wconf 68' lang='grc' dir='ltr'><strong>ἡμᾶς</strong></span> 
     </span>
    </p>
   </div>
   <div class='ocr_carea' id='block_1_28' title="bbox 2194 1460 2956 1537">
    <p class='ocr_par' dir='ltr' id='par_1_28' title="bbox 2194 1460 2956 1537">
     <span class='ocr_line' id='line_1_28' title="bbox 2194 1460 2956 1537; baseline 0.028 -28"><span class='ocrx_word' id='word_1_143' title='bbox 2194 1460 2315 1518; x_wconf 82' lang='grc' dir='ltr'>τοὺς</span> <span class='ocrx_word' id='word_1_144' title='bbox 2394 1462 2784 1537; x_wconf 76' lang='grc' dir='ltr'>πρεσϐυτέρους</span> <span class='ocrx_word' id='word_1_145' title='bbox 2863 1476 2956 1530; x_wconf 76' lang='grc' dir='ltr'><strong>τῆς</strong></span> 
     </span>
    </p>
   </div>
   <div class='ocr_carea' id='block_1_29' title="bbox 2196 1550 2954 1622">
    <p class='ocr_par' dir='ltr' id='par_1_29' title="bbox 2196 1558 2954 1622">
     <span class='ocr_line' id='line_1_29' title="bbox 2196 1558 2954 1622; baseline 0.021 -17"><span class='ocrx_word' id='word_1_146' title='bbox 2196 1558 2576 1615; x_wconf 75' lang='grc' dir='ltr'>Κωνσταντινου</span> <span class='ocrx_word' id='word_1_147' title='bbox 2584 1561 2794 1617; x_wconf 79' lang='grc' dir='ltr'>πολιτῶν</span> <span class='ocrx_word' id='word_1_148' title='bbox 2825 1562 2954 1622; x_wconf 84' lang='grc' dir='ltr'>διοι-</span> 
     </span>
    </p>
   </div>
   <div class='ocr_carea' id='block_1_30' title="bbox 2195 1654 2958 1736">
    <p class='ocr_par' dir='ltr' id='par_1_30' title="bbox 2195 1654 2958 1736">
     <span class='ocr_line' id='line_1_30' title="bbox 2195 1654 2958 1736; baseline 0.021 -31"><span class='ocrx_word' id='word_1_149' title='bbox 2195 1654 2388 1716; x_wconf 80' lang='grc' dir='ltr'>κήσιως</span> <span class='ocrx_word' id='word_1_150' title='bbox 2432 1659 2508 1717; x_wconf 73' lang='grc' dir='ltr'><strong>εἰς</strong></span> <span class='ocrx_word' id='word_1_151' title='bbox 2538 1663 2626 1718; x_wconf 74' lang='grc' dir='ltr'><strong>τὴν</strong></span> <span class='ocrx_word' id='word_1_152' title='bbox 2652 1661 2958 1736; x_wconf 76' lang='grc' dir='ltr'><strong>προῤῥηθιῖ-</strong></span> 
     </span>
    </p>
   </div>
   <div class='ocr_carea' id='block_1_31' title="bbox 2194 1754 2956 1835">
    <p class='ocr_par' dir='ltr' id='par_1_31' title="bbox 2194 1754 2956 1835">
     <span class='ocr_line' id='line_1_31' title="bbox 2194 1754 2956 1835; baseline 0.017 -32"><span class='ocrx_word' id='word_1_153' title='bbox 2194 1768 2293 1805; x_wconf 83' lang='grc' dir='ltr'>σοιν</span> <span class='ocrx_word' id='word_1_154' title='bbox 2374 1754 2558 1828; x_wconf 78' lang='grc' dir='ltr'><strong>χώραν</strong></span> <span class='ocrx_word' id='word_1_155' title='bbox 2647 1755 2956 1835; x_wconf 68' lang='grc' dir='ltr'><strong>λειτουργεῖν</strong></span> 
     </span>
    </p>
   </div>
   <div class='ocr_carea' id='block_1_32' title="bbox 507 1846 2085 1938">
    <p class='ocr_par' dir='ltr' id='par_1_32' title="bbox 507 1846 2085 1938">
     <span class='ocr_line' id='line_1_32' title="bbox 507 1846 2085 1938; baseline 0.013 -33"><span class='ocrx_word' id='word_1_156' title='bbox 507 1860 710 1920; x_wconf 90' lang='lat' dir='ltr'><strong>rantes,</strong></span> <span class='ocrx_word' id='word_1_157' title='bbox 742 1863 868 1912; x_wconf 90' lang='lat' dir='ltr'><strong>tunc</strong></span> <span class='ocrx_word' id='word_1_158' title='bbox 891 1860 1218 1929; x_wconf 84' lang='lat' dir='ltr'><strong>synodorum</strong></span> <span class='ocrx_word' id='word_1_159' title='bbox 1249 1846 1471 1930; x_wconf 79' lang='lat' dir='ltr'><strong>statuta,</strong></span> <span class='ocrx_word' id='word_1_160' title='bbox 1494 1864 1579 1920; x_wconf 87' lang='lat' dir='ltr'><strong>vel</strong></span> <span class='ocrx_word' id='word_1_161' title='bbox 1600 1867 1760 1922; x_wconf 89' lang='lat' dir='ltr'><strong>etiam</strong></span> <span class='ocrx_word' id='word_1_162' title='bbox 1786 1868 2085 1938; x_wconf 65' lang='lat' dir='ltr'><strong>apostolicae</strong></span> 
     </span>
    </p>
   </div>
   <div class='ocr_carea' id='block_1_33' title="bbox 2216 1846 2957 1938">
    <p class='ocr_par' dir='ltr' id='par_1_33' title="bbox 2216 1846 2957 1927">
     <span class='ocr_line' id='line_1_33' title="bbox 2216 1846 2957 1927; baseline 0.016 -28"><span class='ocrx_word' id='word_1_163' title='bbox 2216 1846 2529 1905; x_wconf 77' lang='grc' dir='ltr'>ὶποκωλῦσοιι</span> <span class='ocrx_word' id='word_1_164' title='bbox 2558 1889 2574 1917; x_wconf 89' lang='grc'><strong>,</strong></span> <span class='ocrx_word' id='word_1_165' title='bbox 2624 1852 2713 1907; x_wconf 74' lang='grc' dir='ltr'><strong>οὐκ</strong></span> <span class='ocrx_word' id='word_1_166' title='bbox 2775 1856 2957 1927; x_wconf 74' lang='grc' dir='ltr'><strong>ἀρνού-</strong></span> 
     </span>
    </p>
   </div>
   <div class='ocr_carea' id='block_1_34' title="bbox 506 1941 2090 2026">
    <p class='ocr_par' dir='ltr' id='par_1_34' title="bbox 506 1941 2090 2026">
     <span class='ocr_line' id='line_1_34' title="bbox 506 1941 2090 2026; baseline 0.014 -32"><span class='ocrx_word' id='word_1_167' title='bbox 506 1941 651 1996; x_wconf 86' lang='lat' dir='ltr'><strong>sedis</strong></span> <span class='ocrx_word' id='word_1_168' title='bbox 680 1943 897 2002; x_wconf 90' lang='lat' dir='ltr'><strong>decreta</strong></span> <span class='ocrx_word' id='word_1_169' title='bbox 945 1948 1247 2018; x_wconf 82' lang='lat' dir='ltr'><strong>proferunt,</strong></span> <span class='ocrx_word' id='word_1_170' title='bbox 1277 1968 1400 2009; x_wconf 91' lang='lat' dir='ltr'><strong>cum</strong></span> <span class='ocrx_word' id='word_1_171' title='bbox 1429 1954 1513 2010; x_wconf 90' lang='lat' dir='ltr'><strong>vel</strong></span> <span class='ocrx_word' id='word_1_172' title='bbox 1560 1956 1695 2012; x_wconf 91' lang='lat' dir='ltr'><strong>alios</strong></span> <span class='ocrx_word' id='word_1_173' title='bbox 1750 1949 1971 2026; x_wconf 64' lang='lat' dir='ltr'><strong>ﬁndere,</strong></span> <span class='ocrx_word' id='word_1_174' title='bbox 2005 1960 2090 2017; x_wconf 85' lang='lat' dir='ltr'><strong>vel</strong></span> 
     </span>
    </p>
   </div>
   <div class='ocr_carea' id='block_1_35' title="bbox 505 2034 2086 2125">
    <p class='ocr_par' dir='ltr' id='par_1_35' title="bbox 505 2034 2086 2125">
     <span class='ocr_line' id='line_1_35' title="bbox 505 2034 2086 2125; baseline 0.013 -37"><span class='ocrx_word' id='word_1_175' title='bbox 505 2048 565 2089; x_wconf 91' lang='lat' dir='ltr'><strong>se</strong></span> <span class='ocrx_word' id='word_1_176' title='bbox 588 2034 780 2105; x_wconf 88' lang='lat' dir='ltr'><strong>juvare</strong></span> <span class='ocrx_word' id='word_1_177' title='bbox 800 2041 1020 2110; x_wconf 90' lang='lat' dir='ltr'><strong>cupiunt</strong></span> <span class='ocrx_word' id='word_1_178' title='bbox 1055 2060 1069 2096; x_wconf 92' lang='lat'><strong>:</strong></span> <span class='ocrx_word' id='word_1_179' title='bbox 1102 2052 1157 2099; x_wconf 92' lang='lat' dir='ltr'><strong>et</strong></span> <span class='ocrx_word' id='word_1_180' title='bbox 1187 2044 1301 2101; x_wconf 71' lang='lat' dir='ltr'><strong>haec</strong></span> <span class='ocrx_word' id='word_1_181' title='bbox 1330 2056 1457 2103; x_wconf 92' lang='lat' dir='ltr'><strong>tunc</strong></span> <span class='ocrx_word' id='word_1_182' title='bbox 1503 2050 1603 2105; x_wconf 87' lang='lat' dir='ltr'><strong>sub</strong></span> <span class='ocrx_word' id='word_1_183' title='bbox 1640 2050 1853 2107; x_wconf 92' lang='lat' dir='ltr'><strong>silentio</strong></span> <span class='ocrx_word' id='word_1_184' title='bbox 1879 2062 2086 2125; x_wconf 88' lang='lat' dir='ltr'><strong>tegunt,</strong></span> 
     </span>
    </p>
   </div>
   <div class='ocr_carea' id='block_1_36' title="bbox 502 2126 2088 2215">
    <p class='ocr_par' dir='ltr' id='par_1_36' title="bbox 502 2126 2088 2215">
     <span class='ocr_line' id='line_1_36' title="bbox 502 2126 2088 2215; baseline 0.016 -38"><span class='ocrx_word' id='word_1_185' title='bbox 502 2126 721 2194; x_wconf 88' lang='lat' dir='ltr'><strong>quando</strong></span> <span class='ocrx_word' id='word_1_186' title='bbox 754 2129 983 2188; x_wconf 84' lang='lat' dir='ltr'><strong>fortasse</strong></span> <span class='ocrx_word' id='word_1_187' title='bbox 1017 2143 1206 2191; x_wconf 91' lang='lat' dir='ltr'><strong>contra</strong></span> <span class='ocrx_word' id='word_1_188' title='bbox 1251 2153 1330 2204; x_wconf 90' lang='lat' dir='ltr'><strong>se,</strong></span> <span class='ocrx_word' id='word_1_189' title='bbox 1368 2139 1452 2196; x_wconf 91' lang='lat' dir='ltr'><strong>vel</strong></span> <span class='ocrx_word' id='word_1_190' title='bbox 1499 2155 1598 2211; x_wconf 90' lang='lat' dir='ltr'><strong>pro</strong></span> <span class='ocrx_word' id='word_1_191' title='bbox 1646 2142 1768 2199; x_wconf 90' lang='lat' dir='ltr'><strong>aliis</strong></span> <span class='ocrx_word' id='word_1_192' title='bbox 1818 2158 2088 2215; x_wconf 87' lang='lat' dir='ltr'><strong>propone-</strong></span> 
     </span>
    </p>
   </div>
   <div class='ocr_carea' id='block_1_37' title="bbox 505 2222 2091 2307">
    <p class='ocr_par' dir='ltr' id='par_1_37' title="bbox 505 2222 2091 2307">
     <span class='ocr_line' id='line_1_37' title="bbox 505 2222 2091 2307; baseline 0.014 -34"><span class='ocrx_word' id='word_1_193' title='bbox 505 2229 714 2307; x_wconf 75' lang='lat' dir='ltr'><strong>rentur.</strong></span> <span class='ocrx_word' id='word_1_194' title='bbox 745 2222 801 2279; x_wconf 91' lang='lat' dir='ltr'><strong>Si</strong></span> <span class='ocrx_word' id='word_1_195' title='bbox 835 2235 1041 2294; x_wconf 91' lang='lat' dir='ltr'><strong>nostra,</strong></span> <span class='ocrx_word' id='word_1_196' title='bbox 1067 2244 1217 2286; x_wconf 90' lang='lat' dir='ltr'><strong>more</strong></span> <span class='ocrx_word' id='word_1_197' title='bbox 1243 2232 1507 2301; x_wconf 90' lang='lat' dir='ltr'><strong>priorum,</strong></span> <span class='ocrx_word' id='word_1_198' title='bbox 1549 2236 1776 2307; x_wconf 83' lang='lat' dir='ltr'><strong>aequitas</strong></span> <span class='ocrx_word' id='word_1_199' title='bbox 1809 2238 1863 2293; x_wconf 93' lang='lat' dir='ltr'><strong>in</strong></span> <span class='ocrx_word' id='word_1_200' title='bbox 1895 2247 2091 2295; x_wconf 67' lang='lat' dir='ltr'><strong>vestrae</strong></span> 
     </span>
    </p>
   </div>
   <div class='ocr_carea' id='block_1_38' title="bbox 505 2291 2090 2398">
    <p class='ocr_par' dir='ltr' id='par_1_38' title="bbox 505 2291 2090 2398">
     <span class='ocr_line' id='line_1_38' title="bbox 505 2291 2090 2398; baseline 0.014 -33"><span class='ocrx_word' id='word_1_201' title='bbox 505 2291 655 2369; x_wconf 74' lang='lat' dir='ltr'><strong>urbis</strong></span> <span class='ocrx_word' id='word_1_202' title='bbox 676 2317 954 2385; x_wconf 63' lang='lat' dir='ltr'><strong>praesules,</strong></span> <span class='ocrx_word' id='word_1_203' title='bbox 979 2321 1246 2391; x_wconf 84' lang='lat' dir='ltr'><strong>majorum</strong></span> <span class='ocrx_word' id='word_1_204' title='bbox 1279 2326 1479 2398; x_wconf 84' lang='lat' dir='ltr'><strong>regulis</strong></span> <span class='ocrx_word' id='word_1_205' title='bbox 1507 2328 1810 2397; x_wconf 88' lang='lat' dir='ltr'><strong>obviantes,</strong></span> <span class='ocrx_word' id='word_1_206' title='bbox 1845 2346 2090 2387; x_wconf 90' lang='lat' dir='ltr'><strong>commo-</strong></span> 
     </span>
    </p>
   </div>
   <div class='ocr_carea' id='block_1_39' title="bbox 502 2406 2090 2489">
    <p class='ocr_par' dir='ltr' id='par_1_39' title="bbox 502 2406 2090 2489">
     <span class='ocr_line' id='line_1_39' title="bbox 502 2406 2090 2489; baseline 0.013 -34"><span class='ocrx_word' id='word_1_207' title='bbox 502 2406 616 2484; x_wconf 82' lang='lat' dir='ltr'><strong>veri</strong></span> <span class='ocrx_word' id='word_1_208' title='bbox 643 2409 882 2464; x_wconf 81' lang='lat' dir='ltr'><strong>severius</strong></span> <span class='ocrx_word' id='word_1_209' title='bbox 904 2411 1183 2479; x_wconf 90' lang='lat' dir='ltr'><strong>voluisset,</strong></span> <span class='ocrx_word' id='word_1_210' title='bbox 1224 2416 1473 2484; x_wconf 88' lang='lat' dir='ltr'><strong>quamvis</strong></span> <span class='ocrx_word' id='word_1_211' title='bbox 1501 2417 1669 2472; x_wconf 87' lang='lat' dir='ltr'><strong>multa</strong></span> <span class='ocrx_word' id='word_1_212' title='bbox 1719 2419 1999 2489; x_wconf 88' lang='lat' dir='ltr'><strong>instantia,</strong></span> <span class='ocrx_word' id='word_1_213' title='bbox 2036 2430 2090 2478; x_wconf 91' lang='lat' dir='ltr'><strong>et</strong></span> 
     </span>
    </p>
   </div>
   <div class='ocr_carea' id='block_1_40' title="bbox 505 2476 2091 2580">
    <p class='ocr_par' dir='ltr' id='par_1_40' title="bbox 505 2476 2091 2580">
     <span class='ocr_line' id='line_1_40' title="bbox 505 2476 2091 2580; baseline 0.015 -34"><span class='ocrx_word' id='word_1_214' title='bbox 505 2476 782 2552; x_wconf 83' lang='lat' dir='ltr'><strong>certamen</strong></span> <span class='ocrx_word' id='word_1_215' title='bbox 832 2500 934 2554; x_wconf 88' lang='lat' dir='ltr'><strong>viri</strong></span> <span class='ocrx_word' id='word_1_216' title='bbox 982 2504 1389 2571; x_wconf 87' lang='lat' dir='ltr'><strong>prudentissimi</strong></span> <span class='ocrx_word' id='word_1_217' title='bbox 1440 2516 1494 2563; x_wconf 88' lang='lat' dir='ltr'><strong>et</strong></span> <span class='ocrx_word' id='word_1_218' title='bbox 1544 2508 1938 2580; x_wconf 76' lang='lat' dir='ltr'><strong>religiosissimi</strong></span> <span class='ocrx_word' id='word_1_219' title='bbox 1995 2514 2091 2569; x_wconf 81' lang='lat' dir='ltr'><strong>he-</strong></span> 
     </span>
    </p>
   </div>
   <div class='ocr_carea' id='block_1_41' title="bbox 503 2588 2084 2677">
    <p class='ocr_par' dir='ltr' id='par_1_41' title="bbox 503 2588 2084 2677">
     <span class='ocr_line' id='line_1_41' title="bbox 503 2588 2084 2677; baseline 0.016 -40"><span class='ocrx_word' id='word_1_220' title='bbox 503 2588 721 2653; x_wconf 84' lang='lat' dir='ltr'><strong>gumeni</strong></span> <span class='ocrx_word' id='word_1_221' title='bbox 749 2603 812 2644; x_wconf 91' lang='lat' dir='ltr'><strong>ac</strong></span> <span class='ocrx_word' id='word_1_222' title='bbox 838 2606 1118 2650; x_wconf 87' lang='lat' dir='ltr'><strong>sacrorum</strong></span> <span class='ocrx_word' id='word_1_223' title='bbox 1167 2612 1419 2653; x_wconf 89' lang='lat' dir='ltr'><strong>vasorum</strong></span> <span class='ocrx_word' id='word_1_224' title='bbox 1460 2602 1701 2658; x_wconf 90' lang='lat' dir='ltr'><strong>custodis</strong></span> <span class='ocrx_word' id='word_1_225' title='bbox 1738 2603 2084 2677; x_wconf 86' lang='lat' dir='ltr'><strong>&#39;l‘heognosti,</strong></span> 
     </span>
    </p>
   </div>
   <div class='ocr_carea' id='block_1_42' title="bbox 502 2676 2088 2766">
    <p class='ocr_par' dir='ltr' id='par_1_42' title="bbox 502 2676 2088 2766">
     <span class='ocr_line' id='line_1_42' title="bbox 502 2676 2088 2766; baseline 0.015 -36"><span class='ocrx_word' id='word_1_226' title='bbox 502 2676 597 2746; x_wconf 84' lang='lat' dir='ltr'><strong>qui</strong></span> <span class='ocrx_word' id='word_1_227' title='bbox 634 2678 700 2733; x_wconf 89' lang='lat' dir='ltr'><strong>de</strong></span> <span class='ocrx_word' id='word_1_228' title='bbox 744 2680 963 2750; x_wconf 89' lang='lat' dir='ltr'><strong>pietatis</strong></span> <span class='ocrx_word' id='word_1_229' title='bbox 1014 2696 1208 2745; x_wconf 66' lang='lat' dir='ltr'><strong>vestra}</strong></span> <span class='ocrx_word' id='word_1_230' title='bbox 1254 2677 1565 2760; x_wconf 75' lang='lat' dir='ltr'><strong>virtutibus,</strong></span> <span class='ocrx_word' id='word_1_231' title='bbox 1611 2704 1668 2750; x_wconf 91' lang='lat' dir='ltr'><strong>et</strong></span> <span class='ocrx_word' id='word_1_232' title='bbox 1724 2676 2088 2766; x_wconf 85' lang='lat' dir='ltr'><strong>probabilium</strong></span> 
     </span>
    </p>
   </div>
   <div class='ocr_carea' id='block_1_43' title="bbox 503 2770 2089 2859">
    <p class='ocr_par' dir='ltr' id='par_1_43' title="bbox 503 2770 2089 2859">
     <span class='ocr_line' id='line_1_43' title="bbox 503 2770 2089 2859; baseline 0.015 -39"><span class='ocrx_word' id='word_1_233' title='bbox 503 2780 714 2823; x_wconf 90' lang='lat' dir='ltr'><strong>morum</strong></span> <span class='ocrx_word' id='word_1_234' title='bbox 742 2770 1065 2845; x_wconf 79' lang='lat' dir='ltr'><strong>insignibus,</strong></span> <span class='ocrx_word' id='word_1_235' title='bbox 1092 2788 1148 2831; x_wconf 91' lang='lat' dir='ltr'><strong>et</strong></span> <span class='ocrx_word' id='word_1_236' title='bbox 1189 2779 1554 2849; x_wconf 67' lang='lat' dir='ltr'><strong>trophaeorum</strong></span> <span class='ocrx_word' id='word_1_237' title='bbox 1586 2783 1895 2856; x_wconf 82' lang='lat' dir='ltr'><strong>triumphis,</strong></span> <span class='ocrx_word' id='word_1_238' title='bbox 1926 2796 2089 2859; x_wconf 84' lang='lat' dir='ltr'><strong>atque</strong></span> 
     </span>
    </p>
   </div>
   <div class='ocr_carea' id='block_1_44' title="bbox 502 2859 2085 2949">
    <p class='ocr_par' dir='ltr' id='par_1_44' title="bbox 502 2859 2085 2949">
     <span class='ocr_line' id='line_1_44' title="bbox 502 2859 2085 2949; baseline 0.015 -35"><span class='ocrx_word' id='word_1_239' title='bbox 502 2859 569 2915; x_wconf 90' lang='lat' dir='ltr'><strong>de</strong></span> <span class='ocrx_word' id='word_1_240' title='bbox 629 2861 1016 2921; x_wconf 86' lang='lat' dir='ltr'><strong>beneﬁciorum</strong></span> <span class='ocrx_word' id='word_1_241' title='bbox 1070 2877 1375 2927; x_wconf 76' lang='lat' dir='ltr'><strong>vestrorum</strong></span> <span class='ocrx_word' id='word_1_242' title='bbox 1427 2875 1516 2946; x_wconf 90' lang='lat' dir='ltr'><strong>pie</strong></span> <span class='ocrx_word' id='word_1_243' title='bbox 1562 2877 1664 2932; x_wconf 87' lang='lat' dir='ltr'><strong>sibi</strong></span> <span class='ocrx_word' id='word_1_244' title='bbox 1722 2881 2085 2949; x_wconf 73' lang='lat' dir='ltr'><strong>praestiterum</strong></span> 
     </span>
    </p>
   </div>
   <div class='ocr_carea' id='block_1_45' title="bbox 502 2955 2079 3041">
    <p class='ocr_par' dir='ltr' id='par_1_45' title="bbox 502 2955 2079 3041">
     <span class='ocr_line' id='line_1_45' title="bbox 502 2955 2079 3041; baseline 0.013 -33"><span class='ocrx_word' id='word_1_245' title='bbox 502 2955 866 3025; x_wconf 89' lang='lat' dir='ltr'><strong>multitudine,</strong></span> <span class='ocrx_word' id='word_1_246' title='bbox 893 2976 989 3017; x_wconf 86' lang='lat' dir='ltr'><strong>nos</strong></span> <span class='ocrx_word' id='word_1_247' title='bbox 1018 2961 1309 3033; x_wconf 90' lang='lat' dir='ltr'><strong>plurimum</strong></span> <span class='ocrx_word' id='word_1_248' title='bbox 1340 2966 1600 3025; x_wconf 87' lang='lat' dir='ltr'><strong>relatione</strong></span> <span class='ocrx_word' id='word_1_249' title='bbox 1638 2986 1735 3026; x_wconf 90' lang='lat' dir='ltr'><strong>sua</strong></span> <span class='ocrx_word' id='word_1_250' title='bbox 1764 2971 2079 3041; x_wconf 72' lang='lat' dir='ltr'><strong>lmtilicavit,</strong></span> 
     </span>
    </p>
   </div>
   <div class='ocr_carea' id='block_1_46' title="bbox 500 3048 2086 3137">
    <p class='ocr_par' dir='ltr' id='par_1_46' title="bbox 500 3048 2086 3137">
     <span class='ocr_line' id='line_1_46' title="bbox 500 3048 2086 3137; baseline 0.013 -36"><span class='ocrx_word' id='word_1_251' title='bbox 500 3054 557 3102; x_wconf 87' lang='lat' dir='ltr'><strong>et</strong></span> <span class='ocrx_word' id='word_1_252' title='bbox 577 3048 811 3117; x_wconf 87' lang='lat' dir='ltr'><strong>qualiter</strong></span> <span class='ocrx_word' id='word_1_253' title='bbox 858 3052 1047 3109; x_wconf 89' lang='lat' dir='ltr'><strong>diebus</strong></span> <span class='ocrx_word' id='word_1_254' title='bbox 1100 3056 1318 3124; x_wconf 88' lang='lat' dir='ltr'><strong>vestris,</strong></span> <span class='ocrx_word' id='word_1_255' title='bbox 1373 3074 1610 3130; x_wconf 89' lang='lat' dir='ltr'><strong>superno</strong></span> <span class='ocrx_word' id='word_1_256' title='bbox 1640 3063 1887 3130; x_wconf 89' lang='lat' dir='ltr'><strong>brachio,</strong></span> <span class='ocrx_word' id='word_1_257' title='bbox 1921 3072 2086 3137; x_wconf 89' lang='lat' dir='ltr'><strong>atque</strong></span> 
     </span>
    </p>
   </div>
   <div class='ocr_carea' id='block_1_47' title="bbox 501 3141 2179 3227">
    <p class='ocr_par' dir='ltr' id='par_1_47' title="bbox 501 3141 2179 3227">
     <span class='ocr_line' id='line_1_47' title="bbox 501 3141 2179 3227; baseline 0.013 -33"><span class='ocrx_word' id='word_1_258' title='bbox 501 3141 699 3205; x_wconf 87' lang='lat' dir='ltr'><strong>studio,</strong></span> <span class='ocrx_word' id='word_1_259' title='bbox 742 3152 798 3199; x_wconf 92' lang='lat' dir='ltr'><strong>et</strong></span> <span class='ocrx_word' id='word_1_260' title='bbox 821 3143 1064 3212; x_wconf 88' lang='lat' dir='ltr'><strong>solertia,</strong></span> <span class='ocrx_word' id='word_1_261' title='bbox 1098 3156 1278 3204; x_wconf 90' lang='lat' dir='ltr'><strong>vestra</strong></span> <span class='ocrx_word' id='word_1_262' title='bbox 1305 3149 1689 3210; x_wconf 88' lang='lat' dir='ltr'><strong>Christianitas</strong></span> <span class='ocrx_word' id='word_1_263' title='bbox 1713 3167 2080 3227; x_wconf 90' lang='lat' dir='ltr'><strong>prosperetur,</strong></span> <span class='ocrx_word' id='word_1_264' title='bbox 2176 3182 2179 3185; x_wconf 52' lang='grc' dir='ltr'><strong>π</strong></span> 
     </span>
    </p>
   </div>
   <div class='ocr_carea' id='block_1_48' title="bbox 500 3235 2157 3307">
    <p class='ocr_par' dir='ltr' id='par_1_48' title="bbox 500 3235 2157 3307">
     <span class='ocr_line' id='line_1_48' title="bbox 500 3235 2157 3307; baseline 0.014 -23"><span class='ocrx_word' id='word_1_265' title='bbox 500 3244 791 3300; x_wconf 89' lang='lat' dir='ltr'><strong>enarrans,</strong></span> <span class='ocrx_word' id='word_1_266' title='bbox 824 3235 892 3291; x_wconf 89' lang='lat' dir='ltr'><strong>ad</strong></span> <span class='ocrx_word' id='word_1_267' title='bbox 942 3237 1286 3297; x_wconf 90' lang='lat' dir='ltr'><strong>multimodas</strong></span> <span class='ocrx_word' id='word_1_268' title='bbox 1339 3241 1527 3300; x_wconf 88' lang='lat' dir='ltr'><strong>laudes</strong></span> <span class='ocrx_word' id='word_1_269' title='bbox 1583 3256 1785 3303; x_wconf 65' lang='lat' dir='ltr'><strong>sanctae</strong></span> <span class='ocrx_word' id='word_1_270' title='bbox 1832 3249 2082 3307; x_wconf 86' lang='lat' dir='ltr'><strong>Trinitati</strong></span> <span class='ocrx_word' id='word_1_271' title='bbox 2115 3235 2157 3298; x_wconf 63' lang='grc' dir='ltr'><strong>(δ</strong></span> 
     </span>
    </p>
   </div>
   <div class='ocr_carea' id='block_1_49' title="bbox 501 3323 2085 3416">
    <p class='ocr_par' dir='ltr' id='par_1_49' title="bbox 501 3323 2085 3416">
     <span class='ocr_line' id='line_1_49' title="bbox 501 3323 2085 3416; baseline 0.015 -39"><span class='ocrx_word' id='word_1_272' title='bbox 501 3323 824 3394; x_wconf 85' lang='lat' dir='ltr'><strong>reddendas,</strong></span> <span class='ocrx_word' id='word_1_273' title='bbox 856 3337 911 3385; x_wconf 92' lang='lat' dir='ltr'><strong>et</strong></span> <span class='ocrx_word' id='word_1_274' title='bbox 934 3332 1158 3402; x_wconf 76' lang='lat' dir='ltr'><strong>gratias,</strong></span> <span class='ocrx_word' id='word_1_275' title='bbox 1189 3333 1483 3394; x_wconf 88' lang='lat' dir='ltr'><strong>alacriores</strong></span> <span class='ocrx_word' id='word_1_276' title='bbox 1508 3340 1781 3409; x_wconf 86' lang='lat' dir='ltr'><strong>exhibuit,</strong></span> <span class='ocrx_word' id='word_1_277' title='bbox 1804 3342 1869 3397; x_wconf 92' lang='lat' dir='ltr'><strong>ad</strong></span> <span class='ocrx_word' id='word_1_278' title='bbox 1898 3354 2085 3416; x_wconf 87' lang='lat' dir='ltr'><strong>postu-</strong></span> 
     </span>
    </p>
   </div>
   <div class='ocr_carea' id='block_1_50' title="bbox 500 3413 2079 3506">
    <p class='ocr_par' dir='ltr' id='par_1_50' title="bbox 500 3413 2079 3506">
     <span class='ocr_line' id='line_1_50' title="bbox 500 3413 2079 3506; baseline 0.016 -38"><span class='ocrx_word' id='word_1_279' title='bbox 500 3413 608 3470; x_wconf 89' lang='lat' dir='ltr'><strong>lata</strong></span> <span class='ocrx_word' id='word_1_280' title='bbox 634 3418 891 3476; x_wconf 89' lang='lat' dir='ltr'><strong>divinitus</strong></span> <span class='ocrx_word' id='word_1_281' title='bbox 928 3425 1223 3481; x_wconf 89' lang='lat' dir='ltr'><strong>muniendo</strong></span> <span class='ocrx_word' id='word_1_282' title='bbox 1258 3427 1483 3499; x_wconf 90' lang='lat' dir='ltr'><strong>imperio</strong></span> <span class='ocrx_word' id='word_1_283' title='bbox 1511 3442 1692 3488; x_wconf 91' lang='lat' dir='ltr'><strong>vestro</strong></span> <span class='ocrx_word' id='word_1_284' title='bbox 1717 3437 2079 3506; x_wconf 90' lang='lat' dir='ltr'><strong>concedenda,</strong></span> 
     </span>
    </p>
   </div>
   <div class='ocr_carea' id='block_1_51' title="bbox 498 3513 2080 3596">
    <p class='ocr_par' dir='ltr' id='par_1_51' title="bbox 498 3513 2080 3596">
     <span class='ocr_line' id='line_1_51' title="bbox 498 3513 2080 3596; baseline 0.015 -35"><span class='ocrx_word' id='word_1_285' title='bbox 498 3522 598 3563; x_wconf 88' lang='lat' dir='ltr'><strong>nos</strong></span> <span class='ocrx_word' id='word_1_286' title='bbox 625 3524 785 3579; x_wconf 87' lang='lat' dir='ltr'><strong>supra</strong></span> <span class='ocrx_word' id='word_1_287' title='bbox 821 3513 1039 3570; x_wconf 91' lang='lat' dir='ltr'><strong>modum</strong></span> <span class='ocrx_word' id='word_1_288' title='bbox 1079 3515 1473 3589; x_wconf 81' lang='lat' dir='ltr'><strong>eﬁlagitaverit,</strong></span> <span class='ocrx_word' id='word_1_289' title='bbox 1500 3532 1556 3577; x_wconf 91' lang='lat' dir='ltr'><strong>et</strong></span> <span class='ocrx_word' id='word_1_290' title='bbox 1597 3524 1737 3579; x_wconf 90' lang='lat' dir='ltr'><strong>ultra</strong></span> <span class='ocrx_word' id='word_1_291' title='bbox 1767 3542 1929 3596; x_wconf 89' lang='lat' dir='ltr'><strong>quam</strong></span> <span class='ocrx_word' id='word_1_292' title='bbox 1975 3530 2080 3585; x_wconf 92' lang='lat' dir='ltr'><strong>dici</strong></span> 
     </span>
    </p>
   </div>
   <div class='ocr_carea' id='block_1_52' title="bbox 497 3599 2083 3686">
    <p class='ocr_par' dir='ltr' id='par_1_52' title="bbox 497 3599 2083 3686">
     <span class='ocr_line' id='line_1_52' title="bbox 497 3599 2083 3686; baseline 0.017 -35"><span class='ocrx_word' id='word_1_293' title='bbox 497 3599 669 3666; x_wconf 87' lang='lat' dir='ltr'><strong>possit</strong></span> <span class='ocrx_word' id='word_1_294' title='bbox 715 3601 875 3658; x_wconf 90' lang='lat' dir='ltr'><strong>solito</strong></span> <span class='ocrx_word' id='word_1_295' title='bbox 908 3613 963 3661; x_wconf 93' lang='lat' dir='ltr'><strong>et</strong></span> <span class='ocrx_word' id='word_1_296' title='bbox 1009 3607 1188 3677; x_wconf 91' lang='lat' dir='ltr'><strong>prisco</strong></span> <span class='ocrx_word' id='word_1_297' title='bbox 1232 3625 1402 3678; x_wconf 91' lang='lat' dir='ltr'><strong>more,</strong></span> <span class='ocrx_word' id='word_1_298' title='bbox 1451 3629 1517 3668; x_wconf 87' lang='lat' dir='ltr'><strong>ac</strong></span> <span class='ocrx_word' id='word_1_299' title='bbox 1566 3630 1665 3686; x_wconf 87' lang='lat' dir='ltr'><strong>pro</strong></span> <span class='ocrx_word' id='word_1_300' title='bbox 1699 3618 2083 3678; x_wconf 88' lang='lat' dir='ltr'><strong>ecclesiasticis</strong></span> 
     </span>
    </p>
   </div>
   <div class='ocr_carea' id='block_1_53' title="bbox 497 3688 2082 3782">
    <p class='ocr_par' dir='ltr' id='par_1_53' title="bbox 497 3688 2082 3782">
     <span class='ocr_line' id='line_1_53' title="bbox 497 3688 2082 3782; baseline 0.017 -40"><span class='ocrx_word' id='word_1_301' title='bbox 497 3688 820 3749; x_wconf 84' lang='lat' dir='ltr'><strong>utilitatibus</strong></span> <span class='ocrx_word' id='word_1_302' title='bbox 868 3693 1180 3767; x_wconf 84' lang='lat' dir='ltr'><strong>frequenter</strong></span> <span class='ocrx_word' id='word_1_303' title='bbox 1216 3700 1481 3772; x_wconf 91' lang='lat' dir='ltr'><strong>impenso,</strong></span> <span class='ocrx_word' id='word_1_304' title='bbox 1529 3707 1736 3763; x_wconf 88' lang='lat' dir='ltr'><strong>crebris</strong></span> <span class='ocrx_word' id='word_1_305' title='bbox 1775 3714 2082 3782; x_wconf 81' lang='lat' dir='ltr'><strong>suggestio-</strong></span> 
     </span>
    </p>
   </div>
   <div class='ocr_carea' id='block_1_54' title="bbox 497 3780 2078 3875">
    <p class='ocr_par' dir='ltr' id='par_1_54' title="bbox 497 3780 2078 3875">
     <span class='ocr_line' id='line_1_54' title="bbox 497 3780 2078 3875; baseline 0.016 -41"><span class='ocrx_word' id='word_1_306' title='bbox 497 3780 656 3837; x_wconf 89' lang='lat' dir='ltr'><strong>nibus</strong></span> <span class='ocrx_word' id='word_1_307' title='bbox 681 3782 1037 3858; x_wconf 87' lang='lat' dir='ltr'><strong>investigarit.</strong></span> <span class='ocrx_word' id='word_1_308' title='bbox 1064 3788 1239 3860; x_wconf 91' lang='lat' dir='ltr'><strong>Super</strong></span> <span class='ocrx_word' id='word_1_309' title='bbox 1281 3794 1476 3864; x_wconf 88' lang='lat' dir='ltr'><strong>quibus</strong></span> <span class='ocrx_word' id='word_1_310' title='bbox 1509 3803 1688 3852; x_wconf 91' lang='lat' dir='ltr'><strong>tamen</strong></span> <span class='ocrx_word' id='word_1_311' title='bbox 1726 3780 1947 3871; x_wconf 71' lang='lat' dir='ltr'><strong>propter</strong></span> <span class='ocrx_word' id='word_1_312' title='bbox 1966 3803 2078 3875; x_wconf 86' lang='lat' dir='ltr'><strong>jam</strong></span> 
     </span>
    </p>
   </div>
   <div class='ocr_carea' id='block_1_55' title="bbox 493 3871 2079 3960">
    <p class='ocr_par' dir='ltr' id='par_1_55' title="bbox 493 3871 2079 3960">
     <span class='ocr_line' id='line_1_55' title="bbox 493 3871 2079 3960; baseline 0.016 -34"><span class='ocrx_word' id='word_1_313' title='bbox 493 3871 832 3945; x_wconf 87' lang='lat' dir='ltr'><strong>designatam</strong></span> <span class='ocrx_word' id='word_1_314' title='bbox 888 3892 1129 3949; x_wconf 87' lang='lat' dir='ltr'><strong>causam,</strong></span> <span class='ocrx_word' id='word_1_315' title='bbox 1183 3899 1285 3939; x_wconf 93' lang='lat' dir='ltr'><strong>nec</strong></span> <span class='ocrx_word' id='word_1_316' title='bbox 1335 3901 1577 3944; x_wconf 87' lang='lat' dir='ltr'><strong>annuere</strong></span> <span class='ocrx_word' id='word_1_317' title='bbox 1619 3904 1937 3960; x_wconf 88' lang='lat' dir='ltr'><strong>possumus,</strong></span> <span class='ocrx_word' id='word_1_318' title='bbox 1978 3910 2079 3953; x_wconf 92' lang='lat' dir='ltr'><strong>nec</strong></span> 
     </span>
    </p>
   </div>
   <div class='ocr_carea' id='block_1_56' title="bbox 493 3970 2076 4056">
    <p class='ocr_par' dir='ltr' id='par_1_56' title="bbox 493 3970 2076 4056">
     <span class='ocr_line' id='line_1_56' title="bbox 493 3970 2076 4056; baseline 0.015 -33"><span class='ocrx_word' id='word_1_319' title='bbox 493 3970 786 4042; x_wconf 86' lang='lat' dir='ltr'><strong>quidquam</strong></span> <span class='ocrx_word' id='word_1_320' title='bbox 834 3984 1028 4043; x_wconf 81' lang='lat' dir='ltr'><strong>praeter</strong></span> <span class='ocrx_word' id='word_1_321' title='bbox 1074 3978 1128 4033; x_wconf 91' lang='lat' dir='ltr'><strong>id</strong></span> <span class='ocrx_word' id='word_1_322' title='bbox 1168 3979 1311 4048; x_wconf 90' lang='lat' dir='ltr'><strong>quod</strong></span> <span class='ocrx_word' id='word_1_323' title='bbox 1332 3980 1446 4052; x_wconf 88' lang='lat' dir='ltr'><strong>jam</strong></span> <span class='ocrx_word' id='word_1_324' title='bbox 1495 3985 1927 4055; x_wconf 83' lang='lat' dir='ltr'><strong>evangelizatum</strong></span> <span class='ocrx_word' id='word_1_325' title='bbox 1970 3997 2076 4056; x_wconf 91' lang='lat' dir='ltr'><strong>est,</strong></span> 
     </span>
    </p>
   </div>
   <div class='ocr_carea' id='block_1_57' title="bbox 494 4062 1925 4127">
    <p class='ocr_par' dir='ltr' id='par_1_57' title="bbox 494 4062 1925 4127">
     <span class='ocr_line' id='line_1_57' title="bbox 494 4062 1925 4127; baseline 0.022 -12"><span class='ocrx_word' id='word_1_326' title='bbox 494 4062 602 4118; x_wconf 94' lang='lat' dir='ltr'><strong>ullo</strong></span> <span class='ocrx_word' id='word_1_327' title='bbox 628 4067 789 4122; x_wconf 88' lang='lat' dir='ltr'><strong>modo</strong></span> <span class='ocrx_word' id='word_1_328' title='bbox 814 4067 1059 4127; x_wconf 90' lang='lat' dir='ltr'><strong>deﬁnire.</strong></span> <span class='ocrx_word' id='word_1_329' title='bbox 1901 4066 1925 4089; x_wconf 72' lang='grc'><strong>’</strong></span> 
     </span>
    </p>
   </div>
   <div class='ocr_carea' id='block_1_58' title="bbox 563 4155 2073 4249">
    <p class='ocr_par' dir='ltr' id='par_1_58' title="bbox 563 4155 2073 4249">
     <span class='ocr_line' id='line_1_58' title="bbox 563 4155 2073 4249; baseline 0.017 -39"><span class='ocrx_word' id='word_1_330' title='bbox 563 4155 705 4218; x_wconf 84' lang='lat' dir='ltr'><strong>Deus</strong></span> <span class='ocrx_word' id='word_1_331' title='bbox 731 4169 912 4215; x_wconf 90' lang='lat' dir='ltr'><strong>autem</strong></span> <span class='ocrx_word' id='word_1_332' title='bbox 947 4164 1304 4236; x_wconf 87' lang='lat' dir='ltr'><strong>omnipotens,</strong></span> <span class='ocrx_word' id='word_1_333' title='bbox 1337 4184 1435 4240; x_wconf 89' lang='lat' dir='ltr'><strong>per</strong></span> <span class='ocrx_word' id='word_1_334' title='bbox 1459 4186 1618 4243; x_wconf 89' lang='lat' dir='ltr'><strong>quem</strong></span> <span class='ocrx_word' id='word_1_335' title='bbox 1646 4188 1799 4246; x_wconf 86' lang='lat' dir='ltr'><strong>reges</strong></span> <span class='ocrx_word' id='word_1_336' title='bbox 1826 4186 2073 4249; x_wconf 84' lang='lat' dir='ltr'><strong>regnant,</strong></span> 
     </span>
    </p>
   </div>
   <div class='ocr_carea' id='block_1_59' title="bbox 490 4247 2074 4339">
    <p class='ocr_par' dir='ltr' id='par_1_59' title="bbox 490 4247 2074 4339">
     <span class='ocr_line' id='line_1_59' title="bbox 490 4247 2074 4339; baseline 0.016 -38"><span class='ocrx_word' id='word_1_337' title='bbox 490 4253 547 4301; x_wconf 87' lang='lat' dir='ltr'><strong>et</strong></span> <span class='ocrx_word' id='word_1_338' title='bbox 584 4247 638 4302; x_wconf 94' lang='lat' dir='ltr'><strong>in</strong></span> <span class='ocrx_word' id='word_1_339' title='bbox 659 4249 812 4320; x_wconf 87' lang='lat' dir='ltr'><strong>cujus</strong></span> <span class='ocrx_word' id='word_1_340' title='bbox 849 4268 1011 4309; x_wconf 90' lang='lat' dir='ltr'><strong>manu</strong></span> <span class='ocrx_word' id='word_1_341' title='bbox 1042 4259 1222 4314; x_wconf 90' lang='lat' dir='ltr'><strong>omnia</strong></span> <span class='ocrx_word' id='word_1_342' title='bbox 1248 4259 1372 4330; x_wconf 86' lang='lat' dir='ltr'><strong>jura</strong></span> <span class='ocrx_word' id='word_1_343' title='bbox 1411 4277 1703 4335; x_wconf 82' lang='lat' dir='ltr'><strong>regnorum</strong></span> <span class='ocrx_word' id='word_1_344' title='bbox 1749 4269 2074 4339; x_wconf 90' lang='lat' dir='ltr'><strong>consistunt,</strong></span> 
     </span>
    </p>
   </div>
   <div class='ocr_carea' id='block_1_60' title="bbox 492 4338 2076 4435">
    <p class='ocr_par' dir='ltr' id='par_1_60' title="bbox 492 4338 2076 4435">
     <span class='ocr_line' id='line_1_60' title="bbox 492 4338 2076 4435; baseline 0.018 -42"><span class='ocrx_word' id='word_1_345' title='bbox 492 4338 777 4411; x_wconf 89' lang='lat' dir='ltr'><strong>imperium</strong></span> <span class='ocrx_word' id='word_1_346' title='bbox 815 4355 1053 4405; x_wconf 80' lang='lat' dir='ltr'><strong>vestrum</strong></span> <span class='ocrx_word' id='word_1_347' title='bbox 1095 4352 1163 4407; x_wconf 89' lang='lat' dir='ltr'><strong>ad</strong></span> <span class='ocrx_word' id='word_1_348' title='bbox 1214 4352 1470 4411; x_wconf 61' lang='lat' dir='ltr'><strong>Ecclesiae</strong></span> <span class='ocrx_word' id='word_1_349' title='bbox 1516 4374 1627 4415; x_wconf 69' lang='lat' dir='ltr'><strong>sure</strong></span> <span class='ocrx_word' id='word_1_350' title='bbox 1668 4370 1869 4419; x_wconf 71' lang='lat' dir='ltr'><strong>sanctae</strong></span> <span class='ocrx_word' id='word_1_351' title='bbox 1898 4364 2076 4435; x_wconf 87' lang='lat' dir='ltr'><strong>paciﬁ-</strong></span> 
     </span>
    </p>
   </div>
   <div class='ocr_carea' id='block_1_61' title="bbox 491 4436 2072 4525">
    <p class='ocr_par' dir='ltr' id='par_1_61' title="bbox 491 4436 2072 4525">
     <span class='ocr_line' id='line_1_61' title="bbox 491 4436 2072 4525; baseline 0.016 -40"><span class='ocrx_word' id='word_1_352' title='bbox 491 4444 613 4486; x_wconf 88' lang='lat' dir='ltr'><strong>cam</strong></span> <span class='ocrx_word' id='word_1_353' title='bbox 640 4436 1081 4496; x_wconf 89' lang='lat' dir='ltr'><strong>constitutionem</strong></span> <span class='ocrx_word' id='word_1_354' title='bbox 1111 4452 1167 4498; x_wconf 93' lang='lat' dir='ltr'><strong>et</strong></span> <span class='ocrx_word' id='word_1_355' title='bbox 1194 4446 1373 4521; x_wconf 89' lang='lat' dir='ltr'><strong>populi</strong></span> <span class='ocrx_word' id='word_1_356' title='bbox 1415 4446 1709 4506; x_wconf 84' lang='lat' dir='ltr'><strong>Christiani</strong></span> <span class='ocrx_word' id='word_1_357' title='bbox 1759 4463 2072 4525; x_wconf 82' lang='lat' dir='ltr'><strong>perpetuam</strong></span> 
     </span>
    </p>
   </div>
   <div class='ocr_carea' id='block_1_62' title="bbox 490 4522 2072 4619">
    <p class='ocr_par' dir='ltr' id='par_1_62' title="bbox 490 4522 2072 4619">
     <span class='ocr_line' id='line_1_62' title="bbox 490 4522 2072 4619; baseline 0.018 -42"><span class='ocrx_word' id='word_1_358' title='bbox 490 4522 797 4584; x_wconf 88' lang='lat' dir='ltr'><strong>libertatem</strong></span> <span class='ocrx_word' id='word_1_359' title='bbox 856 4533 1028 4604; x_wconf 83' lang='lat' dir='ltr'><strong>magis</strong></span> <span class='ocrx_word' id='word_1_360' title='bbox 1080 4550 1144 4591; x_wconf 92' lang='lat' dir='ltr'><strong>ac</strong></span> <span class='ocrx_word' id='word_1_361' title='bbox 1201 4539 1375 4610; x_wconf 78' lang='lat' dir='ltr'><strong>magis</strong></span> <span class='ocrx_word' id='word_1_362' title='bbox 1423 4543 1781 4613; x_wconf 78' lang='lat' dir='ltr'><strong>corroboret,</strong></span> <span class='ocrx_word' id='word_1_363' title='bbox 1847 4522 2072 4619; x_wconf 79' lang='lat' dir='ltr'><strong>ejusque</strong></span> 
     </span>
    </p>
   </div>
   <div class='ocr_carea' id='block_1_63' title="bbox 488 4618 2071 4697">
    <p class='ocr_par' dir='ltr' id='par_1_63' title="bbox 488 4618 2071 4697">
     <span class='ocr_line' id='line_1_63' title="bbox 488 4618 2071 4697; baseline 0.019 -30"><span class='ocrx_word' id='word_1_364' title='bbox 488 4618 798 4684; x_wconf 89' lang='lat' dir='ltr'><strong>potentibus</strong></span> <span class='ocrx_word' id='word_1_365' title='bbox 850 4623 1052 4691; x_wconf 90' lang='lat' dir='ltr'><strong>plantis</strong></span> <span class='ocrx_word' id='word_1_366' title='bbox 1095 4638 1413 4685; x_wconf 84' lang='lat' dir='ltr'><strong>cunctarum</strong></span> <span class='ocrx_word' id='word_1_367' title='bbox 1450 4632 1746 4692; x_wconf 90' lang='lat' dir='ltr'><strong>inﬁdelium</strong></span> <span class='ocrx_word' id='word_1_368' title='bbox 1789 4618 2071 4697; x_wconf 82' lang='lat' dir='ltr'><strong>nationum</strong></span> 
     </span>
    </p>
   </div>
   <div class='ocr_carea' id='block_1_64' title="bbox 487 4707 2068 4790">
    <p class='ocr_par' dir='ltr' id='par_1_64' title="bbox 487 4707 2068 4790">
     <span class='ocr_line' id='line_1_64' title="bbox 487 4707 2068 4790; baseline 0.02 -31"><span class='ocrx_word' id='word_1_369' title='bbox 487 4707 729 4763; x_wconf 89' lang='lat' dir='ltr'><strong>cervices</strong></span> <span class='ocrx_word' id='word_1_370' title='bbox 777 4711 1053 4783; x_wconf 84' lang='lat' dir='ltr'><strong>inﬂectat,</strong></span> <span class='ocrx_word' id='word_1_371' title='bbox 1101 4719 1436 4778; x_wconf 88' lang='lat' dir='ltr'><strong>dilectissimi</strong></span> <span class='ocrx_word' id='word_1_372' title='bbox 1467 4734 1523 4780; x_wconf 88' lang='lat' dir='ltr'><strong>et</strong></span> <span class='ocrx_word' id='word_1_373' title='bbox 1570 4726 2068 4790; x_wconf 83' lang='lat' dir='ltr'><strong>desiderabilissimi</strong></span> 
     </span>
    </p>
   </div>
   <div class='ocr_carea' id='block_1_65' title="bbox 2197 1941 2954 2015">
    <p class='ocr_par' dir='ltr' id='par_1_65' title="bbox 2197 1941 2954 2015">
     <span class='ocr_line' id='line_1_65' title="bbox 2197 1941 2954 2015; baseline 0.015 -18"><span class='ocrx_word' id='word_1_374' title='bbox 2197 1945 2342 2015; x_wconf 78' lang='grc' dir='ltr'>μιθοι.</span> <span class='ocrx_word' id='word_1_375' title='bbox 2390 1941 2554 2003; x_wconf 70' lang='grc' dir='ltr'><strong>Ἦσαν</strong></span> <span class='ocrx_word' id='word_1_376' title='bbox 2618 1955 2710 2005; x_wconf 81' lang='grc' dir='ltr'><strong>τοῦ</strong></span> <span class='ocrx_word' id='word_1_377' title='bbox 2760 1954 2954 2008; x_wconf 66' lang='grc' dir='ltr'>οωτίου</span> 
     </span>
    </p>
   </div>
   <div class='ocr_carea' id='block_1_66' title="bbox 2193 2046 2952 2119">
    <p class='ocr_par' dir='ltr' id='par_1_66' title="bbox 2193 2046 2952 2119">
     <span class='ocr_line' id='line_1_66' title="bbox 2193 2046 2952 2119; baseline 0.014 -24"><span class='ocrx_word' id='word_1_378' title='bbox 2193 2046 2415 2097; x_wconf 77' lang='grc' dir='ltr'><strong>κοινωνοὶ</strong></span> <span class='ocrx_word' id='word_1_379' title='bbox 2480 2048 2566 2100; x_wconf 68' lang='grc' dir='ltr'><strong>καὶ</strong></span> <span class='ocrx_word' id='word_1_380' title='bbox 2626 2050 2952 2119; x_wconf 81' lang='grc' dir='ltr'>συμμύσται,</span> 
     </span>
    </p>
   </div>
   <div class='ocr_carea' id='block_1_67' title="bbox 2193 2137 2954 2213">
    <p class='ocr_par' dir='ltr' id='par_1_67' title="bbox 2193 2137 2954 2213">
     <span class='ocr_line' id='line_1_67' title="bbox 2193 2137 2954 2213; baseline 0.012 -18"><span class='ocrx_word' id='word_1_381' title='bbox 2193 2137 2286 2201; x_wconf 74' lang='grc' dir='ltr'>οὓς</span> <span class='ocrx_word' id='word_1_382' title='bbox 2315 2142 2370 2196; x_wconf 78' lang='grc' dir='ltr'>οὐ</span> <span class='ocrx_word' id='word_1_383' title='bbox 2397 2143 2549 2213; x_wconf 84' lang='grc' dir='ltr'>μόνον</span> <span class='ocrx_word' id='word_1_384' title='bbox 2586 2146 2659 2206; x_wconf 75' lang='grc' dir='ltr'><strong>εἰς</strong></span> <span class='ocrx_word' id='word_1_385' title='bbox 2688 2149 2779 2206; x_wconf 70' lang='grc' dir='ltr'><strong>τήν</strong></span> <span class='ocrx_word' id='word_1_386' title='bbox 2804 2149 2954 2203; x_wconf 84' lang='grc' dir='ltr'>Βουλ-</span> 
     </span>
    </p>
   </div>
   <div class='ocr_carea' id='block_1_68' title="bbox 2174 2238 2952 2315">
    <p class='ocr_par' dir='ltr' id='par_1_68' title="bbox 2174 2238 2952 2315">
     <span class='ocr_line' id='line_1_68' title="bbox 2174 2238 2952 2315; baseline 0.013 -24"><span class='ocrx_word' id='word_1_387' title='bbox 2174 2238 2359 2311; x_wconf 57' lang='grc' dir='ltr'>Ὓάρων</span> <span class='ocrx_word' id='word_1_388' title='bbox 2389 2242 2595 2315; x_wconf 79' lang='grc' dir='ltr'>χώραν.</span> <span class='ocrx_word' id='word_1_389' title='bbox 2625 2241 2748 2298; x_wconf 74' lang='grc' dir='ltr'>ἀλλὰ</span> <span class='ocrx_word' id='word_1_390' title='bbox 2769 2247 2857 2299; x_wconf 76' lang='grc' dir='ltr'><strong>καὶ</strong></span> <span class='ocrx_word' id='word_1_391' title='bbox 2879 2248 2952 2308; x_wconf 74' lang='grc' dir='ltr'><strong>εἰς</strong></span> 
     </span>
    </p>
   </div>
   <div class='ocr_carea' id='block_1_69' title="bbox 2191 2339 2954 2422">
    <p class='ocr_par' dir='ltr' id='par_1_69' title="bbox 2191 2339 2954 2422">
     <span class='ocr_line' id='line_1_69' title="bbox 2191 2339 2954 2422; baseline 0.016 -34"><span class='ocrx_word' id='word_1_392' title='bbox 2191 2340 2367 2391; x_wconf 78' lang='grc' dir='ltr'>πᾶσαν</span> <span class='ocrx_word' id='word_1_393' title='bbox 2386 2339 2676 2399; x_wconf 75' lang='grc' dir='ltr'><strong>Ἐκκλησίαν</strong></span> <span class='ocrx_word' id='word_1_394' title='bbox 2708 2343 2777 2403; x_wconf 82' lang='grc' dir='ltr'>ὡς</span> <span class='ocrx_word' id='word_1_395' title='bbox 2801 2343 2954 2422; x_wconf 72' lang='grc' dir='ltr'><strong>ἱερεῖς</strong></span> 
     </span>
    </p>
   </div>
   <div class='ocr_carea' id='block_1_70' title="bbox 2191 2430 2952 2509">
    <p class='ocr_par' dir='ltr' id='par_1_70' title="bbox 2191 2430 2952 2509">
     <span class='ocr_line' id='line_1_70' title="bbox 2191 2430 2952 2509; baseline 0.013 -24"><span class='ocrx_word' id='word_1_396' title='bbox 2191 2430 2403 2508; x_wconf 66' lang='grc' dir='ltr'><strong>ἐνεργεῖν</strong></span> <span class='ocrx_word' id='word_1_397' title='bbox 2475 2434 2802 2509; x_wconf 70' lang='grc' dir='ltr'><strong>δκωλῦσαμιν</strong></span> <span class='ocrx_word' id='word_1_398' title='bbox 2868 2443 2952 2497; x_wconf 78' lang='grc' dir='ltr'><strong>καὶ</strong></span> 
     </span>
    </p>
   </div>
   <div class='ocr_carea' id='block_1_71' title="bbox 2190 2528 2948 2600">
    <p class='ocr_par' dir='ltr' id='par_1_71' title="bbox 2190 2528 2948 2600">
     <span class='ocr_line' id='line_1_71' title="bbox 2190 2528 2948 2600; baseline 0.016 -19"><span class='ocrx_word' id='word_1_399' title='bbox 2190 2529 2463 2600; x_wconf 78' lang='grc' dir='ltr'><strong>κωλύομεν.</strong></span> <span class='ocrx_word' id='word_1_400' title='bbox 2495 2528 2629 2590; x_wconf 51' lang='lat' dir='ltr'><strong>&quot;Ean</strong></span> <span class='ocrx_word' id='word_1_401' title='bbox 2656 2528 2741 2589; x_wconf 68' lang='grc' dir='ltr'><strong>οὖν</strong></span> <span class='ocrx_word' id='word_1_402' title='bbox 2769 2555 2828 2591; x_wconf 73' lang='grc' dir='ltr'>σε</span> <span class='ocrx_word' id='word_1_403' title='bbox 2873 2540 2948 2593; x_wconf 74' lang='grc' dir='ltr'><strong>εἰ·</strong></span> 
     </span>
    </p>
   </div>
   <div class='ocr_carea' id='block_1_72' title="bbox 2190 2623 2949 2703">
    <p class='ocr_par' dir='ltr' id='par_1_72' title="bbox 2190 2623 2949 2703">
     <span class='ocr_line' id='line_1_72' title="bbox 2190 2623 2949 2703; baseline 0.013 -22"><span class='ocrx_word' id='word_1_404' title='bbox 2190 2623 2311 2684; x_wconf 78' lang='grc' dir='ltr'>δὸτα</span> <span class='ocrx_word' id='word_1_405' title='bbox 2350 2636 2524 2697; x_wconf 80' lang='grc' dir='ltr'>τοῦτο,</span> <span class='ocrx_word' id='word_1_406' title='bbox 2555 2630 2711 2703; x_wconf 76' lang='grc' dir='ltr'><strong>μηδὲν</strong></span> <span class='ocrx_word' id='word_1_407' title='bbox 2750 2637 2821 2696; x_wconf 76' lang='grc' dir='ltr'><strong>εἰς</strong></span> <span class='ocrx_word' id='word_1_408' title='bbox 2858 2642 2949 2696; x_wconf 78' lang='grc' dir='ltr'><strong>τήν</strong></span> 
     </span>
    </p>
   </div>
   <div class='ocr_carea' id='block_1_73' title="bbox 2187 2727 2949 2804">
    <p class='ocr_par' dir='ltr' id='par_1_73' title="bbox 2187 2727 2949 2804">
     <span class='ocr_line' id='line_1_73' title="bbox 2187 2727 2949 2804; baseline 0.013 -24"><span class='ocrx_word' id='word_1_409' title='bbox 2187 2731 2287 2780; x_wconf 81' lang='grc' dir='ltr'><strong>τῶν</strong></span> <span class='ocrx_word' id='word_1_410' title='bbox 2352 2727 2641 2804; x_wconf 76' lang='grc' dir='ltr'>Βουλγὰρων</span> <span class='ocrx_word' id='word_1_411' title='bbox 2720 2738 2949 2789; x_wconf 77' lang='grc' dir='ltr'>τοιοῦτον</span> 
     </span>
    </p>
   </div>
   <div class='ocr_carea' id='block_1_74' title="bbox 2189 2821 2949 2902">
    <p class='ocr_par' dir='ltr' id='par_1_74' title="bbox 2189 2821 2949 2902">
     <span class='ocr_line' id='line_1_74' title="bbox 2189 2821 2949 2902; baseline 0.014 -23"><span class='ocrx_word' id='word_1_412' title='bbox 2189 2821 2584 2899; x_wconf 74' lang='grc' dir='ltr'>διαπράξασθαι.</span> <span class='ocrx_word' id='word_1_413' title='bbox 2677 2830 2949 2902; x_wconf 77' lang='grc' dir='ltr'><strong>Ἐμάθομεν</strong></span> 
     </span>
    </p>
   </div>
   <div class='ocr_carea' id='block_1_75' title="bbox 2187 2917 2945 2985">
    <p class='ocr_par' dir='ltr' id='par_1_75' title="bbox 2187 2917 2945 2985">
     <span class='ocr_line' id='line_1_75' title="bbox 2187 2917 2945 2985; baseline 0.015 -11"><span class='ocrx_word' id='word_1_414' title='bbox 2187 2917 2238 2975; x_wconf 72' lang='grc' dir='ltr'><strong>δλ</strong></span> <span class='ocrx_word' id='word_1_415' title='bbox 2271 2926 2355 2976; x_wconf 80' lang='grc' dir='ltr'><strong>καὶ</strong></span> <span class='ocrx_word' id='word_1_416' title='bbox 2402 2922 2525 2980; x_wconf 81' lang='grc' dir='ltr'>ἀλλὰ</span> <span class='ocrx_word' id='word_1_417' title='bbox 2552 2925 2710 2982; x_wconf 80' lang='grc' dir='ltr'>πολλὰ</span> <span class='ocrx_word' id='word_1_418' title='bbox 2750 2929 2945 2985; x_wconf 73' lang='grc' dir='ltr'><strong>ἐναντία</strong></span> 
     </span>
    </p>
   </div>
   <div class='ocr_carea' id='block_1_76' title="bbox 2186 3018 2944 3097">
    <p class='ocr_par' dir='ltr' id='par_1_76' title="bbox 2186 3018 2944 3097">
     <span class='ocr_line' id='line_1_76' title="bbox 2186 3018 2944 3097; baseline 0.016 -28"><span class='ocrx_word' id='word_1_419' title='bbox 2186 3021 2285 3069; x_wconf 85' lang='grc' dir='ltr'><strong>τῶν</strong></span> <span class='ocrx_word' id='word_1_420' title='bbox 2310 3027 2570 3094; x_wconf 79' lang='grc' dir='ltr'><strong>πατρικῶν</strong></span> <span class='ocrx_word' id='word_1_421' title='bbox 2628 3018 2759 3096; x_wconf 81' lang='grc' dir='ltr'><strong>ὅρων</strong></span> <span class='ocrx_word' id='word_1_422' title='bbox 2806 3024 2944 3097; x_wconf 68' lang='grc' dir='ltr'>ὑμᾶς</span> 
     </span>
    </p>
   </div>
   <div class='ocr_carea' id='block_1_77' title="bbox 2187 3107 2942 3186">
    <p class='ocr_par' dir='ltr' id='par_1_77' title="bbox 2187 3107 2942 3186">
     <span class='ocr_line' id='line_1_77' title="bbox 2187 3107 2942 3186; baseline 0.02 -22"><span class='ocrx_word' id='word_1_423' title='bbox 2187 3107 2615 3186; x_wconf 79' lang='grc' dir='ltr'>διαπράττεσθαι,</span> <span class='ocrx_word' id='word_1_424' title='bbox 2642 3119 2768 3176; x_wconf 82' lang='grc' dir='ltr'><strong>ἀλλά</strong></span> <span class='ocrx_word' id='word_1_425' title='bbox 2783 3118 2845 3179; x_wconf 75' lang='grc' dir='ltr'><em>δή</em></span> <span class='ocrx_word' id='word_1_426' title='bbox 2861 3125 2942 3179; x_wconf 71' lang='grc' dir='ltr'><strong>καὶ</strong></span> 
     </span>
    </p>
   </div>
   <div class='ocr_carea' id='block_1_78' title="bbox 2187 3216 2945 3296">
    <p class='ocr_par' dir='ltr' id='par_1_78' title="bbox 2187 3216 2945 3296">
     <span class='ocr_line' id='line_1_78' title="bbox 2187 3216 2945 3296; baseline 0.021 -32"><span class='ocrx_word' id='word_1_427' title='bbox 2187 3216 2361 3266; x_wconf 84' lang='grc' dir='ltr'>τοῦτο·</span> <span class='ocrx_word' id='word_1_428' title='bbox 2412 3219 2553 3279; x_wconf 81' lang='grc' dir='ltr'>τινὰς</span> <span class='ocrx_word' id='word_1_429' title='bbox 2611 3220 2712 3296; x_wconf 71' lang='grc' dir='ltr'><strong>γὰρ</strong></span> <span class='ocrx_word' id='word_1_430' title='bbox 2763 3227 2945 3280; x_wconf 79' lang='grc' dir='ltr'><strong>νεωστὶ</strong></span> 
     </span>
    </p>
   </div>
   <div class='ocr_carea' id='block_1_79' title="bbox 2189 3310 2943 3394">
    <p class='ocr_par' dir='ltr' id='par_1_79' title="bbox 2189 3310 2943 3394">
     <span class='ocr_line' id='line_1_79' title="bbox 2189 3310 2943 3394; baseline 0.019 -29"><span class='ocrx_word' id='word_1_431' title='bbox 2189 3310 2289 3369; x_wconf 77' lang='grc' dir='ltr'>ἀπὸ</span> <span class='ocrx_word' id='word_1_432' title='bbox 2313 3320 2414 3367; x_wconf 80' lang='grc' dir='ltr'><strong>τῶν</strong></span> <span class='ocrx_word' id='word_1_433' title='bbox 2437 3314 2623 3373; x_wconf 74' lang='grc' dir='ltr'><strong>λαῑκῶν</strong></span> <span class='ocrx_word' id='word_1_434' title='bbox 2666 3317 2803 3394; x_wconf 75' lang='grc' dir='ltr'><strong>ἄφνω</strong></span> <span class='ocrx_word' id='word_1_435' title='bbox 2830 3319 2943 3379; x_wconf 82' lang='grc' dir='ltr'>διοι-</span> 
     </span>
    </p>
   </div>
   <div class='ocr_carea' id='block_1_80' title="bbox 2184 3408 2941 3492">
    <p class='ocr_par' dir='ltr' id='par_1_80' title="bbox 2184 3408 2941 3492">
     <span class='ocr_line' id='line_1_80' title="bbox 2184 3408 2941 3492; baseline 0.022 -30"><span class='ocrx_word' id='word_1_436' title='bbox 2184 3408 2355 3473; x_wconf 79' lang='grc' dir='ltr'>κόνους</span> <span class='ocrx_word' id='word_1_437' title='bbox 2476 3415 2897 3492; x_wconf 69' lang='grc' dir='ltr'>ἐχειροτονήσατε</span> <span class='ocrx_word' id='word_1_438' title='bbox 2926 3461 2941 3489; x_wconf 84' lang='grc'><strong><em>,</em></strong></span> 
     </span>
    </p>
   </div>
   <div class='ocr_carea' id='block_1_81' title="bbox 2185 3506 2942 3580">
    <p class='ocr_par' dir='ltr' id='par_1_81' title="bbox 2185 3506 2942 3580">
     <span class='ocr_line' id='line_1_81' title="bbox 2185 3506 2942 3580; baseline 0.02 -20"><span class='ocrx_word' id='word_1_439' title='bbox 2185 3506 2381 3564; x_wconf 76' lang='grc' dir='ltr'><strong>ἐναντία</strong></span> <span class='ocrx_word' id='word_1_440' title='bbox 2406 3512 2496 3580; x_wconf 75' lang='grc' dir='ltr'><strong>μὲν</strong></span> <span class='ocrx_word' id='word_1_441' title='bbox 2526 3516 2612 3567; x_wconf 80' lang='grc' dir='ltr'><strong>καὶ</strong></span> <span class='ocrx_word' id='word_1_442' title='bbox 2648 3524 2756 3577; x_wconf 83' lang='grc' dir='ltr'>τοῖς</span> <span class='ocrx_word' id='word_1_443' title='bbox 2785 3520 2942 3576; x_wconf 81' lang='grc' dir='ltr'>πάλαι</span> 
     </span>
    </p>
   </div>
   <div class='ocr_carea' id='block_1_82' title="bbox 2181 3608 2941 3694">
    <p class='ocr_par' dir='ltr' id='par_1_82' title="bbox 2181 3608 2941 3694">
     <span class='ocr_line' id='line_1_82' title="bbox 2181 3608 2941 3694; baseline 0.021 -36"><span class='ocrx_word' id='word_1_444' title='bbox 2181 3608 2429 3681; x_wconf 77' lang='grc' dir='ltr'>πατράσι,</span> <span class='ocrx_word' id='word_1_445' title='bbox 2479 3608 2603 3668; x_wconf 78' lang='grc' dir='ltr'><strong>ἀλλὰ</strong></span> <span class='ocrx_word' id='word_1_446' title='bbox 2653 3610 2715 3673; x_wconf 74' lang='grc' dir='ltr'><em>δή</em></span> <span class='ocrx_word' id='word_1_447' title='bbox 2754 3619 2833 3671; x_wconf 80' lang='grc' dir='ltr'><strong>καὶ</strong></span> <span class='ocrx_word' id='word_1_448' title='bbox 2879 3626 2941 3694; x_wconf 76' lang='grc' dir='ltr'>τῇ</span> 
     </span>
    </p>
   </div>
   <div class='ocr_carea' id='block_1_83' title="bbox 2183 3706 2938 3790">
    <p class='ocr_par' dir='ltr' id='par_1_83' title="bbox 2183 3706 2938 3790">
     <span class='ocr_line' id='line_1_83' title="bbox 2183 3706 2938 3790; baseline 0.017 -32"><span class='ocrx_word' id='word_1_449' title='bbox 2183 3706 2493 3777; x_wconf 72' lang='grc' dir='ltr'>προσφάτως</span> <span class='ocrx_word' id='word_1_450' title='bbox 2517 3711 2938 3790; x_wconf 75' lang='grc' dir='ltr'>συναθροισθείσῃ</span> 
     </span>
    </p>
   </div>
   <div class='ocr_carea' id='block_1_84' title="bbox 2181 3800 2943 3881">
    <p class='ocr_par' dir='ltr' id='par_1_84' title="bbox 2181 3800 2943 3878">
     <span class='ocr_line' id='line_1_84' title="bbox 2181 3800 2943 3878; baseline 0.02 -25"><span class='ocrx_word' id='word_1_451' title='bbox 2181 3800 2488 3878; x_wconf 72' lang='grc' dir='ltr'>οἷκουμσνικῇ</span> <span class='ocrx_word' id='word_1_452' title='bbox 2561 3806 2789 3878; x_wconf 82' lang='grc' dir='ltr'><strong>συνόδῳ’</strong></span> <span class='ocrx_word' id='word_1_453' title='bbox 2858 3812 2943 3868; x_wconf 75' lang='grc' dir='ltr'><strong>οὐκ</strong></span> 
     </span>
    </p>
   </div>
   <div class='ocr_carea' id='block_1_85' title="bbox 2181 3896 2940 3968">
    <p class='ocr_par' dir='ltr' id='par_1_85' title="bbox 2181 3896 2940 3968">
     <span class='ocr_line' id='line_1_85' title="bbox 2181 3896 2940 3968; baseline 0.018 -19"><span class='ocrx_word' id='word_1_454' title='bbox 2181 3897 2405 3968; x_wconf 72' lang='grc' dir='ltr'><strong>ἀγνοεῖτε</strong></span> <span class='ocrx_word' id='word_1_455' title='bbox 2434 3896 2509 3963; x_wconf 67' lang='grc' dir='ltr'><strong>δὲ,</strong></span> <span class='ocrx_word' id='word_1_456' title='bbox 2552 3899 2633 3957; x_wconf 83' lang='grc' dir='ltr'>ὅτι</span> <span class='ocrx_word' id='word_1_457' title='bbox 2660 3903 2691 3961; x_wconf 73' lang='grc' dir='ltr'>ἡ</span> <span class='ocrx_word' id='word_1_458' title='bbox 2719 3911 2807 3960; x_wconf 82' lang='grc' dir='ltr'>τοῦ</span> <span class='ocrx_word' id='word_1_459' title='bbox 2838 3917 2940 3962; x_wconf 67' lang='grc' dir='ltr'><strong>Φω-</strong></span> 
     </span>
    </p>
   </div>
   <div class='ocr_carea' id='block_1_86' title="bbox 2180 3994 2939 4065">
    <p class='ocr_par' dir='ltr' id='par_1_86' title="bbox 2180 3994 2939 4065">
     <span class='ocr_line' id='line_1_86' title="bbox 2180 3994 2939 4065; baseline 0.017 -18"><span class='ocrx_word' id='word_1_460' title='bbox 2180 3994 2290 4047; x_wconf 81' lang='grc' dir='ltr'>τὶου</span> <span class='ocrx_word' id='word_1_461' title='bbox 2333 4002 2535 4059; x_wconf 80' lang='grc' dir='ltr'>πτῶσις</span> <span class='ocrx_word' id='word_1_462' title='bbox 2578 3999 2805 4057; x_wconf 71' lang='grc' dir='ltr'><strong>ἐντεῦθεν</strong></span> <span class='ocrx_word' id='word_1_463' title='bbox 2849 4009 2939 4065; x_wconf 75' lang='grc' dir='ltr'><strong>τήν</strong></span> 
     </span>
    </p>
   </div>
   <div class='ocr_carea' id='block_1_87' title="bbox 2180 4087 2586 4162">
    <p class='ocr_par' dir='ltr' id='par_1_87' title="bbox 2180 4087 2586 4162">
     <span class='ocr_line' id='line_1_87' title="bbox 2180 4087 2586 4162; baseline 0.015 -19"><span class='ocrx_word' id='word_1_464' title='bbox 2180 4087 2353 4162; x_wconf 71' lang='grc' dir='ltr'>ἀρχὴν</span> <span class='ocrx_word' id='word_1_465' title='bbox 2382 4090 2586 4150; x_wconf 70' lang='grc' dir='ltr'><strong>ἔλαϐεν.</strong></span> 
     </span>
    </p>
   </div>
   <div class='ocr_carea' id='block_1_88' title="bbox 3644 387 3770 456">
    <p class='ocr_par' dir='ltr' id='par_1_88' title="bbox 3644 387 3770 456">
     <span class='ocr_line' id='line_1_88' title="bbox 3644 387 3770 456; baseline 0.048 -6"><span class='ocrx_word' id='word_1_466' title='bbox 3644 387 3770 456; x_wconf 66' lang='lat' dir='ltr'><strong>BI!</strong></span> 
     </span>
    </p>
   </div>
   <div class='ocr_carea' id='block_1_89' title="bbox 3029 479 3775 571">
    <p class='ocr_par' dir='ltr' id='par_1_89' title="bbox 3029 479 3775 571">
     <span class='ocr_line' id='line_1_89' title="bbox 3029 479 3775 571; baseline 0.016 -26"><span class='ocrx_word' id='word_1_467' title='bbox 3029 479 3150 547; x_wconf 81' lang='lat' dir='ltr'><strong>sint</strong></span> <span class='ocrx_word' id='word_1_468' title='bbox 3174 505 3207 546; x_wconf 89' lang='lat' dir='ltr'><strong>e</strong></span> <span class='ocrx_word' id='word_1_469' title='bbox 3234 492 3459 565; x_wconf 81' lang='lat' dir='ltr'><strong>regione</strong></span> <span class='ocrx_word' id='word_1_470' title='bbox 3494 493 3775 571; x_wconf 83' lang='lat' dir='ltr'><strong>Bulgamm</strong></span> 
     </span>
    </p>
   </div>
   <div class='ocr_carea' id='block_1_90' title="bbox 3030 594 3781 666">
    <p class='ocr_par' dir='ltr' id='par_1_90' title="bbox 3030 594 3781 666">
     <span class='ocr_line' id='line_1_90' title="bbox 3030 594 3781 666; baseline 0.017 -23"><span class='ocrx_word' id='word_1_471' title='bbox 3030 603 3151 645; x_wconf 85' lang='lat' dir='ltr'><strong>cum</strong></span> <span class='ocrx_word' id='word_1_472' title='bbox 3195 594 3347 663; x_wconf 84' lang='lat' dir='ltr'><strong>gravi</strong></span> <span class='ocrx_word' id='word_1_473' title='bbox 3394 594 3692 666; x_wconf 83' lang='lat' dir='ltr'><strong>ignominia</strong></span> <span class='ocrx_word' id='word_1_474' title='bbox 3732 610 3781 657; x_wconf 88' lang='lat' dir='ltr'><strong>et</strong></span> 
     </span>
    </p>
   </div>
   <div class='ocr_carea' id='block_1_91' title="bbox 3032 686 3783 770">
    <p class='ocr_par' dir='ltr' id='par_1_91' title="bbox 3032 686 3783 770">
     <span class='ocr_line' id='line_1_91' title="bbox 3032 686 3783 770; baseline 0.02 -28"><span class='ocrx_word' id='word_1_475' title='bbox 3032 686 3293 746; x_wconf 89' lang='lat' dir='ltr'><strong>dedecore</strong></span> <span class='ocrx_word' id='word_1_476' title='bbox 3322 695 3547 764; x_wconf 78' lang='lat' dir='ltr'><strong>expelli,</strong></span> <span class='ocrx_word' id='word_1_477' title='bbox 3583 697 3783 770; x_wconf 81' lang='lat' dir='ltr'><strong>ipsique</strong></span> 
     </span>
    </p>
   </div>
   <div class='ocr_carea' id='block_1_92' title="bbox 3031 784 3837 878">
    <p class='ocr_par' dir='ltr' id='par_1_92' title="bbox 3031 784 3837 878">
     <span class='ocr_line' id='line_1_92' title="bbox 3031 784 3837 878; baseline 0.021 -39"><span class='ocrx_word' id='word_1_478' title='bbox 3031 784 3179 842; x_wconf 91' lang='lat' dir='ltr'><strong>illinc</strong></span> <span class='ocrx_word' id='word_1_479' title='bbox 3227 790 3471 863; x_wconf 89' lang='lat' dir='ltr'><strong>episcopi</strong></span> <span class='ocrx_word' id='word_1_480' title='bbox 3517 809 3641 850; x_wconf 88' lang='lat' dir='ltr'><strong>cum</strong></span> <span class='ocrx_word' id='word_1_481' title='bbox 3686 813 3783 855; x_wconf 86' lang='lat' dir='ltr'><strong>nou</strong></span> <span class='ocrx_word' id='word_1_482' title='bbox 3829 872 3837 878; x_wconf 28' lang='lat'>.</span> 
     </span>
    </p>
   </div>
   <div class='ocr_carea' id='block_1_93' title="bbox 3034 882 3785 963">
    <p class='ocr_par' dir='ltr' id='par_1_93' title="bbox 3034 882 3785 963">
     <span class='ocr_line' id='line_1_93' title="bbox 3034 882 3785 963; baseline 0.02 -28"><span class='ocrx_word' id='word_1_483' title='bbox 3034 882 3290 943; x_wconf 89' lang='lat' dir='ltr'><strong>mediocri</strong></span> <span class='ocrx_word' id='word_1_484' title='bbox 3332 899 3653 963; x_wconf 87' lang='lat' dir='ltr'><strong>contemptu</strong></span> <span class='ocrx_word' id='word_1_485' title='bbox 3681 896 3785 950; x_wconf 75' lang='lat' dir='ltr'><strong>exi-</strong></span> 
     </span>
    </p>
   </div>
   <div class='ocr_carea' id='block_1_94' title="bbox 3032 979 3788 1049">
    <p class='ocr_par' dir='ltr' id='par_1_94' title="bbox 3032 979 3788 1049">
     <span class='ocr_line' id='line_1_94' title="bbox 3032 979 3788 1049; baseline 0.021 -16"><span class='ocrx_word' id='word_1_486' title='bbox 3032 979 3115 1049; x_wconf 81' lang='lat' dir='ltr'><strong>gi;</strong></span> <span class='ocrx_word' id='word_1_487' title='bbox 3146 982 3330 1040; x_wconf 89' lang='lat' dir='ltr'><strong>ethoc</strong></span> <span class='ocrx_word' id='word_1_488' title='bbox 3363 986 3514 1044; x_wconf 90' lang='lat' dir='ltr'><strong>nullo</strong></span> <span class='ocrx_word' id='word_1_489' title='bbox 3540 997 3691 1045; x_wconf 80' lang='lat' dir='ltr'><strong>tanta</strong></span> <span class='ocrx_word' id='word_1_490' title='bbox 3728 994 3788 1048; x_wconf 81' lang='lat' dir='ltr'><strong>de</strong></span> 
     </span>
    </p>
   </div>
   <div class='ocr_carea' id='block_1_95' title="bbox 3032 1074 3785 1157">
    <p class='ocr_par' dir='ltr' id='par_1_95' title="bbox 3032 1074 3785 1157">
     <span class='ocr_line' id='line_1_95' title="bbox 3032 1074 3785 1157; baseline 0.02 -28"><span class='ocrx_word' id='word_1_491' title='bbox 3032 1090 3090 1131; x_wconf 90' lang='lat' dir='ltr'><strong>re</strong></span> <span class='ocrx_word' id='word_1_492' title='bbox 3108 1074 3314 1147; x_wconf 90' lang='lat' dir='ltr'><strong>judicio</strong></span> <span class='ocrx_word' id='word_1_493' title='bbox 3339 1083 3494 1153; x_wconf 90' lang='lat' dir='ltr'><strong>prius</strong></span> <span class='ocrx_word' id='word_1_494' title='bbox 3529 1086 3673 1157; x_wconf 85' lang='lat' dir='ltr'><strong>apud</strong></span> <span class='ocrx_word' id='word_1_495' title='bbox 3696 1104 3785 1145; x_wconf 74' lang='lat' dir='ltr'><strong>vos</strong></span> 
     </span>
    </p>
   </div>
   <div class='ocr_carea' id='block_1_96' title="bbox 3030 1170 3785 1252">
    <p class='ocr_par' dir='ltr' id='par_1_96' title="bbox 3030 1170 3785 1252">
     <span class='ocr_line' id='line_1_96' title="bbox 3030 1170 3785 1252; baseline 0.02 -27"><span class='ocrx_word' id='word_1_496' title='bbox 3030 1170 3205 1242; x_wconf 80' lang='lat' dir='ltr'><strong>facto,</strong></span> <span class='ocrx_word' id='word_1_497' title='bbox 3254 1192 3379 1232; x_wconf 89' lang='lat' dir='ltr'><strong>cum</strong></span> <span class='ocrx_word' id='word_1_498' title='bbox 3416 1180 3485 1234; x_wconf 88' lang='lat' dir='ltr'><strong>in</strong></span> <span class='ocrx_word' id='word_1_499' title='bbox 3533 1182 3785 1252; x_wconf 86' lang='lat' dir='ltr'><strong>judicium</strong></span> 
     </span>
    </p>
   </div>
   <div class='ocr_carea' id='block_1_97' title="bbox 3030 1268 3784 1345">
    <p class='ocr_par' dir='ltr' id='par_1_97' title="bbox 3030 1268 3784 1345">
     <span class='ocr_line' id='line_1_97' title="bbox 3030 1268 3784 1345; baseline 0.019 -24"><span class='ocrx_word' id='word_1_500' title='bbox 3030 1282 3091 1322; x_wconf 89' lang='lat' dir='ltr'><strong>ea</strong></span> <span class='ocrx_word' id='word_1_501' title='bbox 3120 1268 3188 1325; x_wconf 91' lang='lat' dir='ltr'><strong>de</strong></span> <span class='ocrx_word' id='word_1_502' title='bbox 3223 1286 3282 1328; x_wconf 87' lang='lat' dir='ltr'><strong>re</strong></span> <span class='ocrx_word' id='word_1_503' title='bbox 3310 1289 3595 1345; x_wconf 86' lang='lat' dir='ltr'><strong>nunquam</strong></span> <span class='ocrx_word' id='word_1_504' title='bbox 3621 1281 3784 1335; x_wconf 76' lang='lat' dir='ltr'><strong>vocati</strong></span> 
     </span>
    </p>
   </div>
   <div class='ocr_carea' id='block_1_98' title="bbox 3028 1365 3785 1438">
    <p class='ocr_par' dir='ltr' id='par_1_98' title="bbox 3028 1365 3785 1438">
     <span class='ocr_line' id='line_1_98' title="bbox 3028 1365 3785 1438; baseline 0.016 -17"><span class='ocrx_word' id='word_1_505' title='bbox 3028 1365 3219 1425; x_wconf 89' lang='lat' dir='ltr'><strong>simus.</strong></span> <span class='ocrx_word' id='word_1_506' title='bbox 3301 1368 3459 1438; x_wconf 83' lang='lat' dir='ltr'><strong>Quod</strong></span> <span class='ocrx_word' id='word_1_507' title='bbox 3526 1376 3577 1430; x_wconf 89' lang='lat' dir='ltr'><strong>si</strong></span> <span class='ocrx_word' id='word_1_508' title='bbox 3648 1379 3785 1433; x_wconf 77' lang='lat' dir='ltr'><strong>dicas</strong></span> 
     </span>
    </p>
   </div>
   <div class='ocr_carea' id='block_1_99' title="bbox 3027 1464 3785 1535">
    <p class='ocr_par' dir='ltr' id='par_1_99' title="bbox 3027 1464 3785 1535">
     <span class='ocr_line' id='line_1_99' title="bbox 3027 1464 3785 1535; baseline 0.018 -18"><span class='ocrx_word' id='word_1_509' title='bbox 3027 1464 3177 1535; x_wconf 90' lang='lat' dir='ltr'><strong>prius</strong></span> <span class='ocrx_word' id='word_1_510' title='bbox 3190 1482 3222 1522; x_wconf 88' lang='lat' dir='ltr'><strong>a</strong></span> <span class='ocrx_word' id='word_1_511' title='bbox 3234 1469 3396 1525; x_wconf 87' lang='lat' dir='ltr'><strong>nobis</strong></span> <span class='ocrx_word' id='word_1_512' title='bbox 3408 1469 3785 1531; x_wconf 57' lang='lat' dir='ltr'><strong>Constantino.</strong></span> 
     </span>
    </p>
   </div>
   <div class='ocr_carea' id='block_1_100' title="bbox 3027 1562 3785 1645">
    <p class='ocr_par' dir='ltr' id='par_1_100' title="bbox 3027 1562 3785 1645">
     <span class='ocr_line' id='line_1_100' title="bbox 3027 1562 3785 1645; baseline 0.024 -30"><span class='ocrx_word' id='word_1_513' title='bbox 3027 1562 3280 1634; x_wconf 77' lang='lat' dir='ltr'><strong>politana:</strong></span> <span class='ocrx_word' id='word_1_514' title='bbox 3324 1567 3637 1627; x_wconf 70' lang='lat' dir='ltr'><strong>dimceseos</strong></span> <span class='ocrx_word' id='word_1_515' title='bbox 3674 1589 3785 1645; x_wconf 75' lang='lat' dir='ltr'><strong>pro-</strong></span> 
     </span>
    </p>
   </div>
   <div class='ocr_carea' id='block_1_101' title="bbox 3028 1661 3786 1742">
    <p class='ocr_par' dir='ltr' id='par_1_101' title="bbox 3028 1661 3786 1742">
     <span class='ocr_line' id='line_1_101' title="bbox 3028 1661 3786 1742; baseline 0.02 -26"><span class='ocrx_word' id='word_1_516' title='bbox 3028 1661 3277 1733; x_wconf 84' lang='lat' dir='ltr'><strong>sbyteros</strong></span> <span class='ocrx_word' id='word_1_517' title='bbox 3328 1665 3384 1721; x_wconf 91' lang='lat' dir='ltr'><strong>in</strong></span> <span class='ocrx_word' id='word_1_518' title='bbox 3449 1682 3522 1724; x_wconf 79' lang='lat' dir='ltr'><strong>ea</strong></span> <span class='ocrx_word' id='word_1_519' title='bbox 3577 1671 3786 1742; x_wconf 75' lang='lat' dir='ltr'><strong>regione</strong></span> 
     </span>
    </p>
   </div>
   <div class='ocr_carea' id='block_1_102' title="bbox 3028 1760 3782 1839">
    <p class='ocr_par' dir='ltr' id='par_1_102' title="bbox 3028 1760 3782 1839">
     <span class='ocr_line' id='line_1_102' title="bbox 3028 1760 3782 1839; baseline 0.017 -27"><span class='ocrx_word' id='word_1_520' title='bbox 3028 1760 3340 1820; x_wconf 89' lang='lat' dir='ltr'><strong>sacriﬁcare</strong></span> <span class='ocrx_word' id='word_1_521' title='bbox 3428 1767 3734 1836; x_wconf 75' lang='lat' dir='ltr'><strong>prohibitos</strong></span> <span class='ocrx_word' id='word_1_522' title='bbox 3766 1815 3782 1839; x_wconf 86' lang='lat'><strong>,</strong></span> 
     </span>
    </p>
   </div>
   <div class='ocr_carea' id='block_1_103' title="bbox 3029 1856 3783 1924">
    <p class='ocr_par' dir='ltr' id='par_1_103' title="bbox 3029 1856 3783 1924">
     <span class='ocr_line' id='line_1_103' title="bbox 3029 1856 3783 1924; baseline 0.019 -14"><span class='ocrx_word' id='word_1_523' title='bbox 3029 1856 3175 1913; x_wconf 82' lang='lat' dir='ltr'><strong>haud</strong></span> <span class='ocrx_word' id='word_1_524' title='bbox 3194 1859 3409 1917; x_wconf 85' lang='lat' dir='ltr'><strong>inﬁcias</strong></span> <span class='ocrx_word' id='word_1_525' title='bbox 3435 1863 3606 1921; x_wconf 86' lang='lat' dir='ltr'><strong>imus.</strong></span> <span class='ocrx_word' id='word_1_526' title='bbox 3632 1867 3783 1924; x_wconf 80' lang='lat' dir='ltr'><strong>Erant</strong></span> 
     </span>
    </p>
   </div>
   <div class='ocr_carea' id='block_1_104' title="bbox 3026 1951 3785 2039">
    <p class='ocr_par' dir='ltr' id='par_1_104' title="bbox 3026 1951 3785 2039">
     <span class='ocr_line' id='line_1_104' title="bbox 3026 1951 3785 2039; baseline 0.018 -31"><span class='ocrx_word' id='word_1_527' title='bbox 3026 1951 3279 2012; x_wconf 87' lang='lat' dir='ltr'><strong>Photiani</strong></span> <span class='ocrx_word' id='word_1_528' title='bbox 3298 1999 3313 2024; x_wconf 88' lang='lat'><strong>,</strong></span> <span class='ocrx_word' id='word_1_529' title='bbox 3354 1959 3619 2033; x_wconf 82' lang='lat' dir='ltr'><strong>illiusque</strong></span> <span class='ocrx_word' id='word_1_530' title='bbox 3658 1981 3785 2039; x_wconf 71' lang='lat' dir='ltr'><strong>symo</strong></span> 
     </span>
    </p>
   </div>
   <div class='ocr_carea' id='block_1_105' title="bbox 3026 2056 3780 2126">
    <p class='ocr_par' dir='ltr' id='par_1_105' title="bbox 3026 2056 3780 2126">
     <span class='ocr_line' id='line_1_105' title="bbox 3026 2056 3780 2126; baseline 0.017 -21"><span class='ocrx_word' id='word_1_531' title='bbox 3026 2060 3217 2123; x_wconf 67' lang='lat' dir='ltr'><strong>mysta:</strong></span> <span class='ocrx_word' id='word_1_532' title='bbox 3239 2095 3256 2120; x_wconf 92' lang='lat'><strong>,</strong></span> <span class='ocrx_word' id='word_1_533' title='bbox 3297 2056 3509 2126; x_wconf 88' lang='lat' dir='ltr'><strong>quibus</strong></span> <span class='ocrx_word' id='word_1_534' title='bbox 3557 2076 3663 2115; x_wconf 88' lang='lat' dir='ltr'><strong>non</strong></span> <span class='ocrx_word' id='word_1_535' title='bbox 3703 2079 3780 2119; x_wconf 80' lang='lat' dir='ltr'><strong>so-</strong></span> 
     </span>
    </p>
   </div>
   <div class='ocr_carea' id='block_1_106' title="bbox 3026 2145 3776 2228">
    <p class='ocr_par' dir='ltr' id='par_1_106' title="bbox 3026 2145 3776 2228">
     <span class='ocr_line' id='line_1_106' title="bbox 3026 2145 3776 2228; baseline 0.02 -26"><span class='ocrx_word' id='word_1_536' title='bbox 3026 2145 3134 2204; x_wconf 90' lang='lat' dir='ltr'><strong>lum</strong></span> <span class='ocrx_word' id='word_1_537' title='bbox 3160 2150 3216 2206; x_wconf 90' lang='lat' dir='ltr'><strong>in</strong></span> <span class='ocrx_word' id='word_1_538' title='bbox 3241 2150 3549 2225; x_wconf 80' lang='lat' dir='ltr'><strong>Bulgarum</strong></span> <span class='ocrx_word' id='word_1_539' title='bbox 3581 2159 3776 2228; x_wconf 70' lang='lat' dir='ltr'><strong>provin-</strong></span> 
     </span>
    </p>
   </div>
   <div class='ocr_carea' id='block_1_107' title="bbox 3023 2243 3777 2325">
    <p class='ocr_par' dir='ltr' id='par_1_107' title="bbox 3023 2243 3777 2325">
     <span class='ocr_line' id='line_1_107' title="bbox 3023 2243 3777 2325; baseline 0.021 -27"><span class='ocrx_word' id='word_1_540' title='bbox 3023 2243 3125 2308; x_wconf 89' lang='lat' dir='ltr'><strong>cia,</strong></span> <span class='ocrx_word' id='word_1_541' title='bbox 3159 2246 3254 2303; x_wconf 91' lang='lat' dir='ltr'><strong>sed</strong></span> <span class='ocrx_word' id='word_1_542' title='bbox 3301 2250 3519 2322; x_wconf 87' lang='lat' dir='ltr'><strong>ubique</strong></span> <span class='ocrx_word' id='word_1_543' title='bbox 3561 2258 3777 2325; x_wconf 72' lang='lat' dir='ltr'><strong>gentium</strong></span> 
     </span>
    </p>
   </div>
   <div class='ocr_carea' id='block_1_108' title="bbox 3024 2344 3778 2410">
    <p class='ocr_par' dir='ltr' id='par_1_108' title="bbox 3024 2344 3778 2410">
     <span class='ocr_line' id='line_1_108' title="bbox 3024 2344 3778 2410; baseline 0.019 -14"><span class='ocrx_word' id='word_1_544' title='bbox 3024 2344 3351 2402; x_wconf 89' lang='lat' dir='ltr'><strong>sacerdotali</strong></span> <span class='ocrx_word' id='word_1_545' title='bbox 3374 2363 3616 2407; x_wconf 88' lang='lat' dir='ltr'><strong>munere</strong></span> <span class='ocrx_word' id='word_1_546' title='bbox 3634 2355 3778 2410; x_wconf 82' lang='lat' dir='ltr'><strong>inter-</strong></span> 
     </span>
    </p>
   </div>
   <div class='ocr_carea' id='block_1_109' title="bbox 3023 2438 3774 2521">
    <p class='ocr_par' dir='ltr' id='par_1_109' title="bbox 3023 2438 3774 2521">
     <span class='ocr_line' id='line_1_109' title="bbox 3023 2438 3774 2521; baseline 0.017 -29"><span class='ocrx_word' id='word_1_547' title='bbox 3023 2438 3256 2498; x_wconf 78' lang='lat' dir='ltr'><strong>diximus</strong></span> <span class='ocrx_word' id='word_1_548' title='bbox 3280 2442 3774 2521; x_wconf 76' lang='lat' dir='ltr'><strong>interdicimusqu</strong></span> 
     </span>
    </p>
   </div>
   <div class='ocr_carea' id='block_1_110' title="bbox 3022 2533 3777 2612">
    <p class='ocr_par' dir='ltr' id='par_1_110' title="bbox 3022 2533 3777 2612">
     <span class='ocr_line' id='line_1_110' title="bbox 3022 2533 3777 2612; baseline 0.019 -24"><span class='ocrx_word' id='word_1_549' title='bbox 3022 2533 3152 2600; x_wconf 69' lang='lat' dir='ltr'><strong>Qua.-</strong></span> <span class='ocrx_word' id='word_1_550' title='bbox 3213 2552 3338 2594; x_wconf 88' lang='lat' dir='ltr'><strong>cum</strong></span> <span class='ocrx_word' id='word_1_551' title='bbox 3399 2542 3587 2600; x_wconf 85' lang='lat' dir='ltr'><strong>scires</strong></span> <span class='ocrx_word' id='word_1_552' title='bbox 3611 2587 3626 2612; x_wconf 91' lang='lat'><strong>,</strong></span> <span class='ocrx_word' id='word_1_553' title='bbox 3668 2546 3777 2601; x_wconf 74' lang='lat' dir='ltr'><strong>nili]</strong></span> 
     </span>
    </p>
   </div>
   <div class='ocr_carea' id='block_1_111' title="bbox 3024 2629 3780 2710">
    <p class='ocr_par' dir='ltr' id='par_1_111' title="bbox 3024 2629 3780 2710">
     <span class='ocr_line' id='line_1_111' title="bbox 3024 2629 3780 2710; baseline 0.02 -26"><span class='ocrx_word' id='word_1_554' title='bbox 3024 2629 3117 2687; x_wconf 91' lang='lat' dir='ltr'><strong>tibi</strong></span> <span class='ocrx_word' id='word_1_555' title='bbox 3153 2631 3207 2687; x_wconf 92' lang='lat' dir='ltr'><strong>in</strong></span> <span class='ocrx_word' id='word_1_556' title='bbox 3255 2650 3323 2691; x_wconf 91' lang='lat' dir='ltr'><strong>eo</strong></span> <span class='ocrx_word' id='word_1_557' title='bbox 3365 2653 3551 2710; x_wconf 80' lang='lat' dir='ltr'><strong>regno</strong></span> <span class='ocrx_word' id='word_1_558' title='bbox 3594 2649 3780 2698; x_wconf 83' lang='lat' dir='ltr'><strong>tentan-</strong></span> 
     </span>
    </p>
   </div>
   <div class='ocr_carea' id='block_1_112' title="bbox 3020 2723 3779 2793">
    <p class='ocr_par' dir='ltr' id='par_1_112' title="bbox 3020 2723 3779 2793">
     <span class='ocr_line' id='line_1_112' title="bbox 3020 2723 3779 2793; baseline 0.02 -14"><span class='ocrx_word' id='word_1_559' title='bbox 3020 2723 3147 2781; x_wconf 92' lang='lat' dir='ltr'><strong>dum</strong></span> <span class='ocrx_word' id='word_1_560' title='bbox 3210 2726 3336 2785; x_wconf 80' lang='lat' dir='ltr'><strong>fuit.</strong></span> <span class='ocrx_word' id='word_1_561' title='bbox 3426 2732 3779 2793; x_wconf 75' lang='lat' dir='ltr'><strong>Intelleximus</strong></span> 
     </span>
    </p>
   </div>
   <div class='ocr_carea' id='block_1_113' title="bbox 3020 2826 3783 2891">
    <p class='ocr_par' dir='ltr' id='par_1_113' title="bbox 3020 2826 3783 2891">
     <span class='ocr_line' id='line_1_113' title="bbox 3020 2826 3783 2891; baseline 0.017 -13"><span class='ocrx_word' id='word_1_562' title='bbox 3020 2833 3201 2880; x_wconf 90' lang='lat' dir='ltr'><strong>autem</strong></span> <span class='ocrx_word' id='word_1_563' title='bbox 3226 2834 3282 2881; x_wconf 90' lang='lat' dir='ltr'><strong>et</strong></span> <span class='ocrx_word' id='word_1_564' title='bbox 3311 2826 3426 2884; x_wconf 83' lang='lat' dir='ltr'><strong>alia</strong></span> <span class='ocrx_word' id='word_1_565' title='bbox 3457 2833 3633 2887; x_wconf 82' lang='lat' dir='ltr'><strong>multa</strong></span> <span class='ocrx_word' id='word_1_566' title='bbox 3656 2851 3686 2888; x_wconf 84' lang='lat' dir='ltr'><strong>a</strong></span> <span class='ocrx_word' id='word_1_567' title='bbox 3704 2850 3783 2891; x_wconf 66' lang='grc' dir='ltr'>νου</span> 
     </span>
    </p>
   </div>
   <div class='ocr_carea' id='block_1_114' title="bbox 3018 2918 3783 2986">
    <p class='ocr_par' dir='ltr' id='par_1_114' title="bbox 3018 2918 3783 2986">
     <span class='ocr_line' id='line_1_114' title="bbox 3018 2918 3783 2986; baseline 0.017 -12"><span class='ocrx_word' id='word_1_568' title='bbox 3018 2918 3101 2975; x_wconf 85' lang='lat' dir='ltr'><strong>bis</strong></span> <span class='ocrx_word' id='word_1_569' title='bbox 3158 2930 3350 2979; x_wconf 86' lang='lat' dir='ltr'><strong>contra</strong></span> <span class='ocrx_word' id='word_1_570' title='bbox 3421 2925 3654 2984; x_wconf 83' lang='lat' dir='ltr'><strong>Patrum</strong></span> <span class='ocrx_word' id='word_1_571' title='bbox 3704 2932 3783 2986; x_wconf 80' lang='lat' dir='ltr'><strong>de-</strong></span> 
     </span>
    </p>
   </div>
   <div class='ocr_carea' id='block_1_115' title="bbox 3015 3018 3787 3096">
    <p class='ocr_par' dir='ltr' id='par_1_115' title="bbox 3015 3018 3787 3096">
     <span class='ocr_line' id='line_1_115' title="bbox 3015 3018 3787 3096; baseline 0.017 -25"><span class='ocrx_word' id='word_1_572' title='bbox 3015 3026 3162 3073; x_wconf 89' lang='lat' dir='ltr'><strong>creta</strong></span> <span class='ocrx_word' id='word_1_573' title='bbox 3208 3018 3362 3088; x_wconf 88' lang='lat' dir='ltr'><strong>ﬁeri,</strong></span> <span class='ocrx_word' id='word_1_574' title='bbox 3401 3022 3560 3080; x_wconf 88' lang='lat' dir='ltr'><strong>inter</strong></span> <span class='ocrx_word' id='word_1_575' title='bbox 3587 3042 3701 3096; x_wconf 63' lang='lat' dir='ltr'><strong>qua;</strong></span> <span class='ocrx_word' id='word_1_576' title='bbox 3740 3040 3787 3083; x_wconf 83' lang='lat' dir='ltr'><strong>et</strong></span> 
     </span>
    </p>
   </div>
   <div class='ocr_carea' id='block_1_116' title="bbox 3016 3115 3783 3197">
    <p class='ocr_par' dir='ltr' id='par_1_116' title="bbox 3016 3115 3783 3197">
     <span class='ocr_line' id='line_1_116' title="bbox 3016 3115 3783 3197; baseline 0.016 -26"><span class='ocrx_word' id='word_1_577' title='bbox 3016 3115 3119 3173; x_wconf 84' lang='lat' dir='ltr'><strong>hoc</strong></span> <span class='ocrx_word' id='word_1_578' title='bbox 3146 3127 3260 3187; x_wconf 86' lang='lat' dir='ltr'><strong>est,</strong></span> <span class='ocrx_word' id='word_1_579' title='bbox 3292 3136 3482 3191; x_wconf 87' lang='lat' dir='ltr'><strong>nuper</strong></span> <span class='ocrx_word' id='word_1_580' title='bbox 3528 3127 3783 3197; x_wconf 75' lang='lat' dir='ltr'><strong>quosdam</strong></span> 
     </span>
    </p>
   </div>
   <div class='ocr_carea' id='block_1_117' title="bbox 3015 3223 3785 3281">
    <p class='ocr_par' dir='ltr' id='par_1_117' title="bbox 3015 3223 3785 3281">
     <span class='ocr_line' id='line_1_117' title="bbox 3015 3223 3785 3281; baseline 0.016 -11"><span class='ocrx_word' id='word_1_581' title='bbox 3015 3225 3205 3272; x_wconf 92' lang='lat' dir='ltr'><strong>contra</strong></span> <span class='ocrx_word' id='word_1_582' title='bbox 3285 3228 3502 3279; x_wconf 82' lang='lat' dir='ltr'><strong>statuta</strong></span> <span class='ocrx_word' id='word_1_583' title='bbox 3579 3223 3785 3281; x_wconf 72' lang='lat' dir='ltr'><strong>Pati-un</strong></span> 
     </span>
    </p>
   </div>
   <div class='ocr_carea' id='block_1_118' title="bbox 3014 3314 3786 3396">
    <p class='ocr_par' dir='ltr' id='par_1_118' title="bbox 3014 3314 3786 3396">
     <span class='ocr_line' id='line_1_118' title="bbox 3014 3314 3786 3396; baseline 0.019 -30"><span class='ocrx_word' id='word_1_584' title='bbox 3014 3314 3326 3384; x_wconf 88' lang='lat' dir='ltr'><strong>priscorum</strong></span> <span class='ocrx_word' id='word_1_585' title='bbox 3352 3358 3368 3385; x_wconf 91' lang='lat'><strong>,</strong></span> <span class='ocrx_word' id='word_1_586' title='bbox 3457 3330 3519 3376; x_wconf 81' lang='lat' dir='ltr'><strong>et</strong></span> <span class='ocrx_word' id='word_1_587' title='bbox 3605 3326 3786 3396; x_wconf 63' lang='lat' dir='ltr'><strong>synoé</strong></span> 
     </span>
    </p>
   </div>
   <div class='ocr_carea' id='block_1_119' title="bbox 3014 3413 3786 3487">
    <p class='ocr_par' dir='ltr' id='par_1_119' title="bbox 3014 3413 3786 3487">
     <span class='ocr_line' id='line_1_119' title="bbox 3014 3413 3786 3487; baseline 0.019 -23"><span class='ocrx_word' id='word_1_588' title='bbox 3014 3413 3371 3471; x_wconf 66' lang='lat' dir='ltr'><strong>(ccumenicae</strong></span> <span class='ocrx_word' id='word_1_589' title='bbox 3410 3420 3679 3487; x_wconf 78' lang='lat' dir='ltr'><strong>proxime</strong></span> <span class='ocrx_word' id='word_1_590' title='bbox 3716 3438 3786 3478; x_wconf 74' lang='lat' dir='ltr'><strong>oe-</strong></span> 
     </span>
    </p>
   </div>
   <div class='ocr_carea' id='block_1_120' title="bbox 3010 3510 3782 3595">
    <p class='ocr_par' dir='ltr' id='par_1_120' title="bbox 3010 3510 3782 3595">
     <span class='ocr_line' id='line_1_120' title="bbox 3010 3510 3782 3595; baseline 0.021 -29"><span class='ocrx_word' id='word_1_591' title='bbox 3010 3510 3255 3582; x_wconf 66' lang='lat' dir='ltr'><strong>lebrataa,</strong></span> <span class='ocrx_word' id='word_1_592' title='bbox 3282 3532 3354 3572; x_wconf 81' lang='lat' dir='ltr'><strong>ex</strong></span> <span class='ocrx_word' id='word_1_593' title='bbox 3394 3518 3565 3577; x_wconf 74' lang='lat' dir='ltr'><strong>Iaicis</strong></span> <span class='ocrx_word' id='word_1_594' title='bbox 3584 3534 3782 3595; x_wconf 55' lang='lat' dir='ltr'><strong>repent</strong></span> 
     </span>
    </p>
   </div>
   <div class='ocr_carea' id='block_1_121' title="bbox 3011 3607 3776 3686">
    <p class='ocr_par' dir='ltr' id='par_1_121' title="bbox 3011 3607 3776 3686">
     <span class='ocr_line' id='line_1_121' title="bbox 3011 3607 3776 3686; baseline 0.022 -25"><span class='ocrx_word' id='word_1_595' title='bbox 3011 3607 3271 3667; x_wconf 89' lang='lat' dir='ltr'><strong>diaconos</strong></span> <span class='ocrx_word' id='word_1_596' title='bbox 3336 3627 3612 3686; x_wconf 81' lang='lat' dir='ltr'><strong>creatos,</strong></span> <span class='ocrx_word' id='word_1_597' title='bbox 3675 3637 3776 3677; x_wconf 71' lang='lat' dir='ltr'><strong>cum</strong></span> 
     </span>
    </p>
   </div>
   <div class='ocr_carea' id='block_1_122' title="bbox 3010 3708 3771 3780">
    <p class='ocr_par' dir='ltr' id='par_1_122' title="bbox 3010 3708 3771 3780">
     <span class='ocr_line' id='line_1_122' title="bbox 3010 3708 3771 3780; baseline 0.025 -19"><span class='ocrx_word' id='word_1_598' title='bbox 3010 3708 3197 3765; x_wconf 85' lang='lat' dir='ltr'><strong>sciatis</strong></span> <span class='ocrx_word' id='word_1_599' title='bbox 3232 3710 3425 3770; x_wconf 85' lang='lat' dir='ltr'><strong>Photii</strong></span> <span class='ocrx_word' id='word_1_600' title='bbox 3457 3733 3650 3776; x_wconf 88' lang='lat' dir='ltr'><strong>casum</strong></span> <span class='ocrx_word' id='word_1_601' title='bbox 3670 3723 3771 3780; x_wconf 63' lang='lat' dir='ltr'><strong>inde</strong></span> 
     </span>
    </p>
   </div>
   <div class='ocr_carea' id='block_1_123' title="bbox 3012 3806 3578 3879">
    <p class='ocr_par' dir='ltr' id='par_1_123' title="bbox 3012 3806 3578 3879">
     <span class='ocr_line' id='line_1_123' title="bbox 3012 3806 3578 3879; baseline 0.023 -18"><span class='ocrx_word' id='word_1_602' title='bbox 3012 3806 3279 3879; x_wconf 79' lang='lat' dir='ltr'><strong>originem</strong></span> <span class='ocrx_word' id='word_1_603' title='bbox 3308 3816 3578 3873; x_wconf 75' lang='lat' dir='ltr'><strong>traxisse.</strong></span> 
     </span>
    </p>
   </div>
   <div class='ocr_carea' id='block_1_124' title="bbox 2827 4212 3111 4273">
    <p class='ocr_par' dir='ltr' id='par_1_124' title="bbox 2827 4212 3111 4273">
     <span class='ocr_line' id='line_1_124' title="bbox 2827 4212 3111 4273; baseline 0.014 -3"><span class='ocrx_word' id='word_1_604' title='bbox 2827 4212 3111 4273; x_wconf 81' lang='lat' dir='ltr'><strong>XXXVIII.</strong></span> 
     </span>
    </p>
   </div>
   <div class='ocr_carea' id='block_1_125' title="bbox 2462 4320 3492 4379">
    <p class='ocr_par' dir='ltr' id='par_1_125' title="bbox 2462 4320 3492 4379">
     <span class='ocr_line' id='line_1_125' title="bbox 2462 4320 3492 4379; baseline 0.017 -18"><span class='ocrx_word' id='word_1_605' title='bbox 2462 4320 2531 4362; x_wconf 73' lang='lat' dir='ltr'><strong>AD</strong></span> <span class='ocrx_word' id='word_1_606' title='bbox 2565 4322 2841 4367; x_wconf 78' lang='lat' dir='ltr'><strong>EPISCOPOS</strong></span> <span class='ocrx_word' id='word_1_607' title='bbox 2882 4325 3070 4369; x_wconf 70' lang='lat' dir='ltr'><strong>SYNODI</strong></span> <span class='ocrx_word' id='word_1_608' title='bbox 3103 4326 3492 4379; x_wconf 73' lang='lat' dir='ltr'><strong>DUZIACENSIS.</strong></span> 
     </span>
    </p>
   </div>
   <div class='ocr_carea' id='block_1_126' title="bbox 2787 4402 3145 4478">
    <p class='ocr_par' dir='ltr' id='par_1_126' title="bbox 2787 4402 3145 4478">
     <span class='ocr_line' id='line_1_126' title="bbox 2787 4402 3145 4478; baseline 0.011 -22"><span class='ocrx_word' id='word_1_609' title='bbox 2787 4402 2966 4471; x_wconf 80' lang='lat' dir='ltr'><strong>(Anno</strong></span> <span class='ocrx_word' id='word_1_610' title='bbox 2991 4405 3145 4478; x_wconf 79' lang='lat' dir='ltr'><strong>87L)</strong></span> 
     </span>
    </p>
   </div>
   <div class='ocr_carea' id='block_1_127' title="bbox 2176 4507 3201 4640">
    <p class='ocr_par' dir='ltr' id='par_1_127' title="bbox 2176 4507 3201 4640">
     <span class='ocr_line' id='line_1_127' title="bbox 2176 4507 3201 4586; baseline 0.014 -24"><span class='ocrx_word' id='word_1_611' title='bbox 2176 4507 2465 4568; x_wconf 78' lang='lat' dir='ltr'><strong>Actardum</strong></span> <span class='ocrx_word' id='word_1_612' title='bbox 2489 4514 2659 4586; x_wconf 82' lang='lat' dir='ltr'><strong>episco</strong></span> <span class='ocrx_word' id='word_1_613' title='bbox 2678 4532 2785 4571; x_wconf 81' lang='lat' dir='ltr'><strong>mm</strong></span> <span class='ocrx_word' id='word_1_614' title='bbox 2817 4536 2848 4572; x_wconf 80' lang='grc' dir='ltr'><em>α</em></span> <span class='ocrx_word' id='word_1_615' title='bbox 2883 4518 3201 4577; x_wconf 81' lang='lat' dir='ltr'><strong>Namnetica</strong></span> 
     </span>
     <span class='ocr_line' id='line_1_128' title="bbox 2251 4534 3197 4640; baseline 0.007 -6"><span class='ocrx_word' id='word_1_616' title='bbox 2251 4580 2587 4640; x_wconf 79' lang='lat' dir='ltr'><strong>Turonicnm.</strong></span> <span class='ocrx_word' id='word_1_617' title='bbox 2632 4534 2910 4640; x_wconf 60' lang='lat' dir='ltr'><strong>Iiincmari</strong></span> <span class='ocrx_word' id='word_1_618' title='bbox 2967 4588 3197 4640; x_wconf 82' lang='lat' dir='ltr'><strong>Laudun</strong></span> 
     </span>
    </p>
   </div>
   <div class='ocr_carea' id='block_1_128' title="bbox 2251 4580 2587 4640">
    <p class='ocr_par' dir='ltr' id='par_1_128' title="bbox 2251 4580 2587 4640">
     <span class='ocr_line' id='line_1_129' title="bbox 2251 4580 2587 4640; baseline 0.015 -6"><span class='ocrx_word' id='word_1_619' title='bbox 2251 4580 2587 4640; x_wconf 75' lang='lat' dir='ltr'><strong>Turonicnht.</strong></span> 
     </span>
    </p>
   </div>
   <div class='ocr_carea' id='block_1_129' title="bbox 3261 4528 3767 4613">
    <p class='ocr_par' dir='ltr' id='par_1_129' title="bbox 3261 4528 3767 4613">
     <span class='ocr_line' id='line_1_130' title="bbox 3261 4528 3767 4613; baseline 0.014 -32"><span class='ocrx_word' id='word_1_620' title='bbox 3261 4528 3391 4610; x_wconf 68' lang='lat' dir='ltr'><strong>sede</strong></span> <span class='ocrx_word' id='word_1_621' title='bbox 3426 4534 3678 4613; x_wconf 65' lang='grc' dir='ltr'><strong>ξταιιείςη</strong></span> <span class='ocrx_word' id='word_1_622' title='bbox 3704 4534 3767 4586; x_wconf 69' lang='lat' dir='ltr'><strong>ad</strong></span> 
     </span>
    </p>
   </div>
   <div class='ocr_carea' id='block_1_130' title="bbox 2689 4587 3767 4671">
    <p class='ocr_par' dir='ltr' id='par_1_130' title="bbox 2689 4587 3767 4671">
     <span class='ocr_line' id='line_1_131' title="bbox 2689 4587 3767 4671; baseline 0.018 -31"><span class='ocrx_word' id='word_1_623' title='bbox 2689 4587 2910 4671; x_wconf 50' lang='lat' dir='ltr'><strong>incusari</strong></span> <span class='ocrx_word' id='word_1_624' title='bbox 2967 4588 3349 4671; x_wconf 71' lang='lat' dir='ltr'><strong>Laudunensis</strong></span> <span class='ocrx_word' id='word_1_625' title='bbox 3402 4587 3767 4671; x_wconf 60' lang='lat' dir='ltr'><strong>depositione:</strong></span> 
     </span>
    </p>
   </div>
   <div class='ocr_carea' id='block_1_131' title="bbox 2248 4653 3765 4730">
    <p class='ocr_par' dir='ltr' id='par_1_131' title="bbox 2248 4653 3765 4730">
     <span class='ocr_line' id='line_1_132' title="bbox 2248 4653 3765 4730; baseline 0.018 -24"><span class='ocrx_word' id='word_1_626' title='bbox 2248 4653 2523 4730; x_wconf 68' lang='lat' dir='ltr'><strong>improbat,</strong></span> <span class='ocrx_word' id='word_1_627' title='bbox 2551 4673 2769 4730; x_wconf 73' lang='lat' dir='ltr'><strong>eumque</strong></span> <span class='ocrx_word' id='word_1_628' title='bbox 2794 4658 3014 4715; x_wconf 81' lang='lat' dir='ltr'><strong>Romam</strong></span> <span class='ocrx_word' id='word_1_629' title='bbox 3043 4678 3166 4717; x_wconf 84' lang='lat' dir='ltr'><strong>cum</strong></span> <span class='ocrx_word' id='word_1_630' title='bbox 3216 4653 3537 4728; x_wconf 52' lang='lat' dir='ltr'><strong>adversario</strong></span> <span class='ocrx_word' id='word_1_631' title='bbox 3578 4676 3647 4729; x_wconf 74' lang='lat' dir='ltr'><strong>ad</strong></span> <span class='ocrx_word' id='word_1_632' title='bbox 3690 4692 3765 4730; x_wconf 71' lang='lat' dir='ltr'><strong>re-</strong></span> 
     </span>
    </p>
   </div>
   <div class='ocr_carea' id='block_1_132' title="bbox 2249 4726 3232 4803">
    <p class='ocr_par' dir='ltr' id='par_1_132' title="bbox 2249 4726 3232 4803">
     <span class='ocr_line' id='line_1_133' title="bbox 2249 4726 3232 4803; baseline 0.014 -26"><span class='ocrx_word' id='word_1_633' title='bbox 2249 4726 2546 4782; x_wconf 77' lang='lat' dir='ltr'><strong>novandum</strong></span> <span class='ocrx_word' id='word_1_634' title='bbox 2569 4726 2833 4798; x_wconf 79' lang='lat' dir='ltr'><strong>judicium</strong></span> <span class='ocrx_word' id='word_1_635' title='bbox 2861 4731 3033 4787; x_wconf 78' lang='lat' dir='ltr'><strong>venire</strong></span> <span class='ocrx_word' id='word_1_636' title='bbox 3053 4734 3232 4803; x_wconf 81' lang='lat' dir='ltr'><strong>jubet.</strong></span> 
     </span>
    </p>
   </div>
   <div class='ocr_carea' id='block_1_133' title="bbox 2245 4833 3767 4925">
    <p class='ocr_par' dir='ltr' id='par_1_133' title="bbox 2245 4833 3767 4925">
     <span class='ocr_line' id='line_1_134' title="bbox 2245 4833 3767 4925; baseline 0.022 -38"><span class='ocrx_word' id='word_1_637' title='bbox 2245 4833 2522 4892; x_wconf 74' lang='lat' dir='ltr'><strong>ADRIANUS</strong></span> <span class='ocrx_word' id='word_1_638' title='bbox 2548 4837 2856 4910; x_wconf 85' lang='lat' dir='ltr'><strong>episcopus,</strong></span> <span class='ocrx_word' id='word_1_639' title='bbox 2902 4855 3091 4899; x_wconf 87' lang='lat' dir='ltr'><strong>servus</strong></span> <span class='ocrx_word' id='word_1_640' title='bbox 3120 4861 3417 4909; x_wconf 88' lang='lat' dir='ltr'><strong>servorum</strong></span> <span class='ocrx_word' id='word_1_641' title='bbox 3459 4856 3593 4925; x_wconf 86' lang='lat' dir='ltr'><strong>Dei,</strong></span> <span class='ocrx_word' id='word_1_642' title='bbox 3628 4876 3767 4917; x_wconf 70' lang='lat' dir='ltr'><strong>rm-</strong></span> 
     </span>
    </p>
   </div>
   <div class='ocr_carea' id='block_1_134' title="bbox 2176 4930 3767 5018">
    <p class='ocr_par' dir='ltr' id='par_1_134' title="bbox 2176 4930 3767 5018">
     <span class='ocr_line' id='line_1_135' title="bbox 2176 4930 3767 5018; baseline 0.018 -35"><span class='ocrx_word' id='word_1_643' title='bbox 2176 4930 2500 4987; x_wconf 86' lang='lat' dir='ltr'><strong>rentissimis</strong></span> <span class='ocrx_word' id='word_1_644' title='bbox 2535 4942 2590 4988; x_wconf 89' lang='lat' dir='ltr'><strong>et</strong></span> <span class='ocrx_word' id='word_1_645' title='bbox 2631 4935 2987 4992; x_wconf 89' lang='lat' dir='ltr'><strong>sanctissimis</strong></span> <span class='ocrx_word' id='word_1_646' title='bbox 3016 4940 3397 5003; x_wconf 86' lang='lat' dir='ltr'><strong>conl&#39;ratrihus</strong></span> <span class='ocrx_word' id='word_1_647' title='bbox 3427 4954 3656 5018; x_wconf 81' lang='lat' dir='ltr'><strong>nostris,</strong></span> <span class='ocrx_word' id='word_1_648' title='bbox 3684 4970 3767 5010; x_wconf 76' lang='lat' dir='ltr'><strong>ar-</strong></span> 
     </span>
    </p>
   </div>
   <div class='ocr_carea' id='block_1_135' title="bbox 2174 5022 3764 5106">
    <p class='ocr_par' dir='ltr' id='par_1_135' title="bbox 2174 5022 3764 5106">
     <span class='ocr_line' id='line_1_136' title="bbox 2174 5022 3764 5106; baseline 0.016 -28"><span class='ocrx_word' id='word_1_649' title='bbox 2174 5022 2536 5096; x_wconf 87' lang='lat' dir='ltr'><strong>chiepiscopis</strong></span> <span class='ocrx_word' id='word_1_650' title='bbox 2595 5035 2652 5082; x_wconf 90' lang='lat' dir='ltr'><strong>et</strong></span> <span class='ocrx_word' id='word_1_651' title='bbox 2710 5028 2978 5099; x_wconf 88' lang='lat' dir='ltr'><strong>episcopis</strong></span> <span class='ocrx_word' id='word_1_652' title='bbox 3020 5031 3115 5100; x_wconf 88' lang='lat' dir='ltr'><strong>qui</strong></span> <span class='ocrx_word' id='word_1_653' title='bbox 3166 5038 3313 5106; x_wconf 85' lang='lat' dir='ltr'><strong>apud</strong></span> <span class='ocrx_word' id='word_1_654' title='bbox 3378 5040 3764 5101; x_wconf 73' lang='lat' dir='ltr'><strong>Duziacensen</strong></span> 
     </span>
    </p>
   </div>
   <div class='ocr_carea' id='block_1_136' title="bbox 2170 5117 3536 5196">
    <p class='ocr_par' dir='ltr' id='par_1_136' title="bbox 2170 5117 3536 5196">
     <span class='ocr_line' id='line_1_137' title="bbox 2170 5117 3536 5196; baseline 0.017 -24"><span class='ocrx_word' id='word_1_655' title='bbox 2170 5117 2495 5176; x_wconf 78' lang='lat' dir='ltr'><strong>Rhemensis</strong></span> <span class='ocrx_word' id='word_1_656' title='bbox 2520 5121 2814 5192; x_wconf 70' lang='lat' dir='ltr'><strong>provinciae</strong></span> <span class='ocrx_word' id='word_1_657' title='bbox 2839 5124 3102 5196; x_wconf 85' lang='lat' dir='ltr'><strong>synodum</strong></span> <span class='ocrx_word' id='word_1_658' title='bbox 3128 5144 3536 5195; x_wconf 81' lang='lat' dir='ltr'><strong>convenerunt.</strong></span> 
     </span>
    </p>
   </div>
   <div class='ocr_carea' id='block_1_137' title="bbox 2241 5208 3764 5291">
    <p class='ocr_par' dir='ltr' id='par_1_137' title="bbox 2241 5208 3764 5291">
     <span class='ocr_line' id='line_1_138' title="bbox 2241 5208 3764 5291; baseline 0.022 -31"><span class='ocrx_word' id='word_1_659' title='bbox 2241 5208 2535 5262; x_wconf 88' lang='lat' dir='ltr'><strong>Cbaritatis</strong></span> <span class='ocrx_word' id='word_1_660' title='bbox 2577 5222 2773 5268; x_wconf 79' lang='lat' dir='ltr'><strong>vestrae</strong></span> <span class='ocrx_word' id='word_1_661' title='bbox 2822 5214 3030 5274; x_wconf 88' lang='lat' dir='ltr'><strong>litteras</strong></span> <span class='ocrx_word' id='word_1_662' title='bbox 3077 5234 3179 5275; x_wconf 85' lang='lat' dir='ltr'><strong>uer</strong></span> <span class='ocrx_word' id='word_1_663' title='bbox 3209 5212 3520 5285; x_wconf 67' lang='lat' dir='ltr'><strong>Actardm</strong></span> <span class='ocrx_word' id='word_1_664' title='bbox 3547 5248 3764 5291; x_wconf 61' lang='lat' dir='ltr'><strong>ruun-</strong></span> 
     </span>
    </p>
   </div>
  </div>
