4004 6290
224 344 356 402 1513

1409 345 1767 405 ΕΡΙΞΤΟΕᾹΞ
1807 350 1897 406 ΕΤ
1936 352 2277 414 DECRETA.

3337 356 3474 413 1'5”

222 467 338 508 mus
364 492 380 518 .
425 451 665 510 debitum
714 469 836 510 cum
885 457 1191 513 reverentia
1236 456 1519 514 honorem.
1565 458 1642 515 De
1685 474 1794 531 quo
1822 464 1871 524 A
1898 461 2135 524 fraterna
2183 486 2306 528 eum
2355 473 2619 530 charitate
2647 474 2900 531 commoti
2926 474 3131 531 viribus
3157 472 3286 529 totis
3329 473 3479 540 adju-

220 552 377 614 prout
410 544 777 616 sigmiicastis,
833 546 1157 618 peregimus.
1213 546 1351 603 Nam
1387 550 1528 605 sicut
1560 550 1797 620 synodus

1916 573 2053 626 vare,
2097 563 2237 631 apud
2274 564 2787 620 excellentissimum
2818 579 2996 637 regem
3026 571 3266 623 vestrum
3302 562 3481 617 humi-

221 634 599 702 expostulavit,
650 636 803 706 plebs
846 644 902 691 ct
936 638 1237 696 'l'uronicus
1274 640 1453 697 clerus
1506 657 1629 698 eum
1676 656 1801 697 con-

221 727 459 781 corditer
503 727 687 798 elegit,
736 744 834 798 per
880 738 1078 786 nostra:
1104 732 1412 802 apostolicae
1459 733 1801 790 auctoritatis

129 855 163 891 ,ί
212 817 495 872 decretum
522 818 904 874 constituimus
930 818 1257 877 cardiualem
1303 809 1799 895 metrOpolitanum,

215 914 274 961 et
301 906 769 978 archiepiscopum
821 909 1104 968 Turonicae
1145 912 1432 982 Ecclesiae,
1468 924 1630 986 atque
1676 931 1804 987 pro-

221 997 411 1053 vincia:
443 1016 456 1053 :
489 1001 747 1070 quoniam
789 1001 1003 1059 dicente
1045 1005 1251 1062 Antero
1293 1022 1432 1079 papa
1472 1008 1526 1063 in
1574 1008 1803 1079 epistola

194 1105 320 1145 sua
368 1091 537 1163 (epist.
586 1096 768 1161 unica,
796 1097 852 1151 in
899 1099 1177 1171 princip.),
1221 1102 1540 1172 quibusdam
1573 1119 1699 1159 eum
1736 1104 1804 1159 de

214 1185 523 1241 mutatione
557 1188 932 1260 episcoporum
962 1193 1029 1248 de
1058 1195 1277 1253 civitate
1303 1197 1356 1252 in
1382 1198 1657 1254 civitatem
1683 1214 1809 1255 con-

220 1273 524 1333 sulentibus
548 1294 564 1333 :
589 1277 797 1336 Scitote
821 1295 940 1336 eam
959 1274 1229 1341 communi
1255 1287 1489 1346 utilitate
1515 1298 1678 1361 atque
1712 1306 1808 1348 ne-

212 1366 476 1423 cessitate
512 1368 628 1424 lieri
666 1369 850 1437 licere,
880 1375 972 1430 sed
993 1378 1101 1431 non
1137 1378 1293 1434 libitu
1317 1378 1638 1451 cujusquam
1662 1423 1678 1447 ,
1713 1389 1808 1437 aut

222 1455 608 1513 dominatione.
626 1458 818 1518 Petrus
839 1479 1071 1534 namque
1099 1477 1319 1526 sanctus
1342 1472 1600 1542 magister
1621 1481 1808 1530 noster

204 1551 277 1599 et
293 1545 547 1617 princeps
569 1551 933 1620 apostolorum
957 1555 1024 1611 de
1061 1557 1347 1614 Antiochia
1368 1561 1621 1617 utilitatis
1641 1578 1805 1619 causa

218 1637 522 1695 translatus
549 1649 636 1697 est
665 1642 889 1701 Romam
917 1687 934 1713 ,
980 1657 1040 1703 ut
1071 1646 1283 1706 ibidem
1326 1653 1506 1722 potius
1539 1646 1808 1724 proficere

222 1743 423 1800 posset.
461 1735 725 1794 Eusebius
754 1753 969 1811 quoque
1004 1743 1068 1798 de
1105 1743 1337 1814 quadam
1384 1760 1551 1817 parva
1587 1746 1807 1803 civitate

1900 649 2445 720 literintercedendo,
2463 655 2692 710 viriliter
2708 655 2973 726 satagaris
2990 672 3005 712 :
3020 662 3286 725 quatenus
3297 659 3480 709 vestro

1903 739 2112 813 ingenti
2141 738 2443 800 certamine
2470 744 2672 801 Christi
2697 744 2937 800 Ecclesia
2965 744 3149 816 quieta
3178 750 3234 799 et
3265 757 3479 805 secura,

1903 839 1959 887 et
1991 834 2227 903 propriis
2254 834 2415 890 rebus
2439 834 2610 889 ditata
2639 833 2981 905 gloriosaque
3003 832 3286 889 consistat.
3316 830 3484 901 igitur

1905 923 1972 977 de
1997 921 2277 980 Hincmari
2312 924 2686 981 Laudunensis
2722 924 2959 995 episcopi
2989 922 3327 995 depositione
3351 936 3488 992 pon-

1904 1011 2075 1069 tiﬁcio
2103 1022 2289 1070 nostro
2320 1014 2613 1084 scripsistis
2645 1054 2658 1078 ,
2713 1022 2978 1084 quatenus
3004 1014 3070 1068 de
3093 1028 3160 1069 eo
3190 1010 3486 1067 secundum

1906 1102 2051 1171 quod
2086 1104 2409 1159 canonicum
2455 1111 2540 1159 est
2586 1102 2737 1158 vobis
2798 1102 3100 1158 rescribere
3149 1099 3486 1170 juberemus.

1905 1191 2091 1249 Primo
2122 1193 2354 1264 denique
2382 1204 2578 1249 vestrae
2616 1194 3005 1265 respondemus
3035 1190 3291 1248 charitati
3314 1229 3331 1253 ,
3356 1187 3489 1258 quia

1906 1300 2031 1341 cum
2060 1285 2327 1344 clamaret
2354 1288 2406 1342 in
2438 1286 2643 1358 synodo
2683 1300 2742 1342 se
2790 1286 2859 1342 ad
2909 1287 3093 1342 sedem
3136 1281 3493 1357 apostolicam.

1908 1375 2049 1432 veile
2077 1377 2458 1434 incunctanter
2488 1377 2695 1444 venire,
2725 1382 2889 1446 atque
2936 1375 2991 1430 in
3038 1373 3327 1446 praesentia
3373 1371 3493 1442 ejus

1907 1482 2008 1539 pro
2025 1467 2253 1538 objectis
2267 1470 2372 1525 sibi
2394 1470 2462 1524 ab
2477 1467 2787 1525 adversario
2808 1466 3130 1523 criminibus
3145 1462 3489 1535 respondere,

1910 1561 2277 1617 damnationis
2310 1560 2367 1616 in
2394 1576 2516 1616 eum
2547 1576 2655 1615 non
2696 1567 2814 1616 erat
2848 1559 3177 1633 proferenda
3202 1555 3492 1614 sententia.

1910 1652 2142 1720 Tamen,
2173 1654 2317 1710 sicut
2346 1654 2516 1725 ipsius
2539 1652 2757 1709 concilii
2787 1651 3091 1707 actionibus
3115 1648 3335 1721 legitur,
3359 1660 3493 1732 quo-

1911 1743 2058 1798 niam
2099 1744 2250 1800 salvo
2297 1745 2352 1800 in
2412 1744 2664 1799 omnibus
2710 1741 2915 1812 judicio
2972 1739 3117 1797 sedis
3164 1737 3494 1811 apostolicm,

213 1825 517 1893 .apostoliea
544 1831 873 1887 auctoritate
898 1841 1136 1890 mutatus
1162 1845 1247 1891 est
1278 1836 1684 1893 Alexandriam.
1718 1820 1883 1895 Si-‘B
1912 1833 2062 1890 illum
2097 1836 2165 1891 ab
2189 1836 2461 1935 episcopis
2486 1833 2655 1890 fuisse
2681 1833 2985 1903 iudicatum
3032 1832 3279 1935 asseritis
3307 1870 3323 1896 .
3374 1844 3495 1893 n03.

213 1916 426 1972 aniliter
463 1928 519 1974 et
568 1920 720 1976 Felix
781 1924 847 1979 de
897 1925 1155 1991 civitate,
1210 1943 1317 1998 qua
1362 1928 1647 1986 ordinatus
1689 1940 1809 1987 erat

218 2005 490 2065 electione
510 2010 732 2077 civium,
764 2021 988 2085 propter
1010 2015 1311 2071 doctrinam
1332 2029 1390 2073 et
1409 2019 1607 2075 bonam
1638 2021 1813 2083 vitam,

214 2117 386 2171 quam
431 2104 682 2171 habebat,
724 2109 997 2163 communi
1047 2110 1425 2180 episcoporum
1470 2119 1528 2167 et
1573 2113 1809 2185 reliquo~

214 2212 343 2251 rum
388 2201 730 2255 sacerdotum
770 2217 835 2258 ac
873 2202 1190 2274 populorum
1234 2205 1484 2272 consilio,
1512 2207 1810 2264 translatus

222 2296 306 2343 est
336 2288 627 2359 Ephesum.
678 2290 796 2347 Non
842 2293 987 2348 enim
1017 2295 1212 2350 transit
1239 2296 1305 2351 de
1331 2297 1555 2352 civitate
1590 2296 1642 2352 in
1679 2299 1812 2354 civi-

204 2387 413 2442 ‘tatem.
442 2383 531 2450 qui
562 2397 667 2436 non
698 2398 798 2439 suo
827 2383 981 2440 libitu
1017 2386 1122 2441 hoc
1156 2389 1305 2456 facit,
1339 2398 1434 2443 aut
1455 2390 1685 2458 ambitu,
1716 2393 1811 2448 sed

214 2471 460 2526 utiiitate
489 2473 722 2542 quadam
747 2513 762 2540 ,
799 2482 894 2530 aut
921 2477 1246 2533 necessitate
1274 2519 1288 2544 ,
1318 2480 1549 2536 aliorum
1592 2482 1811 2538 hortatu

223 2571 281 2616 et
331 2562 558 2618 consilio
604 2565 880 2633 potiorum
937 2567 1310 2626 transfertur:
1342 2587 1444 2629 nec
1492 2574 1815 2631 transfertur

214 2654 293 2710 de
334 2655 544 2727 minore
585 2658 803 2713 civitate
851 2660 920 2715 ad
959 2659 1246 2731 majorem,
1271 2664 1362 2735 qui
1410 2665 1515 2721 hoc
1557 2682 1663 2722 non
1692 2682 1811 2721 am-

216 2745 364 2809 ‘bitu,
417 2762 525 2801 non
576 2749 793 2819 propria
856 2751 1133 2808 voluntate
1186 2753 1350 2821 facit;
1403 2757 1497 2813 sed
1548 2766 1642 2813 aut
1679 2758 1731 2814 vi
1780 2774 1813 2814 a

214 2829 443 2906 propria
496 2839 624 2893 sede
676 2839 882 2910 pulsus,
913 2849 1010 2896 aut
1048 2844 1376 2901 necessitate
1423 2855 1665 2913 coactus,
1721 2856 1816 2903 aut

223 2927 459 2983 utilitate
508 2928 611 2985 loci
665 2939 759 2985 aut
808 2933 1015 3004 populi,
1067 2950 1174 2991 non
1227 2938 1484 3007 superbe,
1512 2940 1606 2995 sed
1636 2940 1813 2996 humi-

216 3018 351 3076 aliter
392 3022 461 3077 ab
507 3022 627 3080 aliis
674 3024 969 3083 translatus
997 3035 1054 3083 et
1083 3027 1485 3086 inthronizatus
1529 3039 1633 3097 est,
1686 3032 1814 3103 quia

223 3111 390 3169 homo
416 3114 562 3170 videt
609 3115 661 3171 in
709 3115 868 3184 facie,
906 3118 1050 3176 Deus
1078 3129 1257 3177 autem
1286 3122 1340 3177 in
1369 3121 1553 3179 corde.
1584 3122 1651 3178 Et
1679 3124 1815 3180 alios

224 3204 539 3271 nonnullos,
591 3208 734 3263 sicut
782 3206 1071 3281 tripartitze
1112 3213 1354 3271 historia:
1399 3217 1572 3272 series
1596 3218 1810 3288 prodit,

216 3292 453 3365 legimus
481 3296 593 3367 (lib.
638 3315 749 3365 x11,
781 3317 895 3370 cap.
937 3302 992 3373 8)
1035 3317 1133 3373 pro
1181 3305 1441 3377 temporis
1491 3308 1816 3364 necessitate

225 3382 438 3441 deuna
468 3384 698 3445 ecclesia
740 3390 910 3447 fuisse
936 3402 1172 3451 mutatos
1198 3396 1251 3452 in
1276 3397 1436 3453 aliam
1463 3416 1477 3453 :
1507 3415 1628 3470 qua:
1658 3400 1817 3457 aliter

223 3476 519 3531 tractanda
568 3488 654 3534 est
695 3482 1041 3539 necessitatis
1076 3487 1240 3553 ratio,
1293 3488 1453 3545 aliter
1499 3490 1812 3549 voluntatis.

222 3564 384 3623 Unde
413 3571 585 3625 sancti
615 3579 799 3640 patres
826 3571 1030 3630 Nicaeui
1071 3576 1308 3646 capitulo
1345 3580 1584 3635 secundo
1609 3583 1811 3647 dicunt,

222 3660 484 3728 quoniam
534 3662 688 3734 plura
720 3674 813 3719 aut
840 3681 940 3736 per
963 3669 1368 3736 necessitatem,
1409 3679 1503 3727 aut
1551 3671 1684 3728 alias
1731 3687 1818 3729 co-

218 3753 480 3822 gentibus
517 3756 830 3825 hominibus
857 3799 873 3826 ,
916 3758 1178 3816 adversus
1216 3761 1643 3821 ecclesiasticam
1672 3764 1816 3820 facta

219 3852 355 3898 sum
378 3846 638 3918 regulam.
663 3848 730 3904 Et
752 3858 972 3906 sanctus
993 3849 1105 3907 Leo
1124 3867 1265 3929 papa
1282 3852 1455 3925 (epist.
1472 3855 1542 3909 ad
1569 3855 1815 3910 Nicetam

230 3934 550 4010 Aquileien.)
580 3954 699 4010 cap.
734 3938 805 3995 44
833 3941 1186 3999 decretalium
1230 3960 1449 4002 suorum
1485 3947 1617 4003 dicit
1656 3948 1817 4005 omit-

230 4026 454 4081 tendum
486 4043 632 4093 esse,
662 4038 719 4085 et
751 4030 1079 4102 inculpabile
1116 4034 1492 4108 judicandum,
1538 4039 1682 4109 quod
1717 4053 1815 4094 ne-

227 4116 460 4171 cessitas
486 4118 686 4174 intulit.
720 4121 797 4176 Ita
822 4130 1001 4178 tamen
1027 4123 1131 4180 hoc
1152 4126 1547 4196 permittentes,
1577 4138 1634 4184 ut
1656 4128 1820 4185 Nam-

224 4205 425 4260 nelicae
465 4206 719 4265 Ecclesiae
745 4249 761 4276 ,
801 4212 888 4267 cui
916 4211 1095 4268 fuerat
1120 4215 1425 4282 ordinatus,
1477 4217 1531 4272 in
1570 4233 1635 4274 eo
1674 4219 1820 4290 quod

226 4297 511 4364 remansit,
542 4300 684 4368 quod
707 4300 982 4358 destructa
1013 4304 1262 4372 habetur,
1286 4305 1410 4376 jura
1429 4315 1821 4377 potestatemve

227 4387 380 4443 nullo
427 4391 589 4447 modo
634 4393 1040 4452 subtrahamus.
1090 4395 1501 4468 Interponentes
1530 4403 1820 4472 pastoralis

228 4483 437 4552 vigoris
463 4500 778 4554 censuram,
812 4496 873 4543 ut
917 4489 963 4545 si
994 4491 1447 4562 quandocunque,
1477 4494 1560 4550 vel
1587 4497 1816 4569 quicun-

225 4587 336 4642 que
368 4572 559 4640 alium,
587 4576 702 4647 ipso
730 4579 1042 4649 superstite,
1076 4581 1132 4636 in
1164 4581 1394 4652 przefata
1429 4586 1731 4656 metropoli,
1764 4594 1821 4643 et

229 4660 283 4717 in
319 4663 440 4728 iSta,
484 4664 569 4720 vel
601 4666 655 4720 in
682 4662 871 4723 earu'm
900 4671 1260 4740 pertinentiis,
1300 4672 1481 4730 locare
1510 4677 1817 4744 tentaverit,

228 4762 325 4808 aut
371 4754 630 4812 ordinare
688 4757 870 4815 locare
923 4764 1366 4833 przesumpserit,
1432 4766 1817 4824 ecclesiastica:

230 4847 499 4902 duntaxat
527 4850 925 4909 communionis
953 4853 1231 4909 consortio
1277 4864 1482 4912 careat.
1525 4857 1668 4914 Sane
1694 4870 1820 4931 post

225 4939 353 5009 ejus
379 4941 685 5010 decessum,
732 4943 926 5000 electio
952 4945 1238 5015 canonica,
1268 4954 1324 5003 et
1349 4948 1619 5005 ordinatio
1644 4965 1673 5003 a
1702 4952 1817 5005 sul-

228 5024 510 5101 fraganeis
557 5031 823 5104 episcopis
851 5033 1091 5102 ejusdem
1131 5036 1490 5108 metropoleos
1538 5036 1820 5096 Turonicte

232 5124 502 5180 canonico
528 5124 834 5182 celebretur
872 5141 937 5183 ex
992 5141 1165 5182 more.
1202 5126 1356 5195 Quod
1395 5129 1441 5184 si
1489 5128 1820 5187 Namneticae

229 5215 530 5285 contigerit
554 5215 808 5273 Ecclesiae
832 5216 900 5273 ad
928 5217 1164 5288 priorem
1192 5258 1208 5283 ,
1252 5217 1470 5274 Christo
1496 5221 1815 5299 auxiliante,

235 5315 441 5363 statum
474 5308 673 5374 redire,
703 5308 837 5363 nihil
863 5307 1065 5365 otﬁciat
1092 5309 1141 5364 ei
1172 5310 1287 5366 haec
1320 5310 1663 5366 necessitatis
1699 5311 1818 5365 uni-

240 5398 338 5465 tio,
366 5414 528 5468 quam
555 5398 803 5454 videlicet
829 5399 995 5471 exigit
1024 5415 1355 5472 paganorum
1404 5403 1659 5468 vastatio,
1685 5418 1819 5473 quo-

237 5488 420 5546 minus
455 5490 732 5561 proprium
759 5490 938 5546 valeat
973 5491 1174 5548 habere
1205 5492 1538 5562 pontificem.
1589 5491 1696 5549 Sed
1740 5496 1819 5550 vi-

236 5579 419 5634 dimus
440 5593 565 5634 eum
580 5578 736 5636 valde
757 5581 1124 5637 tristissimum
1150 5593 1368 5655 propter
1386 5586 1819 5655 persecutionem

236 5682 592 5739 paganorum.
622 5669 690 5725 Et
722 5686 846 5727 cum
880 5686 1070 5728 omnes
1094 5673 1203 5729 sint
1230 5690 1369 5746 pene
1397 5690 1489 5733 res
1521 5673 1692 5746 ipsius
1718 5675 1820 5732 Ec-

239 5758 422 5817 clesia:
450 5763 800 5835 depopulatae,
829 5772 1026 5821 vestrte
1060 5765 1341 5840 dirigimus
1366 5766 1728 5839 fraternitati,
1760 5776 1821 5825 ut

493 5856 727 5911 Ρλτιιοι..
770 5857 951 5909 cum,

1907 1943 2017 1984 non
2054 1923 2237 2000 aliqua
2261 1938 2453 2010 contra
2483 1927 2752 2000 quoslibet
2785 1926 3042 1984 commoti
3085 1923 3290 1981 invidia
3319 1963 3337 1989 ,
3395 1936 3500 1977 nec

1910 2023 2133 2081 alterius
2161 2023 2374 2096 cuipam
2428 2023 2483 2079 in
2536 2022 2767 2078 alterum
2821 2029 3141 2093 retorquere
3196 2017 3497 2087 cupientes,

1908 2116 2157 2174 volumus
2206 2125 2261 2174 et
2303 2116 2629 2174 auctoritate
2674 2114 2970 2188 apostolica
3005 2154 3022 2181 ,
3071 2111 3270 2168 nullius
3327 2110 3497 2180 partis

1910 2204 2152 2262 favorem
2197 2216 2293 2263 aut
2338 2207 2687 2277 obsequium,
2734 2205 2831 2262 sed
2875 2205 2952 2260 rei
2998 2210 3164 2276 gestae
3214 2201 3500 2256 veritatem

1912 2296 2089 2369 magis
2116 2297 2361 2353 invenire
2389 2298 2671 2367 cupientes
2696 2336 2711 2363 ,
2741 2294 2996 2365 jubcmus
3033 2295 3209 2368 ipsum
3240 2292 3499 2347 Hincma-

1912 2406 2034 2445 rum
2061 2390 2478 2455 Laudunensem
2507 2389 2825 2461 episcopum
2851 2396 3033 2444 vestra
3061 2385 3258 2443 fretum
3305 2392 3502 2454 poten-

1914 2482 1987 2537 tia
2031 2482 2098 2535 ad
2148 2482 2333 2547 limina
2365 2488 2679 2536 sanctorum
2710 2479 3110 2551 apostolorum,
3149 2485 3503 2545 nostramque

1912 2571 2100 2627 venire
2129 2571 2492 2642 praasentiam.
2523 2569 2641 2637 Quo
2678 2584 2808 2625 sane
2857 2570 3106 2624 veniente
3128 2607 3144 2632 ,
3178 2567 3361 2621 veniat
3402 2579 3503 2635 pa-

1915 2666 2050 2721 riter
2076 2671 2361 2720 accusator
2389 2663 2616 2719 idoneus
2643 2703 2658 2729 ,
2691 2662 2784 2733 qui
2814 2660 2961 2717 nulla
2984 2659 3156 2730 possit
3179 2657 3506 2714 auctoritate

1914 2754 2154 2828 legitima
2206 2753 2410 2824 respui.
2443 2753 2512 2808 Et
2561 2760 2689 2808 tunc
2730 2751 2783 2807 in
2824 2750 3115 2823 praesentia
3162 2756 3349 2804 nostra
3378 2788 3393 2813 ,
3443 2756 3503 2802 et

1918 2846 2082 2902 totius
2122 2845 2268 2902 sedis
2297 2844 2556 2899 Romanae
2597 2841 2841 2915 synodali
2867 2842 3117 2914 collegio,
3157 2856 3325 2898 causa
3360 2840 3504 2896 illius

1916 2937 2169 3010 prudenti
2197 2936 2453 2992 ventilata
2475 2935 2744 3001 examine,
2774 2950 2837 2991 ac
2884 2935 3169 3007 diligenter
3198 2931 3461 3004 inquisita
3484 2972 3502 2996 ,

1918 3030 2214 3087 secundum
2240 3030 2412 3085 Deum
2430 3035 2486 3084 et
2502 3043 2781 3083 sacrorum
2805 3041 3075 3082 canonum
3093 3022 3507 3083 constitutiones
3569 3097 3577 3105 ἡ
3600 3078 3607 3086 ,

1921 3118 2129 3190 Spiritu
2156 3118 2255 3174 Dei
2284 3118 2529 3190 prolatas
2549 3158 2564 3183 ,
2614 3118 2732 3173 sine
2758 3115 3119 3188 protelatione
3147 3115 3326 3185 aliqua
3353 3113 3507 3168 finie-

1922 3219 2009 3264 tur
2038 3225 2054 3263 :
2086 3209 2341 3280 quoniam
2370 3215 2519 3281 gesta
2549 3208 2827 3280 synodalia
2857 3223 2976 3280 qua:
3002 3207 3157 3264 nobis
3184 3204 3504 3267 mandastis.

1917 3309 1974 3356 et
2001 3300 2144 3356 illius
2164 3300 2483 3372 judicantur
2507 3299 2877 3366 damnatione,
2922 3299 3135 3354 dicente
3164 3296 3319 3353 nobis
3345 3297 3507 3351 beato

1916 3390 2182 3461 Gregorio
2210 3389 2329 3463 (lib.
2355 3406 2476 3456 vui,
2498 3390 2649 3463 epist.
2674 3387 2764 3461 '50)
2796 3388 2865 3444 ad
2894 3387 3272 3445 Constantium
3307 3382 3508 3440 Medio-

1919 3481 2200 3538 lanensem
2248 3479 2563 3551 episcopum
2622 3478 2688 3535 de
2737 3478 2969 3550 quodam
3017 3476 3086 3533 ab
3130 3491 3195 3531 eo
3249 3475 3508 3531 damnato

1917 3574 2171 3643 episcopo
2197 3612 2213 3637 ,
2266 3573 2462 3628 idonee
2504 3569 2819 3626 satisfacere
2863 3585 2971 3625 non
3002 3567 3274 3625 videntur.
3327 3584 3346 3618 ι
3384 3566 3510 3621 Ideo

1919 3671 2125 3719 temere
2168 3661 2372 3733 aliquid
2400 3660 2469 3715 de
2507 3659 2745 3729 episcopi
2776 3672 3010 3729 persona
3057 3658 3355 3714 decernere
3405 3671 3509 3713 nec

1920 3750 2180 3806 debemus
2208 3788 2225 3815 ,
2260 3764 2364 3805 nec
2389 3761 2698 3819 possumus,
2731 3762 2802 3803 ne
2833 3747 3001 3819 (quod
3025 3745 3188 3817 absit)
3216 3746 3510 3816 reprehen-

1920 3840 2106 3898 sibiles
2148 3840 2490 3896 inveniamur
2518 3838 2573 3894 in
2611 3838 2832 3907 nostris,
2875 3838 3073 3910 quibus
3111 3837 3338 3891 aliorum
3382 3836 3510 3908 jure

1914 3934 2181 4006 competit
2210 3943 2511 3989 retractare
2540 3931 2890 3988 sententias.»
2914 3931 3049 3985 Item
3072 3930 3126 3984 in
3152 3929 3253 3985 alia
3280 3928 3509 4000 epistola

1921 4042 2019 4083 sua
2050 4026 2219 4083 Felici
2246 4025 2521 4081 Siciliensi
2558 4024 2671 4097 (lib.
2705 4038 2779 4079 vn
2809 4064 2824 4090 ,
2874 4023 3058 4077 indict.
3094 4038 3156 4090 ιι,
3190 4027 3341 4094 epist.
3364 4022 3455 4093 45)
3488 4040 3506 4077 :

1927 4138 1945 4172 ι
1976 4117 2089 4173 Nec
2111 4133 2230 4184 nos,
2274 4117 2470 4186 inquit,
2498 4123 2690 4171 contra
2718 4113 3019 4169 inauditam
3056 4121 3267 4184 partem
3299 4112 3506 4182 aliquid

1920 4224 2209 4280 possumus
2238 4206 2484 4263 delinire.
2518 4226 2537 4259 ι
2577 4205 2716 4262 Hinc
2735 4205 2901 4261 etiam
2930 4204 3001 4260 ad
3034 4203 3301 4259 Marinum
3323 4219 3509 4275 quem-

1923 4302 2046 4357 dam
2096 4298 2480 4355 scholasticum
2509 4296 2622 4369 (lib.
2658 4297 2801 4364 eod.,
2843 4298 2995 4367 epist.
3027 4295 3118 4368 61)
3168 4295 3386 4367 scripsit
3420 4295 3509 4350 di-

1924 4389 2307 4458 censthuia,
2338 4389 2479 4445 sicut
2523 4387 2735 4459 praefati
2784 4402 2995 4455 sumus,
3038 4401 3329 4443 causarum
3355 4385 3508 4454 origo

1925 4494 1982 4538 et
2021 4482 2256 4555 qualitas
2298 4480 2525 4537 omnino
2554 4479 2713 4555 nobis
2745 4478 2932 4552 ignota
2980 4487 3103 4546 est,
3151 4487 3510 4551 pronuntiare

1924 4572 2129 4645 aliquid
2159 4570 2433 4628 definitive
2457 4583 2564 4624 non
2596 4583 2883 4641 possumus
2927 4586 2941 4624 :
2980 4584 3051 4625 ne
3076 4610 3092 4635 ,
3133 4569 3277 4640 quod
3323 4580 3511 4639 repre-

1926 4665 2193 4722 hensibile
2221 4664 2384 4720 nimis
2411 4673 2514 4730 est,
2541 4662 2607 4719 de
2628 4663 2791 4739 rebus
2816 4677 2923 4718 non
2948 4663 3088 4719 bene
3121 4662 3352 4735 cognitis
3376 4675 3508 4741 pro-

1926 4758 2071 4814 ferre
2101 4757 2425 4814 sententiam
2466 4756 2770 4812 videamur.
2796 4775 2814 4809 I
2849 4755 3003 4812 Unde
3030 4764 3084 4812 et
3122 4761 3343 4812 sanctus
3364 4752 3507 4818 Leo,

1926 4851 2070 4909 sedis
2098 4857 2154 4906 et
2177 4850 2435 4905 doctrinae
2460 4847 2773 4922 apostolicae
2801 4847 2985 4913 decus,
3017 4846 3147 4903 dicit
3187 4845 3243 4900 in
3274 4844 3509 4915 epistola

1926 4958 2025 4999 sua
2074 4922 2331 4997 Flaviano
2392 4937 2992 5008 Constantinopolitano
3048 4951 3147 5007 pro
3206 4935 3509 5007 Eutychete

1924 5035 2246 5108 presbytero
2292 5032 2547 5088 haeretica
2605 5029 2778 5104 (epist.
2829 5029 2959 5099 i0):
2998 5047 3018 5080 ο
3060 5027 3328 5097 Quoniam
3362 5043 3462 5085 nos
3485 5070 3502 5095 ,

1926 5142 2019 5198 qui
2052 5122 2394 5183 sacerdotum
2435 5122 2648 5179 Domini
2677 5131 2889 5177 matura
2927 5118 3174 5176 volumus
3217 5133 3337 5176 esse
3362 5119 3509 5190 judi-

1925 5219 2031 5285 cia,
2072 5216 2208 5274 nihil
2234 5230 2522 5288 possumus
2567 5213 2860 5283 incognitis
2887 5211 3050 5267 rebus
3089 5210 3146 5265 in
3185 5210 3503 5284 cujusquam

1924 5311 2097 5381 partis
2155 5309 2528 5382 prarjudicium
2583 5305 2843 5373 definire,
2891 5304 3205 5376 priusquam
3250 5304 3505 5362 universa

1924 5416 2045 5471 quae
2097 5408 2248 5472 gesta
2302 5406 2471 5465 sunt,
2523 5396 2793 5452 veraciter
2847 5395 3148 5451 audiamus.
3179 5415 3199 5449 ι
3259 5395 3396 5451 Hinc
3449 5404 3507 5450 et

1924 5490 2118 5547 beatus
2145 5489 2247 5547 Job
2274 5489 2443 5546 dicit:
2476 5487 2704 5544 Causam
2728 5502 2886 5559 quam
2915 5485 3239 5552 nesciebam,
3277 5484 3502 5557 diligent-

1927 5586 2127 5640 tissime
2152 5582 2528 5654 inuestigabam
2554 5580 2676 5654 (Job
2704 5579 2878 5651 xxix).
2909 5579 3041 5637 Inde
3081 5578 3247 5635 etiam
3280 5578 3335 5634 in
3366 5577 3504 5634 Pen-

1929 5676 2189 5733 tateucho
2243 5676 2502 5732 Dominus
2544 5673 2675 5730 dicit
2718 5692 2732 5729 :
2775 5672 2989 5728 Clamor
3045 5671 3397 5728 Sodomorum
3452 5677 3504 5725 et

1932 5765 2238 5828 Gomorrhcc
2267 5769 2643 5843 multiplicatus
2691 5776 2788 5838 est,
2815 5776 2862 5824 et
2890 5776 3165 5894 peccatug
3197 5779 3377 5820 eorum
3412 5778 3504 5833 ag-
