4004 6290
200 386 335 447 i517

190 523 318 580 pum
363 500 644 563 Turonicae
671 504 962 576 provinciae
1000 523 1012 560 :
1046 505 1126 560 sic
1156 512 1357 569 tamen,
1404 514 1465 559 ut
1522 503 1755 558 Namne-
1785 508 1838 566 Λ

188 601 310 655 ιίοω
337 597 599 662 ecclesiae,
624 598 710 653 cui
733 597 907 652 fuerat
935 597 1255 663 destinatus,
1282 597 1338 651 in
1377 611 1442 651 eo
1493 596 1635 666 quod
1683 611 1765 651 re.

184 689 408 754 mansit,
430 688 555 757 quia
578 685 850 741 destructa
891 687 1140 751 habetur,
1196 684 1321 753 jura
1374 693 1755 755 potestatemvt

182 779 334 834 nullo
387 778 544 834 modo
576 778 975 834 subtrahamus.
1024 777 1428 847 interponentes
1477 775 1758 847 pastoralis

180 869 385 941 vigoris
411 882 715 934 censuram,
761 876 822 923 ut
862 868 1290 939 quandocunque
1310 867 1395 921 vel
1428 866 1763 937 quiscunque

180 958 349 1014 alium
369 959 486 1029 ipso
510 957 799 1029 superstite
824 958 878 1013 in
898 955 1121 1028 praefata
1142 955 1449 1026 metropoli,
1479 963 1534 1010 et
1555 956 1608 1011 in
1633 956 1758 1023 ista,

176 1048 266 1103 vel
296 1048 351 1103 in
380 1063 566 1104 earum
587 1048 926 1119 pertinentiis
947 1047 1126 1103 locare
1169 1044 1472 1111 tentaverit,
1524 1052 1619 1099 aut
1673 1059 1761 1100 or-

176 1139 371 1194 dinare
435 1139 886 1209 praesumpserit,
935 1138 1315 1195 ecclesiastica:
1364 1137 1761 1193 communionis

176 1227 454 1284 consortio
491 1237 694 1283 careat.
720 1227 863 1284 Sane
882 1240 1005 1299 post
1051 1228 1169 1297 ejus
1221 1228 1505 1284 decessum
1566 1228 1760 1284 electio

175 1318 465 1385 canonica,
495 1326 550 1372 et
569 1318 839 1375 ordinatio
865 1336 896 1375 a
918 1318 1270 1391 suifraganeis
1304 1318 1574 1389 episcopis
1613 1318 1759 1389 ejus-

174 1407 304 1462 dem
330 1407 686 1478 metmpoleos
732 1408 1016 1465 Turonicte
1048 1409 1306 1465 canonice
1342 1407 1646 1464 celebretur
1690 1422 1757 1464 ex

174 1514 332 1554 more
356 1507 411 1555 et
437 1501 484 1555 si
512 1498 844 1557 Namnetica:
891 1501 1179 1572 contigerit
1203 1501 1459 1558 Ecclesiae
1503 1502 1570 1556 ad
1619 1500 1793 1572 prio»

172 1599 296 1642 rem
329 1586 503 1644 redire
531 1597 753 1658 statum,
795 1591 929 1645 nihil
954 1588 1150 1646 otliciat
1177 1592 1225 1645 ei
1255 1592 1370 1645 hmc
1416 1590 1758 1647 necessitatis

170 1678 373 1746 unitio,
404 1693 564 1750 quam
588 1680 770 1753 exegit
794 1695 1125 1752 paganorum
1162 1682 1417 1747 vastatio,
1466 1682 1758 1753 quominus

169 1769 453 1840 proprium
471 1770 650 1826 valeat
671 1771 874 1827 habere
892 1770 1222 1842 pontiﬁcem.
1248 1773 1357 1829 Sed
1379 1772 1613 1829 vidimus
1632 1786 1757 1828 eum

1366 385 1741 465 .EPlSTOLAS
1779 390 1867 444 ET
1903 387 2240 445 DECRETA.
2564 390 2565 393 ‘
3214 473 3218 477 ‘
3320 388 3463 445 l3l8‘

2514 516 2521 525 '
2584 512 2691 566 XL.

2373 637 2441 676 AD
2478 638 2766 681 EPISCOPUH
2805 641 2856 680 Β.
2867 665 2903 681 η
2913 666 2926 681 .

2466 736 2644 805 (Anno
2694 739 2846 810 872.)

1866 834 2223 907 Canﬁrmatur
2244 843 2636 898 matrimonium
2659 846 3157 916 cujusdamabsente
3175 849 3444 907 sacerdote

2481 924 2823 970 contractum.

2177 1020 2355 1093 [Apud
2391 1022 2577 1078 Baluz.
2611 1023 2859 1091 Miscell.,
2907 1033 3035 1082 tom.
3067 1027 3136 1100 1.]

1895 1130 2205 1205 _Anmauus
2245 1134 2549 1205 episcopus,
2580 1150 2770 1191 servus
2797 1151 3078 1193 servorum
3120 1140 3236 1205 Dei,
3274 1154 3441 1199 vene-

1865 1220 2021 1275 rabili
2066 1221 2219 1277 fratri
2254 1222 2315 1277 B.
2340 1224 2561 1281 Cathal.
2591 1228 2845 1298 episcopo
2888 1229 3113 1286 salutem
3141 1240 3198 1288 et
3223 1242 3441 1303 aposto-

1862 1306 2022 1365 licam
2056 1310 2512 1370 benedictionem.

1934 1399 2017 1454 Ad
2046 1401 2353 1471 apostolicae
2376 1404 2519 1459 sedis
2544 1404 2792 1461 notitiam
2820 1413 2911 1460 tua
2943 1405 3257 1464 fraternitas
3283 1424 3446 1465 nove-

1863 1489 1936 1543 rit
1956 1492 2265 1560 pervenisse
2293 1492 2433 1549 inter
2457 1495 2745 1564 quemdam
2776 1497 3175 1567 parochianum
3206 1507 3353 1554 tuum
3387 1509 3444 1556 et

1864 1580 2029 1635 tiliam
2080 1582 2360 1651 cujusdam
2405 1586 2621 1653 viduae,
2654 1590 2935 1659 utriusque
2981 1592 3151 1661 partis
3198 1606 3444 1660 assensu,

1864 1673 2327 1730 consentientibus
2369 1677 2531 1731 etiam
2580 1679 2897 1748 parentibus
2923 1689 2980 1737 et
3019 1682 3230 1751 amicis,
3260 1687 3447 1741 matri-

1864 1762 2106 1819 monium
2147 1762 2418 1835 quondam
2448 1765 2616 1824 fuisse
2644 1779 3002 1827 contractum.
3051 1772 3156 1830 Sed
3195 1775 3319 1846 quia
3350 1791 3442 1832 sa-

168 1859 331 1916 valde
366 1860 577 1916 tristem
626 1870 847 1932 propter
898 1863 1330 1932 persecutionem
1377 1875 1709 1934 paganorum
1735 1880 1750 1931 ς
1782 1874 1827 1937 C
1861 1853 2053 1909 cerdos
2082 1854 2221 1910 datre
2257 1857 2508 1927 utrinque
2536 1857 2660 1914 fidei
2687 1875 2795 1916 non
2828 1860 3093 1930 interfuit,
3117 1880 3239 1920 cum
3265 1874 3444 1922 tamen

168 1961 229 2006 et
253 1966 377 2006 cum
398 1966 587 2008 omnes
621 1952 731 2008 sint
751 1966 886 2022 pene
908 1967 995 2007 res
1023 1951 1191 2023 ipsius
1234 1951 1491 2008 Ecclesiae
1522 1953 1762 2024 depopu-

169 2043 318 2110 latae,
357 2058 640 2114 precamur
667 2044 1029 2116 largissimam
1059 2044 1487 2100 muniﬁcentiam
1533 2053 1589 2099 et
1634 2046 1766 2100 cha-

169 2136 390 2191 ritatem
409 2144 665 2202 vestram,
689 2138 759 2193 ob
787 2151 1028 2193 amorem
1053 2136 1149 2192 Dei
1171 2147 1226 2192 et
1247 2135 1421 2191 sancti
1466 2134 1613 2192 Petri
1664 2151 1757 2192 no-

166 2234 448 2296 stramque
472 2226 1010 2296 depreeationem,et
1055 2226 1157 2282 hoc
1206 2226 1279 2280 sit
1326 2225 1382 2279 in
1446 2225 1764 2281 memoriale

162 2322 509 2386 perpetuum,
534 2315 677 2384 quod
702 2314 1084 2371 concesseritis
1118 2313 1275 2369 nobis
1315 2314 1418 2370 hoc
1447 2312 1672 2380 donum,
1700 2321 1761 2368 ut

162 2419 278 2459 non
311 2404 591 2474 patiamini
624 2411 830 2458 tantum
854 2404 1031 2459 locum
1052 2418 1272 2473 pessum
1299 2403 1401 2469 ire,
1443 2412 1498 2459 et
1523 2404 1578 2459 in
1602 2403 1758 2460 deso-

161 2492 447 2559 lationem,
462 2493 766 2563 praesertim
782 2508 902 2550 cum
918 2491 1077 2547 fuerit
1093 2507 1160 2547 ex
1181 2494 1404 2563 antiquo
1417 2492 1730 2562 metropolis
1742 2533 1756 2556 ,

161 2591 223 2641 et
244 2583 457 2642 meritis
498 2584 869 2655 gloriosissimi
925 2583 1254 2639 confessoris
1285 2583 1488 2641 Christi
1538 2582 1756 2639 Martini

164 2674 520 2742 honorabilis,
555 2690 875 2747 semperque
902 2674 1246 2739 venerabilis,
1296 2682 1351 2730 et
1401 2673 1545 2730 inter
1590 2671 1758 2730 Galli—

162 2782 334 2823 canas
354 2767 544 2823 eadem
570 2766 653 2822 vel
679 2766 913 2821 secunda
943 2765 1028 2821 vel
1069 2766 1228 2821 tertia
1256 2765 1536 2836 provincia
1584 2763 1757 2819 Turo-

164 2857 373 2925 ncnsis,
403 2865 459 2913 et
481 2856 665 2913 multis
692 2872 813 2927 quae
844 2846 921 2912 ab‘
950 2870 1014 2912 ea
1057 2857 1331 2913 distracta:
1384 2863 1529 2922 sunt,
1586 2855 1757 2911 ditata

158 2948 329 3017 villis,
362 2946 793 3019 possessionibus
818 2957 873 3005 et
928 2948 1184 3004 abbatiis.
1221 2948 1289 3004 Et
1316 2964 1439 3004 cum
1468 2947 1604 3013 aliae,
1636 2962 1755 3018 quae

162 3044 266 3100 sub
285 3056 351 3099 ea
376 3051 520 3110 sunt,
548 3043 804 3100 civitates
821 3041 935 3113 jam
959 3043 1070 3098 sint
1112 3058 1251 3112 pene
1299 3044 1613 3107 destructa),
1659 3040 1755 3095 ha-

161 3149 285 3190 rum
312 3134 788 3189 matrem'tantam
810 3141 866 3190 et
903 3134 1242 3205 metropolim
1268 3149 1335 3189 ne
1359 3132 1641 3205 patiamini
1663 3131 1754 3186 de-

160 3223 592 3293 strui,desolari,
620 3233 675 3282 et
696 3223 1022 3280 delionorari
1044 3231 1226 3279 vestro
1247 3225 1301 3277 in
1325 3232 1585 3294 tempore.
1608 3222 1745 3291 Quin
1780 3229 1825 3290 C

159 3317 341 3386 potius
369 3315 580 3372 studcte
621 3331 740 3371 eam
782 3316 848 3372 de
902 3317 1063 3373 rebus
1111 3317 1305 3372 vestris
1350 3316 1605 3387 propriis,
1661 3315 1748 3371 vel

159 3404 350 3477 procul
380 3405 448 3461 ab
471 3419 533 3461 ea
558 3406 766 3475 positis,
794 3406 876 3461 vel
905 3407 1036 3461 tutis
1067 3420 1097 3460 a
1126 3406 1369 3477 paganis,
1401 3405 1593 3471 ditare,
1618 3420 1748 3461 con-

164 3496 367 3561 tinere,
397 3502 454 3550 et
479 3493 757 3551 extollere.
799 3495 933 3562 Quia
982 3506 1106 3549 tunc
1132 3510 1193 3550 ea
1218 3496 1369 3550 vobis
1399 3494 1452 3549 in
1481 3503 1741 3550 aeternum

160 3583 534 3650 confirmatis,
590 3600 713 3639 cum
760 3600 881 3654 quae
938 3583 1305 3640 Ecclesiarum
1345 3583 1441 3638 Dei
1470 3583 1744 3653 obsequiis

160 3672 499 3738 condonetis,
532 3681 585 3727 et
612 3673 901 3728 reservatis
927 3673 1178 3728 omnibus
1200 3688 1294 3727 sua
1312 3671 1437 3741 jura
1474 3682 1745 3743 metropo-

158 3762 363 3819 litanis.
386 3761 571 3819 Nostis
605 3764 749 3819 enim
802 3765 929 3835 quia
956 3779 1119 3820 omne
1150 3763 1537 3819 monasterium
1566 3764 1619 3818 in
1649 3779 1742 3835 po-

160 3863 357 3912 testate
405 3855 653 3927 episcopi
693 3856 990 3912 consistere
1031 3856 1187 3911 debet
1226 3853 1383 3924 juxta
1425 3854 1739 3911 canonicam

160 3946 539 4003 auctoritatem
576 3955 677 4003 :et
703 3947 831 4018 quia
860 3948 964 4003 hoc
1014 3953 1097 4003 est
1151 3955 1570 4016 transgressum,
1623 3945 1742 4001 ideo

159 4035 397 4107 plurima.
420 4038 746 4093 monasteria
768 4036 1036 4092 habentur
1071 4035 1367 4101 destructa,
1419 4034 1579 4090 sicuti
1628 4049 1743 4089 mo-

158 4127 455 4185 nasterium
509 4126 684 4182 sancti
733 4125 968 4182 Medardi
1017 4124 1269 4192 Turonis,
1313 4126 1366 4181 in
1417 4140 1526 4196 quo
1558 4124 1743 4194 jacent

158 4219 536 4289 episcoporum
562 4217 722 4288 primi
771 4215 1168 4272 Turonensium
1214 4215 1462 4271 Lidorius
1481 4223 1536 4271 et
1563 4215 1741 4272 Gatia-

159 4324 293 4375 nus;
322 4308 464 4365 sicut
487 4317 542 4364 et
571 4307 956 4364 Monasterium
992 4307 1185 4378 majus,
1235 4307 1375 4362 sicut
1422 4306 1588 4362 etiam
1633 4306 1738 4362 alia

158 4398 215 4452 in
240 4399 427 4453 eadem
457 4398 676 4463 civitate
700 4397 1051 4464 monasteria,
1082 4412 1203 4468 quae
1226 4397 1450 4453 forsitan
1488 4413 1587 4468 per
1628 4398 1739 4468 epi-

157 4485 371 4558 scopale
420 4487 780 4545 ministerium
807 4528 824 4555 ,
882 4494 937 4545 et
981 4496 1220 4545 vestrum
1278 4488 1732 4558 sapientissimum

1870 1940 1959 1995 alii
2012 1949 2179 1999 testes
2234 1943 2456 2015 legitimi
2505 1946 2688 2018 plures
2742 1949 3051 2007 interfuisse
3116 1963 3446 2021 noscantur,

1868 2041 2050 2089 utrum
2102 2034 2407 2108 huiusmodi
2454 2039 2860 2097 matrimonium
2907 2051 3053 2099 stare
3102 2044 3330 2113 debeat,
3375 2061 3452 2101 an

1865 2124 2031 2181 etiam
2083 2127 2298 2183 irritum
2330 2129 2612 2197 habeatur,
2646 2131 2875 2201 quaestio
2929 2132 3072 2201 inde,
3100 2133 3240 2190 sicut
3291 2134 3447 2190 nobis

1864 2215 2092 2271 relatum
2133 2226 2237 2285 est,
2269 2219 2527 2288 agitatur.
2552 2218 2624 2278 Ut
2669 2230 2850 2277 autem
2877 2222 3055 2279 omnis
3102 2224 3329 2295 quaestio
3356 2239 3447 2285 su-

1862 2320 1961 2376 per
1985 2307 2175 2362 eodem
2204 2309 2550 2366 matrimonio
2578 2310 2646 2365 de
2670 2319 2866 2367 caetero
2896 2312 3161 2383 sopiatur,
3188 2328 3287 2383 per
3316 2327 3445 2385 apo-

1863 2394 2051 2451 stolica
2103 2395 2196 2451 tibi
2248 2398 2453 2467 scripta
2481 2400 2800 2456 mandamus
2839 2412 3108 2472 quatenus
3137 2401 3443 2474 hujusmodi

1862 2489 2194 2544 connubium
2230 2489 2453 2546 dissolvi
2487 2491 2792 2548 nullatenus
2830 2493 3074 2563 patiaris,
3105 2494 3201 2550 sed
3227 2494 3443 2550 firmum

1860 2580 2031 2637 facias
2077 2589 2240 2653 atque
2291 2583 2602 2639 inviolabile
2646 2599 2984 2655 permanere.
3039 2586 3096 2641 Si
3127 2588 3271 2642 enim
3304 2589 3443 2647 alias

1859 2686 2104 2742 personae
2132 2673 2517 2729 convenientes
2543 2682 2598 2730 et
2624 2673 2874 2746 legitimae
2902 2674 3102 2731 fuerint
3142 2685 3197 2731 et
3225 2685 3442 2733 contra-

1858 2770 1977 2818 ctus
2008 2764 2121 2833 ipse
2150 2763 2357 2835 legibus
2389 2766 2750 2832 concordans,
2783 2765 2855 2821 ita
2885 2767 3027 2835 quod
3056 2780 3165 2822 non
3191 2767 3442 2823 videatur

1858 2854 1906 2910 ei
1928 2855 1995 2910 de
2022 2855 2193 2909 sacris
2219 2855 2516 2911 canonibus
2536 2857 2778 2922 obviare,
2795 2871 2896 2927 pro
2920 2873 2988 2913 eo
3008 2857 3151 2928 quod
3178 2859 3436 2915 sacerdos

1857 2946 2055 3000 absens
2077 2943 2259 3013 fuerit,
2286 2945 2391 3002 tale
2416 2946 2820 3003 matrimonium
2848 2962 2955 3003 non
2986 2948 3146 3003 debet
3168 2946 3437 3004 ullatenus

1858 3037 2105 3108 impediri

2578 3127 2714 3182 XLI.

2203 3256 2271 3294 AD
2309 3253 2556 3296 ωιιοιωι
2592 3257 2803 3297 (ῖΑινυιι

2460 3355 2636 3423 (Anno
2664 3354 2816 3428 872.)

1850 3463 2435 3544 Regem-asperioribus
2465 3465 2652 3544 litteris
2683 3467 2970 3537 oﬂ'ensum,
3010 3470 3177 3544 multa
3215 3472 3297 3544 de
3321 3474 3434 3544 ejus

1916 3533 2177 3605 laudibus
2186 3536 2509 3604 praedicans,
2532 3533 2743 3605 placare
2766 3533 2964 3594 studet.
2998 3539 3075 3595 De
3104 3533 3433 3598 Actardo'ad

1917 3604 2119 3677 sedem‘
2137 3602 2451 3677 Turonicam
2475 3602 3074 3677 translato._lmperiam
3105 3610 3294 3667 Carolo
3318 3625 3434 3677 post

1916 3670 2169 3792 ιἦιιιιιουὶςὶ
2195 3670 2389 3724 obitum
2433 3674 2708 3741 promittit.
2741 3671 2809 3726 Et
2857 3670 2921 3729 de
2958 3676 3248 3735 Hincmaro

1956 3755 2157 3792 unensi.

1956 3755 2157 3794 unenst.

2848 3257 3041 3300 λετ-ΕΙ.

3335 3700 3435 3737 au-

1924 3849 2201 3905 Anamvns
2247 3849 2565 3921 episcopus,
2607 3868 2797 3909 servus
2847 3868 3127 3911 servorum
3170 3858 3297 3923 Dei,
3345 3859 3432 3914 di-

1845 3944 2138 4001 lectissimo
2168 3943 2280 3998 filio
2322 3954 2377 3998 et
2413 3945 2797 4012 gloriosissimo
2828 3946 3045 4005 (ἰλλοιο
3093 3952 3223 4022 regi,
3255 3951 3435 4022 conju-

1844 4036 2003 4107 gique
2028 4034 2253 4090 salutem
2278 4035 2331 4089 in
2361 4035 2597 4091 Christo.

1913 4114 2148 4181 Litteras
2182 4134 2374 4181 vestrae
2418 4125 2711 4182 nobilitatis
2743 4143 2843 4199 per
2872 4130 3233 4186 venerabilem
3261 4132 3428 4188 tilium

1843 4220 1900 4269 et
1920 4212 2147 4269 fratrem
2194 4223 2437 4268 nostrum
2476 4213 2771 4271 Actardum
2830 4218 3137 4289 episcopum
3187 4222 3428 4290 suscepi-

1842 4320 1963 4360 mus
1987 4319 2002 4357 :
2031 4305 2086 4359 in
2111 4304 2307 4374 quibus
2347 4305 2513 4359 multa
2540 4306 2912 4363 reclamatoria
2931 4349 2947 4375 ,
2992 4308 3352 4378 resultatoria,
3376 4320 3433 4365 et

1841 4395 2171 4451 tumultuosa
2199 4395 2604 4465 perspeximus,
2652 4397 2808 4453 aliter
2854 4414 3016 4469 quam
3050 4408 3430 4471 optaveramus

1841 4486 2256 4541 murmurantia.
2290 4486 2536 4561 Regnum
2579 4486 2674 4542 Dei
2699 4487 2876 4544 nullus
2906 4504 3251 4547 murmurans
3291 4493 3430 4549 acci-

157 4575 459 4642 wnsilium,
484 4585 541 4632 et
568 4576 930 4649 largissimum
978 4576 1199 4644 donum,
1253 4586 1512 4648 poterunt
1560 4578 1738 4635 redire
1764 4570 1816 4631 D
1841 4576 1939 4645 pit,
1966 4591 2068 4632 nec
2093 4591 2434 4631 murmurare
2458 4578 2661 4647 poterit
2689 4578 2979 4648 accipiens.
3017 4581 3249 4636 Audiens
3282 4583 3428 4638 enim

156 4665 224 4720 ad
258 4665 491 4735 priorem
521 4674 744 4722 statum.
780 4666 981 4723 Debent
1008 4667 1173 4723 etiam
1199 4667 1303 4722 vici
1327 4682 1519 4724 omnes
1564 4667 1737 4724 eccle-

161 4754 250 4811 siae
271 4753 556 4824 cujuslibet
582 4756 853 4827 parochizc
874 4756 927 4810 in
949 4764 1215 4828 potestate
1240 4759 1538 4813 consistere
1593 4773 1733 4828 pne-

157 4842 305 4911 sulis,
331 4846 471 4900 sicut
519 4847 685 4901 moris
709 4856 793 4902 est
818 4846 1061 4904 ecclesiis
1104 4848 1369 4918 plurimis.
1424 4851 1530 4907 Res
1570 4852 1732 4906 etiam

155 4952 273 5006 qua:
304 4938 370 4993 de
395 4937 585 4994 eadem
632 4938 862 4994 ecclesia
911 4948 1208 4995 noscuntur
1262 4938 1449 5005 fuisse,
1503 4952 1560 4997 et
1605 4942 1734 4997 olim

156 5036 281 5085 sunt
308 5030 625 5096 abstractae,
658 5044 949 5104 precamur
974 5047 1071 5087 vos
1099 5032 1273 5086 eidem
1307 5033 1617 5100 restituere,
1672 5041 1728 5089 et

156 5121 293 5176 sicut
320 5121 527 5190 precati
547 5121 660 5191 jam
690 5138 895 5188 sumus,
946 5122 1013 5177 ad
1039 5137 1278 5193 praesens
1301 5124 1367 5179 de
1393 5125 1588 5181 vestris
1636 5138 1724 5179 re-

154 5210 255 5266 bus
283 5212 514 5282 propriis
555 5229 654 5284 per
704 5224 1029 5285 przeceptum
1075 5222 1315 5269 vestrum
1369 5230 1489 5271 eam
1535 5215 1728 5282 ditare,

155 5310 489 5370 construere,
520 5312 576 5360 et
602 5304 755 5360 vobis
800 5304 854 5359 in
889 5314 1150 5360 aeternum
1197 5306 1474 5376 propriam
1530 5305 1725 5372 facere,

154 5399 214 5446 ut
240 5406 349 5447 non
375 5402 618 5460 vocetur,
660 5404 717 5450 ut
758 5394 1077 5466 antiquitus,
1118 5395 1540 5453 Caesarodunum
1587 5396 1727 5454 ulte-

100 5479 105 5487 ’
154 5482 287 5551 ritis,
325 5483 422 5540 sed
467 5484 852 5543 Karolidonum
894 5486 948 5543 in
995 5496 1334 5559 perpetuum.
1379 5488 1732 5560 Omnipotens

152 5572 411 5631 Dominus
461 5578 772 5635 serenitatis
822 5589 1017 5636 vestrae
1066 5581 1302 5651 regalem
1354 5572 1728 5638 excellentiam

152 5664 353 5720 salvam
376 5666 431 5721 in
459 5669 711 5727 omnibus
729 5666 893 5742 atque
935 5671 1279 5743 incolumem~
1310 5673 1365 5729 in
1404 5673 1486 5731 sui
1514 5688 1727 5744 semper

152 5770 332 5818 amore
358 5774 678 5820 conservare
706 5762 971 5835 dignetur.

1837 4669 2044 4738 sapiens
2066 4669 2352 4738 sapientior
2381 4670 2500 4734 erit,
2527 4678 2576 4722 et
2606 4668 2897 4742 intelligens
2927 4672 3282 4742 gubernacula
3310 4691 3428 4745 pos-

1835 4761 2024 4816 sidebit
2070 4761 2263 4834 (Prov.
2295 4760 2376 4833 t).
2421 4758 2529 4816 Nos
2569 4776 2720 4830 vero,
2772 4762 2897 4819 licet
2952 4764 3195 4836 indigni,
3246 4773 3424 4819 tamen

1836 4870 2023 4911 sumus
2069 4855 2210 4910 illius
2246 4856 2463 4918 vicarii,
2504 4858 2587 4911 cui
2624 4856 2898 4912 commisit
2943 4856 3086 4912 Deus
3129 4855 3423 4910 Ecclesium

1834 4964 2009 5014 suam,
2038 4950 2172 5005 dans
2196 4950 2243 5006 ei
2273 4958 2591 5020 potestatem
2618 4948 2821 5019 ligandi
2857 4956 3020 5017 atque
3064 4944 3342 5001 solvendi:
3370 4953 3427 5000 et

1834 5041 2238 5112 qualescunque
2276 5041 2475 5106 simus,
2510 5039 2653 5095 illius
2705 5039 2866 5111 primi
2908 5037 3139 5092 sessoris
3181 5036 3420 5101 meritis,

1831 5132 2069 5203 qnandiu
2104 5132 2297 5188 merita
2328 5132 2444 5201 ejus
2470 5132 2523 5186 in
2569 5130 2724 5187 cmlis
2770 5142 2876 5183 non
2908 5126 3213 5181 moriuntur
3234 5166 3248 5192 ,
3278 5128 3419 5196 quod

1830 5222 2161 5292 operandam
2191 5230 2275 5278 est
2304 5223 2355 5276 in
2398 5220 2640 5278 Ecclesia
2681 5217 2785 5273 sibi
2828 5217 3153 5283 commissa,
3193 5215 3263 5271 ab
3303 5217 3420 5287 ipso

1832 5311 2087 5384 repletur.
2114 5311 2182 5366 Et
2204 5312 2422 5382 quidem
2469 5312 2593 5383 quia
2632 5306 2787 5379 quasi
2817 5313 3056 5363 tumores
3081 5314 3138 5361 et
3176 5305 3421 5362 laesiones

1830 5409 2042 5457 vestras
2064 5399 2330 5472 palpitare
2350 5401 2636 5465 sensimus,
2657 5398 2755 5455 bas
2779 5397 2901 5454 oleo
2922 5392 3305 5454 consolationis
3323 5411 3422 5468 per

1831 5493 2001 5550 melos
2048 5492 2370 5549 dulcissima:
2415 5491 2727 5559 charitatis,
2772 5498 2830 5547 et
2865 5496 3067 5546 sancta:
3116 5486 3422 5545 dilectionis

1830 5593 2163 5656 unguentum
2192 5582 2398 5651 fovere,
2413 5582 2604 5652 lenire,
2620 5591 2675 5640 et
2689 5582 2757 5639 ad
2778 5579 3103 5655 integritatis
3130 5579 3419 5636 sanitatem

1829 5677 2127 5745 perducere
2153 5675 2549 5733 medicamento
2577 5690 2685 5747 quo
2710 5675 2953 5732 valemus
2974 5680 3246 5743 optamus.
3282 5670 3417 5728 Cum

1831 5768 2139 5824 noverimus
2169 5783 2330 5826 omne
2365 5768 2564 5825 donum
2603 5768 2898 5838 optimum,
2945 5773 3001 5823 et
3028 5778 3191 5823 omne
3230 5762 3415 5820 datum
