  <div class='ocr_page' id='page_1' title='image "/cluster/home/n/w/nwhite01/storage/ocr_20150623/122/pst.000018028355/010.png"; bbox 0 0 4152 6276; ppageno 0'>
   <div class='ocr_carea' id='block_1_1' title="bbox 1458 1143 2547 1215">
    <p class='ocr_par' dir='ltr' id='par_1_1' title="bbox 1458 1143 2547 1215">
     <span class='ocr_line' id='line_1_1' title="bbox 1458 1143 2547 1215; baseline -0.002 -8"><span class='ocrx_word' id='word_1_1' title='bbox 1458 1144 1952 1207; x_wconf 87' lang='lat' dir='ltr'>EDITIONIS</span> <span class='ocrx_word' id='word_1_2' title='bbox 2012 1143 2547 1215; x_wconf 84' lang='lat' dir='ltr'>CONSILIUM.</span> 
     </span>
    </p>
   </div>
   <div class='ocr_carea' id='block_1_2' title="bbox 459 1330 3632 1418">
    <p class='ocr_par' dir='ltr' id='par_1_2' title="bbox 459 1330 3632 1418">
     <span class='ocr_line' id='line_1_2' title="bbox 459 1330 3632 1418; baseline -0.001 -14"><span class='ocrx_word' id='word_1_3' title='bbox 459 1344 487 1418; x_wconf 84' lang='lat'>§</span> <span class='ocrx_word' id='word_1_4' title='bbox 524 1343 584 1403; x_wconf 86' lang='grc'>1.</span> <span class='ocrx_word' id='word_1_5' title='bbox 621 1338 946 1413; x_wconf 80' lang='lat' dir='ltr'>Quaenam</span> <span class='ocrx_word' id='word_1_6' title='bbox 978 1334 1385 1417; x_wconf 91' lang='lat' dir='ltr'>potissimum</span> <span class='ocrx_word' id='word_1_7' title='bbox 1417 1350 1607 1398; x_wconf 88' lang='lat' dir='ltr'>causa</span> <span class='ocrx_word' id='word_1_8' title='bbox 1642 1333 1717 1396; x_wconf 90' lang='lat' dir='ltr'>ad</span> <span class='ocrx_word' id='word_1_9' title='bbox 1763 1333 2027 1396; x_wconf 90' lang='lat' dir='ltr'>Joannis</span> <span class='ocrx_word' id='word_1_10' title='bbox 2074 1332 2243 1397; x_wconf 89' lang='lat' dir='ltr'>Scoti</span> <span class='ocrx_word' id='word_1_11' title='bbox 2281 1331 2568 1412; x_wconf 78' lang='lat' dir='ltr'>theologi</span> <span class='ocrx_word' id='word_1_12' title='bbox 2596 1331 2815 1400; x_wconf 72' lang='lat' dir='ltr'>.libros</span> <span class='ocrx_word' id='word_1_13' title='bbox 2863 1330 3261 1411; x_wconf 88' lang='lat' dir='ltr'>colligendos</span> <span class='ocrx_word' id='word_1_14' title='bbox 3290 1353 3362 1399; x_wconf 91' lang='lat' dir='ltr'>ac</span> <span class='ocrx_word' id='word_1_15' title='bbox 3390 1352 3632 1418; x_wconf 88' lang='lat' dir='ltr'>perpo-</span> 
     </span>
    </p>
   </div>
   <div class='ocr_carea' id='block_1_3' title="bbox 371 1462 3635 1551">
    <p class='ocr_par' dir='ltr' id='par_1_3' title="bbox 371 1462 3635 1551">
     <span class='ocr_line' id='line_1_3' title="bbox 371 1462 3635 1551; baseline -0.002 -15"><span class='ocrx_word' id='word_1_16' title='bbox 371 1472 628 1537; x_wconf 89' lang='lat' dir='ltr'>liendos</span> <span class='ocrx_word' id='word_1_17' title='bbox 662 1489 764 1534; x_wconf 88' lang='lat' dir='ltr'>me</span> <span class='ocrx_word' id='word_1_18' title='bbox 790 1470 1143 1551; x_wconf 84' lang='lat' dir='ltr'>impulerit,</span> <span class='ocrx_word' id='word_1_19' title='bbox 1177 1467 1232 1531; x_wconf 92' lang='lat' dir='ltr'>si</span> <span class='ocrx_word' id='word_1_20' title='bbox 1263 1468 1547 1548; x_wconf 81' lang='lat' dir='ltr'>quaeris,</span> <span class='ocrx_word' id='word_1_21' title='bbox 1582 1465 1782 1530; x_wconf 83' lang='lat' dir='ltr'>lector</span> <span class='ocrx_word' id='word_1_22' title='bbox 1808 1463 2146 1541; x_wconf 87' lang='lat' dir='ltr'>benevole,</span> <span class='ocrx_word' id='word_1_23' title='bbox 2179 1481 2260 1528; x_wconf 91' lang='lat' dir='ltr'>en</span> <span class='ocrx_word' id='word_1_24' title='bbox 2296 1463 2519 1545; x_wconf 81' lang='lat' dir='ltr'>paucis</span> <span class='ocrx_word' id='word_1_25' title='bbox 2554 1463 2666 1526; x_wconf 84' lang='lat' dir='ltr'>tibi</span> <span class='ocrx_word' id='word_1_26' title='bbox 2696 1462 2952 1526; x_wconf 89' lang='lat' dir='ltr'>consilii</span> <span class='ocrx_word' id='word_1_27' title='bbox 2988 1464 3117 1525; x_wconf 94' lang='lat' dir='ltr'>mei</span> <span class='ocrx_word' id='word_1_28' title='bbox 3142 1466 3453 1529; x_wconf 93' lang='lat' dir='ltr'>rationem</span> <span class='ocrx_word' id='word_1_29' title='bbox 3484 1481 3635 1548; x_wconf 83' lang='lat' dir='ltr'>ape-</span> 
     </span>
    </p>
   </div>
   <div class='ocr_carea' id='block_1_4' title="bbox 370 1595 3633 1677">
    <p class='ocr_par' dir='ltr' id='par_1_4' title="bbox 370 1595 3633 1677">
     <span class='ocr_line' id='line_1_4' title="bbox 370 1595 3633 1677; baseline -0.001 -13"><span class='ocrx_word' id='word_1_30' title='bbox 370 1604 556 1667; x_wconf 82' lang='lat' dir='ltr'>riam.</span> <span class='ocrx_word' id='word_1_31' title='bbox 594 1601 845 1666; x_wconf 83' lang='lat' dir='ltr'>Etenim</span> <span class='ocrx_word' id='word_1_32' title='bbox 876 1609 1021 1665; x_wconf 89' lang='lat' dir='ltr'>ante</span> <span class='ocrx_word' id='word_1_33' title='bbox 1052 1601 1171 1664; x_wconf 88' lang='lat' dir='ltr'>hos</span> <span class='ocrx_word' id='word_1_34' title='bbox 1206 1600 1340 1663; x_wconf 87' lang='lat' dir='ltr'>fere</span> <span class='ocrx_word' id='word_1_35' title='bbox 1372 1599 1679 1671; x_wconf 57' lang='lat' dir='ltr'>tredecim</span> <span class='ocrx_word' id='word_1_36' title='bbox 1718 1614 1947 1674; x_wconf 90' lang='lat' dir='ltr'>annos,</span> <span class='ocrx_word' id='word_1_37' title='bbox 1979 1614 2180 1677; x_wconf 91' lang='lat' dir='ltr'>quum</span> <span class='ocrx_word' id='word_1_38' title='bbox 2219 1595 2726 1675; x_wconf 88' lang='lat' dir='ltr'>theologicarum</span> <span class='ocrx_word' id='word_1_39' title='bbox 2759 1613 2831 1659; x_wconf 92' lang='lat' dir='ltr'>ac</span> <span class='ocrx_word' id='word_1_40' title='bbox 2867 1595 3458 1676; x_wconf 89' lang='lat' dir='ltr'>pbilosophicarum</span> <span class='ocrx_word' id='word_1_41' title='bbox 3490 1597 3633 1661; x_wconf 86' lang='lat' dir='ltr'>lite-</span> 
     </span>
    </p>
   </div>
   <div class='ocr_carea' id='block_1_5' title="bbox 370 1714 3628 1827">
    <p class='ocr_par' dir='ltr' id='par_1_5' title="bbox 370 1714 3628 1827">
     <span class='ocr_line' id='line_1_5' title="bbox 370 1714 3628 1827; baseline -0.002 -29"><span class='ocrx_word' id='word_1_42' title='bbox 370 1754 586 1799; x_wconf 88' lang='lat' dir='ltr'>rarum</span> <span class='ocrx_word' id='word_1_43' title='bbox 618 1735 797 1800; x_wconf 90' lang='lat' dir='ltr'>rudis</span> <span class='ocrx_word' id='word_1_44' title='bbox 823 1734 960 1798; x_wconf 83' lang='lat' dir='ltr'>fere</span> <span class='ocrx_word' id='word_1_45' title='bbox 990 1749 1062 1795; x_wconf 90' lang='lat' dir='ltr'>ac</span> <span class='ocrx_word' id='word_1_46' title='bbox 1092 1730 1433 1811; x_wconf 89' lang='lat' dir='ltr'>imperitus</span> <span class='ocrx_word' id='word_1_47' title='bbox 1456 1714 1531 1791; x_wconf 46' lang='lat' dir='ltr'>&#39;in</span> <span class='ocrx_word' id='word_1_48' title='bbox 1558 1729 1733 1792; x_wconf 90' lang='lat' dir='ltr'>illius</span> <span class='ocrx_word' id='word_1_49' title='bbox 1764 1729 2028 1791; x_wconf 86' lang='lat' dir='ltr'>Joannis</span> <span class='ocrx_word' id='word_1_50' title='bbox 2062 1728 2261 1791; x_wconf 90' lang='lat' dir='ltr'>libros</span> <span class='ocrx_word' id='word_1_51' title='bbox 2290 1727 2690 1804; x_wconf 85' lang='lat' dir='ltr'>incidissem,</span> <span class='ocrx_word' id='word_1_52' title='bbox 2714 1727 2822 1808; x_wconf 90' lang='lat' dir='ltr'>huj</span> <span class='ocrx_word' id='word_1_53' title='bbox 2836 1746 2908 1827; x_wconf 84' lang='lat' dir='ltr'>u_s</span> <span class='ocrx_word' id='word_1_54' title='bbox 2940 1729 3268 1810; x_wconf 89' lang='lat' dir='ltr'>scriptoris</span> <span class='ocrx_word' id='word_1_55' title='bbox 3293 1730 3513 1793; x_wconf 91' lang='lat' dir='ltr'>seculo</span> <span class='ocrx_word' id='word_1_56' title='bbox 3535 1731 3628 1791; x_wconf 83' lang='lat' dir='ltr'>IX</span> 
     </span>
    </p>
   </div>
   <div class='ocr_carea' id='block_1_6' title="bbox 371 1860 3625 1947">
    <p class='ocr_par' dir='ltr' id='par_1_6' title="bbox 371 1860 3625 1947">
     <span class='ocr_line' id='line_1_6' title="bbox 371 1860 3625 1947; baseline -0.001 -20"><span class='ocrx_word' id='word_1_57' title='bbox 371 1868 648 1947; x_wconf 76' lang='lat' dir='ltr'>viventis</span> <span class='ocrx_word' id='word_1_58' title='bbox 676 1866 847 1932; x_wconf 91' lang='lat' dir='ltr'>haud</span> <span class='ocrx_word' id='word_1_59' title='bbox 880 1883 1103 1946; x_wconf 89' lang='lat' dir='ltr'>parum</span> <span class='ocrx_word' id='word_1_60' title='bbox 1142 1882 1246 1928; x_wconf 92' lang='lat' dir='ltr'>me</span> <span class='ocrx_word' id='word_1_61' title='bbox 1281 1863 1563 1927; x_wconf 87' lang='lat' dir='ltr'>movisse</span> <span class='ocrx_word' id='word_1_62' title='bbox 1612 1861 1969 1942; x_wconf 89' lang='lat' dir='ltr'>speciosam</span> <span class='ocrx_word' id='word_1_63' title='bbox 2008 1879 2079 1924; x_wconf 89' lang='lat' dir='ltr'>ac</span> <span class='ocrx_word' id='word_1_64' title='bbox 2112 1877 2319 1941; x_wconf 91' lang='lat' dir='ltr'>paene</span> <span class='ocrx_word' id='word_1_65' title='bbox 2354 1860 2750 1941; x_wconf 83' lang='lat' dir='ltr'>singularem</span> <span class='ocrx_word' id='word_1_66' title='bbox 2797 1860 3169 1940; x_wconf 88' lang='lat' dir='ltr'>disputandi</span> <span class='ocrx_word' id='word_1_67' title='bbox 3209 1863 3625 1926; x_wconf 89' lang='lat' dir='ltr'>subtilitatem</span> 
     </span>
    </p>
   </div>
   <div class='ocr_carea' id='block_1_7' title="bbox 370 1990 3632 2074">
    <p class='ocr_par' dir='ltr' id='par_1_7' title="bbox 370 1990 3632 2074">
     <span class='ocr_line' id='line_1_7' title="bbox 370 1990 3632 2074; baseline -0.002 -15"><span class='ocrx_word' id='word_1_68' title='bbox 370 1998 702 2062; x_wconf 82' lang='lat' dir='ltr'>confiteor.</span> <span class='ocrx_word' id='word_1_69' title='bbox 736 1997 864 2060; x_wconf 91' lang='lat' dir='ltr'>Nec</span> <span class='ocrx_word' id='word_1_70' title='bbox 893 2003 1102 2060; x_wconf 90' lang='lat' dir='ltr'>tamen</span> <span class='ocrx_word' id='word_1_71' title='bbox 1139 2012 1267 2059; x_wconf 92' lang='lat' dir='ltr'>non</span> <span class='ocrx_word' id='word_1_72' title='bbox 1302 2012 1406 2058; x_wconf 91' lang='lat' dir='ltr'>me</span> <span class='ocrx_word' id='word_1_73' title='bbox 1432 1993 1704 2058; x_wconf 83' lang='lat' dir='ltr'>oﬂ&#39;endit</span> <span class='ocrx_word' id='word_1_74' title='bbox 1738 1990 2168 2074; x_wconf 90' lang='lat' dir='ltr'>quorumdam</span> <span class='ocrx_word' id='word_1_75' title='bbox 2212 2008 2292 2055; x_wconf 81' lang='lat' dir='ltr'>ex</span> <span class='ocrx_word' id='word_1_76' title='bbox 2347 1991 2740 2055; x_wconf 87' lang='lat' dir='ltr'>nostratibus</span> <span class='ocrx_word' id='word_1_77' title='bbox 2789 1992 3136 2067; x_wconf 85' lang='lat' dir='ltr'>temeritas,</span> <span class='ocrx_word' id='word_1_78' title='bbox 3186 1991 3632 2055; x_wconf 83' lang='lat' dir='ltr'>extollentium</span> 
     </span>
    </p>
   </div>
   <div class='ocr_carea' id='block_1_8' title="bbox 367 2123 3631 2208">
    <p class='ocr_par' dir='ltr' id='par_1_8' title="bbox 367 2123 3631 2208">
     <span class='ocr_line' id='line_1_8' title="bbox 367 2123 3631 2208; baseline -0.002 -18"><span class='ocrx_word' id='word_1_79' title='bbox 367 2145 441 2191; x_wconf 92' lang='lat' dir='ltr'>ac</span> <span class='ocrx_word' id='word_1_80' title='bbox 471 2127 973 2208; x_wconf 90' lang='lat' dir='ltr'>praedicantium</span> <span class='ocrx_word' id='word_1_81' title='bbox 1005 2126 1144 2206; x_wconf 87' lang='lat' dir='ltr'>ejus</span> <span class='ocrx_word' id='word_1_82' title='bbox 1184 2123 1661 2206; x_wconf 81' lang='lat' dir='ltr'>phiIOSOphicas</span> <span class='ocrx_word' id='word_1_83' title='bbox 1692 2123 2217 2206; x_wconf 89' lang='lat' dir='ltr'>theologicasque</span> <span class='ocrx_word' id='word_1_84' title='bbox 2269 2124 2574 2198; x_wconf 91' lang='lat' dir='ltr'>theorias,</span> <span class='ocrx_word' id='word_1_85' title='bbox 2627 2125 2865 2206; x_wconf 84' lang='lat' dir='ltr'>quippe</span> <span class='ocrx_word' id='word_1_86' title='bbox 2896 2140 3045 2199; x_wconf 80' lang='lat' dir='ltr'>cum</span> <span class='ocrx_word' id='word_1_87' title='bbox 3080 2124 3219 2205; x_wconf 90' lang='lat' dir='ltr'>ejus</span> <span class='ocrx_word' id='word_1_88' title='bbox 3253 2123 3631 2202; x_wconf 87' lang='lat' dir='ltr'>primarium</span> 
     </span>
    </p>
   </div>
   <div class='ocr_carea' id='block_1_9' title="bbox 366 2253 3632 2339">
    <p class='ocr_par' dir='ltr' id='par_1_9' title="bbox 366 2253 3632 2339">
     <span class='ocr_line' id='line_1_9' title="bbox 366 2253 3632 2339; baseline -0.001 -18"><span class='ocrx_word' id='word_1_89' title='bbox 366 2274 555 2338; x_wconf 84' lang='lat' dir='ltr'>Opus,</span> <span class='ocrx_word' id='word_1_90' title='bbox 589 2257 761 2339; x_wconf 92' lang='lat' dir='ltr'>quod</span> <span class='ocrx_word' id='word_1_91' title='bbox 796 2279 827 2315; x_wconf 79' lang='grc' dir='ltr'><strong><em>α</em></strong></span> <span class='ocrx_word' id='word_1_92' title='bbox 862 2256 942 2319; x_wconf 93' lang='lat' dir='ltr'>de</span> <span class='ocrx_word' id='word_1_93' title='bbox 987 2253 1311 2319; x_wconf 86' lang='lat' dir='ltr'>divisione</span> <span class='ocrx_word' id='word_1_94' title='bbox 1341 2256 1616 2319; x_wconf 88' lang='lat' dir='ltr'>Naturae</span> <span class='ocrx_word' id='word_1_95' title='bbox 1667 2279 1698 2315; x_wconf 86' lang='lat'><strong>»</strong></span> <span class='ocrx_word' id='word_1_96' title='bbox 1755 2254 2156 2331; x_wconf 90' lang='lat' dir='ltr'>inscribitur,</span> <span class='ocrx_word' id='word_1_97' title='bbox 2189 2254 2267 2318; x_wconf 91' lang='lat' dir='ltr'>ab</span> <span class='ocrx_word' id='word_1_98' title='bbox 2298 2255 2589 2319; x_wconf 86' lang='lat' dir='ltr'>Honorio</span> <span class='ocrx_word' id='word_1_99' title='bbox 2632 2256 2703 2317; x_wconf 95' lang='lat' dir='ltr'>P.</span> <span class='ocrx_word' id='word_1_100' title='bbox 2733 2254 2846 2318; x_wconf 84' lang='lat' dir='ltr'>III.</span> <span class='ocrx_word' id='word_1_101' title='bbox 2899 2254 3032 2334; x_wconf 89' lang='lat' dir='ltr'>igni</span> <span class='ocrx_word' id='word_1_102' title='bbox 3079 2253 3534 2333; x_wconf 86' lang='lat' dir='ltr'>adjudicatum,</span> <span class='ocrx_word' id='word_1_103' title='bbox 3569 2260 3632 2318; x_wconf 92' lang='lat' dir='ltr'>et</span> 
     </span>
    </p>
   </div>
   <div class='ocr_carea' id='block_1_10' title="bbox 373 2384 3630 2467">
    <p class='ocr_par' dir='ltr' id='par_1_10' title="bbox 373 2384 3630 2467">
     <span class='ocr_line' id='line_1_10' title="bbox 373 2384 3630 2467; baseline 0.001 -20"><span class='ocrx_word' id='word_1_104' title='bbox 373 2392 519 2450; x_wconf 87' lang='lat' dir='ltr'>ante</span> <span class='ocrx_word' id='word_1_105' title='bbox 545 2386 678 2451; x_wconf 81' lang='lat' dir='ltr'>fere</span> <span class='ocrx_word' id='word_1_106' title='bbox 710 2387 1022 2451; x_wconf 87' lang='lat' dir='ltr'>ducentos</span> <span class='ocrx_word' id='word_1_107' title='bbox 1063 2402 1266 2449; x_wconf 91' lang='lat' dir='ltr'>annos</span> <span class='ocrx_word' id='word_1_108' title='bbox 1306 2403 1506 2467; x_wconf 87' lang='lat' dir='ltr'>quum</span> <span class='ocrx_word' id='word_1_109' title='bbox 1539 2386 1608 2449; x_wconf 93' lang='lat' dir='ltr'>in</span> <span class='ocrx_word' id='word_1_110' title='bbox 1631 2385 1861 2466; x_wconf 82' lang='lat' dir='ltr'>Anglia</span> <span class='ocrx_word' id='word_1_111' title='bbox 1892 2386 2063 2467; x_wconf 82' lang='lat' dir='ltr'>typis</span> <span class='ocrx_word' id='word_1_112' title='bbox 2085 2390 2254 2449; x_wconf 88' lang='lat' dir='ltr'>esset</span> <span class='ocrx_word' id='word_1_113' title='bbox 2288 2402 2691 2466; x_wconf 81' lang='lat' dir='ltr'>expressum,</span> <span class='ocrx_word' id='word_1_114' title='bbox 2723 2386 2790 2449; x_wconf 91' lang='lat' dir='ltr'>in</span> <span class='ocrx_word' id='word_1_115' title='bbox 2822 2386 3106 2451; x_wconf 87' lang='lat' dir='ltr'>Iudicem</span> <span class='ocrx_word' id='word_1_116' title='bbox 3138 2384 3451 2449; x_wconf 89' lang='lat' dir='ltr'>librorum</span> <span class='ocrx_word' id='word_1_117' title='bbox 3482 2402 3630 2465; x_wconf 84' lang='lat' dir='ltr'>pro-</span> 
     </span>
    </p>
   </div>
   <div class='ocr_carea' id='block_1_11' title="bbox 372 2512 3628 2600">
    <p class='ocr_par' dir='ltr' id='par_1_11' title="bbox 372 2512 3628 2600">
     <span class='ocr_line' id='line_1_11' title="bbox 372 2512 3628 2600; baseline 0.002 -24"><span class='ocrx_word' id='word_1_118' title='bbox 372 2512 724 2578; x_wconf 86' lang='lat' dir='ltr'>hibitorum</span> <span class='ocrx_word' id='word_1_119' title='bbox 774 2516 1041 2580; x_wconf 90' lang='lat' dir='ltr'>relatum</span> <span class='ocrx_word' id='word_1_120' title='bbox 1080 2534 1220 2580; x_wconf 90' lang='lat' dir='ltr'>esse</span> <span class='ocrx_word' id='word_1_121' title='bbox 1254 2518 1425 2580; x_wconf 91' lang='lat' dir='ltr'>inter</span> <span class='ocrx_word' id='word_1_122' title='bbox 1469 2534 1696 2580; x_wconf 92' lang='lat' dir='ltr'>omnes</span> <span class='ocrx_word' id='word_1_123' title='bbox 1727 2522 1997 2580; x_wconf 88' lang='lat' dir='ltr'>constet.</span> <span class='ocrx_word' id='word_1_124' title='bbox 2029 2517 2242 2597; x_wconf 83' lang='lat' dir='ltr'>Atque</span> <span class='ocrx_word' id='word_1_125' title='bbox 2268 2514 2403 2596; x_wconf 90' lang='lat' dir='ltr'>jam</span> <span class='ocrx_word' id='word_1_126' title='bbox 2456 2523 2594 2580; x_wconf 87' lang='lat' dir='ltr'>tum</span> <span class='ocrx_word' id='word_1_127' title='bbox 2631 2516 2794 2579; x_wconf 91' lang='lat' dir='ltr'>mihi</span> <span class='ocrx_word' id='word_1_128' title='bbox 2828 2534 3309 2600; x_wconf 84' lang='lat' dir='ltr'>praposueram,</span> <span class='ocrx_word' id='word_1_129' title='bbox 3361 2525 3422 2582; x_wconf 89' lang='lat' dir='ltr'>et</span> <span class='ocrx_word' id='word_1_130' title='bbox 3470 2519 3628 2600; x_wconf 89' lang='lat' dir='ltr'>quid</span> 
     </span>
    </p>
   </div>
   <div class='ocr_carea' id='block_1_12' title="bbox 364 2644 3628 2733">
    <p class='ocr_par' dir='ltr' id='par_1_12' title="bbox 364 2644 3628 2733">
     <span class='ocr_line' id='line_1_12' title="bbox 364 2644 3628 2733; baseline 0.003 -26"><span class='ocrx_word' id='word_1_131' title='bbox 364 2645 648 2710; x_wconf 86' lang='lat' dir='ltr'>Joannes</span> <span class='ocrx_word' id='word_1_132' title='bbox 677 2648 903 2710; x_wconf 93' lang='lat' dir='ltr'>Scotus</span> <span class='ocrx_word' id='word_1_133' title='bbox 934 2644 1188 2724; x_wconf 86' lang='lat' dir='ltr'>scriptis</span> <span class='ocrx_word' id='word_1_134' title='bbox 1219 2645 1356 2706; x_wconf 88' lang='lat' dir='ltr'>suis</span> <span class='ocrx_word' id='word_1_135' title='bbox 1390 2645 1750 2724; x_wconf 82' lang='lat' dir='ltr'>profecerit,</span> <span class='ocrx_word' id='word_1_136' title='bbox 1780 2651 1842 2708; x_wconf 92' lang='lat' dir='ltr'>et</span> <span class='ocrx_word' id='word_1_137' title='bbox 1876 2646 1944 2706; x_wconf 90' lang='lat' dir='ltr'>in</span> <span class='ocrx_word' id='word_1_138' title='bbox 1984 2645 2223 2727; x_wconf 89' lang='lat' dir='ltr'>quibus</span> <span class='ocrx_word' id='word_1_139' title='bbox 2260 2646 2418 2710; x_wconf 90' lang='lat' dir='ltr'>locis</span> <span class='ocrx_word' id='word_1_140' title='bbox 2442 2649 2771 2725; x_wconf 86' lang='lat' dir='ltr'>erraverit,</span> <span class='ocrx_word' id='word_1_141' title='bbox 2804 2649 3183 2731; x_wconf 89' lang='lat' dir='ltr'>diligentius</span> <span class='ocrx_word' id='word_1_142' title='bbox 3209 2652 3535 2733; x_wconf 85' lang='lat' dir='ltr'>indagare,</span> <span class='ocrx_word' id='word_1_143' title='bbox 3562 2660 3628 2717; x_wconf 88' lang='lat' dir='ltr'>et</span> 
     </span>
    </p>
   </div>
   <div class='ocr_carea' id='block_1_13' title="bbox 362 2781 3627 2865">
    <p class='ocr_par' dir='ltr' id='par_1_13' title="bbox 362 2781 3627 2865">
     <span class='ocr_line' id='line_1_13' title="bbox 362 2781 3627 2865; baseline -0.001 -16"><span class='ocrx_word' id='word_1_144' title='bbox 362 2784 711 2865; x_wconf 83' lang='lat' dir='ltr'>aliquando</span> <span class='ocrx_word' id='word_1_145' title='bbox 731 2785 909 2864; x_wconf 89' lang='lat' dir='ltr'>justa</span> <span class='ocrx_word' id='word_1_146' title='bbox 944 2782 1103 2845; x_wconf 89' lang='lat' dir='ltr'>libra</span> <span class='ocrx_word' id='word_1_147' title='bbox 1140 2789 1490 2863; x_wconf 89' lang='lat' dir='ltr'>utrumque</span> <span class='ocrx_word' id='word_1_148' title='bbox 1521 2798 1903 2861; x_wconf 83' lang='lat' dir='ltr'>expensum,</span> <span class='ocrx_word' id='word_1_149' title='bbox 1932 2781 2000 2844; x_wconf 91' lang='lat' dir='ltr'>in</span> <span class='ocrx_word' id='word_1_150' title='bbox 2033 2782 2346 2845; x_wconf 90' lang='lat' dir='ltr'>honorem</span> <span class='ocrx_word' id='word_1_151' title='bbox 2376 2799 2449 2845; x_wconf 89' lang='lat' dir='ltr'>ac</span> <span class='ocrx_word' id='word_1_152' title='bbox 2472 2782 2754 2846; x_wconf 89' lang='lat' dir='ltr'>fructum</span> <span class='ocrx_word' id='word_1_153' title='bbox 2783 2791 3038 2848; x_wconf 91' lang='lat' dir='ltr'>sanctae</span> <span class='ocrx_word' id='word_1_154' title='bbox 3065 2781 3389 2846; x_wconf 89' lang='lat' dir='ltr'>Ecclesiae</span> <span class='ocrx_word' id='word_1_155' title='bbox 3422 2799 3627 2861; x_wconf 80' lang='lat' dir='ltr'>expo-</span> 
     </span>
    </p>
   </div>
   <div class='ocr_carea' id='block_1_14' title="bbox 364 2912 3624 2996">
    <p class='ocr_par' dir='ltr' id='par_1_14' title="bbox 364 2912 3624 2996">
     <span class='ocr_line' id='line_1_14' title="bbox 364 2912 3624 2996; baseline -0.001 -18"><span class='ocrx_word' id='word_1_156' title='bbox 364 2935 547 2981; x_wconf 85' lang='lat' dir='ltr'>nere.</span> <span class='ocrx_word' id='word_1_157' title='bbox 576 2920 717 2980; x_wconf 87' lang='lat' dir='ltr'>Non</span> <span class='ocrx_word' id='word_1_158' title='bbox 764 2918 853 2979; x_wconf 91' lang='lat' dir='ltr'>ita</span> <span class='ocrx_word' id='word_1_159' title='bbox 886 2917 1088 2979; x_wconf 92' lang='lat' dir='ltr'>multo</span> <span class='ocrx_word' id='word_1_160' title='bbox 1121 2922 1267 2996; x_wconf 89' lang='lat' dir='ltr'>post</span> <span class='ocrx_word' id='word_1_161' title='bbox 1312 2915 1382 2976; x_wconf 91' lang='lat' dir='ltr'>in</span> <span class='ocrx_word' id='word_1_162' title='bbox 1414 2914 1664 2977; x_wconf 74' lang='lat' dir='ltr'>&#39;itinere</span> <span class='ocrx_word' id='word_1_163' title='bbox 1718 2913 2025 2989; x_wconf 86' lang='lat' dir='ltr'>literario,</span> <span class='ocrx_word' id='word_1_164' title='bbox 2078 2913 2252 2995; x_wconf 91' lang='lat' dir='ltr'>quod</span> <span class='ocrx_word' id='word_1_165' title='bbox 2285 2932 2401 2993; x_wconf 89' lang='lat' dir='ltr'>per</span> <span class='ocrx_word' id='word_1_166' title='bbox 2447 2912 2879 2990; x_wconf 87' lang='lat' dir='ltr'>Germaniam,</span> <span class='ocrx_word' id='word_1_167' title='bbox 2928 2913 3313 2989; x_wconf 83' lang='lat' dir='ltr'>Helvetiam,</span> <span class='ocrx_word' id='word_1_168' title='bbox 3352 2913 3624 2988; x_wconf 80' lang='lat' dir='ltr'>Italiam,</span> 
     </span>
    </p>
   </div>
   <div class='ocr_carea' id='block_1_15' title="bbox 372 3042 3624 3124">
    <p class='ocr_par' dir='ltr' id='par_1_15' title="bbox 372 3042 3624 3124">
     <span class='ocr_line' id='line_1_15' title="bbox 372 3042 3624 3124; baseline 0.001 -20"><span class='ocrx_word' id='word_1_169' title='bbox 372 3044 668 3123; x_wconf 89' lang='lat' dir='ltr'>Belgium</span> <span class='ocrx_word' id='word_1_170' title='bbox 698 3044 1137 3119; x_wconf 86' lang='lat' dir='ltr'>instituebam,</span> <span class='ocrx_word' id='word_1_171' title='bbox 1169 3043 1419 3107; x_wconf 91' lang='lat' dir='ltr'>occasio</span> <span class='ocrx_word' id='word_1_172' title='bbox 1456 3042 1615 3105; x_wconf 89' lang='lat' dir='ltr'>mihi</span> <span class='ocrx_word' id='word_1_173' title='bbox 1651 3042 1860 3107; x_wconf 85' lang='lat' dir='ltr'>oblata</span> <span class='ocrx_word' id='word_1_174' title='bbox 1911 3049 2070 3120; x_wconf 90' lang='lat' dir='ltr'>erat,</span> <span class='ocrx_word' id='word_1_175' title='bbox 2108 3042 2277 3107; x_wconf 91' lang='lat' dir='ltr'>inter</span> <span class='ocrx_word' id='word_1_176' title='bbox 2305 3049 2537 3121; x_wconf 89' lang='lat' dir='ltr'>cetera,</span> <span class='ocrx_word' id='word_1_177' title='bbox 2572 3043 2638 3106; x_wconf 92' lang='lat' dir='ltr'>in</span> <span class='ocrx_word' id='word_1_178' title='bbox 2688 3060 2853 3124; x_wconf 90' lang='lat' dir='ltr'>quae</span> <span class='ocrx_word' id='word_1_179' title='bbox 2899 3042 3380 3121; x_wconf 88' lang='lat' dir='ltr'>incumbebam,</span> <span class='ocrx_word' id='word_1_180' title='bbox 3413 3044 3624 3108; x_wconf 88' lang='lat' dir='ltr'>studia</span> 
     </span>
    </p>
   </div>
   <div class='ocr_carea' id='block_1_16' title="bbox 373 3172 3627 3255">
    <p class='ocr_par' dir='ltr' id='par_1_16' title="bbox 373 3172 3627 3255">
     <span class='ocr_line' id='line_1_16' title="bbox 373 3172 3627 3255; baseline 0.001 -20"><span class='ocrx_word' id='word_1_181' title='bbox 373 3172 609 3247; x_wconf 88' lang='lat' dir='ltr'>critica,</span> <span class='ocrx_word' id='word_1_182' title='bbox 643 3180 703 3237; x_wconf 89' lang='lat' dir='ltr'>et</span> <span class='ocrx_word' id='word_1_183' title='bbox 735 3191 811 3237; x_wconf 81' lang='lat' dir='ltr'>ex</span> <span class='ocrx_word' id='word_1_184' title='bbox 847 3173 1112 3237; x_wconf 92' lang='lat' dir='ltr'>Joannis</span> <span class='ocrx_word' id='word_1_185' title='bbox 1143 3174 1309 3237; x_wconf 93' lang='lat' dir='ltr'>Scoti</span> <span class='ocrx_word' id='word_1_186' title='bbox 1346 3173 1524 3236; x_wconf 88' lang='lat' dir='ltr'>libris</span> <span class='ocrx_word' id='word_1_187' title='bbox 1552 3174 1817 3255; x_wconf 91' lang='lat' dir='ltr'>quinam</span> <span class='ocrx_word' id='word_1_188' title='bbox 1846 3185 2261 3255; x_wconf 87' lang='lat' dir='ltr'>superessent</span> <span class='ocrx_word' id='word_1_189' title='bbox 2290 3176 2359 3237; x_wconf 89' lang='lat' dir='ltr'>in</span> <span class='ocrx_word' id='word_1_190' title='bbox 2393 3175 2805 3239; x_wconf 89' lang='lat' dir='ltr'>bibliothecis</span> <span class='ocrx_word' id='word_1_191' title='bbox 2840 3174 3322 3251; x_wconf 85' lang='lat' dir='ltr'>delitescentes,</span> <span class='ocrx_word' id='word_1_192' title='bbox 3360 3174 3627 3237; x_wconf 89' lang='lat' dir='ltr'>investi-</span> 
     </span>
    </p>
   </div>
   <div class='ocr_carea' id='block_1_17' title="bbox 335 3303 3615 3387">
    <p class='ocr_par' dir='ltr' id='par_1_17' title="bbox 335 3303 3615 3387">
     <span class='ocr_line' id='line_1_17' title="bbox 335 3303 3615 3387; baseline 0 -20"><span class='ocrx_word' id='word_1_193' title='bbox 335 3303 581 3387; x_wconf 65' lang='lat' dir='ltr'>gandi,</span> <span class='ocrx_word' id='word_1_194' title='bbox 607 3309 667 3368; x_wconf 92' lang='lat' dir='ltr'>et</span> <span class='ocrx_word' id='word_1_195' title='bbox 687 3304 1001 3386; x_wconf 91' lang='lat' dir='ltr'>quidquid</span> <span class='ocrx_word' id='word_1_196' title='bbox 1035 3305 1442 3385; x_wconf 90' lang='lat' dir='ltr'>reperissem,</span> <span class='ocrx_word' id='word_1_197' title='bbox 1466 3305 1546 3369; x_wconf 90' lang='lat' dir='ltr'>ad</span> <span class='ocrx_word' id='word_1_198' title='bbox 1576 3306 1831 3385; x_wconf 92' lang='lat' dir='ltr'>plenius</span> <span class='ocrx_word' id='word_1_199' title='bbox 1841 3305 2167 3387; x_wconf 88' lang='lat' dir='ltr'>judicium</span> <span class='ocrx_word' id='word_1_200' title='bbox 2194 3306 2275 3370; x_wconf 92' lang='lat' dir='ltr'>de</span> <span class='ocrx_word' id='word_1_201' title='bbox 2304 3306 2446 3386; x_wconf 91' lang='lat' dir='ltr'>ipso</span> <span class='ocrx_word' id='word_1_202' title='bbox 2477 3305 2815 3370; x_wconf 81' lang='lat' dir='ltr'>ferendum</span> <span class='ocrx_word' id='word_1_203' title='bbox 2839 3306 2907 3368; x_wconf 92' lang='lat' dir='ltr'>in</span> <span class='ocrx_word' id='word_1_204' title='bbox 2931 3306 3141 3370; x_wconf 91' lang='lat' dir='ltr'>lucem</span> <span class='ocrx_word' id='word_1_205' title='bbox 3175 3306 3615 3386; x_wconf 88' lang='lat' dir='ltr'>protrahendi.</span> 
     </span>
    </p>
   </div>
   <div class='ocr_carea' id='block_1_18' title="bbox 369 3434 3617 3517">
    <p class='ocr_par' dir='ltr' id='par_1_18' title="bbox 369 3434 3617 3517">
     <span class='ocr_line' id='line_1_18' title="bbox 369 3434 3617 3517; baseline 0.002 -19"><span class='ocrx_word' id='word_1_206' title='bbox 369 3437 441 3498; x_wconf 87' lang='lat' dir='ltr'>In</span> <span class='ocrx_word' id='word_1_207' title='bbox 470 3453 663 3517; x_wconf 90' lang='lat' dir='ltr'>quam</span> <span class='ocrx_word' id='word_1_208' title='bbox 702 3452 834 3498; x_wconf 93' lang='lat' dir='ltr'>rem</span> <span class='ocrx_word' id='word_1_209' title='bbox 858 3435 1008 3499; x_wconf 92' lang='lat' dir='ltr'>licet</span> <span class='ocrx_word' id='word_1_210' title='bbox 1039 3435 1345 3515; x_wconf 91' lang='lat' dir='ltr'>plurimas</span> <span class='ocrx_word' id='word_1_211' title='bbox 1373 3434 1799 3498; x_wconf 88' lang='lat' dir='ltr'>bibliothecas</span> <span class='ocrx_word' id='word_1_212' title='bbox 1822 3435 2333 3515; x_wconf 89' lang='lat' dir='ltr'>perlustrassem,</span> <span class='ocrx_word' id='word_1_213' title='bbox 2374 3443 2588 3498; x_wconf 90' lang='lat' dir='ltr'>tamen</span> <span class='ocrx_word' id='word_1_214' title='bbox 2623 3436 2933 3498; x_wconf 87' lang='lat' dir='ltr'>librorum</span> <span class='ocrx_word' id='word_1_215' title='bbox 2958 3435 3166 3516; x_wconf 88' lang='lat' dir='ltr'>ipsius</span> <span class='ocrx_word' id='word_1_216' title='bbox 3188 3437 3440 3502; x_wconf 89' lang='lat' dir='ltr'>codices</span> <span class='ocrx_word' id='word_1_217' title='bbox 3462 3458 3617 3503; x_wconf 87' lang='lat' dir='ltr'>mss.</span> 
     </span>
    </p>
   </div>
   <div class='ocr_carea' id='block_1_19' title="bbox 365 3563 3622 3646">
    <p class='ocr_par' dir='ltr' id='par_1_19' title="bbox 365 3563 3622 3646">
     <span class='ocr_line' id='line_1_19' title="bbox 365 3563 3622 3646; baseline 0.002 -19"><span class='ocrx_word' id='word_1_218' title='bbox 365 3564 534 3628; x_wconf 90' lang='lat' dir='ltr'>haud</span> <span class='ocrx_word' id='word_1_219' title='bbox 563 3566 652 3630; x_wconf 90' lang='lat' dir='ltr'>ita</span> <span class='ocrx_word' id='word_1_220' title='bbox 687 3565 927 3629; x_wconf 91' lang='lat' dir='ltr'>multos</span> <span class='ocrx_word' id='word_1_221' title='bbox 978 3566 1257 3646; x_wconf 91' lang='lat' dir='ltr'>reperire</span> <span class='ocrx_word' id='word_1_222' title='bbox 1285 3564 1466 3645; x_wconf 35' lang='lat' dir='ltr'>&quot;mihi</span> <span class='ocrx_word' id='word_1_223' title='bbox 1519 3564 1808 3643; x_wconf 82' lang='lat' dir='ltr'>contigit.</span> <span class='ocrx_word' id='word_1_224' title='bbox 1855 3566 1948 3627; x_wconf 79' lang='lat' dir='ltr'>Ex</span> <span class='ocrx_word' id='word_1_225' title='bbox 1978 3565 2081 3629; x_wconf 88' lang='lat' dir='ltr'>his</span> <span class='ocrx_word' id='word_1_226' title='bbox 2117 3565 2449 3628; x_wconf 91' lang='lat' dir='ltr'>codicibus</span> <span class='ocrx_word' id='word_1_227' title='bbox 2487 3582 2653 3646; x_wconf 89' lang='lat' dir='ltr'>quae</span> <span class='ocrx_word' id='word_1_228' title='bbox 2691 3563 3004 3645; x_wconf 89' lang='lat' dir='ltr'>descripsi</span> <span class='ocrx_word' id='word_1_229' title='bbox 3039 3564 3395 3646; x_wconf 84' lang='lat' dir='ltr'>fragmenta</span> <span class='ocrx_word' id='word_1_230' title='bbox 3448 3570 3622 3634; x_wconf 88' lang='lat' dir='ltr'>haud</span> 
     </span>
    </p>
   </div>
   <div class='ocr_carea' id='block_1_20' title="bbox 365 3699 3624 3785">
    <p class='ocr_par' dir='ltr' id='par_1_20' title="bbox 365 3699 3624 3785">
     <span class='ocr_line' id='line_1_20' title="bbox 365 3699 3624 3785; baseline 0.001 -25"><span class='ocrx_word' id='word_1_231' title='bbox 365 3714 520 3763; x_wconf 90' lang='lat' dir='ltr'>sane</span> <span class='ocrx_word' id='word_1_232' title='bbox 557 3701 938 3781; x_wconf 81' lang='lat' dir='ltr'>Spernenda,</span> <span class='ocrx_word' id='word_1_233' title='bbox 973 3719 1143 3766; x_wconf 92' lang='lat' dir='ltr'>nunc</span> <span class='ocrx_word' id='word_1_234' title='bbox 1173 3702 1453 3783; x_wconf 90' lang='lat' dir='ltr'>primum</span> <span class='ocrx_word' id='word_1_235' title='bbox 1505 3721 1537 3765; x_wconf 91' lang='lat' dir='ltr'>a</span> <span class='ocrx_word' id='word_1_236' title='bbox 1574 3702 1763 3765; x_wconf 92' lang='lat' dir='ltr'>nobis</span> <span class='ocrx_word' id='word_1_237' title='bbox 1812 3702 1877 3763; x_wconf 91' lang='lat' dir='ltr'>in</span> <span class='ocrx_word' id='word_1_238' title='bbox 1916 3702 2124 3765; x_wconf 90' lang='lat' dir='ltr'>lucem</span> <span class='ocrx_word' id='word_1_239' title='bbox 2157 3704 2560 3765; x_wconf 91' lang='lat' dir='ltr'>emittuntur.</span> <span class='ocrx_word' id='word_1_240' title='bbox 2594 3702 2890 3785; x_wconf 90' lang='lat' dir='ltr'>Denique</span> <span class='ocrx_word' id='word_1_241' title='bbox 2940 3701 3165 3783; x_wconf 89' lang='lat' dir='ltr'>majori</span> <span class='ocrx_word' id='word_1_242' title='bbox 3212 3718 3359 3765; x_wconf 91' lang='lat' dir='ltr'>cum</span> <span class='ocrx_word' id='word_1_243' title='bbox 3409 3699 3624 3764; x_wconf 79' lang='lat' dir='ltr'>fructu</span> 
     </span>
    </p>
   </div>
   <div class='ocr_carea' id='block_1_21' title="bbox 365 3830 3616 3917">
    <p class='ocr_par' dir='ltr' id='par_1_21' title="bbox 365 3830 3616 3917">
     <span class='ocr_line' id='line_1_21' title="bbox 365 3830 3616 3917; baseline 0.002 -27"><span class='ocrx_word' id='word_1_244' title='bbox 365 3845 570 3909; x_wconf 89' lang='lat' dir='ltr'>nuper</span> <span class='ocrx_word' id='word_1_245' title='bbox 596 3830 1048 3898; x_wconf 88' lang='lat' dir='ltr'>bibliothecam</span> <span class='ocrx_word' id='word_1_246' title='bbox 1079 3835 1342 3915; x_wconf 81' lang='lat' dir='ltr'>Regiam</span> <span class='ocrx_word' id='word_1_247' title='bbox 1374 3834 1802 3898; x_wconf 89' lang='lat' dir='ltr'>Parisiensem</span> <span class='ocrx_word' id='word_1_248' title='bbox 1839 3834 1992 3898; x_wconf 89' lang='lat' dir='ltr'>adii.</span> <span class='ocrx_word' id='word_1_249' title='bbox 2026 3834 2145 3897; x_wconf 89' lang='lat' dir='ltr'>Ubi</span> <span class='ocrx_word' id='word_1_250' title='bbox 2185 3852 2389 3917; x_wconf 89' lang='lat' dir='ltr'>quum</span> <span class='ocrx_word' id='word_1_251' title='bbox 2440 3834 2656 3915; x_wconf 89' lang='lat' dir='ltr'>plures</span> <span class='ocrx_word' id='word_1_252' title='bbox 2686 3834 2939 3898; x_wconf 89' lang='lat' dir='ltr'>codices</span> <span class='ocrx_word' id='word_1_253' title='bbox 2988 3835 3297 3898; x_wconf 91' lang='lat' dir='ltr'>librorum</span> <span class='ocrx_word' id='word_1_254' title='bbox 3342 3835 3616 3899; x_wconf 91' lang='lat' dir='ltr'>Joannis</span> 
     </span>
    </p>
   </div>
   <div class='ocr_carea' id='block_1_22' title="bbox 369 3962 3620 4047">
    <p class='ocr_par' dir='ltr' id='par_1_22' title="bbox 369 3962 3620 4047">
     <span class='ocr_line' id='line_1_22' title="bbox 369 3962 3620 4047; baseline 0.001 -22"><span class='ocrx_word' id='word_1_255' title='bbox 369 3962 538 4027; x_wconf 91' lang='lat' dir='ltr'>Scoti</span> <span class='ocrx_word' id='word_1_256' title='bbox 568 3965 990 4043; x_wconf 88' lang='lat' dir='ltr'>invenissem,</span> <span class='ocrx_word' id='word_1_257' title='bbox 1022 3983 1134 4030; x_wconf 89' lang='lat' dir='ltr'>eos</span> <span class='ocrx_word' id='word_1_258' title='bbox 1171 3983 1435 4047; x_wconf 91' lang='lat' dir='ltr'>quoque</span> <span class='ocrx_word' id='word_1_259' title='bbox 1465 3967 1532 4028; x_wconf 93' lang='lat' dir='ltr'>in</span> <span class='ocrx_word' id='word_1_260' title='bbox 1565 3982 1722 4028; x_wconf 90' lang='lat' dir='ltr'>usus</span> <span class='ocrx_word' id='word_1_261' title='bbox 1753 3982 1933 4029; x_wconf 92' lang='lat' dir='ltr'>meos</span> <span class='ocrx_word' id='word_1_262' title='bbox 1965 3967 2432 4030; x_wconf 89' lang='lat' dir='ltr'>convertendos</span> <span class='ocrx_word' id='word_1_263' title='bbox 2468 3984 2610 4030; x_wconf 90' lang='lat' dir='ltr'>esse</span> <span class='ocrx_word' id='word_1_264' title='bbox 2638 3964 2882 4047; x_wconf 89' lang='lat' dir='ltr'>putavi.</span> <span class='ocrx_word' id='word_1_265' title='bbox 2919 3966 3019 4030; x_wconf 82' lang='lat' dir='ltr'>Ad</span> <span class='ocrx_word' id='word_1_266' title='bbox 3049 3983 3272 4030; x_wconf 89' lang='lat' dir='ltr'>eorum</span> <span class='ocrx_word' id='word_1_267' title='bbox 3308 3964 3506 4045; x_wconf 90' lang='lat' dir='ltr'>igitur</span> <span class='ocrx_word' id='word_1_268' title='bbox 3540 3965 3620 4028; x_wconf 84' lang='lat' dir='ltr'>ﬁ-</span> 
     </span>
    </p>
   </div>
   <div class='ocr_carea' id='block_1_23' title="bbox 363 4092 3620 4172">
    <p class='ocr_par' dir='ltr' id='par_1_23' title="bbox 363 4092 3620 4172">
     <span class='ocr_line' id='line_1_23' title="bbox 363 4092 3620 4172; baseline -0 -15"><span class='ocrx_word' id='word_1_269' title='bbox 363 4093 510 4158; x_wconf 91' lang='lat' dir='ltr'>dem</span> <span class='ocrx_word' id='word_1_270' title='bbox 553 4100 613 4158; x_wconf 88' lang='lat' dir='ltr'>et</span> <span class='ocrx_word' id='word_1_271' title='bbox 654 4117 685 4154; x_wconf 78' lang='grc' dir='ltr'><strong><em>α</em></strong></span> <span class='ocrx_word' id='word_1_272' title='bbox 722 4095 802 4158; x_wconf 92' lang='lat' dir='ltr'>de</span> <span class='ocrx_word' id='word_1_273' title='bbox 830 4095 1419 4160; x_wconf 87' lang='lat' dir='ltr'>Praedestinatione</span> <span class='ocrx_word' id='word_1_274' title='bbox 1452 4116 1483 4153; x_wconf 84' lang='lat'>»</span> <span class='ocrx_word' id='word_1_275' title='bbox 1518 4100 1579 4158; x_wconf 92' lang='lat' dir='ltr'>et</span> <span class='ocrx_word' id='word_1_276' title='bbox 1612 4116 1641 4153; x_wconf 81' lang='grc' dir='ltr'><strong><em>α</em></strong></span> <span class='ocrx_word' id='word_1_277' title='bbox 1674 4094 1754 4157; x_wconf 94' lang='lat' dir='ltr'>de</span> <span class='ocrx_word' id='word_1_278' title='bbox 1788 4093 2111 4157; x_wconf 88' lang='lat' dir='ltr'>divisione</span> <span class='ocrx_word' id='word_1_279' title='bbox 2157 4094 2430 4156; x_wconf 87' lang='lat' dir='ltr'>Naturae</span> <span class='ocrx_word' id='word_1_280' title='bbox 2468 4115 2498 4151; x_wconf 82' lang='lat'><strong><em>»</em></strong></span> <span class='ocrx_word' id='word_1_281' title='bbox 2530 4092 2732 4156; x_wconf 92' lang='lat' dir='ltr'>libros</span> <span class='ocrx_word' id='word_1_282' title='bbox 2779 4092 3125 4172; x_wconf 88' lang='lat' dir='ltr'>diligenter</span> <span class='ocrx_word' id='word_1_283' title='bbox 3159 4094 3439 4157; x_wconf 82' lang='lat' dir='ltr'>excussi.</span> <span class='ocrx_word' id='word_1_284' title='bbox 3489 4094 3620 4159; x_wconf 85' lang='lat' dir='ltr'>Co—</span> 
     </span>
    </p>
   </div>
   <div class='ocr_carea' id='block_1_24' title="bbox 363 4221 3616 4302">
    <p class='ocr_par' dir='ltr' id='par_1_24' title="bbox 363 4221 3616 4302">
     <span class='ocr_line' id='line_1_24' title="bbox 363 4221 3616 4302; baseline 0.002 -19"><span class='ocrx_word' id='word_1_285' title='bbox 363 4221 570 4285; x_wconf 89' lang='lat' dir='ltr'>dicem</span> <span class='ocrx_word' id='word_1_286' title='bbox 606 4240 872 4302; x_wconf 89' lang='lat' dir='ltr'>quoque</span> <span class='ocrx_word' id='word_1_287' title='bbox 903 4224 1397 4287; x_wconf 89' lang='lat' dir='ltr'>Laudunensem</span> <span class='ocrx_word' id='word_1_288' title='bbox 1427 4223 1590 4286; x_wconf 89' lang='lat' dir='ltr'>mihi</span> <span class='ocrx_word' id='word_1_289' title='bbox 1618 4221 1969 4284; x_wconf 84' lang='lat' dir='ltr'>liberaliter</span> <span class='ocrx_word' id='word_1_290' title='bbox 1994 4221 2273 4283; x_wconf 88' lang='lat' dir='ltr'>Parisios</span> <span class='ocrx_word' id='word_1_291' title='bbox 2303 4223 2775 4297; x_wconf 86' lang='lat' dir='ltr'>transmissum,</span> <span class='ocrx_word' id='word_1_292' title='bbox 2816 4224 2991 4287; x_wconf 89' lang='lat' dir='ltr'>haud</span> <span class='ocrx_word' id='word_1_293' title='bbox 3026 4226 3170 4288; x_wconf 91' lang='lat' dir='ltr'>sine</span> <span class='ocrx_word' id='word_1_294' title='bbox 3196 4226 3414 4289; x_wconf 86' lang='lat' dir='ltr'>fructu</span> <span class='ocrx_word' id='word_1_295' title='bbox 3471 4244 3616 4291; x_wconf 80' lang='lat' dir='ltr'>exa-</span> 
     </span>
    </p>
   </div>
   <div class='ocr_carea' id='block_1_25' title="bbox 368 4350 3618 4432">
    <p class='ocr_par' dir='ltr' id='par_1_25' title="bbox 368 4350 3618 4432">
     <span class='ocr_line' id='line_1_25' title="bbox 368 4350 3618 4432; baseline 0.002 -21"><span class='ocrx_word' id='word_1_296' title='bbox 368 4352 633 4415; x_wconf 89' lang='lat' dir='ltr'>minavi.</span> <span class='ocrx_word' id='word_1_297' title='bbox 664 4353 851 4427; x_wconf 86' lang='lat' dir='ltr'>Quod</span> <span class='ocrx_word' id='word_1_298' title='bbox 886 4370 1037 4415; x_wconf 90' lang='lat' dir='ltr'>vero</span> <span class='ocrx_word' id='word_1_299' title='bbox 1062 4353 1382 4432; x_wconf 88' lang='lat' dir='ltr'>integrum</span> <span class='ocrx_word' id='word_1_300' title='bbox 1416 4353 1584 4415; x_wconf 91' lang='lat' dir='ltr'>Scoti</span> <span class='ocrx_word' id='word_1_301' title='bbox 1620 4367 1912 4431; x_wconf 85' lang='lat' dir='ltr'>Operum,</span> <span class='ocrx_word' id='word_1_302' title='bbox 1951 4366 2117 4429; x_wconf 88' lang='lat' dir='ltr'>quae</span> <span class='ocrx_word' id='word_1_303' title='bbox 2167 4356 2540 4429; x_wconf 87' lang='lat' dir='ltr'>supersunt,</span> <span class='ocrx_word' id='word_1_304' title='bbox 2602 4350 2973 4426; x_wconf 90' lang='lat' dir='ltr'>editionem,</span> <span class='ocrx_word' id='word_1_305' title='bbox 3033 4369 3165 4415; x_wconf 89' lang='lat' dir='ltr'>non</span> <span class='ocrx_word' id='word_1_306' title='bbox 3217 4356 3458 4419; x_wconf 89' lang='lat' dir='ltr'>omisso</span> <span class='ocrx_word' id='word_1_307' title='bbox 3497 4376 3618 4419; x_wconf 92' lang='lat' dir='ltr'>su-</span> 
     </span>
    </p>
   </div>
   <div class='ocr_carea' id='block_1_26' title="bbox 361 4474 3613 4569">
    <p class='ocr_par' dir='ltr' id='par_1_26' title="bbox 361 4474 3613 4569">
     <span class='ocr_line' id='line_1_26' title="bbox 361 4474 3613 4569; baseline 0.001 -19"><span class='ocrx_word' id='word_1_308' title='bbox 361 4495 615 4568; x_wconf 90' lang='lat' dir='ltr'>spectae</span> <span class='ocrx_word' id='word_1_309' title='bbox 644 4488 793 4552; x_wconf 81' lang='lat' dir='ltr'>fidei</span> <span class='ocrx_word' id='word_1_310' title='bbox 826 4488 991 4552; x_wconf 89' lang='lat' dir='ltr'>libro</span> <span class='ocrx_word' id='word_1_311' title='bbox 1021 4487 1099 4550; x_wconf 93' lang='lat' dir='ltr'>de</span> <span class='ocrx_word' id='word_1_312' title='bbox 1131 4487 1489 4568; x_wconf 87' lang='lat' dir='ltr'>principiis,</span> <span class='ocrx_word' id='word_1_313' title='bbox 1525 4503 1719 4569; x_wconf 86' lang='lat' dir='ltr'>quem</span> <span class='ocrx_word' id='word_1_314' title='bbox 1757 4509 1785 4544; x_wconf 81' lang='lat'><strong><em>«</em></strong></span> <span class='ocrx_word' id='word_1_315' title='bbox 1818 4484 1899 4548; x_wconf 92' lang='lat' dir='ltr'>de</span> <span class='ocrx_word' id='word_1_316' title='bbox 1929 4484 2254 4549; x_wconf 89' lang='lat' dir='ltr'>divisione</span> <span class='ocrx_word' id='word_1_317' title='bbox 2294 4484 2568 4547; x_wconf 88' lang='lat' dir='ltr'>Naturae</span> <span class='ocrx_word' id='word_1_318' title='bbox 2601 4504 2631 4540; x_wconf 85' lang='lat'>»</span> <span class='ocrx_word' id='word_1_319' title='bbox 2667 4479 3021 4563; x_wconf 90' lang='lat' dir='ltr'>inscripsit,</span> <span class='ocrx_word' id='word_1_320' title='bbox 3047 4481 3199 4547; x_wconf 90' lang='lat' dir='ltr'>huic</span> <span class='ocrx_word' id='word_1_321' title='bbox 3217 4474 3613 4566; x_wconf 49' lang='lat' dir='ltr'>Pa&#39;trologiae</span> 
     </span>
    </p>
   </div>
   <div class='ocr_carea' id='block_1_27' title="bbox 356 4616 3609 4699">
    <p class='ocr_par' dir='ltr' id='par_1_27' title="bbox 356 4616 3609 4699">
     <span class='ocr_line' id='line_1_27' title="bbox 356 4616 3609 4699; baseline 0.001 -19"><span class='ocrx_word' id='word_1_322' title='bbox 356 4618 776 4693; x_wconf 89' lang='lat' dir='ltr'>inseruimus,</span> <span class='ocrx_word' id='word_1_323' title='bbox 811 4619 984 4684; x_wconf 89' lang='lat' dir='ltr'>haud</span> <span class='ocrx_word' id='word_1_324' title='bbox 1004 4618 1189 4682; x_wconf 86' lang='lat' dir='ltr'>facile</span> <span class='ocrx_word' id='word_1_325' title='bbox 1224 4635 1613 4699; x_wconf 89' lang='lat' dir='ltr'>quemquam</span> <span class='ocrx_word' id='word_1_326' title='bbox 1653 4620 2035 4682; x_wconf 90' lang='lat' dir='ltr'>miraturum</span> <span class='ocrx_word' id='word_1_327' title='bbox 2064 4619 2390 4692; x_wconf 75' lang='lat' dir='ltr'>existimo,</span> <span class='ocrx_word' id='word_1_328' title='bbox 2414 4616 2529 4697; x_wconf 92' lang='lat' dir='ltr'>qui</span> <span class='ocrx_word' id='word_1_329' title='bbox 2553 4617 2965 4696; x_wconf 88' lang='lat' dir='ltr'>reputaverit,</span> <span class='ocrx_word' id='word_1_330' title='bbox 3000 4619 3266 4683; x_wconf 88' lang='lat' dir='ltr'>omnino</span> <span class='ocrx_word' id='word_1_331' title='bbox 3290 4621 3609 4684; x_wconf 86' lang='lat' dir='ltr'>Joannem</span> 
     </span>
    </p>
   </div>
   <div class='ocr_carea' id='block_1_28' title="bbox 357 4746 3612 4829">
    <p class='ocr_par' dir='ltr' id='par_1_28' title="bbox 357 4746 3612 4829">
     <span class='ocr_line' id='line_1_28' title="bbox 357 4746 3612 4829; baseline 0.002 -20"><span class='ocrx_word' id='word_1_332' title='bbox 357 4747 612 4810; x_wconf 91' lang='lat' dir='ltr'>Scotum</span> <span class='ocrx_word' id='word_1_333' title='bbox 644 4765 787 4811; x_wconf 92' lang='lat' dir='ltr'>cum</span> <span class='ocrx_word' id='word_1_334' title='bbox 823 4747 1221 4812; x_wconf 87' lang='lat' dir='ltr'>acutissimis</span> <span class='ocrx_word' id='word_1_335' title='bbox 1250 4747 1388 4809; x_wconf 91' lang='lat' dir='ltr'>suis</span> <span class='ocrx_word' id='word_1_336' title='bbox 1428 4746 2079 4827; x_wconf 87' lang='lat' dir='ltr'>profundissimisque</span> <span class='ocrx_word' id='word_1_337' title='bbox 2110 4747 2700 4828; x_wconf 59' lang='lat' dir='ltr'>jdisputationibus,</span> <span class='ocrx_word' id='word_1_338' title='bbox 2742 4765 3015 4829; x_wconf 91' lang='lat' dir='ltr'>quarum</span> <span class='ocrx_word' id='word_1_339' title='bbox 3066 4756 3128 4813; x_wconf 90' lang='lat' dir='ltr'>et</span> <span class='ocrx_word' id='word_1_340' title='bbox 3170 4750 3311 4829; x_wconf 89' lang='lat' dir='ltr'>ipse</span> <span class='ocrx_word' id='word_1_341' title='bbox 3361 4769 3438 4814; x_wconf 80' lang='lat' dir='ltr'>ex</span> <span class='ocrx_word' id='word_1_342' title='bbox 3475 4752 3612 4816; x_wconf 90' lang='lat' dir='ltr'>Pla-</span> 
     </span>
    </p>
   </div>
   <div class='ocr_carea' id='block_1_29' title="bbox 357 4877 3610 4966">
    <p class='ocr_par' dir='ltr' id='par_1_29' title="bbox 357 4877 3610 4966">
     <span class='ocr_line' id='line_1_29' title="bbox 357 4877 3610 4966; baseline 0.004 -28"><span class='ocrx_word' id='word_1_343' title='bbox 357 4883 505 4941; x_wconf 90' lang='lat' dir='ltr'>tone</span> <span class='ocrx_word' id='word_1_344' title='bbox 536 4877 1011 4959; x_wconf 82' lang='lat' dir='ltr'>Aristoteleque</span> <span class='ocrx_word' id='word_1_345' title='bbox 1041 4877 1212 4940; x_wconf 87' lang='lat' dir='ltr'>haud</span> <span class='ocrx_word' id='word_1_346' title='bbox 1241 4894 1384 4941; x_wconf 92' lang='lat' dir='ltr'>raro</span> <span class='ocrx_word' id='word_1_347' title='bbox 1413 4884 1787 4956; x_wconf 86' lang='lat' dir='ltr'>argumenta</span> <span class='ocrx_word' id='word_1_348' title='bbox 1816 4878 2065 4958; x_wconf 90' lang='lat' dir='ltr'>petivit,</span> <span class='ocrx_word' id='word_1_349' title='bbox 2100 4895 2299 4942; x_wconf 83' lang='lat' dir='ltr'>sensu</span> <span class='ocrx_word' id='word_1_350' title='bbox 2346 4880 2624 4962; x_wconf 91' lang='lat' dir='ltr'>quodam</span> <span class='ocrx_word' id='word_1_351' title='bbox 2674 4880 2884 4943; x_wconf 90' lang='lat' dir='ltr'>latiori</span> <span class='ocrx_word' id='word_1_352' title='bbox 2915 4881 3365 4961; x_wconf 85' lang='lat' dir='ltr'>Scholasticae,</span> <span class='ocrx_word' id='word_1_353' title='bbox 3416 4904 3610 4966; x_wconf 87' lang='lat' dir='ltr'>quam</span> 
     </span>
    </p>
   </div>
   <div class='ocr_carea' id='block_1_30' title="bbox 354 5007 3608 5101">
    <p class='ocr_par' dir='ltr' id='par_1_30' title="bbox 354 5007 3608 5101">
     <span class='ocr_line' id='line_1_30' title="bbox 354 5007 3608 5101; baseline 0.004 -30"><span class='ocrx_word' id='word_1_354' title='bbox 354 5007 597 5083; x_wconf 91' lang='lat' dir='ltr'>dicunt,</span> <span class='ocrx_word' id='word_1_355' title='bbox 630 5008 1023 5088; x_wconf 89' lang='lat' dir='ltr'>Theologiae</span> <span class='ocrx_word' id='word_1_356' title='bbox 1060 5010 1577 5091; x_wconf 88' lang='lat' dir='ltr'>praeambulum,</span> <span class='ocrx_word' id='word_1_357' title='bbox 1611 5018 1746 5074; x_wconf 92' lang='lat' dir='ltr'>tum</span> <span class='ocrx_word' id='word_1_358' title='bbox 1775 5012 2073 5076; x_wconf 87' lang='lat' dir='ltr'>versione</span> <span class='ocrx_word' id='word_1_359' title='bbox 2101 5029 2216 5076; x_wconf 91' lang='lat' dir='ltr'>sua</span> <span class='ocrx_word' id='word_1_360' title='bbox 2252 5030 2520 5093; x_wconf 88' lang='lat' dir='ltr'>operum</span> <span class='ocrx_word' id='word_1_361' title='bbox 2560 5012 3140 5095; x_wconf 79' lang='lat' dir='ltr'>Pseudo-Dionysii</span> <span class='ocrx_word' id='word_1_362' title='bbox 3169 5019 3608 5101; x_wconf 85' lang='lat' dir='ltr'>Areopagitae,</span> 
     </span>
    </p>
   </div>
   <div class='ocr_carea' id='block_1_31' title="bbox 351 5140 3606 5226">
    <p class='ocr_par' dir='ltr' id='par_1_31' title="bbox 351 5140 3606 5226">
     <span class='ocr_line' id='line_1_31' title="bbox 351 5140 3606 5226; baseline 0.002 -24"><span class='ocrx_word' id='word_1_363' title='bbox 351 5140 620 5221; x_wconf 86' lang='lat' dir='ltr'>suisque</span> <span class='ocrx_word' id='word_1_364' title='bbox 666 5158 891 5203; x_wconf 92' lang='lat' dir='ltr'>eorum</span> <span class='ocrx_word' id='word_1_365' title='bbox 931 5142 1468 5221; x_wconf 82' lang='lat' dir='ltr'>expositionibus,</span> <span class='ocrx_word' id='word_1_366' title='bbox 1506 5140 1865 5221; x_wconf 87' lang='lat' dir='ltr'>ceterisque</span> <span class='ocrx_word' id='word_1_367' title='bbox 1912 5143 2050 5205; x_wconf 88' lang='lat' dir='ltr'>suis</span> <span class='ocrx_word' id='word_1_368' title='bbox 2081 5142 2304 5206; x_wconf 90' lang='lat' dir='ltr'>crebro</span> <span class='ocrx_word' id='word_1_369' title='bbox 2340 5141 2706 5221; x_wconf 88' lang='lat' dir='ltr'>allegoricis</span> <span class='ocrx_word' id='word_1_370' title='bbox 2741 5141 3033 5218; x_wconf 91' lang='lat' dir='ltr'>theoriis,</span> <span class='ocrx_word' id='word_1_371' title='bbox 3069 5148 3377 5225; x_wconf 84' lang='lat' dir='ltr'>mysticae</span> <span class='ocrx_word' id='word_1_372' title='bbox 3414 5165 3606 5226; x_wconf 84' lang='lat' dir='ltr'>quam</span> 
     </span>
    </p>
   </div>
   <div class='ocr_carea' id='block_1_32' title="bbox 349 5260 3608 5348">
    <p class='ocr_par' dir='ltr' id='par_1_32' title="bbox 349 5260 3608 5348">
     <span class='ocr_line' id='line_1_32' title="bbox 349 5260 3608 5348; baseline 0.003 -25"><span class='ocrx_word' id='word_1_373' title='bbox 349 5268 579 5325; x_wconf 83' lang='lat' dir='ltr'>vocant</span> <span class='ocrx_word' id='word_1_374' title='bbox 611 5260 969 5339; x_wconf 89' lang='lat' dir='ltr'>theologiae</span> <span class='ocrx_word' id='word_1_375' title='bbox 999 5268 1304 5345; x_wconf 89' lang='lat' dir='ltr'>tanquam</span> <span class='ocrx_word' id='word_1_376' title='bbox 1337 5280 1819 5345; x_wconf 88' lang='lat' dir='ltr'>praecursorem</span> <span class='ocrx_word' id='word_1_377' title='bbox 1847 5266 2019 5330; x_wconf 88' lang='lat' dir='ltr'>haud</span> <span class='ocrx_word' id='word_1_378' title='bbox 2053 5267 2377 5332; x_wconf 90' lang='lat' dir='ltr'>immerito</span> <span class='ocrx_word' id='word_1_379' title='bbox 2413 5285 2448 5330; x_wconf 93' lang='lat' dir='ltr'>a</span> <span class='ocrx_word' id='word_1_380' title='bbox 2478 5266 2636 5329; x_wconf 90' lang='lat' dir='ltr'>viris</span> <span class='ocrx_word' id='word_1_381' title='bbox 2685 5266 2891 5330; x_wconf 93' lang='lat' dir='ltr'>doctis</span> <span class='ocrx_word' id='word_1_382' title='bbox 2938 5267 3236 5348; x_wconf 90' lang='lat' dir='ltr'>judicari.</span> <span class='ocrx_word' id='word_1_383' title='bbox 3283 5268 3608 5346; x_wconf 88' lang='lat' dir='ltr'>Imprimis</span> 
     </span>
    </p>
   </div>
   <div class='ocr_carea' id='block_1_33' title="bbox 348 5391 3607 5479">
    <p class='ocr_par' dir='ltr' id='par_1_33' title="bbox 348 5391 3607 5479">
     <span class='ocr_line' id='line_1_33' title="bbox 348 5391 3607 5479; baseline 0.003 -24"><span class='ocrx_word' id='word_1_384' title='bbox 348 5408 503 5456; x_wconf 87' lang='lat' dir='ltr'>vero</span> <span class='ocrx_word' id='word_1_385' title='bbox 532 5392 801 5455; x_wconf 89' lang='lat' dir='ltr'>Joannis</span> <span class='ocrx_word' id='word_1_386' title='bbox 833 5391 1002 5453; x_wconf 89' lang='lat' dir='ltr'>Scoti</span> <span class='ocrx_word' id='word_1_387' title='bbox 1032 5395 1330 5458; x_wconf 91' lang='lat' dir='ltr'>versione</span> <span class='ocrx_word' id='word_1_388' title='bbox 1366 5412 1659 5474; x_wconf 91' lang='lat' dir='ltr'>operum,</span> <span class='ocrx_word' id='word_1_389' title='bbox 1696 5414 1862 5476; x_wconf 89' lang='lat' dir='ltr'>quae</span> <span class='ocrx_word' id='word_1_390' title='bbox 1911 5398 2032 5460; x_wconf 92' lang='lat' dir='ltr'>sub</span> <span class='ocrx_word' id='word_1_391' title='bbox 2061 5397 2125 5460; x_wconf 90' lang='lat' dir='ltr'>S.</span> <span class='ocrx_word' id='word_1_392' title='bbox 2166 5397 2465 5479; x_wconf 87' lang='lat' dir='ltr'>Dionysii</span> <span class='ocrx_word' id='word_1_393' title='bbox 2498 5399 2919 5479; x_wconf 84' lang='lat' dir='ltr'>Areopagitae</span> <span class='ocrx_word' id='word_1_394' title='bbox 2975 5395 3237 5458; x_wconf 89' lang='lat' dir='ltr'>nomine</span> <span class='ocrx_word' id='word_1_395' title='bbox 3287 5393 3607 5479; x_wconf 86' lang='lat' dir='ltr'>feruntur,</span> 
     </span>
    </p>
   </div>
   <div class='ocr_carea' id='block_1_34' title="bbox 347 5523 3610 5612">
    <p class='ocr_par' dir='ltr' id='par_1_34' title="bbox 347 5523 3610 5612">
     <span class='ocr_line' id='line_1_34' title="bbox 347 5523 3610 5612; baseline 0.004 -25"><span class='ocrx_word' id='word_1_396' title='bbox 347 5524 692 5588; x_wconf 89' lang='lat' dir='ltr'>utebantur</span> <span class='ocrx_word' id='word_1_397' title='bbox 720 5523 921 5587; x_wconf 92' lang='lat' dir='ltr'>medii</span> <span class='ocrx_word' id='word_1_398' title='bbox 948 5523 1087 5585; x_wconf 91' lang='lat' dir='ltr'>aevi</span> <span class='ocrx_word' id='word_1_399' title='bbox 1126 5525 1607 5605; x_wconf 86' lang='lat' dir='ltr'>Theologi.Qui</span> <span class='ocrx_word' id='word_1_400' title='bbox 1648 5530 1954 5610; x_wconf 91' lang='lat' dir='ltr'>quoniam</span> <span class='ocrx_word' id='word_1_401' title='bbox 2000 5549 2289 5611; x_wconf 87' lang='lat' dir='ltr'>graecam</span> <span class='ocrx_word' id='word_1_402' title='bbox 2319 5530 2606 5612; x_wconf 89' lang='lat' dir='ltr'>linguam</span> <span class='ocrx_word' id='word_1_403' title='bbox 2657 5530 2784 5609; x_wconf 92' lang='lat' dir='ltr'>ipsi</span> <span class='ocrx_word' id='word_1_404' title='bbox 2834 5544 2964 5591; x_wconf 90' lang='lat' dir='ltr'>non</span> <span class='ocrx_word' id='word_1_405' title='bbox 2997 5525 3332 5608; x_wconf 86' lang='lat' dir='ltr'>callebant,</span> <span class='ocrx_word' id='word_1_406' title='bbox 3384 5533 3610 5611; x_wconf 92' lang='lat' dir='ltr'>libros,</span> 
     </span>
    </p>
   </div>
   <div class='ocr_carea' id='block_1_35' title="bbox 346 5655 3608 5741">
    <p class='ocr_par' dir='ltr' id='par_1_35' title="bbox 346 5655 3608 5741">
     <span class='ocr_line' id='line_1_35' title="bbox 346 5655 3608 5741; baseline 0.005 -30"><span class='ocrx_word' id='word_1_407' title='bbox 346 5665 624 5730; x_wconf 89' lang='lat' dir='ltr'>quorum</span> <span class='ocrx_word' id='word_1_408' title='bbox 660 5659 985 5717; x_wconf 87' lang='lat' dir='ltr'>auctorem</span> <span class='ocrx_word' id='word_1_409' title='bbox 1017 5655 1078 5717; x_wconf 91' lang='lat' dir='ltr'>S.</span> <span class='ocrx_word' id='word_1_410' title='bbox 1110 5656 1492 5737; x_wconf 90' lang='lat' dir='ltr'>Dionysium</span> <span class='ocrx_word' id='word_1_411' title='bbox 1551 5661 1996 5740; x_wconf 86' lang='lat' dir='ltr'>Areopagitam</span> <span class='ocrx_word' id='word_1_412' title='bbox 2044 5668 2115 5725; x_wconf 93' lang='lat' dir='ltr'>ut</span> <span class='ocrx_word' id='word_1_413' title='bbox 2170 5663 2420 5726; x_wconf 90' lang='lat' dir='ltr'>Patrem</span> <span class='ocrx_word' id='word_1_414' title='bbox 2456 5658 2877 5741; x_wconf 89' lang='lat' dir='ltr'>apostolicum</span> <span class='ocrx_word' id='word_1_415' title='bbox 2938 5657 3232 5723; x_wconf 88' lang='lat' dir='ltr'>colebant</span> <span class='ocrx_word' id='word_1_416' title='bbox 3279 5664 3353 5726; x_wconf 90' lang='lat' dir='ltr'>ad</span> <span class='ocrx_word' id='word_1_417' title='bbox 3407 5681 3608 5727; x_wconf 91' lang='lat' dir='ltr'>unum</span> 
     </span>
    </p>
   </div>
   <div class='ocr_carea' id='block_1_36' title="bbox 345 5775 3611 5862">
    <p class='ocr_par' dir='ltr' id='par_1_36' title="bbox 345 5775 3611 5862">
     <span class='ocr_line' id='line_1_36' title="bbox 345 5775 3611 5862; baseline 0.002 -27"><span class='ocrx_word' id='word_1_418' title='bbox 345 5787 595 5850; x_wconf 90' lang='lat' dir='ltr'>omnes,</span> <span class='ocrx_word' id='word_1_419' title='bbox 632 5775 712 5838; x_wconf 90' lang='lat' dir='ltr'>ab</span> <span class='ocrx_word' id='word_1_420' title='bbox 742 5775 986 5838; x_wconf 87' lang='lat' dir='ltr'>Joanne</span> <span class='ocrx_word' id='word_1_421' title='bbox 1022 5776 1206 5840; x_wconf 92' lang='lat' dir='ltr'>Scoto</span> <span class='ocrx_word' id='word_1_422' title='bbox 1242 5775 1438 5841; x_wconf 80' lang='lat' dir='ltr'>iatine</span> <span class='ocrx_word' id='word_1_423' title='bbox 1485 5795 1829 5843; x_wconf 88' lang='lat' dir='ltr'>conversos</span> <span class='ocrx_word' id='word_1_424' title='bbox 1878 5782 2199 5862; x_wconf 81' lang='lat' dir='ltr'>legebant,</span> <span class='ocrx_word' id='word_1_425' title='bbox 2234 5796 2503 5861; x_wconf 87' lang='lat' dir='ltr'>eamque</span> <span class='ocrx_word' id='word_1_426' title='bbox 2543 5776 2908 5842; x_wconf 90' lang='lat' dir='ltr'>versionem</span> <span class='ocrx_word' id='word_1_427' title='bbox 2946 5781 3424 5845; x_wconf 89' lang='lat' dir='ltr'>commentariis</span> <span class='ocrx_word' id='word_1_428' title='bbox 3473 5782 3611 5843; x_wconf 91' lang='lat' dir='ltr'>suis</span> 
     </span>
    </p>
   </div>
   <div class='ocr_carea' id='block_1_37' title="bbox 628 5903 3188 5969">
    <p class='ocr_par' dir='ltr' id='par_1_37' title="bbox 628 5903 3188 5969">
     <span class='ocr_line' id='line_1_37' title="bbox 628 5903 3188 5969; baseline 0.004 -10"><span class='ocrx_word' id='word_1_429' title='bbox 628 5903 867 5967; x_wconf 59' lang='lat' dir='ltr'>Parnm.</span> <span class='ocrx_word' id='word_1_430' title='bbox 907 5909 1112 5966; x_wconf 81' lang='lat' dir='ltr'>CXXII.</span> <span class='ocrx_word' id='word_1_431' title='bbox 3149 5929 3188 5969; x_wconf 87' lang='lat' dir='ltr'>a</span> 
     </span>
    </p>
   </div>
  </div>
