4152 6276
1678 170 1685 175 ¹
1796 190 1815 215 Γ
1852 160 1875 197 ,’
1982 168 1989 193 ἶ
2286 174 2305 193 ι
2462 172 2505 203 κν

1594 214 1633 255 δ’
1670 226 1701 255 Α]
1854 206 1887 219 ὴ
2314 226 2325 241 ί
2364 206 2411 249 ιδ
2456 224 2473 251 “ι
2516 212 2551 249 Ἃ.

1582 252 1605 279 ἰ
1680 252 1751 297 ⁸11·
2408 256 2461 293 ,Υ
2490 268 2493 273 λ
2554 258 2579 299 χ

1538 320 1585 389 οὶ
1626 278 1703 323 ΦΑ
1844 306 1872 367 ξ
2196 300 2213 309 “
2242 334 2249 345 ,
2298 332 2315 352 ι
2484 307 2539 339 ό
2576 300 2623 369 ιι

1982 356 2383 389 nnnnnumu
2577 380 2585 389 .

562 374 604 417 ιι
1562 356 1615 449 ,λ
1706 411 1743 447 ν
1820 356 1872 460 ς
1978 358 2202 416 moon

1562 356 1639 469 {\l
1706 411 1743 447 υ
1820 356 1872 460 ς
1978 356 2449 473 ΡΒΟΟΕΜΙἾΜἋ
2522 416 2571 469 λ,

564 488 996 583 jllustrabant.
1028 491 1243 565 Quare
1296 508 1497 573 quum
1550 464 2771 595 omni-doiioahgjgaicbthssejusmodi
2804 489 3074 569 scriptor
3119 489 3214 553 sit.
3275 480 3462 570 cujus
3515 506 3711 571 opera
3756 489 3831 554 in

568 642 599 678 α
630 621 842 684 Cursu
877 621 1194 702 completo
1238 643 1268 680 ιο
1318 622 1709 702 Scriptorum
1750 594 2333 684 ecclesiastico-rum
2365 620 2715 684 desiderari
2746 621 2853 683 vix
2888 619 3187 696 debeant,
3215 620 3529 701 integram
3561 639 3830 705 Operum

568 752 706 829 ejus
740 750 1089 815 editionem
1119 750 1414 813 adornari
1444 756 1505 814 et
1532 751 1782 831 justum
1818 756 1879 812 et
1927 751 2004 812 ab
2041 749 2234 829 hujus
2278 750 2681 814 collectionis
2713 751 2986 814 consilio
3018 750 3188 815 haud
3224 768 3490 831 prorsus
3539 752 3829 817 alienum

566 899 707 945 esse
738 883 1063 946 duximus.
1100 885 1171 946 In
1205 882 1308 945 his
1337 890 1551 947 autem
1587 885 1856 947 Joannis
1901 886 2072 947 Scoti
2105 884 2414 964 operibus
2445 887 2503 949 si
2535 904 2702 968 quae
2739 895 3103 965 occurrant,
3137 887 3377 969 quibus
3405 887 3583 967 justo
3613 887 3829 949 offen-

564 1012 759 1089 daris,
791 1030 920 1077 non
958 1012 1300 1075 omisimus
1334 1036 1363 1071 ‹‹
1401 1014 1666 1077 Monitis
1703 1014 1782 1077 ad
1844 1016 2175 1079 Lectorem
2210 1038 2239 1076 ››
2274 1018 2667 1096 praemissis,
2702 1019 2811 1081 ubi
2855 1036 3021 1099 Opus
3052 1027 3209 1095 erat,
3242 1017 3624 1101 principales
3655 1032 3831 1082 erro-

560 1161 666 1207 res
698 1155 943 1221 notare,
980 1163 1098 1209 nec
1144 1162 1275 1206 non
1306 1146 1411 1209 hic
1440 1146 1577 1209 illic
1624 1147 1796 1209 notis
1826 1149 2158 1229 subjectis,
2196 1167 2362 1231 quae
2389 1150 2554 1215 falso
2594 1159 2702 1215 aut
2738 1152 2955 1215 minus
3008 1159 3180 1216 recte
3217 1153 3648 1232 disputantur,
3682 1167 3829 1214 cor-

565 1277 798 1356 rigere.
841 1279 1170 1343 Praeterea
1202 1278 1271 1340 in
1330 1279 1867 1342 commentatione
1898 1302 1928 1338 α
1961 1280 2042 1344 de
2085 1282 2308 1346 vita'et
2350 1285 2709 1365 praeceptis
2751 1286 3019 1349 Joannis
3054 1286 3222 1350 Scoti
3281 1309 3311 1345 »
3352 1285 3507 1349 huic
3561 1302 3826 1366 Operum

506 1494 523 1501 ν
563 1406 834 1469 editioni
885 1409 1256 1488 praemissa,
1306 1426 1557 1472 errores
1606 1409 1817 1490 ipsius
1858 1412 2088 1475 acriter
2142 1414 2680 1494 perstringuntur.
2720 1415 2782 1476 Si
2814 1415 2920 1478 cui
2969 1415 3398 1479 nihilominus
3429 1417 3495 1479 in
3528 1416 3830 1481 notandis

508 1628 511 1629 ν
561 1536 829 1600 Joannis
864 1539 1031 1602 Scoti
1066 1539 1396 1602 erroribus
1426 1540 1671 1621 aliquid
1711 1558 1745 1604 a
1780 1542 1971 1604 nobis
2008 1544 2369 1622 neglectum
2426 1547 2930 1663 esse.videatur,
2969 1548 3372 1611 excusabunt
3400 1563 3521 1611 nos
3551 1563 3697 1610 cum
3734 1546 3827 1608 rei

522 1724 527 1729 .
563 1666 933 1744 difﬁcultas,
970 1675 1103 1733 tum
1135 1670 1463 1751 temporis,
1509 1672 1683 1752 quod
1718 1671 1903 1734 nobis
1937 1673 2003 1734 in
2057 1676 2330 1753 paranda
2365 1677 2649 1743 editione
2685 1677 2951 1743 concedi
2984 1684 3254 1761 poterat,
3301 1677 3659 1758 angustiae.

595 1818 604 1842 ι
659 1792 687 1865 §
720 1790 780 1850 2.
813 1791 892 1851 Et
921 1790 1002 1853 de
1029 1791 1156 1852 line
1192 1789 1387 1870 huius
1424 1790 1729 1853 editionis
1759 1791 1914 1854 haec
1944 1792 2203 1871 quidem
2244 1799 2578 1858 hactenus.
2610 1797 2944 1860 Praeterea
2974 1797 3104 1861 duo
3138 1797 3326 1861 nobis
3357 1796 3604 1877 reliqua
3634 1800 3826 1857 sunt:

562 1909 872 1991 primum,
904 1916 976 1972 ut
1009 1910 1263 1973 codices
1293 1957 1310 1988 ,
1339 1926 1503 1991 quos
1534 1910 1950 1973 adhibuimus
1975 1954 1992 1985 ,
2056 1928 2511 1975 enumeremus
2543 1960 2559 1986 ,
2603 1913 2836 1976 deinde
2859 1956 2876 1987 ,
2934 1921 3003 1975 ut
3055 1918 3132 1977 de
3180 1915 3445 1979 Joannis
3477 1912 3647 1977 Scoti
3703 1912 3830 1975 vita

564 2033 725 2113 quid
752 2040 1155 2112 compertum
1189 2030 1571 2109 habeamus,
1609 2050 2031 2113 exponamus.
2064 2033 2183 2096 Ubi
2236 2038 2447 2096 tamen
2480 2034 2545 2095 in
2578 2052 2738 2097 usus
2770 2051 2949 2096 meos
2977 2046 3348 2097 convertere
3375 2051 3504 2097 non
3541 2030 3831 2095 dubitavi

561 2150 745 2214 illam
777 2153 1350 2215 commentationem
1405 2153 1478 2215 de
1507 2154 1642 2216 vita
1687 2161 1744 2215 et
1792 2158 2145 2234 praeceptis
2186 2154 2456 2215 Joannis
2501 2155 2715 2228 Scoti,
2768 2153 3002 2217 abhinc
3052 2155 3298 2237 aliquot
3349 2155 3537 2217 annis
3593 2152 3828 2217 editam

564 2278 835 2337 auctore
872 2290 1220 2355 anonymo,
1253 2292 1445 2354 quam
1497 2274 1802 2355 operibus
1834 2273 2240 2354 praemittere
2264 2272 2627 2335 statuimus.
2657 2273 2836 2347 Quae
2888 2290 3088 2353 quum
3128 2273 3192 2334 in
3231 2275 3546 2355 capitibus
3582 2274 3834 2353 gravio-

506 2416 512 2421 ·
562 2396 750 2463 ribus
791 2398 879 2462 sit
917 2398 1084 2463 bene
1118 2400 1449 2478 adornata,
1483 2402 1693 2465 solum
1724 2399 1788 2461 id
1819 2398 2165 2478 supererit,
2202 2404 2267 2460 ut
2292 2396 2630 2472 nonnulla,
2661 2399 2730 2461 in
2767 2398 3005 2479 quibus
3052 2398 3131 2461 ab
3181 2396 3321 2477 ejus
3372 2394 3679 2475 scriptore
3716 2410 3833 2456 no-

557 2521 666 2587 bis
701 2520 1218 2590 dissentiendum
1248 2531 1347 2590 est
1370 2567 1388 2601 ,
1420 2523 1878 2588 dilucidemus.

2148 2678 2259 2755 Il.

1983 2858 2400 2923 CODICES.

643 3011 672 3085 ς
701 3009 764 3069 3.
795 3008 875 3068 Et
903 3007 1186 3084 primum
1218 3007 1482 3082 quidem
1516 3006 1597 3070 ad
1626 3009 1878 3072 codices
1908 3009 2083 3091 quod
2116 3010 2365 3085 attinet,
2403 3008 2471 3071 in
2527 3007 2796 3075 edendis
2830 3005 3368 3088 Expotitionibus
3396 3019 3585 3086 super
3610 3002 3829 3065 lorar-

501 3205 507 3211 _
559 3117 771 3191 chiam
823 3131 1137 3187 cae.estem
1193 3124 1260 3187 S.
1313 3125 1649 3204 Dionysii,
1701 3127 2039 3211 hucusque
2087 3128 2352 3192 ineditis
2401 3145 2472 3190 ac
2519 3147 2723 3209 paene
2772 3128 3162 3204 incognitis,
3213 3125 3627 3189 adhibuimus
3675 3128 3825 3186 tres.

560 3251 616 3312 E
649 3248 889 3329 quibus
921 3245 1125 3310 codex
1152 3246 1502 3310 Vaticanus
1532 3248 1651 3311 652
1674 3296 1691 3326 ,
1722 3251 1914 3316 initio
1948 3251 2154 3317 seculi
2181 3252 2273 3314 ΧΙ
2306 3251 2632 3329 eleganter
2678 3248 2956 3328 scriptus
2982 3291 2999 3322 ,
3040 3250 3288 3310 constat
3324 3243 3403 3304 58
3434 3241 3826 3304 membranis

516 3348 523 3355 ’
560 3376 630 3437 in
665 3371 820 3436 folio
855 3372 1115 3436 minori.
1146 3371 1449 3435 Continet
1478 3390 1630 3436 vero
1666 3376 1834 3440 solas
1883 3376 2031 3439 illas
2079 3375 2346 3439 Joannis
2382 3374 2549 3436 Scoti
2600 3371 3059 3453 expositiones.
3101 3370 3174 3431 In
3207 3368 3409 3449 prima
3457 3357 3829 3430 membrana

512 3484 517 3489 ’
563 3510 796 3557 manus
844 3493 1050 3557 seculi
1086 3492 1258 3566 XIV,
1298 3497 1370 3552 ut
1408 3490 1685 3568 videtur,
1735 3492 2275 3573 adscripsit:Iste
2325 3491 2571 3554 libellus
2619 3511 2827 3560 ex....;
2877 3508 2954 3552 ea:
2999 3489 3105 3552 vix
3143 3486 3270 3566 legi
3317 3491 3570 3567 potest,
3620 3491 3840 3549 cetera.

573 3616 846 3681 omnino
882 3616 1222 3680 obliterata
1267 3620 1441 3677 sunt.
1478 3614 1639 3679 Item
1672 3633 1901 3679 manus
1936 3614 2143 3677 seculi
2188 3614 2343 3676 XIII
2374 3614 2671 3676 exeuntis
2696 3658 2711 3687 ,
2758 3619 2831 3675 ut
2884 3611 3160 3684 videtur,
3189 3610 3257 3672 in
3303 3608 3592 3672 inferiori
3629 3626 3828 3673 mem-

511 3720 515 3725 ’
563 3738 803 3800 branae
839 3742 1018 3817 parte
1050 3734 1308 3832 scripsit
1341 3758 1357 3798 :
1396 3758 1611 3801 sumus
1646 3739 1759 3819 (sic
1785 3740 1826 3818 ἰ)
1888 3738 2160 3800 omnium
2194 3736 2623 3817 theologorum
2659 3738 2775 3799 iste
2800 3782 2816 3813 ,
2864 3754 3029 3816 quae
3076 3736 3271 3799 verba
3319 3753 3690 3818 quanquam
3725 3734 3829 3797 di-

514 3854 517 3855 ⁷
561 3861 754 3923 luere
784 3860 1045 3941 quidam
1088 3859 1359 3938 studuit,
1392 3866 1606 3924 tamen
1636 3861 1803 3924 bene
1832 3867 2106 3942 possunt
2137 3862 2348 3926 adhuc
2404 3861 2744 3942 distingui.
2776 3862 3012 3936 Quater
3040 3859 3136 3922 vel
3171 3857 3522 3939 quinquies
3553 3856 3630 3920 ad
3662 3874 3827 3919 mar-

567 3984 787 4063 ginem
820 3983 1397 4063 deprehenduntur
1449 3982 1699 4059 glossae
1754 3980 1951 4042 trium
1999 3980 2100 4043 vel
2153 3987 2459 4062 quattuor
2512 3981 2853 4045 verborum
2886 4028 2902 4059 ,
2935 3999 3095 4062 quas
3125 3996 3328 4060 quum
3364 3980 3471 4042 vix
3507 3979 3825 4060 potuerim

564 4100 972 4178 dignoscere,
1009 4101 1289 4180 neglexi.
1323 4102 1410 4174 Is,
1438 4101 1552 4179 qui
1600 4099 1834 4162 librum
1872 4101 2251 4182 descripsit,
2308 4119 2568 4165 sensum
2619 4103 2730 4165 vix
2782 4120 3063 4184 unquam
3123 4104 3370 4185 attigit;
3408 4123 3604 4186 quare
3632 4105 3829 4169 inter-

520 4258 528 4262 -
565 4222 834 4304 punctio
858 4220 1203 4285 falsissima
1230 4227 1369 4294 est;
1401 4218 1562 4298 quin
1598 4218 1731 4282 imo
1761 4220 1890 4286 duo
1925 4222 2118 4287 verba
2141 4223 2310 4287 haud
2342 4242 2484 4288 raro
2511 4225 2581 4288 in
2618 4242 2819 4289 unum
2854 4224 3342 4301 contrahuntur,
3376 4226 3497 4291 alia
3523 4225 3824 4288 dismem-

565 4346 852 4409 brantur.
884 4346 1113 4409 Finem
1145 4360 1372 4407 versus
1404 4344 1638 4407 menda
1672 4351 1824 4407 sunt
1860 4347 2207 4410 crebriora.
2241 4348 2479 4411 Graeca
2518 4349 2735 4425 verba,
2767 4366 2933 4430 quae
2971 4356 3316 4412 occurrunt
3349 4390 3365 4423 ,
3399 4346 3565 4410 male
3593 4347 3827 4427 scripta

567 4474 745 4530 sunt.
785 4469 879 4529 Ex
909 4468 1031 4531 hoc
1058 4465 1257 4543 igitur
1287 4465 1509 4528 codice
1536 4483 1738 4545 quum
1772 4465 2038 4528 Carolus
2073 4467 2314 4544 Greith,
2348 4468 2629 4532 ecclesiae
2655 4470 2719 4533 S.
2754 4469 2923 4533 Galli
2956 4471 3025 4533 in
3051 4469 3337 4533 Helvetia
3367 4485 3533 4530 nunc
3546 4484 3826 4547 praepo-

565 4589 729 4651 situs
764 4606 834 4650 ac
872 4586 1168 4669 ofﬁcialis
1192 4629 1209 4663 ,
1244 4586 1686 4667 expositiones
1731 4588 1873 4653 illas
1910 4590 2396 4672 descripsisset,
2443 4592 2793 4658 liberaliter
2844 4594 3003 4657 mihi
3035 4593 3284 4673 copiam
3321 4592 3426 4657 sui
3473 4593 3832 4674 apographi

528 4782 533 4785 λ
564 4712 739 4787 fecit,
771 4711 948 4793 quod
976 4709 1212 4773 deinde
1240 4710 1480 4772 Romae
1503 4710 1720 4774 denuo
1750 4711 1827 4774 ad
1857 4712 2094 4776 codicis
2124 4712 2313 4775 fidem
2352 4722 2416 4776 et
2444 4713 2584 4793 ipse
2613 4714 2956 4794 diligenter
2984 4718 3254 4781 contuli.

648 4840 678 4913 §
712 4836 773 4896 Ii.
804 4834 982 4898 Alter
1017 4838 1115 4895 est
1150 4831 1355 4894 codex
1382 4849 1502 4895 ms.
1543 4830 1648 4891 lat.
1681 4830 1799 4894 380
1829 4830 2255 4896 bibliothecae
2286 4833 2522 4912 chiae
2558 4836 2981 4913 Monacensis,
3022 4839 3176 4901 olim
3208 4837 3576 4902 Electoralis
3603 4837 3836 4901 biblio-

569 4959 787 5021 thecae
819 4951 1388 5018 serenissimorum
1429 4955 1770 5035 utriusque
1818 4955 2122 5020 Bavariae
2181 4958 2416 5021 ducum
2452 5005 2467 5035 ,
2501 4951 2681 5022 ut'ex
2716 4961 2951 5041 insigni
2981 4978 3202 5024 eorum
3241 5003 3258 5034 ,
3318 4960 3613 5023 interiori
3659 4963 3836 5039 parte

530 5062 535 5069 ’
567 5086 856 5168 operculi
886 5082 1072 5147 aﬂixo
1104 5127 1121 5158 ,
1160 5082 1598 5159 cognoscitur,
1635 5083 2161 5146 membranaceus
2191 5127 2206 5158 ,
2240 5082 2446 5146 seculi
2475 5083 2630 5145 XIII
2659 5126 2676 5157 ,
2710 5084 2793 5160 ἰιο,
2843 5083 3047 5145 literis
3103 5088 3398 5145 exaratus
3452 5078 3837 5145 minusculis

565 5209 723 5274 satis
749 5204 955 5269 nitide
981 5248 998 5278 ,
1049 5206 1110 5265 et
1142 5217 1289 5262 cum
1338 5197 1786 5263 abbreviatura
1844 5200 2135 5282 vulgari,
2168 5200 2234 5262 in
2271 5200 2588 5281 principio
2662 5199 2969 5273 mutilus;
3018 5215 3194 5264 nunc
3243 5206 3492 5264 constat
3531 5198 3707 5262 foliis
3736 5200 3836 5260 96.

566 5334 770 5399 Tituli
801 5337 865 5395 et
894 5325 1151 5390 numeri
1177 5321 1457 5400 capitum
1495 5325 1968 5405 suutgminiati.
2023 5324 2312 5387 Initiales
2361 5324 2563 5386 minio
2617 5341 2760 5387 cum
2808 5323 3135 5403 pigmento
3197 5321 3495 5385 caeruleo
3550 5316 3840 5380 adhibito

568 5463 722 5517 sunt
757 5455 1083 5533 eleganter
1115 5452 1477 5524 elaboratae
1505 5498 1521 5530 ,
1560 5454 1891 5533 ductuque
1948 5448 2120 5513 haud
2171 5463 2313 5510 raro
2355 5464 2561 5524 usque
2620 5446 2699 5509 ad
2754 5446 2943 5508 tinem
2986 5446 3395 5510 membranae
3433 5440 3841 5523 pertingente

571 5575 916 5653 praeditae.
957 5581 1010 5641 Α
1043 5583 1234 5644 variis
1270 5580 1568 5644 manibus
1600 5576 1845 5656 passim
1901 5574 2216 5652 scriptura
2251 5568 2532 5632 radendo
2588 5571 2685 5633 vel
2738 5571 3118 5651 corrigendo
3149 5569 3213 5631 in
3248 5568 3386 5648 ipsa
3420 5570 3635 5629 textus
3672 5564 3838 5627 linea

571 5706 833 5778 mutata,
867 5703 1037 5768 haud
1071 5723 1273 5785 pauca
1302 5722 1498 5786 supra
1543 5701 1646 5764 vel
1681 5701 1761 5763 ad
1791 5699 2147 5776 marginem
2174 5696 2491 5775 adscripta
2531 5702 2697 5758 sunt.
2732 5697 3162 5761 Continentur
3194 5710 3269 5756 eo
3300 5692 3455 5755 haec
3491 5714 3505 5752 :

651 5831 710 5892 1.
770 5829 881 5895 fol.
940 5833 1045 5906 1,1
1083 5866 1157 5878 —
1193 5833 1308 5906 ιι,2
1359 5830 1795 5906 fragmentum
1859 5822 2168 5884 versionis
2229 5817 2503 5881 caelestis
2568 5818 2946 5882 Ierarchiae.
3003 5814 3191 5889 Quod
3247 5813 3477 5892 incipit
3547 5832 3565 5873 :
3626 5826 3843 5890 supcr-

1369 5947 1422 5963 ς
