4152 6276
327 298 397 315 ’ν
513 291 520 296 ’
1768 306 1967 366 paom

1967 305 2189 364 EMIUM.
2696 272 2713 282 κ
3544 316 3607 359 ιιι

348 461 521 545 pleni
615 452 868 520 luminis
936 423 1397 530 praeperfectae
1456 440 1909 523 perfectionis;
1984 439 2204 500 etenim
2279 436 2439 499 nihil
2517 401 2863 517 perfectum
2930 444 3041 499 aut
3120 455 3249 499 non
3323 439 3611 518 indigens
3660 422 3663 425 δ

351 576 787 644 universaliter
827 569 1240 651 perfectionis
1272 611 1291 643 ,
1350 566 1479 628 nisi
1541 583 1680 626 vere
1729 582 1846 644 per
1891 582 1953 622 se
2004 564 2353 643 perfectum
2409 568 2464 622 et
2516 564 3034 644 praeperfectum.
3092 563 3243 643 Cap.
3300 565 3416 626 XI.
3458 565 3613 628 Istis

357 685 560 770 autem
610 696 1033 764 determinatis
1106 687 1273 751 illud
1341 686 1601 767 dignum
1677 683 1991 746 attendere
2021 726 2040 759 ,
2107 687 2376 762 propter
2447 699 2629 760 quam
2700 699 2949 743 causam
3028 684 3348 747 universas
3424 686 3615 750 simul

355 824 661 906 angelicas
695 817 1075 882 substantias
1131 813 1412 879 caelestes
1476 813 1744 883 virtutes
1806 827 2029 871 vocare
2077 807 2529 882 consuevimus,
2582 813 2702 869 cet.
2758 807 3013 870 Finitur
3076 809 3333 872 verbis:
3368 810 3615 872 eandem

353 935 558 1005 autem
598 940 896 1001 virtutem
972 933 1320 1015 praedictis
1397 931 1686 994 habentia
1757 931 2292 1010 praetermisimus
2338 936 2394 992 et
2452 932 3106 993 commensurationem
3155 933 3236 1013 (ει.
3296 951 3383 995 m.
3447 950 3613 997 corr.

353 1044 902 1136 comensurationi)
964 1055 1261 1117 sermonis
1318 1053 1756 1135 providentes,
1820 1060 1874 1113 et
1938 1070 2127 1132 super
2182 1071 2299 1113 nos
2359 1052 2673 1114 occultum
2731 1052 2980 1116 silentio
3034 1061 3409 1118 venerantes.
3468 1056 3620 1118 Ea:-

352 1181 543 1263 plicit
607 1178 764 1241 liber
811 1175 974 1239 beati
1036 1176 1326 1256 Dionysii
1372 1176 1650 1257 episcopi
1694 1175 2081 1237 Athenarum
2131 1196 2209 1238 ea:
2261 1177 2670 1257 Areopagitis
2730 1177 2802 1238 de
2860 1178 3106 1240 caelesti
3132 1180 3475 1243 Ierarchia.

438 1313 501 1373 2.
551 1309 663 1373 fol.
721 1306 1128 1382 5,1-19,1.
1177 1300 1443 1363 Joannis
1494 1299 1788 1361 Saraceni
1840 1299 2044 1359 versio
2100 1297 2546 1361 ecclesiasticae
2601 1268 2974 1361 Ierarchiae.
3030 1299 3295 1361 Orditur
3337 1316 3373 1362 θ
3422 1301 3615 1365 titulo

362 1425 630 1491 miniato
691 1445 707 1485 :
774 1423 863 1485 De
922 1419 1338 1484 ecclesiastica
1387 1416 1730 1479 Ierarchia.
1776 1415 2020 1494 Incipit
2062 1415 2372 1495 prologus
2427 1416 2697 1478 Joannis
2762 1389 3059 1479 Sar‘aceni
3113 1396 3197 1477 ad
3249 1417 3621 1497 magistrum

359 1548 662 1609 Joannem
702 1543 775 1607 de
827 1542 1181 1607 Saraberiis
1240 1540 1313 1602 de
1374 1539 1789 1602 ecclesiastica
1848 1539 2192 1601 Ierarchia.
2277 1538 2431 1600 Post
2504 1538 2980 1602 translationem
3045 1524 3357 1621 angelicae
3404 1546 3620 1607 Ierar-

358 1669 530 1732 chiae
581 1666 1055 1730 translationem
1096 1663 1542 1727 ecclesiasticae
1573 1660 1820 1735 distuli,
1866 1667 1987 1724 cet.
2016 1661 2358 1739 Prologum
2416 1662 2650 1742 excipit
2683 1665 2919 1738 versio,
2980 1658 3144 1745 quae
3202 1665 3296 1729 sic
3348 1667 3569 1731 ﬁnitur
3601 1691 3622 1734 δ

359 1793 566 1858 Trade
596 1792 824 1872 igitur,
861 1808 895 1850 o
926 1790 1138 1861 amice,
1178 1794 1253 1872 et
1311 1764 1445 1865 ipse
1488 1782 1643 1845 mihi
1669 1782 2095 1862 perfectiorem
2150 1779 2695 1855 illuminationem,
2758 1789 2814 1843 et
2858 1790 3148 1847 monstra
3192 1785 3339 1845 meis
3382 1784 3620 1862 oculis,

358 1937 513 1999 quas
540 1914 750 1978 videre
775 1913 982 1995 possis
1011 1908 1537 1974 convenientiores
1563 1901 2071 1985 pulchritudines
2102 1912 2155 1964 et
2190 1905 2678 1985 uniformiores;
2712 1906 2954 1987 conﬁdo
3014 1908 3196 1989 enim,
3226 1908 3396 1989 quod
3427 1929 3626 1990 prae-

368 2035 541 2099 dicta
572 2054 678 2116 ego
709 2036 1020 2116 repositas
1074 2033 1144 2094 in
1170 2039 1226 2093 te
1270 2028 1475 2092 divini
1529 2026 1696 2107 ignis
1746 2023 2074 2086 accendam
2111 2025 2442 2088 scintillas.
2480 2025 2775 2105 Emplicit
2806 2027 2965 2092 liber
2992 2032 3285 2115 Dionysii
3334 2037 3624 2116 Areopa—

360 2160 529 2241 gitae
554 2159 833 2240 episcopi
886 2156 1273 2219 Athenarum
1349 2151 1431 2213 ad
1517 2147 1908 2212 Timotheum
1970 2148 2330 2226 episcopum
2380 2147 2612 2227 Ephesi
2670 2149 2742 2210 de
2796 2149 3213 2216 ecclesiastica
3279 2153 3616 2217 ierarchia.

441 2281 502 2341 3.
536 2277 646 2340 fol.
675 2278 889 2353 19,2—
926 2277 1081 2351 2ἱι,1
1127 2274 1331 2338 literis
1361 2271 1565 2337 multo
1593 2268 1955 2332 minoribus
1988 2272 2050 2330 et
2084 2267 2381 2347 plurimis
2418 2269 2885 2334 abbreviaturis
2924 2279 3228 2338 tractatus
3255 2276 3571 2356 anonymi
3603 2322 3623 2355 ,

376 2410 489 2489 qui
508 2408 733 2487 incipit
753 2424 789 2469 a
807 2407 999 2470 titulo
1029 2405 1293 2469 miniato
1321 2426 1335 2465 :
1365 2399 1607 2482 Incipit
1639 2397 1898 2480 quidam
1931 2405 2241 2458 tractatus
2266 2397 2487 2475 bonus,
2518 2400 2626 2480 qui
2651 2418 2779 2462 non
2800 2408 2887 2462 est
2914 2401 2986 2463 de
3011 2402 3192 2467 libris
3221 2406 3540 2487 Dionysii,
3565 2413 3625 2471 et

375 2537 568 2600 durat
596 2556 788 2618 usque
836 2536 917 2597 ad
952 2536 1075 2630 VII
1130 2536 1357 2617 folium
1383 2534 1469 2597 ibi
1504 2552 1733 2595 memor
1776 2538 1937 2632 esto,
1971 2536 2091 2594 cet.
2129 2530 2273 2612 (alia
2308 2548 2534 2594 manus
2568 2539 2713 2613 post
2750 2551 2964 2598 vocem
3000 2554 3231 2599 memor
3269 2544 3626 2602 atramento

368 2671 555 2750 nigro
608 2687 802 2748 supra
851 2668 1057 2731 adscr.
1116 2664 1429 2748 hospitii),
1480 2671 1543 2726 et
1585 2665 1830 2725 orditur
1863 2682 1896 2726 a
1924 2663 2137 2726 verbis
2171 2684 2188 2724 :
2234 2664 2446 2727 Omnis
2480 2668 2756 2745 cognitio
2793 2676 2901 2730 aut
2933 2678 3020 2731 est
3058 2669 3353 2745 initialis,
3394 2676 3506 2733 aut
3542 2688 3623 2735 ea:

362 2799 814 2881 praeexistenti
841 2798 1092 2880 aliqua;
1130 2796 1331 2858 omnis
1359 2802 1566 2857 autem
1623 2792 1893 2855 initialis
1920 2799 2034 2859 aut
2067 2801 2155 2855 est
2187 2793 2554 2872 singularis,
2591 2804 2701 2857 aut
2740 2797 3111 2861 universalis
3138 2821 3158 2871 ;
3190 2803 3249 2863 si
3277 2798 3625 2880 singularis

373 2940 484 3010 est,
515 2934 633 2995 erit
669 2950 879 2994 sensus
915 2932 1041 2993 sive
1076 2930 1462 3010 experientia
1481 2929 1607 2990 sive
1635 2928 1951 3001 memoria,
1990 2928 2047 2988 si
2084 2926 2483 3000 universalis,
2518 2928 2636 2989 erit
2658 2927 3005 2990 intellectus
3038 2937 3157 2992 cet.
3197 2932 3450 2995 Finitur
3493 2933 3627 2998 sic:

380 3061 540 3123 Sunt
570 3060 729 3121 enim
760 3061 985 3141 angeli,
1020 3063 1125 3143 qui
1154 3062 1269 3123 hoc
1300 3060 1518 3122 habent
1548 3063 1613 3121 in
1655 3077 1927 3135 munere,
1967 3064 2039 3120 ut
2080 3077 2292 3119 eorum
2324 3057 2675 3120 ministerio
2707 3059 2863 3138 ﬁant
2906 3060 3248 3139 miracula,
3282 3069 3338 3123 et
3373 3063 3460 3126 eis
3511 3083 3631 3128 me-

380 3187 698 3252 diantibus
746 3190 903 3271 ﬁant
937 3193 1199 3254 virtutes
1246 3192 1314 3253 in
1359 3190 1736 3252 hominibus.
1790 3190 1879 3251 Ηὶ
1927 3190 2320 3251 constituunt
2365 3188 2677 3265 ordinem,
2740 3191 2850 3270 qui
2909 3189 3148 3252 dicitur
3193 3190 3481 3253 virtutes.
3530 3194 3626 3256 Hi

374 3321 579 3384 adesse
608 3320 952 3384 traduntur
980 3323 1048 3385 in
1077 3323 1294 3401 altari,
1327 3340 1464 3384 cum
1493 3323 1679 3402 panis
1727 3328 2011 3382 mutatur
2036 3321 2103 3381 in
2153 3338 2383 3400 corpus
2413 3320 2676 3384 Christi.
2708 3321 2795 3382 De
2831 3339 3041 3382 eorum
3074 3322 3394 3385 consortio
3450 3331 3635 3387 erunt

377 3452 500 3526 illi,
531 3452 757 3535 quibus
790 3451 1218 3533 spiritualiter
1252 3450 1466 3513 datum
1499 3452 1681 3532 quasi
1718 3450 2050 3531 spirituali
2084 3470 2354 3526 munere,
2390 3434 2591 3534 facere
2610 3452 2942 3514 miracula.
2971 3453 3143 3515 Huic
3181 3453 3397 3518 ordini
3429 3474 3631 3538 oppo-

373 3592 565 3654 situm
620 3596 708 3649 est
766 3584 931 3649 illud
977 3583 1304 3664 collegium
1378 3584 1760 3660 daemonum,
1837 3585 2182 3647 ministerio
2240 3603 2507 3667 quorum
2571 3586 2731 3666 ﬁunt
2795 3587 3147 3668 praestigia
3214 3587 3297 3649 ad
3359 3589 3635 3654 homines

375 3720 755 3787 illudendos.
791 3721 881 3782 De
931 3739 1143 3783 eorum
1193 3721 1511 3783 consortio
1561 3720 1657 3782 vel
1708 3729 2015 3783 conventu
2055 3729 2233 3782 erunt
2296 3720 2420 3795 illi,
2458 3721 2568 3801 qui
2618 3722 2988 3801 praestigiis
3038 3730 3094 3784 et
3136 3720 3636 3790 divinationibus

376 3854 709 3917 intendunt
734 3875 754 3923 ;
785 3851 1073 3916 ordinate
1103 3860 1306 3916 autem
1333 3851 1729 3933 praedictum
1759 3853 2042 3914 insinuat
2082 3852 2333 3931 primus
2369 3851 2681 3914 articulus
2729 3851 3196 3934 descriptionis,
3228 3872 3366 3916 cum
3398 3855 3640 3923 dicitur

346 3957 485 4048 .nec
541 3985 779 4066 legibus
843 4002 1197 4046 occurrens.
1257 3983 1577 4046 Praedicti
1632 3991 1837 4045 autem
1895 3981 2101 4062 angeli
2174 4002 2280 4045 nec
2338 3982 2574 4061 legibus
2640 3992 3010 4060 occurrunt,
3075 3988 3305 4070 quippe
3366 3998 3639 4071 propter

381 4114 592 4196 legem,
628 4134 736 4178 nec
780 4113 979 4182 multa
1014 4112 1324 4175 miracula
1349 4114 1615 4194 faciunt.
1647 4114 1811 4174 Sunt
1847 4120 1899 4172 et
1940 4110 2056 4172 alii
2097 4111 2326 4188 angeli,
2369 4112 2479 4190 qui
2510 4112 2624 4173 hoc
2682 4121 3047 4193 acceperunt
3109 4116 3179 4175 in
3230 4133 3498 4180 munere.
3536 4119 3637 4183 Ad

381 4244 734 4323 marginem
769 4243 1157 4324 adscriptum
1197 4243 1465 4322 legitur:
1507 4242 1711 4322 deﬁcit
1740 4239 2007 4321 aliquid.

466 4395 737 4477 Reliqua
766 4412 909 4476 pars
941 4393 1052 4458 fol.
1086 4394 1187 4469 2h,
1223 4394 1254 4454 1
1293 4394 1529 4473 tegitur
1573 4393 1765 4454 rebus
1825 4388 2067 4451 nullius
2131 4387 2471 4464 momenti,
2510 4406 2543 4449 ει
2579 4388 2924 4451 recentiori
2973 4406 3165 4454 manu
3212 4393 3447 4473 pallido
3479 4404 3644 4464 atra-

386 4531 605 4591 mento
650 4524 932 4607 pessime
971 4522 1246 4587 exaratis
1279 4545 1296 4601 ;
1329 4522 1441 4586 fol.
1495 4522 1598 4599 21s,
1627 4524 1668 4584 2
1716 4519 1902 4585 dictis
1933 4521 2300 4602 Augustini,
2331 4520 2672 4587 recentiori
2712 4521 2835 4607 alia
2886 4542 3077 4589 manu
3111 4533 3465 4597 atramento
3488 4531 3645 4597 satis

388 4657 571 4738 nigro
600 4655 837 4720 melius
868 4655 1145 4737 scriptis.

465 4855 527 4916 Is.
563 4851 675 4917 fol.
705 4852 1066 4927 25,1-1ι2,
1087 4851 1120 4913 1
1149 4850 1413 4914 Joannis
1441 4848 1733 4912 Saraceni
1772 4848 1933 4911 liber
1957 4849 2038 4909 de
2070 4847 2309 4909 divinis
2341 4846 2739 4908 nominibus.
2776 4848 3008 4929 Incipit
3042 4867 3075 4911 ο
3102 4852 3289 4914 titulo
3322 4854 3589 4919 miniata
3618 4878 3634 4920 :

387 4972 626 5053 Incipit
646 4973 808 5036 liber
830 4972 1077 5053 primus
1107 4971 1179 5032 de
1213 4970 1446 5032 divinis
1489 4970 1866 5032 nominibus.
1895 4968 2048 5049 Cap.
2071 4969 2128 5031 Ι.
2194 4967 2509 5047 Prologus
2567 4968 2835 5029 Joannis
2870 4970 3167 5033 Saraceni
3211 4971 3294 5033 ad
3347 4974 3642 5053 Odonem,

391 5102 590 5161 sancti
617 5098 913 5178 Dionysii
941 5097 1339 5161 reverendum
1367 5098 1666 5168 abbatem,
1705 5098 1773 5158 in
1812 5097 2007 5163 libros
2042 5097 2205 5160 beati
2223 5099 2518 5179 Dionysii
2566 5098 2981 5180 Areopagitae
3011 5101 3082 5163 de
3112 5103 3351 5164 divinis
3373 5107 3647 5166 nomini-

394 5225 533 5301 bus,
562 5234 621 5291 et
655 5228 938 5291 orditur:
973 5229 1211 5292 Memor
1243 5230 1510 5310 hospitii
1541 5237 1596 5290 et
1630 5247 1792 5290 meae
1835 5230 2190 5311 sponsionis
2226 5230 2338 5292 diu
2405 5231 2621 5291 literas
2676 5240 2914 5295 vestrae
2951 5234 3355 5297 sublimitatis
3411 5253 3640 5314 exspec-

394 5358 549 5434 tavi,
590 5377 745 5439 quas
775 5358 1070 5439 quoniam
1127 5359 1343 5422 multis
1406 5359 1477 5421 de
1527 5361 1734 5423 causis
1774 5380 1900 5422 non
1954 5363 2190 5424 misisse
2245 5363 2532 5442 potestis,
2590 5367 2916 5443 sponsioni
2987 5385 3146 5425 meae
3196 5364 3474 5444 satisfeci
3528 5377 3648 5433 cet.

394 5492 646 5556 Finitur
684 5492 933 5555 verbis:
974 5497 1029 5552 et
1058 5490 1440 5553 tradidimus
1470 5500 1526 5553 et
1562 5491 1900 5570 trademus,
1938 5496 2100 5557 sicut
2135 5493 2383 5574 quidem
2429 5501 2485 5554 et
2531 5512 2645 5555 nos
2692 5514 2903 5559 sumus
2936 5494 3307 5574 sufﬁcientes
3338 5497 3563 5577 dicere,
3598 5511 3652 5562 et

393 5618 621 5699 quibus
656 5618 898 5682 dicitur
931 5623 1153 5684 audire
1185 5629 1240 5684 et
1262 5623 1445 5696 nihil,
1486 5624 1822 5687 traditioni
1872 5627 2173 5688 iniuriam
2216 5626 2530 5708 facientes,
2560 5626 2689 5689 nisi
2729 5624 2999 5705 forsitan
3055 5625 3138 5687 ad
3183 5629 3652 5712 intelligentiam

395 5757 503 5811 aut
537 5752 996 5832 expositionem
1029 5754 1315 5834 ipsorum
1355 5754 1766 5832 inﬁrmemur:
1805 5763 1907 5820 scr"
1959 5763 2058 5821 ἠερ
2086 5761 2347 5841 qvidem,
2387 5756 2657 5834 qualiter
2692 5755 2813 5816 Deo
2849 5757 2964 5817 erit
3015 5760 3299 5835 amicum,
3340 5762 3429 5823 ita
3458 5771 3510 5823 et
3544 5760 3631 5825 ha
