4152 6276
548 286 605 330 π
1948 252 2374 337 PROOEMIUM.

553 415 817 479 beantur
841 422 898 479 et
933 416 1256 495 dicantur,
1280 425 1336 480 et
1370 418 1459 480 sic
1489 416 1735 500 quidem
1769 418 1887 480 iste
1907 418 2416 498 intelligibilibus
2446 419 2561 481 Dei
2589 419 3124 483 nominationibus
3149 421 3484 485 secundum
3503 442 3617 489 nos
3640 428 3806 507 ﬁnis.

552 573 655 637 Ad
678 554 1080 653 symbolicam
1114 586 1315 641 autem
1344 576 1719 659 theologiam
1773 576 1925 639 duce
1966 577 2089 639 Deo
2149 576 2579 638 transibimus.
2615 577 2890 655 Margini
2951 576 3144 641 verba
3178 576 3445 642 miniata
3498 581 3812 663 adscripta

551 714 745 771 sunt:
779 709 1072 790 Dionysii
1106 712 1518 790 Areopagitae
1544 709 1700 771 liber
1737 707 1808 770 de
1832 682 2066 771 diuinis
2086 705 2443 769 nominibus
2480 706 2768 785 explicit.

629 835 692 898 5.
715 833 825 898 fol.
851 835 992 910 142,1
1018 836 1203 909 —lt3,
1220 837 1259 896 2
1278 834 1761 914 Ejusdemliber
1783 833 1860 895 de
1885 833 2149 913 mystica
2170 832 2514 911 theologia.
2542 831 2775 912 Incipit
2796 851 2831 896 a
2848 832 3033 897 titulo
3058 833 3323 897 miniata
3342 837 3419 897 ad
3450 853 3801 916 marginem

550 964 869 1043 adscripta
896 986 910 1024 :
942 967 1180 1045 Incipit
1228 965 1543 1045 prologus
1575 965 1844 1046 ejusdem
1886 966 2159 1025 Joannis
2206 967 2504 1027 Saraceni
2548 966 2630 1027 ad
2667 966 2917 1028 eundem
2956 966 3230 1027 Odoncm
3271 968 3473 1029 sancti
3518 968 3810 1048 Dionysii

548 1096 819 1158 abbatem
840 1098 907 1158 in
929 1097 1159 1160 librum
1181 1100 1253 1160 de
1274 1099 1533 1178 mystica
1563 1098 1899 1178 theologia,
1925 1106 1984 1160 et
2016 1097 2266 1161 orditur
2289 1117 2323 1161 a
2348 1100 2558 1163 verbis
2584 1121 2598 1159 :
2633 1100 2791 1161 Ante
2819 1100 3140 1180 mysticam
3163 1098 3535 1179 theologiam
3563 1099 3806 1177 symbo-

545 1225 669 1289 lica
709 1228 1024 1308 theologia
1056 1237 1207 1291 esset
1242 1227 1691 1310 transferenda.
1716 1227 1876 1290 Nam
1905 1237 2027 1292 cet.
2061 1228 2312 1290 Finitur
2353 1228 2564 1291 verbis
2592 1251 2605 1290 :
2638 1229 2947 1304 Quoniam
2982 1237 3037 1289 et
3068 1246 3257 1307 super
3282 1245 3513 1287 omnem
3539 1229 3806 1306 positio-

540 1375 678 1419 nem
699 1365 783 1420 est
811 1362 1085 1439 perfecta
1114 1367 1170 1421 et
1205 1361 1385 1423 unita
1416 1361 1689 1422 omnium
1714 1377 1924 1434 causa,
1964 1366 2016 1419 et
2053 1377 2240 1438 super
2272 1378 2502 1420 omnem
2528 1359 2898 1423 ablutionem
2932 1379 3215 1422 excessus
3244 1359 3317 1421 ab
3358 1360 3640 1422 omnibus
3662 1361 3807 1423 sim-

540 1490 800 1571 pliciter
823 1491 1099 1554 absoluti
1120 1501 1173 1553 et
1195 1511 1392 1573 supra
1420 1500 1574 1557 tota.
1591 1490 1883 1571 Explicit
1904 1489 2061 1552 liber
2087 1491 2297 1570 magni
2326 1491 2741 1569 Areopagitae
2769 1492 3062 1569 Dionysii
3083 1490 3153 1552 de
3174 1494 3437 1571 mystica
3465 1493 3798 1573 theologia.

633 1625 695 1684 6.
724 1622 837 1686 fol.
866 1623 1021 1698 b3,2
1039 1661 1097 1669 ——
1118 1624 1218 1699 b8,
1236 1627 1276 1686 2
1303 1625 1531 1687 Versia
1566 1624 2002 1703 epistolarum.
2031 1623 2263 1702 Incipit
2284 1640 2320 1684 a
2345 1623 2527 1685 titulo
2554 1622 2824 1700 margini
2847 1622 3201 1701 adscripta:
3226 1623 3552 1702 Incipiunt
3576 1626 3805 1704 episto-

545 1753 660 1815 lae.
690 1754 986 1834 Epistola
1010 1755 1217 1835 prima
1244 1754 1404 1837 Gajo
1436 1756 1756 1831 monacho,
1789 1764 1854 1821 et
1879 1757 2127 1820 orditur
2160 1776 2194 1820 a
2217 1756 2428 1819 verbis
2456 1778 2470 1817 :
2509 1756 2816 1818 Tenebrae
2848 1757 3249 1818 occultantur
3276 1756 3505 1817 lumine
3526 1766 3580 1817 et
3604 1757 3798 1837 magis

539 1885 737 1948 multo
769 1887 1031 1958 lumine;
1062 1891 1487 1971 ignorantiam
1518 1892 1835 1954 occultant
1867 1893 2254 1971 cognitiones
2311 1901 2366 1953 et
2401 1894 2600 1971 magis
2661 1892 2894 1953 multae
2934 1893 3362 1971 cognitiones;
3418 1895 3564 1956 haec
3596 1914 3802 1957 exces-

542 2020 691 2096 sive,
720 2021 823 2082 sed
871 2041 999 2085 non
1040 2022 1372 2083 secundum
1422 2023 1846 2102 privationem
1893 2030 2012 2087 cet.
2060 2024 2315 2087 Finitur
2365 2024 2588 2087 ultima
2652 2024 2925 2104 epistola
2983 2024 3194 2086 verbis
3240 2046 3255 2084 :
3297 2026 3540 2106 Dignus
3592 2035 3795 2090 autem

543 2148 835 2212 credendi
860 2169 996 2211 sum
1030 2154 1278 2214 omnino
1306 2154 1718 2233 praecognita
1752 2154 1893 2228 tibi,
1927 2163 1984 2216 et
2028 2154 2267 2217 discens
2298 2176 2374 2217 ea:
2396 2158 2544 2231 Deo,
2580 2164 2636 2217 et
2680 2155 2909 2231 dicens,
2943 2158 3092 2237 quia
3129 2165 3185 2217 et
3226 2176 3264 2216 a
3308 2157 3617 2231 custodia,
3650 2177 3805 2237 quae

540 2288 630 2343 est
648 2282 716 2342 in
743 2280 1027 2358 Pathmo,
1051 2280 1409 2358 dimitteris,
1441 2292 1493 2345 et
1530 2283 1611 2345 ad
1640 2293 1869 2347 terram
1890 2286 2073 2349 Asiae
2091 2289 2444 2365 reverteris,
2470 2295 2524 2349 et
2546 2289 2733 2365 fac‘ies
2748 2288 2836 2351 ibi
2860 2289 3260 2363 imitationes,
3288 2295 3342 2347 et
3368 2287 3464 2347 his
3494 2287 3605 2367 qui
3619 2294 3802 2348 erunt

538 2402 687 2493 post
719 2422 797 2488 te,
829 2413 1059 2480 trades.
1094 2417 1409 2497 Explicit.

616 2540 678 2600 7.
700 2537 810 2603 fol.
848 2540 947 2613 ’49,
969 2542 1719 2614 1—95,2JoannisScati
1748 2546 2207 2623 expositiones.
2240 2548 2562 2629 Incipiunt
2596 2568 2631 2614 a
2656 2552 2843 2615 titulo
2869 2552 3134 2615 miniata
3160 2573 3173 2611 :
3196 2550 3525 2631 Incipiunt
3549 2551 3800 2629 exposi-

541 2666 741 2728 tiones
768 2667 1040 2729 Joannis
1074 2671 1251 2732 Scoti
1274 2690 1461 2751 super
1480 2674 1833 2735 Ierarchias
1868 2678 2071 2738 sancti
2094 2678 2409 2757 Dionysii,
2451 2689 2509 2742 et
2536 2683 2880 2744 ordiuntur
2918 2699 2952 2742 a
2989 2683 3474 2746 verbis:Sancti
3509 2685 3799 2765 Dionysii

535 2794 955 2874 Areopagitae
980 2800 1227 2876 primus
1248 2800 1404 2862 liber
1438 2807 1557 2863 cet.
1583 2802 1927 2867 Finiuntur
1953 2808 2163 2869 verbis
2190 2830 2205 2869 :
2238 2815 2294 2869 et
2328 2828 2454 2870 non
2473 2811 2602 2872 nisi
2624 2813 2689 2873 in
2720 2812 2949 2874 animo.
2976 2813 3111 2874 Hae
3136 2812 3330 2889 igitur
3353 2815 3793 2894 expositiones

534 2934 685 2990 sunt
714 2928 989 2991 nitidius
1018 2932 1442 3011 aliquantum,
1475 2954 1669 3015 quam
1705 2947 1951 3003 ceterae
1988 2943 2225 3005 codicis
2262 2952 2497 3023 partes,
2523 2947 2818 3027 scriptae.
2852 2947 3048 3009 Tituli
3074 2942 3222 3011 sunt
3253 2946 3527 3020 miniati,
3553 2954 3612 3008 et
3649 2965 3796 3008 ver-

534 3057 743 3121 sionis
766 3059 957 3122 verba
984 3059 1053 3119 in
1099 3062 1306 3139 primo
1342 3065 1547 3145 capite
1584 3066 1747 3130 linea
1782 3071 2064 3143 miniata,
2093 3073 2162 3134 in
2191 3074 2420 3136 ceteris
2454 3075 2773 3154 capitibus
2806 3077 2974 3139 linea
3006 3082 3358 3139 atramenta
3392 3077 3576 3152 nigro
3607 3076 3793 3139 ducta

531 3191 873 3269 insigniti:
912 3191 1082 3253 idem
1121 3192 1199 3256 de
1236 3196 1508 3275 singulis
1539 3216 1799 3280 quoque
1838 3204 2154 3266 versionis
2220 3205 2455 3280 verbis,
2490 3205 2545 3266 si
2604 3212 3003 3283 repetuntur,
3047 3205 3232 3266 valet.
3270 3205 3503 3266 Graeca
3562 3207 3749 3268 verba
3778 3254 3794 3282 ,

536 3336 705 3398 quae
736 3330 1101 3399 accurrunt,
1136 3331 1286 3387 sunt
1330 3325 1746 3393 vitiosissime
1802 3334 2059 3414 scripta.
2096 3335 2193 3396 Ab
2227 3335 2348 3397 alia
2385 3334 2587 3399 seculi
2617 3337 2788 3408 XIV,
2822 3341 2893 3396 ut
2924 3335 3174 3413 Opinor,
3222 3351 3439 3407 manu,
3476 3353 3669 3414 quam
3707 3339 3793 3398 Β*

531 3451 867 3531 insignivi,
916 3455 1225 3533 scriptura
1280 3475 1470 3538 saepe
1516 3464 1797 3525 radenda
1830 3465 1927 3524 vel
1959 3465 2340 3543 corrigenda
2374 3465 2440 3525 in
2495 3465 2633 3544 ipsa
2693 3469 2905 3527 textus
2950 3462 3139 3537 linea,
3183 3464 3277 3526 vel
3332 3483 3525 3544 supra
3557 3467 3793 3529 adscri-

541 3587 754 3652 bendo
769 3598 1004 3654 mutata
1023 3595 1142 3664 est,
1160 3608 1277 3653 nec
1292 3611 1488 3671 pauca
1501 3596 1576 3656 ad
1602 3597 1956 3674 marginem
1974 3598 2288 3677 adscripta
2304 3605 2477 3660 sunt.
2497 3598 2708 3661 Tertia
2725 3597 3038 3678 quaedam
3054 3613 3305 3671 manus,
3328 3597 3568 3676 primae
3590 3604 3791 3661 aetate

527 3709 665 3775 fere
696 3730 952 3791 supper,
986 3732 1177 3793 quam
1219 3716 1341 3773 B"
1376 3716 1867 3794 insignivimus,
1902 3734 2372 3797 nonnunquam
2405 3721 2594 3781 verba
2618 3721 2929 3801 quaedam
2960 3719 3035 3779 ad
3060 3717 3418 3794 marginem
3454 3719 3788 3798 adscripsit

525 3841 878 3896 atramenta
900 3834 1293 3916 aliquantum
1319 3836 1856 3915 pallidiore.Rar0
1888 3837 2077 3899 etiam
2109 3838 2432 3899 recentior
2469 3855 2695 3899 manus
2732 3838 2805 3898 ad
2838 3836 3185 3914 marginem
3213 3836 3572 3915 adscripsit,
3598 3854 3786 3917 quam

523 3956 985 4035 insignivimus
1051 3976 1175 4020 rec.
1234 3977 1314 4018 m.
1352 3960 1413 4019 Si
1467 3958 1670 4037 prima
1704 3978 1932 4022 manus
1980 3960 2119 4037 ipsa
2160 3960 2518 4023 correxisse
2561 3960 2918 4032 videbatur,
2957 3958 3019 4018 id
3070 3959 3433 4019 notavimus
3480 3975 3645 4019 corr.
3711 3959 3785 4031 Β,

523 4080 883 4144 Notandum
925 4081 1215 4157 insuper,
1246 4077 1420 4140 foliis
1449 4082 1550 4152 71,
1590 4082 1651 4140 2.
1682 4083 1785 4154 72,
1815 4081 1876 4143 2.
1908 4083 2009 4155 73,
2048 4082 2108 4143 2.
2142 4082 2163 4142 ’1

2144 4081 2245 4155 Ἧι,
2277 4083 2337 4143 2.
2364 4083 2464 4156 75,
2502 4084 2562 4145 2.
2588 4084 2689 4155 77,
2715 4082 2773 4139 2.
2802 4080 2903 4153 78,
2936 4080 2996 4139 2.
3034 4077 3134 4151 83,
3160 4079 3216 4149 2,
3243 4078 3343 4151 8h,
3378 4081 3434 4139 2.
3474 4079 3577 4151 85,
3603 4080 3659 4138 2.
3685 4077 3784 4151 87,

525 4207 588 4267 2.
626 4208 730 4284 89,
756 4208 817 4269 2.
843 4207 945 4278 90,
969 4205 1030 4264 2.
1055 4204 1156 4278 91,
1181 4203 1242 4266 2.
1274 4199 1374 4273 95,
1404 4199 1443 4259 2
1475 4197 1541 4261 in
1569 4205 1853 4264 extrema
1882 4201 2164 4265 membra

2140 4220 2291 4264 anae
2316 4201 2683 4264 summitate
2712 4218 2812 4262 res
2848 4198 3429 4278 quasdam‘nullius
3481 4198 3780 4259 momenti

520 4346 662 4391 esse
686 4328 1058 4406 adscriptas.
1083 4327 1414 4388 Praeterea
1448 4323 1512 4384 in
1538 4324 1873 4386 nonnullis
1897 4322 2072 4385 foliis
2097 4324 2415 4385 recentior
2446 4342 2674 4385 manus
2704 4321 2906 4385 seculi
2934 4323 3049 4382 XV
3076 4320 3170 4383 vel
3206 4322 3373 4394 XVI,
3403 4321 3551 4383 stilo
3576 4338 3779 4382 cerus-

519 4455 657 4512 sata
691 4448 891 4508 multa
915 4447 1256 4524 adscripsit
1285 4447 1352 4506 in
1382 4447 1694 4524 margine,
1719 4464 1887 4524 quae
1922 4453 2139 4508 tamen
2178 4447 2263 4507 ita
2294 4455 2445 4508 sunt
2468 4448 2824 4517 obliterata,
2862 4454 2929 4507 ut
2960 4444 3084 4523 legi
3117 4446 3389 4523 amplius
3434 4453 3781 4523 nequeant.

602 4567 866 4647 Reliqua
904 4583 1049 4645 pars
1102 4566 1216 4626 fol.
1254 4566 1353 4643 95,
1387 4566 1427 4626 2
1462 4572 1521 4628 et
1555 4565 1665 4627 fol.
1705 4564 1782 4625 96
1815 4565 2007 4628 rebus
2034 4568 2207 4629 lectu
2245 4568 2639 4629 (lillicillimis
2678 4568 3052 4652 nulliusque
3081 4573 3388 4634 momenti
3421 4571 3681 4650 tegitur.

598 4692 840 4763 Restat,
877 4697 945 4750 ut
970 4705 1370 4763 maneamus,
1405 4687 1483 4749 ad
1515 4687 1676 4751 illud
1704 4690 2020 4752 versionis
2050 4689 2505 4768 fragmentum,
2536 4692 2710 4770 quod
2746 4690 2857 4754 fol.
2898 4699 2953 4765 1,
2976 4693 3225 4768 1-1ι,2
3254 4695 3492 4758 codicis
3523 4695 3783 4775 legitur,

515 4819 629 4875 aut
659 4812 883 4875 eadem
912 4818 1019 4874 aut
1050 4809 1173 4873 alia
1202 4809 1465 4889 suppari
1496 4827 1689 4872 manu
1719 4809 1925 4872 literis
1956 4811 2412 4873 minutissimis
2438 4812 2785 4891 fragmenta
2812 4811 3080 4871 Joannis
3108 4812 3286 4872 Scoti
3319 4814 3785 4892 expositionum

516 4935 585 4996 in
612 4935 925 4998 caelestem
945 4933 1328 4997 Ierarchiam
1350 4933 1429 4995 ad
1451 4934 1808 5012 marginem
1832 4934 2150 5014 adscripta
2174 4952 2338 4997 esse.
2362 4935 2539 5008 Quae
2567 4936 2684 4997 etsi
2713 4935 3051 4997 maximam
3082 4947 3320 5018 partem
3348 4937 3413 4998 in
3438 4935 3785 5014 expositio-

513 5058 733 5134 nibus,
757 5077 918 5141 quas
951 5060 1298 5135 edidimus,
1332 5062 1500 5124 infra
1530 5063 1857 5141 leguntur,
1881 5068 2100 5125 tamen
2134 5063 2477 5141 capitibus,
2508 5063 2584 5124 ad
2615 5080 2781 5140 quae
2816 5061 3161 5140 pertinent,
3189 5057 3507 5121 adnotatis
3532 5053 3782 5132 singula

513 5181 765 5259 ordine,
801 5199 932 5262 quo
971 5182 1039 5243 in
1072 5184 1290 5245 codice
1325 5192 1568 5261 extant,
1608 5186 1716 5248 hic
1775 5185 2159 5266 proferenda
2198 5203 2341 5249 esse
2399 5185 2732 5248 duximus.
2783 5182 3275 5251 Columnarum,
3328 5178 3570 5259 quibus
3621 5174 3781 5236 infra

513 5308 885 5377 occurrunt,
920 5319 1263 5366 numerum
1306 5304 1643 5384 subjunxi.

578 5493 705 5550 CAP.
745 5490 827 5545 XI.
867 5490 1074 5546 Scotus.
1127 5487 1409 5559 Quomodo
1442 5486 1749 5545 intellectus
1786 5491 2074 5556 essentiae,
2108 5491 2250 5544 ratio
2278 5488 2482 5554 virtuti,
2516 5504 2705 5545 sensus
2749 5488 2976 5543 interior
3015 5488 3316 5559 operationi
3356 5485 3785 5559 adunci-err“

507 5578 617 5620 non
642 5564 780 5618 duae
806 5562 1075 5616 trinitates
1110 5555 1345 5617 hominis
1377 5566 1432 5613 et
1460 5561 1657 5629 angeli,
1691 5559 1787 5616 sed
1811 5577 1916 5615 una
1941 5563 2032 5625 sit,
2063 5555 2122 5614 in
2152 5562 2291 5616 libro
2327 5560 2438 5626 peri
2469 5560 2625 5614 tision
2659 5559 2791 5614 satis
2822 5555 3084 5629 aperitur.
3129 5557 3255 5611 Vide
3282 5556 3425 5625 infra
3455 5555 3556 5610 col.
3586 5555 3714 5611 250.

579 5629 884 5705 CAP.__Xlll.
922 5630 1259 5705 Apologiam,
1292 5630 1435 5705 quod
1462 5630 2124 5705 interpretatur‘defensio
2158 5636 2243 5684 vet
2272 5630 2591 5705 satisfactio.
2623 5630 2778 5701 Infra
2813 5630 3064 5705 σοι-⁵255.
3214 5697 3227 5705 _
3328 5697 3338 5705 _
3514 5697 3524 5705 _
3710 5695 3719 5705 _

576 5702 821 5772 Intellige
854 5702 921 5758 de
948 5697 1070 5758 nive
1090 5697 1145 5760 et
1176 5697 1365 5773 glacie,
1399 5715 1537 5769 quae
1572 5697 1725 5773 ptius
1754 5701 2115 5765 resolvunnr,
2153 5717 2312 5769 quam
2356 5703 2405 5753 in
2444 5700 2522 5754 eis
2554 5697 2811 5770 appareat
2841 5702 3113 5767 caliditas,
3147 5697 3230 5753 vel
3270 5697 3404 5753 tales
3442 5697 3785 5755 substantias
