4152 6276
1769 359 2192 417 PROOEMIUM.
3544 374 3579 416 ν

349 506 492 570 quae
520 495 668 570 nullo
689 498 845 553 modo
875 498 1106 555 caleﬁeri
1134 507 1377 570 possunt,
1400 499 1610 555 scilicet
1637 499 2030 570 frigidissimas.
2061 497 2291 566 Ideoque
2319 497 2499 570 omnia
2531 498 2722 570 frigida
2745 499 2911 570 veluti
2939 505 3178 570 mortua,
3207 498 3379 570 calida
3404 506 3586 570 autem

351 564 473 638 viva
505 566 769 632 dicuntur,
802 571 1050 636 quoniam
1083 564 1177 638 per
1206 569 1528 623 caliditslem
1569 564 1745 624 Omnis
1777 569 1994 622 materia
2026 564 2378 635 corporaliter
2406 564 2669 622 formatur
2697 577 2750 622 et
2776 569 3116 623 reformatur.
3151 567 3303 638 Infra
3332 569 3431 622 col.
3458 567 3591 622 237.

431 634 827 708 υιιᾳορθτοιυιιξ
839 638 996 707 ignis,
1027 634 1349 694 ca'liditatem
1381 649 1434 693 et
1459 641 1925 703 illuminationem,
1956 640 2046 691 sed
2078 634 2213 707 quae
2240 640 2304 692 ad
2333 639 2513 692 omnia
2540 639 2685 692 vadit
2709 639 2877 692 virtus
2906 639 3021 708 ejus
3049 634 3443 708 calefacientia,
3473 637 3594 692 illu-

355 703 613 778 minativa'
636 721 759 778 vero
789 708 842 762 in
862 703 1056 762 'densis
1095 710 1438 778 reprimitur;
1469 713 1666 778 etenim
1714 725 1817 762 non
1861 711 1926 762 ad
1962 703 2140 762 omnia
2188 708 2506 762 illuminatio
2548 708 2662 763 eius
2700 703 3028 763 extenditur.
3069 707 3401 762 Primitivam
3437 713 3596 762 vocat

355 775 717 848 operationem
747 777 800 848 in
832 778 969 848 igne,
1003 792 1140 846 quae
1156 775 1436 833 calefacit.
1463 777 1617 848 Infra
1649 780 1747 832 col.
1776 778 1898 832 258.

425 842 535 897 Hoc
563 845 721 917 datur
749 842 998 915 intelligi,
1020 842 1166 916 quod
1200 849 1296 917 ipsi
1330 848 1440 902 Deo
1473 842 1898 902 et'intellertuali
1927 855 1980 902 et
2004 846 2256 902 rationali
2280 855 2562 902 creaturae
2590 846 2644 901 id
2671 848 2847 916 ipsum
2872 856 2954 902 est
2983 860 3121 912 esse,
3157 845 3355 910 lucere,
3387 845 3591 900 videre.

359 911 487 986 Esse
520 911 1060 986 enimgipsorum'lux'
1076 927 1155 970 est
1183 911 1235 970 et
1259 917 1414 971 visio.
1449 918 1602 986 Infra
1631 920 1728 971 col.
1761 917 1886 972 240.

423 982 646 1058 Eropter
667 982 830 1058 falsos
844 988 998 1058 deos,
1027 997 1084 1058 ut
1110 995 1234 1041 sunt
1255 988 1327 1040 dii
1355 982 1615 1057 gentium,
1644 998 1984 1058 autsanctos,
2011 986 2103 1058 qui
2123 995 2247 1040 sunt
2274 985 2348 1040 dii
2373 1000 2468 1058 per
2484 986 2733 1056 gratiam,
2761 1001 2868 1042 non
2898 995 3168 1058 naturam.
3190 984 3341 1058 Infra
3354 984 3593 1058 cot.2_i0.

423 1050 626 1126 Sensus
655 1063 746 1126 est
767 1056 1068 1126 huiusmodi
1100 1070 1114 1109 :
1148 1050 1384 1112 causalis
1413 1050 1650 1111 omnium
1688 1050 1986 1126 constituit,
2025 1050 2085 1109 ut
2126 1050 2460 1126 superposita
2487 1050 2848 1126 'quaecunque
2885 1056 3119 1126 essentia
3157 1050 3506 1126 subsequenti
3539 1068 3598 1108 se

352 1121 623 1196 esi-sentiae
646 1124 824 1196 divina
855 1125 1054 1178 lumina
1080 1140 1172 1193 per
1193 1141 1249 1179 se
1277 1127 1441 1196 ipsam
1475 1127 1802 1191 transvehat,
1832 1125 1918 1180 vel
1944 1121 2292 1190 invehat,'vel
2321 1121 2672 1196 supervehat;
2702 1121 2968 1180 in‘omnia
3007 1125 3141 1181 haec
3168 1121 3354 1195 potest
3372 1125 3596 1180 verbum

348 1187 480 1275 illud
513 1191 796 1275 transferri
824 1187 1240 1275 ἕτςοχετειξξσραι.
1274 1195 1425 1275 Infra
1449 1197 1546 1251 col.
1573 1196 1702 1275 240.
1745 1265 1756 1275 _
1789 1187 1798 1191 ⁷
1832 1265 1860 1275 Α·
1903 1250 1910 1258 ,

425 1257 637 1334 Scotus.
669 1260 779 1317 Hoc
803 1257 1024 1331 pulc'ﬁre
1048 1265 1265 1328 dicitur,
1295 1257 1417 1333 quia
1443 1267 1618 1321 omnis
1646 1257 2148 1320 caelestisessentia
2173 1265 2562 1333 proprietatum
2593 1279 2809 1321 suarum
2836 1264 2898 1319 ﬁt
2925 1271 2982 1320 et
3012 1263 3208 1320 dicitur
3233 1263 3597 1334 participatio,

349 1331 723 1406 vel__quantum
749 1334 1160 1406 participatione
1187 1331 1538 1391 subsistentes
1566 1336 1718 1406 fiunt.
1763 1334 2047 1406 Infrapcol.
2073 1331 2198 1388 242.

416 1398 664 1524 [Bima
702 1398 960 1458 cardines
993 1403 1177 1473 templi
1222 1407 1443 1472 mystice
1477 1398 1844 1475 significatur,
1859 1404 1943 1460 vel
1969 1413 2178 1459 secreta
2217 1402 2590 1474 singularitate
2615 1403 2950 1460 immutabile
2977 1402 3405 1459 fundamentum.
3439 1401 3599 1472 Infra

353 1484 453 1524 σοι.
486 1484 611 1524 zu.

425 1537 633 1594 Scotus.
662 1539 851 1596 Facies
876 1542 1112 1597 sedentis
1138 1557 1297 1611 super
1323 1545 1535 1610 solium,
1577 1545 1630 1599 id
1659 1553 1761 1608 est,
1801 1541 2392 1613 superessentialisgDei
2428 1541 2668 1606 altitudo,
2701 1542 3070 1613 quaevelatur
3099 1541 3221 1613 alis,
3253 1541 3506 1613 quoniam
3540 1540 3600 1613 in

351 1623 469 1662 eam
504 1621 816 1685 reverenter
853 1613 1142 1685 etAtrepide
1182 1610 1486 1685 respiciunt
1529 1614 1721 1685 angeli.
1762 1610 1932 1685 Pedes
1973 1621 2150 1667 autem
2181 1612 2427 1685 sedentis
2465 1620 2588 1666 sunt
2616 1610 3030 1685 profundissima
3065 1610 3187 1685 eius
3216 1610 3596 1685 iniuniversali

351 1689 598 1754 creatura
629 1681 1404 1754 vestigia.iQuos‘duahus’alis
1434 1681 1693 1754 obtegunt
1716 1683 1972 1738 caelestes
1997 1682 2282 1754 essentiae,
2309 1681 2557 1736 timentes
2585 1681 2834 1754 scrutari,
2863 1681 3133 1752 quomodo
3158 1682 3444 1754 Dominus,
3469 1696 3591 1754 cum

351 1749 422 1802 sit
447 1763 608 1822 super
637 1749 838 1822 omnia,
870 1751 1184 1822 ditfunditur
1215 1754 1265 1806 in
1295 1755 1496 1817 omnia,
1526 1749 1587 1808 et
1611 1754 1700 1822 qui
1730 1761 1810 1807 est
1848 1751 2330 1822 superesseutialis,
2371 1761 2427 1807 et
2455 1752 2691 1806 omnium
2717 1749 2971 1818 essentia,
3005 1760 3059 1806 et
3098 1753 3366 1822 quomodo
3393 1751 3597 1820 ubique

352 1818 612 1891 e_st,_sine
636 1835 742 1890 quo
769 1821 900 1875 nihil
927 1836 1045 1876 esse
1082 1830 1276 1891 potest.
1306 1823 1524 1878 Duabus
1553 1818 1652 1877 alis
1687 1837 1898 1891 semper
1917 1818 2178 1886 volitant,
2219 1831 2434 1890 propter
2461 1829 2737 1876 aeternum
2777 1818 3131 1876 imitatorium
3167 1821 3382 1876 divinae
3407 1818 3596 1889 opera-

352 1887 536 1960 tionis.
574 1887 797 1960 Ecceiin
846 1892 992 1945 senis
1029 1887 1130 1945 alis
1180 1893 1437 1958 perfectio
1468 1904 1710 1948 motuum
1751 1887 2160 1960 iutelligihilium
2197 1887 2501 1960 exponitur.
2545 1891 2601 1945 lu
2642 1906 2707 1946 eo
2748 1900 2944 1955 autem,
2978 1892 3118 1960 quod
3148 1891 3310 1960 binae
3338 1887 3482 1954 sunt,
3509 1899 3602 1944 aut

352 1956 569 2032 factoris
619 1969 673 2012 et
711 1956 1240 2032 factorunrdilectio
1283 1972 1338 2018 et
1379 1962 1760 2027 contemplatio
1796 1973 1849 2015 et
1889 1956 2053 2032 actio,
2087 1969 2182 2014 aut
2221 1956 2421 2032 duplex?
2452 1975 2577 2032 pars
2612 1961 2824 2032 divinae
2859 1956 3116 2032 scientiae
3154 1959 3510 2015 affirmativae
3545 1968 3602 2014 et

349 2029 626 2164 pepativap
644 2031 962 2154 ;21ὶὲθὲξέὲω
990 2031 1161 2085 induit
1192 2032 1549 2101 praedicando
1577 2032 1644 2087 de
1676 2047 1742 2088 eo
1773 2031 1953 2086 omnia
1979 2045 2117 2100 quae
2153 2029 2308 2097 sunt,
2328 2029 2534 2102 reliqua
2564 2031 2712 2086 exuit
2751 2031 3091 2096 removendo,
3115 2039 3170 2086 et
3198 2041 3422 2100 utraque
3447 2043 3597 2083 vera.

383 2113 415 2149 η
444 2113 503 2151 ra
531 2114 590 2152 00
617 2137 632 2152 .
774 2141 789 2158 .
917 2140 930 2154 .

383 2113 503 2158 nlra
531 2113 632 2152 σοι.
661 2113 789 2158 245.
805 2113 930 2154 246.

421 2165 670 2242 Sanctus.
696 2180 936 2242 sanctus,
968 2179 1186 2242 sanctus
1220 2171 1478 2227 Dominus
1510 2172 1868 2229 exercituum.
1897 2171 1958 2228 lu
1993 2170 2096 2226 hoc
2143 2169 2379 2226 ternario
2421 2171 2621 2242 hymno
2660 2170 2907 2226 laudatur
2941 2184 3048 2226 una
3082 2170 3314 2226 essentia
3343 2169 3398 2225 in
3429 2169 3602 2225 tribus

349 2237 1075 2321 peusouis‘yeisubstautiis.
1105 2238 1544 2321 [Inﬁnita-1.246.
1717 2313 1757 2321 __
1821 2312 1834 2321 .
2064 2318 2072 2321 Α
2525 2310 2538 2321 .
2784 2311 2814 2321 _.
2877 2311 2890 2321 .
2954 2311 2966 2321 .
3046 2312 3082 2321 ..
3129 2319 3135 2321 _
3177 2311 3190 2321 .
3425 2309 3437 2321 .
3484 2309 3494 2319 .

421 2305 536 2360 Non
572 2308 678 2363 alia
712 2309 844 2383 haec
874 2305 1467 2383 claritasgiutelligitur,
1516 2328 1677 2383 quam
1717 2312 1949 2383 Verbum
1993 2310 2482 2383 aeternum,gquod
2524 2310 2578 2383 iu
2622 2311 2998 2368 secretissimis
3046 2311 3352 2383 Patris__su_i
3395 2309 3602 2383 sinibus

356 2387 544 2454 omnes
572 2387 783 2441 sanctos
808 2379 1060 2503 [ρει-ΜΗ
1099 2379 1458 2438 intellectihus
1481 2379 1999 2452 in'primordialibus
2037 2382 2150 2436 suis
2176 2379 2374 2448 causis,
2409 2389 2462 2436 et
2486 2381 2796 2452 priusquam
2834 2396 2902 2436 ex
2932 2380 3291 2438 inaccessibili
3335 2379 3599 2435 lucedivi-

359 2452 546 2498 uitatis
573 2448 754 2501 exiens
781 2449 962 2503 radius
989 2465 1018 2503 a
1085 2453 1358 2503 proximos
1387 2457 1554 2503 venit.
1587 2451 1743 2503 Infra
1769 2451 1868 2503 col.
1899 2450 2024 2503 246.

359 2445 546 2521 uitatis
573 2448 754 2521 exiens
781 2445 1066 2521 radiusad
1085 2453 1358 2518 proximos
1387 2445 1743 2521 venitflnfra
1769 2451 1868 2506 col.
1899 2450 2024 2505 246.

432 2512 565 2592 Tres
585 2516 806 2592 grdines
830 2532 845 2569 :
873 2519 1017 2592 unde
1040 2512 1227 2575 ducem
1256 2523 1516 2592 nominat,
1547 2512 1692 2590 quia.
1723 2522 1866 2591 quod
1893 2537 2030 2592 unus
2057 2519 2213 2592 facit,
2247 2535 2437 2592 omnes
2449 2519 2643 2592 facere
2671 2520 3061 2592 intelliguntur.
3089 2520 3244 2592 Infra
3272 2519 3371 2574 col.
3401 2518 3525 2573 248.

424 2582 550 2660 Cap.
584 2583 724 2660 xlv,
749 2585 832 2660 ‘lta
859 2586 1207 2652 deﬁniuntur,
1238 2582 1684 2657 quemadmodum
1715 2582 1960 2646 caelestis
1981 2582 2286 2644 lerarchiae
2312 2589 2662 2660 intelligentia
2692 2600 2744 2643 et
2784 2582 3006 2646 scientia
3031 2592 3112 2648 eis
3137 2582 3299 2646 insita
3324 2599 3442 2653 est;
3475 2589 3600 2645 sub-

351 2653 549 2708 stantia
580 2656 848 2723 siquidem
877 2671 1065 2711 eorum
1091 2665 1143 2710 et
1173 2653 1430 2714 numerus
1467 2660 1822 2729 intelligentia
1846 2669 1927 2714 est
1951 2669 2001 2714 et
2027 2661 2347 2715 substantia.
2381 2653 2537 2730 Infr'a
2563 2660 2664 2716 col.
2693 2660 2819 2716 257.

427 2750 574 2846 Cap:
627 2753 762 2813 XV.
798 2753 897 2846 ad
928 2749 1273 2846 hococapu‘t
1311 2756 1630 2818 recentior
1665 2756 1990 2846 quaedam
2012 2772 2238 2846 ma_nus
2293 2755 2494 2846 literis
2533 2756 2703 2818 lectu
2738 2755 3129 2846 difficillimis
3164 2753 3364 2817 varias
3404 2752 3607 2814 inter-

349 2833 736 2908 pretationes
768 2833 1129 2913 adscripsit,
1156 2833 1337 2896 inter
1379 2852 1542 2914 quas
1589 2833 1929 2896 nonnullas
1964 2837 2055 2897 Io.
2091 2835 2412 2908 Saraceni,
2442 2833 2605 2896 hanc
2632 2851 2781 2896 vero
2813 2834 2982 2897 Scoti
3021 2857 3037 2895 :

362 3000 386 3052 1
425 2933 508 3068 ῗο.
545 2935 1086 3058 Sc‘otgghDiscretus;
1115 2935 1260 2990 nullo
1289 2937 1487 3007 quippe
1509 2935 1615 2991 alio
1641 2935 1906 2991 elemento
1932 2936 2284 3001 incrassatur,
2316 2934 2407 2990 sed
2439 2934 2495 2989 in
2525 2949 2620 2990 sua
2671 2933 2983 2989 sinceritate
3014 2934 3276 2990 discretus
3297 2943 3596 3004 permanet.

397 3019 428 3054 η
457 3020 515 3054 ra
542 3021 600 3056 σο
629 3044 642 3057 .
709 3021 742 3059 ἱ)
784 3044 799 3058 ι

397 3019 515 3059 tura
542 3019 642 3057 σοι.
669 3019 799 3059 ’Ζῧῦι

363 3070 814 3203 Ιιιὲῑεὲἒῗιε
841 3075 989 3131 omni
1016 3087 1237 3144 corpore
1270 3074 1443 3141 alliso,
1469 3075 1536 3131 de
1560 3076 1812 3142 nubibus,
1841 3075 1910 3132 de
1931 3075 2124 3146 petris,
2157 3074 2223 3132 de
2250 3073 2429 3143 ferro;
2459 3074 2636 3132 omnis
2662 3073 2858 3146 quippe
2884 3073 3090 3132 collisio
3112 3073 3288 3147 ignem
3316 3080 3466 3130 creat
3494 3071 3598 3146 (a).

428 3209 491 3286 ρ.
520 3211 578 3286 d.
604 3213 883 3284 imagines,
911 3213 1216 3286 significant
1248 3215 1460 3286 easdem
1491 3229 1610 3271 esse
1636 3214 2017 3282 dispositiones
2041 3215 2096 3269 in
2129 3215 2340 3286 primis,
2371 3215 2562 3286 mediis
2589 3224 2645 3272 et
2671 3214 2896 3272 ultimis.
2927 3212 3084 3286 Infra
3104 3213 3205 3270 col.
3235 3213 3362 3272 258.

422 3281 646 3354 Acutius
671 3281 812 3354 videt
839 3281 1226 3354 aquila,quam
1252 3284 1445 3349 homo;
1479 3286 1630 3340 canis
1661 3281 1856 3340 fortius
1880 3286 2090 3340 odorat.
2119 3283 2276 3354 Infra
2309 3281 2409 3339 col.
2439 3285 2564 3340 258.

425 3348 492 3424 Et
520 3353 806 3424 secundum
832 3348 1193 3408 rationabilem
1221 3348 1617 3424 intelligentiam
1647 3356 2008 3410 continuitate.
2047 3348 2226 3410 Virtus
2252 3355 2516 3424 siquidem
2542 3354 2878 3424 rationabilis
2903 3353 3162 3424 scientiae
3189 3355 3448 3412 continua
3482 3361 3602 3424 est;

352 3419 500 3494 prius
528 3423 682 3494 enimp
701 3424 909 3478 desinet
935 3424 1247 3489 subsistere,
1276 3419 1436 3494 quam
1465 3435 1520 3479 et
1547 3426 1599 3478 in
1630 3433 1902 3480 momento
1932 3425 2238 3494 rationabili
2265 3419 2450 3480 carere
2480 3425 2727 3480 scientia.
2758 3422 2914 3494 Infra
2938 3423 3037 3479 col.
3068 3422 3192 3479 259.

425 3487 576 3564 §icut
606 3491 832 3564 olfactus
865 3494 1166 3548 contrarias
1192 3487 1694 3564 aiconvenientibus
1729 3495 1986 3550 discernit
2014 3493 2399 3550 exhalationes.
2430 3494 2584 3564 Infra
2614 3494 2714 3548 col.
2745 3487 2870 3550 259.

423 3559 702 3617 Factivum
729 3563 797 3618 ad
827 3570 1036 3628 manus,
1061 3565 1396 3632 operativum
1421 3566 1488 3620 ad
1513 3563 1758 3628 brachia,
1788 3566 2022 3620 activum
2052 3566 2118 3619 ad
2144 3566 2417 3628 humeros,
2451 3559 2509 3619 in
2533 3564 2726 3632 quibus
2750 3562 2915 3619 veluti
2933 3563 3166 3632 quodam
3189 3563 3409 3620 cardine
3435 3563 3606 3622 actio-

354 3628 440 3704 uis
477 3640 655 3704 motus
696 3633 871 3703 primo
916 3628 1167 3704 volvitur,
1210 3634 1404 3689 deinde
1447 3651 1542 3704 per
1575 3633 1798 3690 brachia
1839 3635 1892 3689 in
1940 3649 2130 3689 manus
2169 3636 2495 3690 extenditur.
2532 3628 2591 3690 In
2628 3635 2808 3689 anima
2845 3628 3172 3704 rationabili,
3203 3632 3257 3687 iu
3283 3634 3482 3700 animo,
3509 3641 3607 3704 est

352 3700 560 3768 primus
586 3700 1092 3774 ei_us'motus,rsicut
1120 3700 1577 3774 quibusdam—suis
1600 3704 1872 3771 humeris;
1905 3704 2096 3760 deinde
2123 3705 2454 3759 descendens
2483 3720 2580 3774 per
2609 3703 3040 3774 progressionem
3068 3715 3415 3760 numerorum
3439 3703 3606 3774 veluti

358 3783 451 3836 per
475 3772 736 3846 quaedam
765 3773 980 3846 brachia
1009 3771 1314 3846 inartiﬁcis
1339 3775 1803 3846 aestimationem,
1830 3774 2159 3846 operationis
2187 3788 2380 3846 nomen
2411 3771 2651 3846 accepit;
2685 3771 2812 3846 dum
2840 3773 3172 3846 ineffectum
3203 3773 3335 3846 moti
3363 3773 3608 3846 corporis

358 3841 898 3914 exseritur,ifactivus
932 3858 1036 3898 non
1063 3842 1358 3914 incongrue
1383 3845 1668 3900 vocitatur.
1707 3844 1804 3909 Ita,
1844 3841 1903 3900 ut
1931 3845 2136 3914 opinor,
2184 3845 2237 3898 in
2275 3841 2598 3901 caelestibus
2636 3844 2851 3909 animis,
2890 3844 3016 3914 dum
3051 3842 3217 3896 veluti
3254 3844 3429 3914 primo
3457 3841 3606 3899 inotu

356 3908 726 3985 primordiales
769 3928 960 3968 causas
993 3914 1046 3968 in
1091 3908 1355 3985 principio
1395 3915 1656 3985 omnium,
1699 3908 1842 3984 quOd
1885 3908 2024 3968 Deus
2062 3924 2166 3980 θεῖ,
2209 3930 2370 3985 supra
2411 3930 2473 3970 se
2512 3917 2808 3980 intuentur,
2839 3908 2992 3985 actio
3033 3926 3220 3968 eorum
3245 3908 3362 3985 est;
3395 3913 3606 3985 dumgiu

355 3979 564 4056 seipsis,
589 3997 724 4051 quae
759 3998 918 4054 supra
963 3997 1020 4038 se
1056 3979 1646 4056 vident,'conformant,
1674 3979 1950 4056 operatio;
1980 3986 2104 4040 dum
2145 3979 2438 4056 vero-quae
2458 3986 2716 4056 facienda
2748 3979 2872 4040 sunt
2909 3983 2981 4056 iu‘
2999 3992 3211 4056 natura,
3237 3979 3391 4056 juxta
3421 3983 3605 4056 analo-

361 4049 503 4118 giam
537 4049 743 4115 eorum,
780 4049 940 4129 quae
964 4067 1122 4122 supra
1165 4067 1224 4129 se
1261 4049 1731 4129 contemplantur,'_
1753 4063 1807 4108 et
1848 4056 1901 4129 in
1945 4049 2394 4129 seconformaut,
2447 4055 2650 4112 iaciunt
2693 4063 2853 4125 atque
2901 4051 3158 4119 efﬁciunt,
3199 4049 3281 4108 vel
3314 4051 3593 4109 etl'ectivus

384 4134 568 4176 eorum
596 4131 771 4179 motus
793 4123 900 4180 non
925 4123 1362 4179 iucouveuieu'ter
1385 4123 1601 4180 dicitur.
1632 4123 1789 4194 Infra
1818 4124 1918 4178 col.
1943 4123 2068 4178 261.

441 4298 681 4362 Pariter
724 4301 801 4363 ad
842 4301 1202 4365 versionem
1240 4302 1643 4382 epistolarum
1670 4299 2261 4378 Pse-udo-Dionysii,
2300 4316 2464 4378 quae
2497 4297 2608 4359 fol.
2634 4299 2786 4371 h3,2
2806 4329 2882 4342 -—-
2906 4299 3005 4372 1ι8,
3037 4301 3078 4359 2
3107 4304 3335 4370 exstat,
3382 4297 3607 4360 eadem

357 4433 589 4480 manus
649 4419 876 4484 iisdem
930 4421 1134 4488 literis
1197 4422 1652 4484 minutissimis
1709 4421 1785 4484 ad
1838 4421 2191 4500 marginem
2238 4419 2482 4500 glossas
2532 4416 2686 4480 satis
2738 4416 2968 4480 multas
3019 4415 3377 4497 adscripsit.
3428 4417 3604 4491 Quas

353 4551 555 4613 quum
619 4544 908 4601 accurate
967 4542 1456 4618 examinassem,
1510 4562 1544 4606 e
1601 4544 1857 4606 scholiis
1884 4543 2253 4606 S.Mamimi
2304 4551 2589 4616 sumptas
2649 4557 2790 4605 esse
2855 4539 3102 4602 iuveni.

434 4658 460 4731 §
512 4658 570 4718 5.
623 4658 910 4720 Tertium
970 4661 1036 4722 iu
1097 4661 1361 4724 edendis
1421 4665 1684 4726 Joannis
1766 4663 1932 4725 Scoti
1995 4663 2530 4741 Expositzonzous
2592 4677 2780 4738 super
2850 4660 3231 4722 Ierurchiam
3299 4659 3612 4722 caelestem

351 4772 420 4832 S.
466 4773 757 4854 Dionysii
791 4775 1052 4840 adhibui
1100 4781 1383 4846 codicem
1430 4802 1548 4848 ms.
1599 4784 2022 4847 bibliothecae
2053 4779 2401 4858 Brugensis
2443 4788 2507 4839 n°
2554 4780 2614 4852 1,
2647 4777 3232 4850 membranaceum,
3272 4775 3383 4838 fol.
3431 4776 3607 4857 maj.,

356 4895 552 4958 seculi
586 4897 706 4959 XV
761 4898 861 4960 vel
923 4901 1063 4962 XV.
1123 4903 1265 4977 Quo
1325 4909 1688 4972 continetur
1747 4908 2012 4971 Joannis
2066 4909 2237 4971 Scoti
2295 4907 2498 4969 versio
2566 4923 2824 4986 operum
2877 4901 3469 4982 Pseudo-Dionysii,
3521 4901 3611 4965 ita

358 5015 618 5093 quidem
668 5015 1004 5096 disposita,
1063 5032 1132 5086 ut
1182 5027 1456 5104 singulis
1505 5027 1819 5108 capitibus
1864 5029 2288 5108 expositiones
2341 5028 2407 5088 S.
2448 5027 2744 5099 Maximi,
2803 5027 3095 5107 Hugonis
3144 5045 3183 5086 a
3221 5025 3292 5086 S.
3341 5024 3608 5097 Victore,

359 5141 622 5204 Joannis
676 5146 996 5221 Saraceni,
1051 5146 1345 5221 aliorum,
1408 5148 1476 5210 in
1537 5148 1777 5228 quibus
1842 5155 1902 5211 et
1965 5150 2166 5211 nostri
2225 5151 2492 5209 Joannis
2561 5149 2738 5210 Scoti
2796 5149 3217 5228 expositiones
3275 5146 3343 5205 in
3400 5143 3611 5202 Ierar-

360 5271 557 5332 chiam
610 5275 942 5349 caelestem,
983 5275 1473 5358 subjungantur.
1535 5279 1754 5359 Neque
1815 5288 2026 5340 tamen
2081 5279 2349 5340 Joannis
2398 5276 2575 5338 Scoti
2627 5273 3049 5353 expositiones
3093 5269 3377 5341 integrae
3428 5266 3605 5332 sunt,

359 5400 472 5463 sed
539 5401 647 5465 fol.
709 5405 870 5476 171,
930 5403 970 5463 2
1033 5398 1268 5464 codicis
1329 5395 1637 5459 desinunt
1697 5394 1796 5457 his
1861 5395 2070 5457 verbis
2136 5416 2152 5456 :
2214 5394 2393 5456 Verbi
2455 5394 2665 5472 gratia
2720 5393 2930 5472 prima
2989 5381 3312 5446 Ierarchia
3349 5378 3608 5458 mediae,

358 5519 557 5581 media
591 5521 831 5596 tertiae,
857 5520 1046 5582 tertia
1075 5523 1352 5600 quartae,
1390 5533 1542 5595 quae
1572 5521 1658 5574 est
1693 5514 1759 5574 in
1787 5512 2165 5588 hominibus,
2191 5511 2433 5573 divinas
2458 5512 2686 5573 tribuit
2708 5504 3194 5573 illuminationes
3225 5500 3393 5582 (vide
3431 5501 3602 5582 infra

359 5644 480 5707 col.
557 5647 747 5732 239),
815 5648 903 5710 ita
960 5651 1030 5708 ut
1090 5643 1234 5708 finis
1296 5640 1716 5704 desideretur.
1783 5637 2117 5718 Ejusmodi
2171 5634 2580 5700 collectiones
2639 5627 3115 5708 expositionum
3183 5627 3252 5690 in
3314 5623 3611 5698 Pseudov

437 5856 515 5934 (al
554 5856 820 5934 muretus
850 5865 905 5930 et
941 5871 1079 5930 quae
1106 5862 1404 5942 sequuntur
1425 5866 1594 5943 usque
1623 5852 1689 5927 ad
1717 5865 1900 5927 vacem
1931 5858 2069 5930 στεῖβε
2098 5844 2365 5927 recentior
2396 5844 2584 5902 "mus
2619 5839 2834 5930 δάξθοίιν
