4152 6276
1796 399 2215 461 PROOEMIUM.
3558 427 3638 470 vn

379 541 554 605 Scoti
608 540 962 604 versionem
1009 555 1279 619 operum
1332 538 1916 618 Pseudo-Dionysii
1982 538 2291 616 integram
2355 540 2663 616 continet,
2715 539 3060 617 Prologum
3106 539 3288 600 illum
3346 538 3512 604 libro
3559 545 3642 608 de

382 665 690 731 Ierarchia
743 665 1177 730 ecclesiastica
1224 665 1578 744 praeﬁxum
1629 665 1909 728 exhibet.
1965 669 2037 727 In
2092 667 2308 731 codice
2366 669 2699 746 Vaticano,
2751 670 2865 750 qui
2907 669 2985 730 de
3032 667 3347 731 lerarchia
3380 669 3640 732 caelesti

381 790 542 852 libro
595 788 1040 870 expositiones
1099 788 1447 862 variorum,
1509 805 1627 851 nec
1689 803 1820 849 non
1865 790 2131 851 Joannis
2186 791 2380 864 Scoti,
2440 791 2686 852 additas
2733 793 3045 868 continet,
3087 793 3254 854 libro
3311 791 3391 855 de
3440 794 3644 856 lerar-

377 909 518 972 chia
585 909 1015 973 ecclesiastica
1077 907 1248 970 idem
1306 907 1418 969 ille
1475 906 1792 987 Prologus
1852 907 2043 968 initio
2092 907 2358 970 mutilus
2419 907 2811 986 praemissus
2867 914 2985 970 est.
3052 909 3257 972 Etiam
3321 909 3644 972 Parisien-

375 1028 465 1091 sis
521 1026 868 1106 Prologum
923 1025 1131 1090 eidem
1182 1027 1766 1106 Pseudo-Dionysii
1821 1027 1988 1090 libro
2054 1029 2404 1108 praeﬁxum
2468 1029 2680 1092 habet.
2750 1031 2847 1092 Ad
2904 1029 3136 1090 horum
3191 1029 3391 1108 igitur
3447 1027 3642 1092 trium

376 1150 673 1215 codicum
717 1149 912 1213 ﬁdem
952 1149 1076 1211 iste
1123 1144 1434 1225 Prologus
1481 1163 1656 1208 nunc
1695 1147 1969 1239 primum
2011 1147 2078 1209 in
2130 1149 2343 1212 lucem
2391 1148 2625 1228 prodit.
2679 1151 2920 1222 Restat,
2971 1154 3042 1209 ut
3090 1163 3410 1221 moneam,
3451 1147 3642 1210 etiam

381 1268 453 1328 in
491 1267 708 1330 codice
761 1264 1294 1337 Darmstadiensi,
1338 1264 1493 1326 olim
1545 1263 1919 1328 Coloniensi
1971 1267 2082 1340 30,
2142 1269 2524 1340 membran.,
2559 1269 2761 1332 seculi
2811 1270 2964 1343 XII,
3006 1287 3125 1333 nec
3159 1287 3290 1333 non
3322 1271 3391 1332 in
3420 1272 3642 1345 codice

381 1395 753 1458 Monacensi
807 1393 1111 1457 Othlonis
1150 1392 1353 1456 seculi
1408 1395 1532 1468 XI,
1585 1395 1699 1474 qui
1754 1394 1919 1458 infra
1977 1398 2005 1470 ς
2056 1398 2130 1457 13
2165 1397 2644 1472 describentur,
2702 1399 2958 1478 Prologi
3017 1400 3208 1462 verba
3252 1422 3266 1462 :
3316 1399 3645 1462 Praecum‘

381 1519 650 1582 bentium
697 1518 1125 1600 capitulorum
1174 1515 1524 1578 doctrinam
1575 1524 1696 1580 cet.
1758 1536 1949 1598 usque
1992 1515 2073 1577 ad
2126 1517 2351 1579 iterum
2404 1519 2683 1598 mysterii
2718 1538 3023 1598 synaxeos
3071 1519 3384 1598 exposito,
3423 1516 3642 1579 deinde

387 1638 652 1700 Theoria
676 1639 807 1720 ejus
831 1636 1004 1719 (vide
1032 1637 1198 1701 infra
1231 1640 1354 1702 col.
1388 1640 1530 1704 268.
1562 1640 1680 1703 col.
1715 1641 1891 1721 1071)
1923 1640 1990 1702 in
2018 1638 2227 1702 fronte
2255 1640 2400 1701 libri
2428 1639 2506 1702 de
2528 1641 2842 1704 lcrarchia
2865 1643 3293 1705 ecclesiastica
3323 1642 3638 1705 exhiberi.

457 1767 485 1841 §
525 1765 588 1826 ’1.
635 1764 903 1826 Joannis
957 1764 1122 1826 Scoti
1163 1766 1655 1845 Expositionum
1704 1765 1770 1825 in
1814 1764 2046 1828 librum
2088 1765 2168 1827 de
2209 1765 2447 1826 divinis
2491 1767 2871 1829 Nominibus
2912 1765 3087 1828 nulla
3122 1781 3394 1845 usquam
3439 1763 3642 1826 vesti-

373 1883 478 1962 gia
518 1883 767 1947 inveni.
812 1886 1049 1948 Verum
1087 1888 1225 1966 ejus
1267 1889 1718 1969 Expositiones
1757 1906 1863 1948 seu
1907 1887 2146 1966 glossas
2191 1888 2259 1948 in
2294 1888 2615 1964 mysticam
2659 1887 3058 1968 Theologiam
3100 1887 3632 1966 Pseudo-Diong-

373 2001 458 2063 sii
509 2001 905 2081 deprehendi
963 2001 1030 2064 in
1083 2005 1301 2070 codice
1349 2005 1839 2070 Vindobonensi
1891 2022 2012 2067 ms.
2065 1995 2218 2066 hist.
2272 2006 2499 2069 eccles.
2554 2017 2621 2068 n°
2674 2006 3036 2080 CXXXVI,
3089 2007 3478 2080 membran.,
3535 2023 3638 2069 se-

373 2127 500 2192 culi
537 2128 712 2204 XIV,
763 2128 848 2204 Ιιο,
887 2125 1195 2191 foliorum
1242 2129 1353 2202 51,
1413 2127 1524 2189 ubi
1575 2130 1828 2189 exstant
1883 2123 2322 2204 expositiones
2374 2121 2484 2184 fol.
2547 2124 2734 2185 33-39
2784 2129 2906 2186 tam
2963 2121 3125 2185 male
3183 2129 3516 2196 exaratae,
3568 2128 3639 2185 ut

374 2249 764 2328 permultum
812 2249 1120 2330 temporis
1159 2269 1230 2314 ac
1271 2249 1504 2313 laboris
1555 2249 1624 2309 in
1663 2247 1746 2308 iis
1800 2243 2246 2308 describendis
2291 2250 2484 2323 atque
2533 2243 2922 2307 adornandis
2969 2261 3350 2309 consumere
3401 2244 3638 2310 debue-

380 2377 526 2439 rim.
569 2379 699 2442 Nec
743 2385 955 2441 tamen
1005 2389 1263 2458 operam
1313 2368 1600 2451 perdidi,
1639 2382 1843 2447 quum
1907 2370 2154 2427 textum
2209 2362 2344 2425 fere
2388 2363 2628 2444 ubique
2677 2340 3018 2429 restituere
3064 2365 3224 2429 mibi
3264 2365 3628 2445 contigerit.

379 2491 810 2558 Continentur
854 2500 1066 2558 autem
1120 2491 1337 2556 codice
1389 2489 1621 2553 haecce
1663 2508 1679 2548 :
2253 2551 2258 2554 _

452 2615 592 2681 Fol.
634 2615 737 2677 1-lt
766 2614 1209 2695 Indulgentiae
1241 2619 1296 2674 et
1327 2611 1625 2691 reliquiae
1665 2607 2058 2672 ecclesiarum
2100 2605 2277 2668 urbis
2327 2606 2577 2682 Romae,
2622 2607 2732 2672 fol.
2784 2609 2930 2673 lt-19
2985 2615 3293 2673 tractatus
3343 2606 3636 2688 magistri

367 2739 672 2804 Samuelis
719 2734 1074 2808 Israelitae,
1109 2749 1226 2813 per
1265 2747 1442 2812 quem
1497 2727 1647 2788 dare
1683 2725 1993 2805 probatur
2038 2725 2388 2800 adventum,
2437 2725 2548 2790 fol.
2599 2729 2788 2790 20-22
2823 2727 3146 2794 Clementis
3191 2730 3266 2791 P.
3307 2731 3390 2793 VI
3418 2729 3636 2792 literae

369 2889 558 2952 super
607 2888 770 2931 anno
824 2867 1102 2930 Jubilaei
1149 2863 1442 2928 Romanis
1495 2861 1736 2933 missae,
1787 2858 1900 2922 fol.
1956 2859 2146 2922 22-2ls
2201 2858 2466 2939 epistola
2503 2861 2868 2921 transmissa
2908 2881 2946 2921 a
2982 2862 3274 2944 Lucifero
3331 2861 3540 2942 Papae
3575 2871 3636 2924 et

378 2998 785 3080 Principibus
830 2996 1278 3069 ecclesiasticis,
1321 2993 1434 3056 fol.
1469 2992 1656 3055 2h-26
1711 2991 2147 3054 Precatorium
2196 2993 2504 3072 scriptum
2554 2991 2637 3054 ad
2687 2993 3048 3056 Clementem
3090 2997 3167 3059 P.
3212 2993 3297 3056 VI
3337 3012 3414 3054 ea:
3451 3003 3637 3074 parte

375 3132 631 3194 Domini
683 3127 1011 3193 Ludowici
1062 3126 1468 3208 Imperatoris
1513 3146 1571 3189 a.
1613 3126 1768 3190 1343
1807 3135 1961 3206 sept.
2024 3129 2121 3201 18,
2161 3126 2272 3190 fol.
2317 3128 2513 3190 26-27
2559 3129 2760 3210 Copia
2811 3128 3136 3210 cujusdam
3188 3129 3402 3192 literae
3445 3130 3631 3209 Regis

369 3260 633 3344 Angliae
663 3260 1058 3323 transmissae
1088 3277 1322 3322 summa
1349 3259 1652 3340 Pontiﬁci
1682 3257 1743 3321 ἀ.
1778 3257 1839 3320 d.
1879 3266 2034 3337 sept.
2077 3276 2239 3320 anno
2274 3261 2451 3339 regni
2494 3260 2799 3322 Franciae
2833 3261 2942 3334 IV,
2975 3259 3169 3339 Regni
3189 3237 3344 3320 vero
3369 3257 3632 3338 Anglice

366 3395 549 3459 XVII
586 3395 824 3476 (extant
856 3391 1026 3472 apud
1063 3391 1506 3472 Raynaldum),
1542 3389 1654 3454 fol.
1704 3392 1904 3452 27-29
1953 3390 2153 3470 Copia
2204 3390 2526 3452 citationis
2584 3389 2852 3452 Tribuni
2905 3388 3078 3452 electi
3129 3409 3242 3470 per
3283 3391 3628 3453 Romanum

366 3527 696 3612 populum,
733 3527 841 3609 qui
871 3526 1089 3589 citavit
1117 3525 1449 3588 Dominum
1477 3523 1903 3600 Ludowicum,
1942 3525 2052 3606 qui
2086 3544 2148 3586 se
2183 3523 2335 3587 dicit
2372 3526 2826 3604 imperatorem,
2865 3530 2920 3584 et
2949 3524 3278 3587 Dominum
3306 3523 3628 3588 Karulum

367 3677 567 3742 regem
617 3657 962 3730 Bohemiae,
1011 3663 1068 3718 et
1115 3675 1317 3718 omnes
1351 3656 1672 3737 principes
1729 3663 1784 3716 et
1831 3655 2339 3736 archiepiscopos
2405 3658 2694 3717 electores
2739 3658 2906 3736 regis
2958 3657 3244 3733 Romani,
3289 3659 3400 3722 fol.
3439 3662 3632 3722 29-33

377 3791 688 3874 Prologus
721 3789 1020 3870 Sibyllae,
1053 3789 1164 3853 fol.
1201 3791 1388 3854 33-39
1417 3790 1685 3852 Joannis
1713 3791 1888 3852 Scoti
1925 3789 2349 3869 expositiones
2382 3808 2420 3848 a
2468 3787 2648 3849 nobis
2685 3787 2904 3864 editae,
2955 3788 3066 3851 fol.
3108 3791 3289 3852 39-51
3332 3789 3518 3851 Liber
3559 3791 3629 3852 in

372 3947 491 4010 quo
519 3927 917 3991 continentur
942 3921 1127 3984 multi
1157 3920 1490 3983 horribiles
1521 3927 1766 3982 eventus
1807 3919 1874 3981 in
1904 3927 2176 3999 tempore
2211 3919 2576 4000 propinquo
2600 3941 2620 3980 :
2655 3917 2812 3981 Vade
2849 3936 3082 3980 mecum
3109 3920 3177 3981 in
3212 3921 3628 3986 tribulatione

375 4067 597 4122 contra
637 4066 692 4122 et
726 4056 1021 4120 adversus
1060 4052 1516 4116 Antichristum
1543 4053 1969 4134 propinquum
2000 4059 2120 4117 cet.
2153 4055 2483 4117 Praeterea
2513 4051 2624 4115 fol.
2658 4053 2838 4115 28-29
2871 4053 3187 4116 insertum
3223 4060 3318 4117 est
3343 4056 3626 4120 Emamen

371 4193 876 4256 Manichaeorum
933 4186 1121 4250 medii
1177 4189 1307 4248 aevi
1366 4186 1539 4250 haud
1591 4186 2062 4267 spernendum,
2125 4187 2299 4266 quod
2351 4188 2492 4249 data
2549 4187 2664 4250 hac
2722 4189 3204 4265 Opportunitate
3241 4187 3311 4251 in
3357 4193 3636 4269 gratiam

378 4328 685 4388 lectorum
721 4324 830 4389 hic
865 4343 901 4390 a
947 4323 1135 4389 nobis
1187 4321 1716 4386 communicatur.
1753 4321 1862 4382 Est
1898 4324 2115 4382 autem
2164 4316 2306 4379 talis
2341 4339 2357 4377 :

1620 4464 1686 4521 In
1720 4465 2102 4521 examinatione
2127 4463 2375 4536 alicujus.

438 4576 680 4648 Primum
708 4577 956 4634 iubeatur
979 4577 1179 4645 iurare,
1206 4577 1432 4645 scilicet,
1448 4576 1602 4648 quod
1630 4576 1750 4634 sine
1775 4576 2164 4633 omnifallacia
2193 4584 2248 4632 et
2272 4575 2587 4648 deceptione
2617 4583 2672 4633 et
2698 4589 2891 4634 sensus
2905 4575 3302 4648 duplicatione,
3328 4585 3384 4634 et
3418 4590 3618 4634 secun-

370 4647 496 4703 dum
547 4647 874 4705 intellectum
914 4657 971 4704 et
1008 4649 1357 4711 audientiam,
1396 4645 1677 4703 ad'omnia
1721 4648 2104 4716 interregantia
2148 4645 2486 4716 respondeat.
2542 4645 2668 4702 Post
2715 4645 3035 4716 praestitum
3086 4657 3515 4716 sacramentum,
3567 4650 3616 4708 si

371 4665 496 4703 cum
547 4665 874 4705 tuteuectum
914 4665 971 4704 et
1008 4665 1357 4711 auaienuam,
1396 4665 1464 4701 aa
1495 4665 1677 4703 omnia
1721 4665 1922 4703 interro
1963 4665 2104 4701 anua
2148 4665 2486 4716 respondeat.
2542 4665 2668 4702 rost
2715 4665 3035 4716 praestitum
3086 4665 3515 4716 sacramentum,
3567 4665 3616 4708 ει

371 4717 614 4790 literatus
638 4727 738 4782 est,
771 4718 1134 4790 interrogetur
1158 4719 1224 4773 de
1248 4716 1492 4790 symbolo
1519 4717 1798 4790 Athanasii
1830 4719 1846 4750 ⁸
1872 4735 1896 4790 _t
1920 4665 2226 4790 suicunque
2249 4717 2357 4772 vult
2379 4737 2397 4770 ι
2425 4731 2520 4790 per
2545 4717 2782 4788 singulos
2806 4733 2994 4775 versus
3016 4727 3072 4775 et
3097 4720 3375 4777 articulos.
3399 4719 3616 4790 Postea,

368 4788 414 4870 si
445 4787 518 4843 sit
560 4787 807 4870 literatus
850 4787 1137 4869 siye‘non,
1176 4790 1242 4844 de
1279 4787 1737 4912 ’subseguentibus
1783 4787 2026 4842 artictlis
2064 4787 2424 4867 interrogetur
2469 4788 2561 4850 ita,
2598 4787 2740 4851 cum,
2780 4797 2838 4842 ut
2866 4789 3102 4872 saepius,
3134 4791 3200 4845 de
3238 4790 3396 4872 modo
3425 4799 3478 4845 et
3509 4789 3616 4846 ﬁde

371 4870 656 4912 turamenu
685 4872 992 4912 exnresstus
1021 4860 1372 4912 admoneatur
1403 4877 1414 4910 :
1491 4859 1632 4912 redis
1679 4873 1736 4912 1n
1770 4857 1960 4912 Deum.
2011 4857 2225 4910 Patrem
2264 4867 2707 4912 omnipotentem.
2763 4867 2818 4912 et
2860 4858 3078 4912 Filium.
3111 4869 3165 4912 et
3195 4858 3457 4912 Spiritum
3487 4875 3616 4912 san-

370 4858 992 4931 iuramentiexpressius
1021 4860 1414 4931 admoneatur_:
1446 4857 1632 4913 Credis
1679 4857 1736 4931 in
1770 4857 1960 4931 Deum,
2011 4857 2225 4910 Patrem
2264 4857 2707 4931 omnipotentem,
2763 4867 2818 4912 et
2860 4857 3078 4924 Filium,
3111 4869 3165 4915 et
3195 4858 3457 4931 Spiritum
3487 4875 3619 4916 san-

369 4936 536 4994 ctu,
561 4936 620 4983 et
654 4929 709 4984 in
747 4929 850 4984 hac
887 4927 1151 4985 Trinitate
1189 4943 1354 4984 unum
1384 4929 1574 4992 Deum,
1615 4928 1830 4982 unicum
1859 4928 2169 4998 Creatorem
2198 4927 2490 4998 essecaeli
2527 4936 2584 4998 et
2623 4938 2820 4994 terrae,
2867 4943 3155 4998 corporum
3199 4927 3255 4985 ei
3287 4933 3616 4995 animarum,

370 4998 656 5054 visibilium
693 5012 879 5054 rerum
928 5007 985 5053 et
1030 4997 1399 5064 invisibilium,
1445 4999 1680 5053 omnium
1729 4996 2140 5051 creaturarum?
2192 4997 2402 5062 Credis,
2445 4997 2588 5066 quod
2637 4999 2850 5054 animae
2895 4996 3175 5055 hominum
3225 5015 3328 5056 non
3371 5011 3496 5056 sunt
3536 5001 3617 5056 illi

370 5069 670 5154 daemones
694 5069 1011 5154 etnspiritt'ts
1045 5066 1710 5154 maligni,_quiﬁdekcgaeglo
1740 5066 2322 5154 ceciderunt?CrAedis,
2369 5067 2860 5154 00000000100001
2902 5069 3077 5125 nullus
3112 5085 3346 5154 unquam
3384 5070 3616 5154 salvabi:

371 5143 682 5209 iamneque
719 5136 1153 5209 0110018111οτοω
1181 5136 1483 5209 hominum.
1515 5138 1607 5206 qui
1651 5137 1704 5209 in
1739 5136 1843 5209 illis
1882 5139 2304 5209 peccatis,_quae
2337 5152 2434 5191 nos
2460 5137 2710 5193 catholici
2740 5139 2970 5195 dicimus
3002 5136 3273 5205 mortalia,
3306 5138 3614 5209 decedunt?

369 5204 743 5285 Credimauod
774 5204 988 5285 animae
1012 5209 1156 5275 illae,
1185 5223 1318 5278 quas
1342 5204 1862 5285 Christusredetnit,
1884 5204 1967 5264 ab
2004 5204 2199 5285 inferis
2237 5223 2420 5262 secum
2450 5210 2680 5285 vexitin
2710 5209 2938 5285 caelum,
2971 5221 3028 5285 et
3056 5212 3198 5285 quod
3228 5204 3440 5263 animae
3463 5207 3610 5285 Apo-

368 5277 637 5334 stolorum
659 5289 714 5334 et
740 5279 969 5334 aliorum
999 5277 1306 5335 sanctorum
1337 5293 1460 5334 cum
1489 5277 1704 5331 Christo
1742 5285 1968 5347 regnant
2002 5277 2056 5330 in
2087 5278 2254 5340 caelo,
2287 5286 2340 5330 et
2372 5280 2514 5347 quod
2543 5280 2696 5335 nobis
2729 5281 2781 5334 in
2812 5291 2953 5334 terra
2983 5277 3284 5334 viventibus
3308 5277 3609 5347 patrocinia

366 5362 558 5420 parare
583 5350 841 5420 possunt?
868 5348 1077 5420 Credis,
1112 5350 1254 5420 quod
1279 5350 1631 5420 orationeset
1662 5345 2056 5420 eleemosynae,
2087 5362 2219 5416 quas
2242 5350 2262 5380 ¹
2292 5345 2519 5405 facimus
2551 5365 2647 5420 pro
2675 5350 2922 5406 ﬁdelibus
2942 5348 3228 5420 detunctis,
3252 5352 3477 5420 prosunt
3504 5345 3620 5402 eis!

367 5414 746 5490 Credisfquod
776 5419 982 5490 mortui,
1004 5414 1316 5489 resurgant?
1345 5417 1408 5472 Et
1434 5419 1575 5487 quod
1601 5417 1689 5490 lett
1718 5419 1883 5490 Moysi
1900 5414 1938 5471 ’0
1969 5417 2077 5472 Deo
2105 5414 2228 5490 data
2251 5429 2353 5487 est,
2384 5429 2436 5472 et
2470 5414 2576 5474 non
2604 5436 2634 5474 a
2670 5421 2916 5476 diabolo?
2945 5414 3309 5490 Credis,quod
3334 5414 3617 5490 baptizatus

366 5495 571 5560 etgvere
598 5486 852 5558 parvulos
883 5489 1016 5544 facit
1039 5486 1394 5554 Christianos,
1425 5486 1480 5543 et
1511 5491 1653 5558 quod
1680 5486 1998 5560 baptismus,
2029 5488 2136 5560 qui
2157 5488 2216 5543 lit
2241 5486 2482 5560 parvulis
2519 5493 2573 5546 in
2601 5507 2759 5560 aqua,
2788 5505 2894 5544 non
2922 5489 2994 5560 sit
3023 5487 3318 5560 iterandus,
3348 5487 3403 5542 in
3431 5486 3617 5560 aliquo

365 5555 658 5631 aliomodo
679 5561 836 5630 quasi
863 5561 1073 5631 meliori
1103 5555 1553 5631 itnmutandus,et
1580 5559 1724 5631 quod
1753 5555 1907 5631 plene
1935 5569 1988 5612 et
2015 5555 2258 5630 perfecte
2274 5570 2452 5631 potest
2482 5555 2742 5630 baptizari
2772 5557 3022 5628 parvulus
3050 5555 3390 5631 iniraattnos
3413 5555 3620 5631 discre-

368 5627 550 5709 tionis,
574 5625 754 5711 et__b6c
779 5632 831 5685 in
861 5630 962 5711 title
984 5639 1265 5711 parentum
1279 5625 1643 5711 etnecclesine'?
1665 5625 2154 5711 Credis,lgunodper
2167 5625 2874 5711 poenitentiatn'remitti‘tur
2892 5636 3172 5711 peccatum
3234 5627 3445 5711 Credis,
3472 5625 3619 5711 quod

364 5696 484 5757 sine
509 5700 692 5760 cordis
718 5696 1064 5766 contritione,
1089 5702 1199 5759 oris
1231 5699 1584 5766 confessione,
1608 5700 1788 5772 operis
1813 5696 2182 5756 satisfactione
2202 5717 2308 5756 non
2328 5702 2348 5733 ³
2379 5700 2671 5756 remittitur
2699 5698 3014 5769 peccatum?
3037 5699 3246 5767 Credis,
3271 5700 3412 5772 quod
3441 5701 3622 5770 potest

1642 5811 1896 5868 vanus
1932 5812 2329 5867 LECTIONES.
2406 5791 2420 5803 '

439 5903 458 5938 ⁸
484 5903 616 5966 1304.
648 5905 938 5966 Anastasii.
1013 5905 1035 5939 '
1060 5905 1208 5981 ϐοὰ..
1227 5921 1379 5984 quae.
1455 5905 1478 5938 ⁸
1505 5920 1608 5962 non
1635 5918 1743 5960 om.
1777 5905 1918 5974 cod.,
1949 5903 2130 5962 addidi
2155 5919 2220 5964 ex
2248 5902 2387 5987 conj.
