4152 6276
509 365 548 435 ι
1917 361 2346 420 PROOEMIUM.

510 485 781 551 dubium
824 500 971 550 esse
1013 483 1263 564 nequit.
1305 480 1520 546 Codex
1565 478 1853 543 numeris
1898 479 2204 542 foliorum
2266 484 2433 542 caret
2494 498 2508 538 :
2571 484 2819 542 constat
2854 479 3027 543 foliis
3070 480 3170 545 48.
3235 483 3428 550 Initio
3490 490 3758 556 mutilus

513 625 636 682 est.
680 620 753 682 In
796 619 970 684 foliis
1031 619 1310 683 sedecim
1354 616 1677 698 prioribus
1734 619 1938 678 exstat
1994 611 2420 690 fragmentum
2490 612 2811 690 primum,
2883 613 3352 679 characteribus
3425 623 3625 686 seculi
3698 629 3759 691 Χ

509 752 611 817 vel
631 754 747 830 XI,
770 758 1118 818 atramento
1158 751 1343 828 nigro
1367 747 1794 828 pulcherrime
1816 754 2147 808 exaratum
2186 765 2200 803 :
2241 743 2469 823 pagina
2491 743 2567 803 23
2589 741 2792 806 lineas
2837 742 3068 806 habere
3090 744 3276 808 solet.
3303 749 3482 813 Folia
3526 753 3754 831 viginti

510 902 665 958 sex,
702 901 868 964 quae
901 888 1302 964 sequuntur,
1361 880 1792 959 fragmentum
1853 877 2126 940 alterum
2187 874 2516 937 exhibent.
2590 876 2640 934 E
2712 874 2950 954 quibus
3011 881 3154 939 octo
3227 877 3439 956 priora
3483 890 3548 946 et
3589 885 3763 962 prior

510 1016 742 1094 pagina
779 1014 932 1078 noni
974 1019 1325 1079 atramento
1369 1013 1642 1076 multum
1686 1010 2025 1092 pallidiore
2069 1008 2292 1073 eadem
2326 1026 2516 1071 manu
2563 1013 2714 1070 sunt
2745 1015 3033 1085 exarata;
3087 1017 3294 1075 cetera
3333 1012 3488 1078 folia
3532 1018 3756 1082 eodem

509 1145 690 1224 nigro
739 1187 756 1219 ,
841 1161 972 1225 quo
1040 1142 1469 1222 fragmentum
1565 1143 1868 1221 primum.
1969 1139 2043 1200 In
2144 1140 2373 1218 pagina
2477 1140 2682 1202 lineae
2775 1141 2855 1201 2b
2940 1151 3378 1208 numerantur.
3467 1149 3755 1218 Tertium

502 1272 780 1354 denique
859 1273 1284 1353 fragmentum
1359 1273 1646 1353 quinque
1703 1271 1878 1335 foliis
1919 1277 2196 1346 constat,
2258 1270 2382 1334 alia
2441 1289 2636 1336 manu
2702 1274 2955 1354 aequali
3000 1276 3238 1340 arctius
3310 1297 3382 1344 ac
3425 1285 3761 1364 negligen.

508 1403 637 1468 tius
684 1404 1020 1485 scriptum.
1064 1403 1137 1466 ln
1181 1402 1408 1482 pagina
1444 1402 1646 1466 lineas
1680 1404 1758 1465 29
1817 1402 2174 1465 numeravi.
2233 1402 2512 1482 Scriptor
2573 1411 2797 1484 quater
2840 1405 3122 1483 integras
3177 1414 3554 1492 sententias,
3599 1435 3762 1499 quas

511 1536 858 1609 omiserat,
917 1535 1083 1600 infra
1125 1543 1236 1600 aut
1280 1553 1473 1615 supra
1516 1534 1784 1613 margini
1840 1533 2199 1612 adscripsit.
2248 1534 2321 1595 In
2380 1533 2574 1594 altera
2619 1533 2832 1612 quinti
2870 1533 3010 1595 folii
3055 1536 3286 1615 pagina
3327 1539 3760 1621 fragmentum

507 1663 592 1728 ita
636 1665 916 1743 desinit,
965 1672 1034 1729 ut
1087 1666 1227 1746 ejus
1273 1668 1349 1729 10
1388 1672 1637 1729 tantum
1685 1663 1886 1726 lineas
1928 1670 2120 1743 tegat.

583 1792 1112 1872 Haecigiturtria
1131 1791 1538 1870 fragmentaa
1565 1791 1647 1851 M.
1684 1791 1752 1852 F.
1784 1788 2138 1851 Ravaisson
2182 1787 2350 1850 edita
2398 1788 2563 1868 typis
2607 1789 3052 1869 repetivimus.
3097 1792 3316 1861 Codex
3357 1816 3512 1864 vero
3554 1822 3766 1884 quum

504 1937 650 1984 sero
691 1921 760 1984 in
805 1939 1034 1986 manus
1074 1939 1248 1984 meas
1293 1921 1612 1994 venisset,
1661 1920 1866 1982 varias
1911 1917 2219 1981 lectiones
2263 1919 2746 1999 sententiasque
2807 1920 3086 2000 integras
3147 1924 3225 1986 ab
3277 1923 3389 1989 illo
3443 1927 3761 2006 neglectas

507 2058 622 2114 aut
677 2053 951 2117 omissas
997 2057 1074 2120 ad
1151 2057 1386 2119 calcem
1429 2055 1734 2118 editionis
1797 2053 2248 2117 adscribendas
2309 2054 2544 2116 curavi.
2592 2056 2718 2118 Nec
2765 2072 2895 2119 non
2930 2065 3229 2137 quartum
3285 2060 3758 2147 fragmentum,

507 2184 944 2283 quodqmaciem
999 2185 1173 2249 illius
1239 2185 1502 2248 omnino
1581 2187 1932 2262 effugerat,
1995 2175 2235 2247 detexi.
2312 2185 2526 2265 Spatio
2599 2187 2769 2249 enim
2841 2190 3034 2252 trium
3108 2191 3422 2262 linearum
3493 2203 3756 2283 relicto,

513 2280 1015 2384 eademvmanus
1076 2317 1269 2397 primi
1331 2323 1391 2380 et
1452 2316 1720 2382 alterius
1782 2316 2117 2398 fragmenti
2181 2325 2532 2384 atramento
2602 2321 2868 2400 quidem
2929 2323 3308 2405 pallidiore,
3351 2331 3462 2394 sed
3523 2335 3758 2415 pariter

508 2447 716 2512 nitide
763 2447 884 2511 hoc
919 2447 1347 2527 fragmentum
1391 2447 1748 2528 subjunxit.
1794 2447 1981 2522 Quod
2023 2447 2182 2527 quin
2227 2447 2517 2526 ejusdem
2563 2449 3005 2512 commertarii
3051 2449 3476 2532 fragmentum
3509 2460 3616 2536 sit,
3651 2464 3760 2527 vix

507 2580 844 2645 dubitaris.
907 2581 1116 2657 Quare
1202 2580 1364 2644 hanc
1445 2596 1704 2660 quoque
1778 2579 2150 2659 particulam
2221 2580 2300 2642 ad
2375 2577 2609 2642 calcem
2691 2581 2998 2647 editionis
3072 2583 3442 2678 addendam.
3511 2593 3754 2668 putavi.

511 2715 812 2780 Ultimam
869 2717 1152 2799 denique
1211 2717 1450 2780 codicis
1507 2717 1800 2797 paginam
1863 2716 2075 2780 tabula
2144 2717 2460 2798 paschalis
2518 2724 2716 2781 tenet.

508 2862 522 2900 ι’
586 2835 985 2917 QuaprOpter
1041 2855 1244 2918 quum
1304 2853 1406 2900 res
1458 2837 1542 2900 ita
1602 2854 1670 2900 se
1734 2836 2056 2912 habeant,
2123 2835 2423 2916 equidem
2486 2836 2802 2918 suspicor,
2869 2839 3246 2918 scriptorem
3286 2843 3552 2922 codicis,
3613 2865 3760 2914 cum

507 2951 828 3050 coepisset
891 2959 1418 3034 commentarium
1479 2969 1819 3048 diligenter
1881 2967 2287 3043 describere,
2336 2984 2486 3031 mox
2545 2971 2828 3050 suscepti
2885 2978 3249 3051 pertaesum
3309 2976 3420 3042 alii
3490 2979 3556 3042 id
3619 2999 3762 3045 mu-

509 3117 636 3168 nus
671 3099 1188 3182 persequendum
1247 3098 1610 3171 tradidisse,
1661 3096 1772 3158 sed
1825 3096 2139 3158 (Id-10008
2188 3095 2266 3157 de
2345 3113 2520 3159 sacra
2582 3115 2779 3162 coena
2853 3101 3122 3180 (Joann.
3207 3106 3331 3184 Vl,
3397 3111 3512 3190 11)
3559 3132 3762 3193 quum

505 3233 563 3296 is
615 3217 1061 3314 pervenisset,
1119 3249 1201 3295 ne
1257 3229 1574 3310 ineptias,
1637 3244 1797 3308 quas
1846 3227 1924 3288 de
1978 3227 2074 3288 Ss.
2119 3227 2521 3292 Eucharistia
2573 3232 2854 3294 Joannes
2905 3233 3130 3296 Scotus
3187 3236 3484 3304 docuisse
3520 3242 3772 3327 fertur],

501 3367 644 3448 ipse
711 3368 870 3430 tueri
934 3364 1287 3437 videretur,
1351 3360 1615 3424 omnino
1670 3366 1892 3440 coepto
1946 3359 2314 3433 destitisse,
2391 3361 2601 3424 solum
2679 3369 2893 3425 autem
2950 3364 3376 3445 fragmentum
3452 3379 3755 3452 quartum

503 3495 585 3560 de
651 3495 958 3561 sacriﬁcio
1014 3497 1250 3560 missae
1311 3493 1376 3555 in
1437 3508 1625 3554 usum
1687 3509 1876 3555 suum
1925 3492 2364 3572 subjunxisse.
2421 3495 2647 3556 Postea
2703 3497 3108 3559 membranae
3163 3499 3542 3580 nonnullae,
3589 3523 3758 3584 qua-

505 3648 647 3694 rum
703 3637 1152 3711 argumentum
1208 3627 1422 3707 quoad
1475 3625 1825 3691 doctrinam
1886 3627 2127 3707 pariter
2183 3625 2526 3690 offensioni
2581 3632 2754 3700 erat,
2811 3627 3126 3691 abscissae
3183 3637 3356 3696 sunt.
3415 3632 3558 3708 Quo
3590 3633 3754 3701 facto

502 3782 586 3830 ne
650 3766 829 3846 plura
889 3766 1352 3846 perderentur,
1415 3763 1683 3843 ligatura
1754 3763 2108 3828 recentiore
2184 3767 2440 3824 cautum
2519 3767 2638 3824 est.
2706 3760 2910 3825 Probe
2987 3761 3159 3825 enim
3241 3762 3758 3845 animadvertas,

505 3897 628 3960 hoc
685 3898 824 3976 ipso
886 3895 1072 3970 loco,
1138 3895 1244 3957 ubi
1304 3893 1459 3958 falsa
1517 3893 1755 3974 peccati
1816 3893 2145 3971 originalis
2209 3891 2494 3955 doctrina
2573 3889 2898 3970 coeperit,
2954 3890 3236 3968 primum
3294 3892 3752 3975 fragmentum,

506 4031 570 4089 et
622 4027 860 4106 Evang.
938 4028 1118 4087 Joan.
1174 4026 1281 4099 IV,
1336 4027 1415 4088 28
1469 4024 1740 4088 alterum
1805 4024 1997 4086 ﬁniri.
2078 4025 2294 4086 Restat
2379 4029 2446 4084 ut
2522 4038 2858 4096 moneam,
2917 4023 2985 4084 in
3053 4023 3179 4086 ﬁne
3252 4022 3586 4104 fragmenti
3663 4029 3752 4092 ΙΙΙ

504 4155 703 4242 (infra
761 4156 882 4219 col.
951 4157 1130 4241 3E7),
1181 4177 1400 4223 vocem
1472 4157 1786 4220 cerebrum
1852 4174 2048 4220 manu
2108 4154 2438 4236 scriptoris
2503 4154 2571 4216 in
2655 4154 2867 4216 locum
2939 4155 3236 4220 vocabuli
3318 4155 3441 4218 rasi
3508 4154 3750 4218 substi-

504 4297 712 4356 tutum
769 4291 1068 4356 distincte
1139 4291 1287 4370 legi.
1345 4291 1515 4356 Haec
1575 4288 1836 4370 quidem
1897 4287 1977 4349 de
2037 4286 2159 4348 hoc
2217 4283 2680 4348 commentario
2731 4282 3069 4348 sufﬁciant.

583 4423 611 4497 §
659 4421 753 4481 10.
817 4419 1305 4483 Transeundum
1360 4424 1455 4482 est
1508 4416 1585 4479 ad
1646 4413 2093 4494 systematicos
2153 4410 2418 4472 Joannis
2476 4410 2646 4473 Scoti
2713 4411 2936 4477 libros.
3007 4418 3103 4477 Ex
3156 4417 3395 4496 quibus
3448 4417 3590 4491 ille,
3635 4437 3752 4505 qui

504 4545 578 4610 de
622 4545 1194 4610 Praedestinatione
1248 4546 1666 4620 inscribitur,
1725 4543 1934 4623 prodit
1991 4542 2069 4604 ad
2114 4540 2305 4604 ﬁdem
2370 4542 2607 4607 codicis
2664 4546 3044 4608 Parisiensis
3109 4547 3172 4608 S.
3211 4548 3520 4608 Germani
3554 4549 3749 4626 13th,

503 4673 656 4738 olim
746 4673 908 4744 63b,
956 4675 1346 4754 recognitus.
1419 4675 1532 4735 Est
1586 4679 1798 4735 autem
1853 4671 2055 4738 codex
2112 4673 2640 4739 membranaceus
2703 4677 2904 4742 seculi
2961 4677 3067 4753 Χ,
3125 4677 3208 4754 Iv,
3262 4678 3467 4745 nitide
3522 4700 3753 4746 exara-

505 4812 650 4882 tus,
702 4805 1333 4888 constatque.foliis
1402 4805 1545 4868 201i.
1624 4805 1921 4868 Servatur
1995 4805 2063 4866 in
2135 4803 2524 4869 bibliotheca
2609 4807 2806 4886 Regia
2885 4805 3174 4870 Parisiis.
3241 4809 3510 4874 Joannis
3580 4813 3748 4878 Scoti

504 4935 667 4999 liber
752 4941 953 4999 exstat
1032 4935 1144 5000 fol.
1219 4937 1723 5010 96,1—150,2.
1804 4934 2003 4997 Tituli
2072 4933 2349 5015 capitum
2440 4935 2507 4996 in
2591 4937 2808 5000 codice
2893 4936 3237 5017 leguntur;
3321 4940 3503 5004 solus
3564 4943 3750 5021 primi

504 5069 732 5153 Cupitis
799 5069 1025 5132 titulus
1101 5070 1522 5135 desideratur.
1581 5071 1896 5132 Numeros
1961 5069 2238 5150 capitum
2305 5069 2620 5133 recentior
2680 5087 2908 5132 manus
2996 5077 3350 5134 atramento
3429 5073 3752 5154 pallidiori

507 5201 775 5267 addidit.
838 5201 1105 5266 Librum
1177 5221 1213 5266 θ
1279 5202 1503 5265 Codice
1549 5201 1925 5282 :Corbeiensi
2001 5201 2401 5263 bibliothecae
2461 5201 2529 5262 S.
2604 5199 2894 5262 Germani
2946 5219 2984 5260 a
3045 5199 3262 5262 Pratis
3310 5202 3490 5266 solus
3555 5203 3754 5268 edidit

508 5335 818 5414 Mauguin
893 5336 960 5396 in
1020 5333 1264 5415 sylloge
1322 5335 1425 5397 cui
1490 5333 1765 5398 titulus:
1827 5334 2105 5394 Veterum
2163 5333 2550 5407 Auctorum,
2606 5334 2717 5413 qui
2777 5333 2878 5394 IX
2921 5333 3126 5396 seculo
3185 5334 3259 5396 de
3316 5333 3754 5397 Praedestina—

511 5466 680 5546 tione
730 5475 789 5529 et
863 5466 1090 5530 Gratia
1165 5467 1591 5546 scripserunt,
1675 5485 1864 5546 opera
1943 5472 1996 5525 et
2051 5467 2398 5544 fragmenta
2463 5463 2672 5528 Paris.
2746 5467 2951 5542 1650,
3010 5468 3096 5546 Ιιο,
3147 5470 3330 5531 Tom.
3393 5468 3454 5540 l,
3516 5483 3578 5545 p.
3641 5466 3756 5530 109

509 5615 656 5679 sqq.
712 5599 838 5662 Nec
893 5599 1182 5662 absimile
1252 5599 1390 5662 veri
1462 5616 1605 5662 esse
1654 5598 1950 5670 videtur,
2031 5595 2305 5657 eundem
2389 5593 2670 5658 codicem
2749 5615 2932 5672 esse,
3009 5615 3139 5681 quo
3203 5598 3501 5660 utebatur
3566 5597 3754 5660 Mau—

514 5728 777 5809 guinus.
845 5729 976 5806 Qui
1034 5745 1236 5812 quum
1291 5745 1558 5791 munere
1590 5723 2141 5805 negligentissime
2177 5721 2438 5804 functus
2474 5720 2597 5802 sit,f
2628 5723 2706 5786 ad
2759 5725 3000 5792 codicis
3051 5723 3242 5790 ﬁdem
3307 5727 3551 5812 textum
3605 5737 3754 5814 per-

517 5860 984 5949 Derpolivimus
1019 5878 1092 5927 ac
1126 5856 1587 5943 reparavimus.

3337 5905 3344 5912 ι

2753 5924 2834 5939 ..ιω
3275 5920 3283 5927 ·
3307 5915 3365 5936 -νςιέ
3371 5916 3429 5934 κίεν
3439 5919 3450 5924 ν
3458 5917 3466 5923 ·
