4152 6276
450 346 485 355 ”
705 346 709 350 ’
1779 371 1979 427 unum

1986 370 2202 427 iiIlUM.
3550 340 3626 439 ἰι

449 525 480 598 5
553 516 785 584 tI.'In
840 521 1021 580 textu
1079 514 1389 577 librorum
1434 511 1508 573 de
1570 509 1880 572 divisione
1947 507 2225 572 Naturae
2282 507 2655 571 adornando
2732 524 3033 587 magnum
3107 507 3627 574 emendatienum

373 650 445 717 et
485 650 816 728 .variarum
877 647 1233 711 lectionum
1298 662 1331 707 e
1387 643 1612 714 codice
1686 640 2037 706 Parisiensi
2100 639 2568 720 descriptarum
2621 645 3039 721 apparatum,
3107 640 3221 721 qui
3283 642 3361 705 ad
3393 639 3628 706 calcem

373 782 673 846 editionis
736 779 1058 845 Galeanae
1121 777 1394 857 legitur,
1433 775 1643 840 multo
1675 792 1820 838 cum
1877 774 2093 839 fructu
2148 774 2587 838 adhibuimus.
2623 776 2835 855 Atque
2897 773 3023 836 dici
3090 774 3350 856 nequit,
3390 778 3632 855 quanto

367 910 585 977 labore
619 912 955 977 adornatio
1018 911 1213 993 hujus
1271 908 1551 973 intricati
1615 914 1677 973 et
1757 907 2010 988 spinosi
2065 907 2215 970 libri
2286 907 2475 971 nobis
2553 870 2934 969 constiterit.
2992 902 3435 987 Interpunctio
3497 906 3634 966 erat

366 1052 537 1110 recte
592 1045 1083 1121 constituenda,
1149 1043 1409 1124 plurimi
1461 1041 1584 1107 loci
1650 1041 1936 1122 corrupti
1992 1038 2405 1113 emendandi,
2437 1026 2778 1102 verborum
2848 1036 3209 1100 sententiae
3288 1033 3666 1145 enuclean-t

370 1178 513 1244 dae.
568 1181 646 1242 In
706 1178 947 1261 quibus
1013 1174 1315 1239 omnibus
1392 1191 1594 1255 quum
1657 1173 1923 1235 Thomas
1987 1171 2188 1246 Gale,
2266 1170 2381 1251 qui
2439 1170 2684 1251 primus
2744 1158 2898 1232 eum
2977 1165 3214 1230 librum
3293 1164 3494 1230 edidit
3546 1164 3636 1229 ita

371 1307 757 1388 inscriptum
797 1327 813 1368 :
846 1305 1118 1367 Joannis
1146 1304 1320 1365 Scoti
1348 1303 1654 1383 Erigonae
1687 1301 1761 1365 de
1789 1302 2115 1365 Diuisione
2149 1301 2431 1367 Naturae
2477 1301 2631 1363 libri
2676 1301 2945 1381 quinque
2974 1299 3088 1361 diu
3130 1296 3486 1362 desiderati.
3515 1298 3637 1361 Ac-

376 1424 534 1487 cedit
570 1424 890 1505 appendix
921 1444 999 1486 ex
1029 1426 1355 1507 Ambiguis
1382 1429 1733 1493 S.Maa:imi
1753 1430 1983 1494 Graece
2005 1440 2059 1493 et
2085 1432 2326 1507 Latine,
2347 1431 2588 1493 Oxonii
2621 1430 2797 1503 1681,
2837 1428 2997 1491 nihil
3027 1428 3162 1492 fere
3219 1425 3634 1508 praestiterit,

374 1554 556 1633 alter,
587 1556 703 1638 qui
737 1574 947 1638 nuper
983 1575 1131 1622 eum
1163 1560 1379 1624 denuo
1412 1562 1591 1643 prelo
1622 1562 1820 1637 dedit,
1854 1562 1921 1625 C.
1954 1563 2028 1625 Β.
2060 1562 2370 1634 Schliiter,
2411 1562 2532 1626 hoc
2563 1561 2749 1624 titulo
2784 1582 2799 1621 :
2834 1558 3100 1621 Joannis
3127 1558 3305 1621 Scoti
3330 1557 3640 1637 Erigenae

371 1675 444 1739 de
472 1678 800 1741 Divisione
822 1678 1102 1743 Naturae
1133 1679 1285 1743 libri
1317 1682 1611 1763 quinque.
1645 1681 1864 1744 Editio
1899 1684 2219 1762 recognita
2254 1689 2310 1744 et
2342 1680 2676 1744 emendata.
2701 1682 3076 1746 Monasterii
3108 1681 3640 1763 Guestphalorum

373 1797 552 1874 1838,
582 1800 667 1872 8°,
700 1814 832 1861 non
865 1798 1075 1862 solum
1126 1799 1285 1864 nihil
1325 1804 1722 1882 recognovit,
1777 1820 1894 1868 nec
1945 1805 2331 1882 emendavit,
2367 1804 2500 1866 imo
2550 1804 2780 1867 menda
2836 1808 3295 1889 typographica
3341 1807 3544 1879 auxit,
3577 1815 3639 1870 et

368 1929 576 1988 totum
605 1923 789 1987 illum
826 1931 1198 2004 apparatum
1230 1924 1755 1989 emendationum
1789 1926 2239 2007 variarumque
2298 1926 2673 1999 lectionum,
2711 1928 2981 1992 editioni
3018 1930 3290 2011 principi
3322 1928 3635 2003 additum,

367 2048 631 2127 penitus
661 2048 966 2131 neglexit.
1003 2049 1191 2133 Quod
1228 2065 1375 2112 cum
1412 2048 1619 2113 cuivis
1657 2049 1766 2112 alii
1804 2049 2052 2112 auctori
2084 2049 2432 2129 Opprobrio
2462 2052 2623 2114 verti
2652 2051 2905 2128 debeat,
2953 2051 3022 2114 in
3086 2049 3419 2115 Schliitero
3462 2066 3523 2111 v.
3555 2048 3636 2113 cl.

372 2167 807 2231 excusandum
843 2177 964 2247 est,
993 2144 1107 2252 qui
1139 2170 1279 2251 ipse
1308 2168 1648 2233 oculorum
1679 2168 1928 2231 lumine
1957 2166 2244 2247 privatus
2282 2183 2416 2231 non
2459 2167 2587 2232 nisi
2621 2185 2735 2248 per
2764 2167 2923 2232 alios
2950 2164 3166 2229 minus
3198 2163 3438 2244 peritos
3494 2161 3637 2226 edi-
3689 2242 3695 2248 ,

373 2290 617 2357 tionem
647 2313 864 2376 parare
896 2299 1131 2378 potuit.

461 2435 600 2497 Tali
636 2437 832 2516 igitur
854 2442 1045 2505 modo
1079 2459 1281 2523 quum
1315 2460 1446 2508 non
1497 2442 1891 2507 mediocrem
1922 2459 2181 2523 Operam
2217 2460 2567 2526 curamque
2611 2444 2681 2508 in
2716 2444 3106 2510 recensendo
3138 2448 3314 2508 textu
3346 2455 3647 2504 consum-

376 2565 698 2647 psissem,
742 2570 1004 2636 Parisiis
1052 2576 1301 2640 codices
1351 2584 1652 2659 quattuor
1712 2578 2002 2657 insignes
2062 2576 2358 2640 invenire
2417 2577 2577 2640 mihi
2650 2577 2941 2658 contigit.
2985 2577 3120 2641 Jam
3171 2575 3322 2641 novi
3367 2574 3645 2651 labores,

372 2713 589 2761 novus
636 2699 874 2764 sudor!
919 2702 1251 2768 Premebat
1305 2709 1595 2787 tempus,
1648 2708 1905 2785 urgebat
1931 2707 2297 2788 redemptor
2340 2708 2522 2787 libri,
2550 2709 2873 2774 instabant
2914 2727 3176 2790 Operae,
3215 2703 3648 2784 impediebant

374 2832 627 2912 spinosi
671 2851 743 2898 ac
796 2834 1001 2898 vitiati
1059 2835 1276 2917 Operis
1312 2835 1744 2903 difﬁcultates.
1804 2841 2105 2904 Attamen
2154 2858 2301 2921 spes
2349 2858 2451 2905 me
2500 2845 2705 2917 tenet,
2756 2842 3069 2921 gravioris
3121 2837 3429 2906 momenti
3485 2834 3647 2899 nihil

382 2963 783 3046 diligentiam
830 2986 1037 3034 meam
1093 2971 1421 3051 eﬂ'ugisse.
1464 2972 1734 3037 Codices
1794 2980 2011 3037 autem
2050 2974 2201 3037 illos
2241 2975 2484 3038 contuli
2521 2992 2772 3039 omnes.

466 3143 680 3225 Atque
718 3144 963 3224 primus
1018 3156 1115 3212 est
1180 3151 1377 3215 codex
1435 3153 1496 3216 S.
1541 3154 1844 3218 Germani
1886 3156 2036 3230 309,
2094 3153 2248 3218 olim
2296 3156 2438 3233 548,
2479 3154 2592 3219 fol.
2640 3154 2814 3237 maj.,
2868 3153 3250 3230 membran.,
3285 3151 3486 3221 seculi
3533 3153 3651 3229 XI,

384 3277 741 3338 atramento
780 3277 965 3357 nigro
1027 3279 1458 3359 pulcherrime
1505 3291 1829 3348 exaratus.
1875 3285 2139 3349 Constat
2194 3287 2444 3368 paginis
2492 3286 2632 3348 M7.
2684 3287 2967 3362 Quarum
3011 3284 3232 3349 ultima
3287 3284 3363 3347 lli
3408 3290 3654 3349 tantum

380 3404 594 3469 lineas
644 3405 859 3473 habet.
892 3410 1151 3474 Finilur
1191 3415 1406 3478 verbis
1442 3416 1727 3515 uQualis
1770 3416 2013 3481 invidia
2058 3417 2364 3480 bonorum
2413 3417 2778 3499 angelorum
2804 3419 2877 3479 de
2908 3418 3107 3481 salute
3134 3417 3389 3481 humani
3415 3407 3656 3496 generis

387 3536 777 3618 intelligitur
802 3584 819 3614 ,
868 3538 1057 3621 deque
1106 3542 1237 3622 ejus
1279 3543 1493 3606 reditu
1537 3544 1620 3606 ad
1675 3546 1922 3608 Patrem
1960 3565 2165 3624 suum,
2212 3549 2391 3629 cujus
2425 3547 2836 3611 substantiam
2858 3592 2876 3624 ,
2906 3548 3023 3610 hoc
3058 3555 3146 3611 est
3180 3548 3471 3628 imaginis
3503 3566 3659 3628 gra-

385 3666 538 3729 tiam
584 3669 652 3728 in
694 3668 851 3731 villa
885 3671 1172 3734 mortalis
1215 3668 1405 3756 huju‘s
1447 3677 1610 3738 vitae
1662 3677 1932 3739 serviens
1980 3677 2232 3741 diabolo
2278 3678 2634 3760 dissipavit.
2684 3680 2844 3744 Vide
2890 3679 3001 3743 lib.
3043 3681 3122 3755 V,
3162 3698 3298 3761 cap.
3346 3682 3459 3757 38,
3492 3679 3657 3744 infra

387 3801 508 3865 col.
558 3803 734 3865 1015.
793 3803 866 3866 In
920 3805 1130 3871 fronte
1167 3809 1410 3889 primae
1473 3811 1746 3891 paginae
1802 3811 1881 3873 ab
1932 3828 2065 3875 uno
2110 3811 2306 3876 latere
2362 3829 2590 3876 manus
2632 3812 2835 3875 seculi
2881 3812 3030 3875 XVI
3081 3811 3338 3892 scripsit
3378 3813 3444 3876 S.
3483 3810 3657 3877 Petri

390 3937 820 4016 Corbeiensis,
868 3939 947 4003 ab
995 3939 1191 4003 altero
1228 3940 1295 4003 in
1337 3942 1742 4005 extremitate
1798 3944 2205 4008 membranae
2255 3961 2484 4009 manus
2520 3944 2723 4010 seculi
2752 3945 2906 4007 XIII
2955 3943 3052 4009 vel
3085 3945 3235 4008 XIV
3270 3945 3482 4010 literis
3530 3946 3660 4011 nti-,—

392 4072 681 4135 nusculis
709 4091 724 4132 :
756 4071 885 4133 Iste
919 4070 1077 4134 liber
1109 4078 1197 4132 est
1223 4079 1557 4134 conventus
1587 4071 1880 4153 Corbejae
1899 4093 1919 4140 ;
1941 4072 2046 4134 sed
2068 4074 2353 4136 monachi
2381 4074 2603 4136 habent
2627 4093 2818 4137 unum
2854 4093 3042 4138 memo
3078 4072 3133 4117 ιο
3165 4092 3285 4156 pro
3324 4075 3447 4138 isto
3484 4073 3649 4138 libro

389 4201 527 4281 peri
549 4199 828 4281 phision,
865 4197 973 4260 sed
1025 4215 1153 4260 non
1206 4205 1409 4260 totum
1448 4196 1619 4279 quod
1670 4197 1926 4258 memori
1965 4195 2017 4235 ιο
2043 4217 2063 4258 :
2092 4196 2187 4257 vel
2243 4196 2648 4258 comburatur
2681 4197 2775 4258 vel
2807 4197 3114 4261 reddatur
3137 4194 3454 4259 monachis
3486 4194 3651 4258 beati

399 4328 706 4392 Vincentii
745 4330 812 4391 in
844 4325 1152 4393 Lauduno
1176 4347 1197 4397 ;
1226 4326 1449 4389 melius
1496 4327 1657 4388 enim
1690 4331 1883 4400 esset,
1926 4330 1996 4385 ut
2052 4321 2269 4398 credo,
2333 4321 2501 4405 quod
2555 4322 3021 4384 combureretur
3070 4329 3336 4404 propter
3384 4325 3657 4387 haereses

397 4454 717 4517 damnatas
747 4474 900 4539 quae
930 4464 1077 4517 sunt
1134 4455 1203 4516 in
1236 4472 1328 4515 eo.
1376 4454 1608 4516 Manus
1662 4452 1869 4518 seculi
1897 4453 2098 4528 XVII,
2149 4459 2218 4516 ut
2272 4451 2549 4528 videtur,
2606 4451 2684 4515 ab
2720 4468 2849 4515 una
2886 4456 3066 4533 parte
3105 4452 3381 4516 Joannes
3430 4454 3662 4518 Scotus

399 4585 696 4668 Erigena,
729 4587 807 4650 ab
842 4586 1039 4652 altera
1071 4589 1273 4651 sancti
1312 4586 1602 4651 Germani
1634 4607 1672 4649 a
1712 4588 1929 4653 Pratis
1962 4588 2213 4669 adjecit.
2266 4587 2485 4652 Codex
2514 4588 2761 4652 orditur
2790 4606 2825 4651 a
2865 4587 3050 4652 titulo
3082 4586 3351 4654 miniato
3381 4608 3395 4652 :
3424 4588 3665 4670 Incipit

394 4719 633 4799 primus
668 4744 795 4802 περι
826 4743 1031 4800 φυσσων
1062 4717 1235 4798 Mag.
1284 4718 1476 4797 Saepe
1530 4717 1684 4779 mihi
1739 4717 2046 4797 cogitanti
2085 4725 2209 4781 cet.
2254 4719 2328 4782 In
2382 4719 2667 4798 margine
2722 4718 2827 4783 hic
2860 4718 2995 4783 illic
3027 4719 3278 4799 glossae
3310 4721 3668 4803 deprehen-

397 4849 659 4914 duntur.
714 4852 903 4916 Haud
942 4868 1085 4916 raro
1165 4858 1618 4930 argumentum
1668 4851 1873 4915 literis
1929 4850 2216 4914 miniatis
2267 4852 2542 4932 margini
2601 4853 2988 4935 adscriptum
3030 4860 3150 4918 est.
3217 4852 3395 4918 Idem
3463 4852 3666 4917 codex

396 4983 772 5048 Parisiensis
803 4985 866 5047 S.
901 4983 1205 5048 Germani
1245 4999 1391 5047 esse
1429 4983 1703 5058 videtur,
1740 4998 1870 5062 quo
1908 4982 2253 5045 utebantur
2298 4983 2523 5045 Petrus
2579 4982 2872 5058 Alixius,
2909 4981 3057 5056 alii,
3087 5002 3126 5047 a
3161 4986 3400 5066 quibus
3457 4984 3663 5050 varias

402 5114 712 5183 lectiones
759 5137 793 5183 e
826 5118 1047 5183 codice
1083 5120 1145 5183 S.
1188 5117 1495 5185 Germani
1525 5117 1875 5198 descriptas
1908 5116 2186 5180 Thomas
2228 5116 2382 5180 Gale
2421 5116 2724 5181 obtinuit.
2762 5117 2948 5192 Quod
2984 5119 3040 5182 si
3074 5119 3242 5183 bene
3264 5115 3560 5197 coniicio,
3583 5111 3668 5189 is,

400 5247 511 5328 qui
539 5250 824 5314 codicem
861 5252 1167 5330 contulit,
1203 5270 1473 5317 munere
1536 5251 1692 5315 satis
1728 5251 2126 5335 negligenter
2171 5250 2432 5316 functus
2468 5259 2586 5317 est.
2618 5253 2876 5332 Restat,
2918 5261 2990 5319 ut
3047 5268 3366 5323 moneam,
3398 5248 3466 5311 in
3511 5246 3670 5311 folio

400 5379 731 5447 chartaceo
792 5384 1075 5465 praeﬁxo
1111 5402 1372 5448 manum
1422 5383 1844 5449 recentiorem
1871 5429 1890 5461 ,
1932 5384 2101 5448 Petri
2169 5382 2397 5461 Alixii,
2457 5392 2529 5449 ut
2575 5387 2910 5466 suspicor,
2956 5384 3333 5464 scripsisse:
3371 5381 3495 5446 Hic
3525 5400 3672 5446 con-

272 5498 277 5503 .
398 5514 681 5580 tinentur
730 5518 1005 5584 Joannis
1045 5524 1222 5586 Scoti
1255 5525 1563 5605 Erigonae
1595 5554 1720 5610 περι
1761 5552 1966 5605 φυσεων
2009 5524 2161 5588 libri
2219 5542 2422 5587 omnes
2471 5522 2748 5601 exceptis
2791 5520 2872 5582 29
2914 5515 3203 5597 ραρίηἰε,
3252 5534 3406 5603 quae
3438 5516 3568 5589 alio
3605 5519 3674 5593 in

403 5636 566 5703 libro
588 5645 1024 5724 reperiuntur.
1051 5647 1256 5724 Quem
1299 5648 1494 5713 alium
1545 5652 1780 5716 librum
1830 5652 2093 5727 innuat,
2122 5650 2248 5715 nisi
2272 5649 2556 5715 codicem
2590 5663 2709 5709 ms.
2749 5643 2809 5707 S.
2841 5643 3144 5709 Germani
3178 5645 3319 5722 830,
3351 5645 3503 5709 olim
3526 5643 3669 5722 M9,

401 5784 551 5834 mox
596 5773 1093 5842 describendum
1123 5825 1139 5856 ,
1178 5779 1428 5860 ignoro.

483 5903 685 6015 Alter_
708 5915 808 5975 est
841 5909 1044 5978 codex
1089 5909 1201 5978 lat.
1252 5911 1411 5979 bibl.
1466 5915 1619 5995 Reg.
1663 5913 1861 5979 Paris.
1898 5910 2085 5991 1761i,
2124 5906 2485 5990 fol.,.maj.,
2534 5906 2943 5993 membrum,
2982 5905 3383 5999 seculi_XlI,
3418 5902 3668 5989 duabus
