4152 6276
1736 295 1767 303 .-

476 339 551 383 xu
1882 317 2305 376 PROOEMIUM.

477 460 797 524 columnis
831 465 1151 523 exaratus.
1196 458 1491 521 Numeris
1533 457 1834 523 foliorum
1873 466 2064 523 caret.
2102 458 2404 524 Continet
2436 461 2606 526 varia
2646 463 2708 524 S.
2762 462 3117 540 Ambrosii,
3154 464 3445 540 Alcuini,
3493 467 3721 534 Hiero-

476 592 696 672 nymi,
738 591 1028 670 Gregorii
1089 607 1303 670 opera.
1362 589 1615 651 Ultimis
1682 591 1759 653 It5
1815 590 1991 653 foliis
2044 598 2246 654 exstat
2296 591 2461 656 liber
2506 594 2753 674 primus
2815 601 2877 657 et
2930 613 3075 675 pars
3132 596 3278 660 libri
3326 598 3596 661 secundi
3649 598 3723 662 de

414 792 417 797 _
477 724 782 786 divisione
834 721 1132 785 Naturae.
1167 718 1417 780 Desinit
1456 719 1709 782 verbis:
1756 720 2165 782 substantiam
2204 722 2466 803 ﬁliatam
2499 726 2713 805 genuit
2740 733 2799 788 et
2821 727 3250 807 procedentem
3286 728 3717 794 substantiam.

477 854 639 917 Vide
666 851 830 916 infra
858 850 973 913 lib.
1003 851 1085 924 II,
1127 867 1264 929 cap.
1295 849 1396 910 23.
1444 849 1697 912 Mendis
1738 856 1956 915 scatet.
2011 853 2336 933 Suspicor,
2382 854 2553 918 hunc
2585 874 2728 919 esse
2793 857 3076 921 codicem
3129 857 3475 922 Thuanum
3526 861 3713 924 valde

479 986 814 1061 mutilum,
864 984 943 1046 de
981 997 1110 1060 quo
1136 978 1410 1041 Thomas
1461 979 1615 1042 Gale
1674 981 1752 1043 ad
1810 998 2034 1045 vocem
2101 983 2277 1046 illam
2322 1007 2337 1046 :
2375 993 2431 1046 et
2470 985 2897 1065 procedentem
2952 987 3248 1050 observat
3291 988 3463 1050 :Hic
3516 988 3721 1069 deﬁcit

476 1111 706 1186 codex,
743 1112 853 1192 qui
885 1109 1033 1176 olim
1059 1115 1185 1197 fuit
1222 1115 1447 1176 Thuni.
1487 1115 1538 1175 E
1594 1114 1963 1180 Colbertina
1995 1117 2166 1179 enim
2196 1117 2263 1179 in
2303 1118 2755 1183 bibliothecam
2785 1118 3048 1197 Regiam
3082 1118 3413 1181 transiisse
3449 1117 3716 1180 videtur.

475 1244 571 1307 Ad
599 1244 835 1308 calcem
867 1245 1205 1327 fragmenti
1252 1245 1324 1308 de
1358 1197 1663 1311 division;
1697 1249 1979 1314 Naturae
2012 1250 2233 1314 eadem
2273 1269 2497 1316 manus
2551 1271 2804 1318 carmen
2852 1251 3187 1335 subjunxit
3233 1250 3483 1316 detritis
3522 1248 3722 1315 literis

474 1371 645 1436 lectu
684 1372 1131 1438 difﬁcillimum
1179 1377 1415 1438 hocce:

1244 1498 1291 1573 ρ
1319 1514 1472 1573 sacro
1497 1541 1510 1555 .
1537 1540 1552 1556 .
1572 1540 1587 1555 .
1616 1502 1777 1573 o__sub
1804 1518 1972 1559 unum
2004 1505 2283 1562 molimine
2311 1507 2482 1573 salvo,

1251 1569 1347 1647 Qui
1378 1585 1512 1647 opus
1543 1571 1731 1647 rutilat
1754 1587 1875 1627 cum
1903 1576 2134 1647 gemmis
2165 1578 2432 1647 thureque
2460 1569 2710 1645 mixtum,

1249 1638 1443 1724 gessis)
1468 1641 1588 1724 quis
1615 1638 1991 1724 pugnoanu'od
2018 1646 2165 1724 _vidit
2188 1638 2589 1724 _dic_eré_p_ossit_.

1239 1710 1342 1788 Qlli
1367 1709 1795 1788 Christus'amor
1821 1709 1898 1776 Iit,
1926 1713 2119 1780 virtus,
2151 1717 2342 1788 gloria,
2374 1709 2605 1788 fulgor’,

1249 1779 1503 1855 Qorporis
1529 1795 1699 1855 osque
1729 1797 2044 1855 manusque,
2079 1779 2216 1853 apud
2246 1779 2404 1841 simul
2432 1779 2673 1842 ovmnium
2700 1785 2969 1855 membra,

1250 1849 1499 1925 Carceris
1530 1850 1808 1925 inluviem,
1842 1849 2127 1925 rabiesque
2149 1856 2468 1925 rabiemque
2490 1857 2511 1887 ²
2538 1855 2796 1925 ferarum,

1245 1919 1327 1993 ᾼο
1354 1928 1542 1993 tenues
1574 1920 1709 1993 telas
1727 1919 2111 1993 discriminatus
2141 1922 2363 1980 fulmine
2381 1919 2635 1993 pulchro.

1250 1989 1474 2061 Aurium
1504 1989 1772 2061 Ilorigeris
1801 1992 2130 2061 concordant
2164 1989 2405 2051 carmine
2429 1995 2597 2053 Musis

1248 2057 1383 2133 tam
1409 2058 1599 2133 doctos
1631 2057 1858 2133 texendi
1878 2062 2111 2133 saphyro
2137 2061 2280 2118 fulva

1259 2126 1515 2198 Quisquis
1545 2128 1567 2160 ⁸
1597 2129 1888 2185 contulerit
1917 2126 2131 2198 faciem,
2160 2132 2264 2189 hac
2284 2134 2511 2191 sindone
2538 2136 2740 2194 munda

1251 2195 1514 2273 Xerbera,
1546 2198 1781 2264 vincula,
1810 2198 2033 2273 famem,
2061 2195 2261 2272 virgas,
2295 2212 2588 2273 tormenta,
2619 2215 2841 2263 catenas

1252 2266 1371 2322 Non
1407 2267 1567 2334 mala,
1599 2270 1865 2338 serpentis
1892 2269 1915 2301 ⁸
1940 2266 2048 2327 non
2073 2266 2314 2328 sentiunt
2344 2275 2458 2345 ipsa
2487 2266 2713 2333 venena.

481 2392 743 2455 Ioannis
795 2390 965 2455 Scoti
1010 2406 1263 2454 carmen
1311 2407 1453 2452 esse
1496 2390 1669 2454 haud
1724 2397 1964 2456 temere
2015 2394 2310 2475 conjicio.
2374 2397 2495 2459 Sed
2533 2396 2691 2478 quid
2744 2414 2968 2463 versus
3021 2399 3304 2480 corrupti
3340 2400 3464 2464 sibi
3496 2399 3723 2477 velint,

478 2538 611 2584 non
646 2520 832 2600 plane
869 2537 971 2582 me
1005 2520 1370 2600 perspicere
1404 2519 1628 2584 fateor.

557 2651 811 2716 Tertius
847 2656 943 2714 est
975 2651 1173 2714 codex
1209 2651 1270 2713 S.
1309 2650 1611 2714 Germani
1652 2652 1792 2725 280,
1825 2651 1975 2713 olim
2030 2653 2167 2725 166,
2206 2651 2317 2716 fol.
2393 2654 2568 2733 maj.,
2602 2655 2982 2729 membran.,
3033 2655 3237 2719 seculi
3276 2656 3421 2719 XII.
3472 2657 3733 2719 Constat

476 2783 652 2849 foliis
694 2786 833 2849 235.
875 2786 1018 2846 Duo
1051 2783 1402 2863 fragmenta
1459 2783 1769 2847 librorum
1825 2781 1898 2843 de
1946 2783 2251 2845 divisione
2281 2748 2558 2847 Naturae
2613 2791 2863 2848 exstant
2900 2783 3072 2845 foliis
3109 2785 3403 2853 192-235,
3452 2802 3728 2865 quorum

477 2932 680 2978 unum
698 2913 950 2995 ’incipit
985 2914 1201 2978 verbis
1236 2884 1627 2987 :lrationale,
1649 2912 1911 2973 mortale
1934 2956 1950 2986 ,
1975 2911 2221 2974 uisibile
2244 2957 2260 2987 ,
2289 2917 2576 2995 profecto
2612 2913 2867 2993 angelus
2884 2930 3075 2994 neque
3103 2912 3331 2975 animal
3357 2914 3733 2976 rationabile

484 3053 616 3123 est,
650 3064 841 3128 neque
894 3044 1158 3109 mortale
1204 3064 1395 3126 neque
1429 3044 1674 3106 visibile
1728 3050 1847 3107 cet.
1877 3088 1893 3117 ,
1947 3044 2091 3105 vide
2154 3042 2321 3107 infra
2382 3043 2496 3107 lib.
2530 3045 2599 3119 Ι,
2673 3062 2807 3122 cap.
2862 3044 2941 3118 lt;
2995 3049 3056 3106 et
3101 3043 3339 3106 desinit
3373 3044 3485 3107 fol.
3521 3047 3661 3119 222,
3692 3047 3733 3106 2

481 3179 742 3243 verbis:
801 3176 1047 3239 videsne
1103 3194 1244 3256 ergo
1284 3176 1795 3257 quemadmodum
1851 3194 1996 3236 vera
2050 3176 2216 3236 ratio
2278 3175 2651 3253 categoriam
2709 3174 2868 3255 faci,
2934 3172 3079 3234 vide
3111 3170 3276 3233 infra
3327 3170 3436 3230 lib.
3471 3170 3531 3243 Ι,
3589 3185 3725 3247 cap.

484 3305 602 3380 7b;
639 3304 908 3367 alterum
969 3305 1199 3386 incipit
1260 3303 1371 3367 fol.
1413 3305 1552 3379 223,
1601 3309 1633 3367 1
1687 3304 1900 3368 verbis
1955 3328 1969 3367 :
2018 3306 2337 3367 Hactenus
2392 3304 2462 3364 de
2524 3302 2940 3365 divisionibus
2996 3302 3184 3384 deque
3244 3300 3737 3363 adunationibus

487 3444 643 3513 cot.,
684 3438 829 3502 vide
859 3435 1027 3500 infra
1055 3437 1170 3500 lib.
1213 3437 1304 3511 II,
1347 3453 1486 3515 cap.
1525 3438 1623 3512 13,
1657 3442 1717 3499 et
1744 3437 1981 3500 desinit
2017 3436 2129 3500 fol.
2167 3437 2307 3511 235,
2359 3438 2398 3496 2
2436 3435 2690 3497 verbis:
2735 3433 2878 3496 Non
2930 3433 3134 3495 solum
3182 3431 3446 3495 concedo
3474 3477 3490 3507 ,
3526 3450 3737 3493 verum

481 3566 666 3627 etiam
700 3565 982 3647 intelligo
1016 3566 1594 3630 excellentissimum
1622 3569 1861 3629 animae
1893 3576 2128 3630 motum
2171 3569 2340 3629 circa
2372 3569 2759 3648 incognitum
2787 3567 2977 3628 Deum
3004 3565 3176 3627 ultra
3207 3583 3440 3627 omnem
3478 3573 3735 3626 creatu-

480 3709 616 3752 ram
642 3693 961 3755 verissime
985 3696 1202 3757 vocari
1232 3704 1286 3758 et
1316 3697 1647 3759 subsistere
1678 3697 2075 3759 intellectum.
2123 3696 2245 3759 Sed
2299 3695 2607 3778 quomodo
2644 3696 2739 3757 vel
2775 3714 2897 3776 qua
2930 3694 3177 3756 ratione
3208 3691 3556 3755 intellectus
3593 3690 3739 3751 dum

497 3821 671 3883 intra
724 3823 1021 3884 terminos
1064 3825 1361 3887 humanae
1408 3834 1711 3894 naturae;
1772 3827 1918 3888 vide
1961 3826 2124 3888 infra
2182 3825 2296 3887 lib.
2327 3826 2406 3900 ll,
2442 3843 2579 3905 cap.
2632 3826 2731 3886 23.
2776 3825 2836 3886 Is
2869 3825 3065 3903 igitur
3111 3824 3311 3890 codex
3343 3842 3487 3887 cum
3518 3823 3735 3886 codice

483 3954 691 4034 primo
726 3956 789 4019 S.
825 3955 1127 4021 Germani
1155 3957 1273 4018 309
1301 3956 1433 4021 fere
1470 3957 1713 4037 ubique
1746 3957 2110 4022 concordat.

563 4081 840 4156 Quartus
889 4082 1170 4164 denique
1214 4084 1413 4146 codex
1462 4084 1522 4146 S.
1555 4083 1853 4146 Germani
1880 4082 2021 4156 830,
2054 4082 2206 4145 olim
2240 4080 2380 4154 5’49,
2412 4079 2790 4152 membran.,
2827 4076 2968 4151 fol.,
3027 4079 3228 4141 seculi
3258 4081 3374 4154 XI,
3427 4078 3729 4160 pulcher-

482 4211 645 4274 rime
704 4211 978 4291 scriptus
1004 4256 1021 4286 ,
1053 4218 1299 4275 constat
1349 4212 1526 4277 foliis
1576 4215 1719 4289 207,
1755 4214 1993 4295 quibus
2044 4214 2458 4277 continentur
2508 4209 2660 4272 libri
2695 4208 2787 4269 IV
2819 4216 2871 4269 et
2911 4208 2962 4269 V
2987 4206 3057 4269 de
3083 4206 3391 4271 divisione
3423 4209 3720 4271 Naturae.

484 4344 664 4409 Folio
693 4347 833 4421 207,
863 4347 893 4407 1
926 4345 1133 4411 lineae
1166 4348 1203 4410 5
1233 4354 1480 4412 tantum
1515 4347 1858 4411 habentur.
1911 4346 2298 4425 Saepissime
2348 4348 2798 4421 argumentum
2846 4342 2923 4403 ad
2960 4341 3311 4419 marginem
3347 4339 3734 4418 adscriptum

486 4484 605 4541 est.
636 4480 715 4538 In
756 4477 912 4541 folio
941 4478 1273 4541 chartaceo
1309 4478 1587 4556 praeﬁxo
1615 4476 1773 4537 haec
1821 4476 2164 4552 leguntur:
2200 4473 2384 4532 Liber
2415 4480 2675 4551 quartus
2713 4479 2768 4531 et
2801 4472 3056 4551 quintus
3088 4498 3211 4554 περι
3240 4495 3440 4550 φυσεων
3468 4467 3737 4529 Joannis

480 4605 686 4668 Scotti
737 4606 1043 4682 Erigenae
1069 4650 1086 4680 ,
1123 4606 1343 4667 eadem
1410 4622 1607 4668 manu
1643 4605 1900 4684 scripta,
1932 4622 2125 4685 quam
2161 4603 2329 4667 Petri
2365 4602 2565 4665 Alixii
2600 4620 2741 4664 esse
2783 4620 2978 4684 supra
3008 4602 3399 4685 suspicabar.
3425 4600 3498 4661 In
3526 4597 3738 4662 fronte

481 4730 727 4810 primae
773 4734 1191 4798 membranae
1241 4752 1471 4798 manus
1525 4736 1726 4799 seculi
1770 4738 1920 4799 XIV
1957 4737 2250 4817 scripsit:
2287 4738 2370 4797 De
2423 4735 2925 4816 superessentiali
2958 4743 3208 4799 natura.
3243 4737 3492 4800 Recens
3529 4732 3736 4798 seculi

480 4858 661 4922 XVII
694 4877 922 4925 manus
948 4908 964 4939 ,
1001 4870 1071 4927 ut
1104 4864 1380 4941 videtur,
1420 4865 1705 4929 addidit:
1739 4868 1805 4930 S.
1840 4867 2015 4929 Petri
2052 4866 2441 4929 Corbeiensis

561 4994 638 5057 Et
671 4993 752 5057 de
786 4994 1116 5061 codicibus
1142 5040 1159 5070 ,
1193 5015 1358 5079 quos
1409 4999 1476 5061 in
1514 4999 1949 5078 perpoliendis
1982 5000 2159 5063 hisce
2194 4998 2374 5061 libris
2410 4997 2823 5061 adhibuimus
2848 5040 2865 5071 ,
2899 4994 3053 5058 haec
3088 4994 3350 5074 quidem
3388 4996 3723 5058 hactenus.

480 5122 776 5189 Codicem
843 5126 995 5190 1976
1066 5126 1497 5193 bibliothecae
1558 5130 1833 5194 civitatis
1900 5132 2314 5196 Abrincatum
2374 5131 2739 5195 examinare
2803 5146 2933 5192 non
2992 5128 3195 5208 potui.
3247 5128 3453 5203 Quem
3514 5124 3609 5188 M.
3662 5123 3718 5185 F

486 5254 833 5320 Ravaisson
870 5258 939 5320 in
970 5258 1138 5322 libro
1161 5261 1480 5341 Rapports
1508 5281 1592 5323 au
1626 5263 1907 5324 ministre
1944 5272 2064 5325 cet.
2105 5281 2171 5342 p.
2218 5262 2330 5321 197
2361 5261 2454 5322 sic
2484 5259 2861 5339 descripsit:
2894 5256 2975 5320 N°
3002 5256 3180 5331 1976,
3213 5257 3280 5318 in
3307 5254 3467 5337 folio
3494 5275 3515 5324 ;
3547 5252 3720 5313 XIII

484 5385 686 5450 sie‘cle.
743 5390 825 5451 In
868 5391 985 5455 hoc
1034 5391 1346 5455 volumine
1392 5393 1749 5455 continetur
1798 5393 2023 5455 ultima
2066 5410 2217 5471 pars
2272 5390 2669 5469 Periphision
2722 5392 2868 5468 [περὶ
2914 5392 3139 5467 φύσεων]
3190 5388 3461 5449 Joannis
3519 5384 3696 5447 Scoti
3723 5430 3729 5459 ,

484 5518 721 5584 scilicet
754 5518 904 5584 libri
953 5521 1069 5583 ΙΙΙ
1114 5530 1170 5584 et
1213 5522 1415 5586 semis.
1451 5523 1532 5583 In
1577 5523 1702 5588 alio
1734 5522 2047 5587 volumine
2095 5520 2449 5583 continetur
2499 5518 2703 5597 prima
2753 5534 2906 5596 pars
2963 5518 3227 5600 ejusdem
3265 5518 3457 5594 libri,
3499 5517 3711 5582 scilice

1787 5688 2045 5751 VARIAE
2083 5686 2371 5747 LECTION
2380 5686 2480 5747 ES.

598 5801 729 5871 ϐοά.
760 5805 949 5893 μισοῖ.
1026 5808 1045 5849 ³
1076 5806 1207 5873 Cod,
1242 5808 1532 5885 rabemque.
1612 5809 1631 5843 ³
1661 5805 1795 5871 God,
1834 5804 1946 5879 Qua
1976 5803 2109 5879 quis.
2185 5802 2202 5833 δ
2235 5800 2363 5863 Cori.
2404 5799 2518 5861 Non
2549 5798 2694 5857 niulu
2728 5812 3005 5891 serpentes.
