4152 6276
1830 368 2258 426 PROOEMIUM.
3560 388 3658 432 xm

401 477 827 583 liberprimus
857 508 913 562 et
935 502 1015 579 ῌ
1061 500 1265 563 semis.
1313 500 1488 564 Fecit
1523 500 1684 564 enim
1712 501 1872 565 idem
1920 503 2193 563 Joannes
2232 502 2285 563 V
2305 500 2503 563 iibros
2541 501 2613 563 de
2637 501 2918 566 Naturae
2946 504 3304 581 Diuisione,
3337 507 3658 573 obscuris-

404 634 595 698 simos
624 640 681 696 et
703 641 877 695 caute
900 632 1209 713 legendos.

481 768 510 841 §
545 766 641 826 12.
677 764 822 828 Duo
854 762 1015 827 haec
1045 781 1242 843 opera
1291 764 1706 844 systematica
1759 782 1906 828 cum
1956 767 2204 844 integra
2261 767 2613 844 supersint,
2651 768 2826 830 tertii
2880 767 2960 832 de
2989 785 3236 848 egressu
3286 774 3340 829 et
3376 786 3661 848 regressu

399 895 642 957 animae
669 893 752 954 ad
788 895 978 955 Deum
1013 913 1279 975 parvum
1318 901 1565 959 tantum
1600 896 2034 976 fragmentum
2070 904 2299 959 exstat.
2330 898 2451 961 Sed
2485 899 2539 961 is
2564 899 2728 962 liber
2762 901 3012 980 integer
3036 900 3192 965 olim
3225 901 3661 981 reperiebatur

402 1027 471 1089 in
512 1025 907 1088 bibliotheca
937 1026 1274 1090 Electorali
1339 1029 1744 1101 Treverensi,
1780 1034 1851 1090 ut
1907 1033 2175 1091 testatur
2209 1028 2286 1090 G.
2319 1029 2398 1092 de
2451 1030 2898 1107 Northausen,
2933 1033 3028 1096 vir
3054 1035 3283 1102 doctus
3310 1083 3327 1113 ,
3353 1041 3469 1120 qui
3501 1059 3557 1106 c.
3594 1060 3655 1106 a.

406 1154 568 1216 1591s
627 1154 879 1216 codices
919 1158 1367 1238 mss.,quibus
1420 1158 1807 1222 bibliotheca
1862 1159 2169 1222 Vaticana
2223 1159 2748 1238 locupletaretur,
2800 1162 2868 1224 in
2927 1165 3263 1230 Germania
3297 1167 3657 1246 colligebat.

410 1284 475 1344 Is
525 1282 721 1362 igitur
770 1285 838 1347 in
894 1290 1112 1354 codice
1162 1308 1281 1353 ms.
1330 1289 1762 1354 Vallicellensi
1817 1291 1886 1354 C.
1938 1290 2060 1366 28,
2096 1290 2200 1354 cui
2241 1292 2507 1354 titulus:
2541 1291 2742 1355 Index
2776 1293 3201 1372 voluminum,
3239 1300 3350 1378 qui
3393 1306 3665 1380 tempore

415 1413 700 1476 Caesarei
754 1417 1023 1482 Baronii
1052 1421 1119 1483 in
1152 1421 1351 1483 variis
1407 1420 1793 1483 bibliothecis
1850 1421 2075 1482 Romae
2111 1428 2165 1481 et
2200 1421 2357 1483 alibi
2391 1432 2789 1485 asservantur
2811 1469 2827 1498 ,
2860 1443 2922 1504 p.
2966 1427 3082 1489 192
3115 1426 3271 1491 haec
3317 1428 3662 1492 memoriae

418 1544 718 1608 tradidit:
752 1546 1033 1624 Codices,
1064 1551 1322 1631 inquit,
1371 1570 1514 1613 mss.
1566 1551 2028 1625 membranacei,
2062 1568 2217 1630 quos
2248 1569 2276 1611 e
2306 1551 2551 1613 cumulo
2609 1553 2923 1616 librorum
2973 1550 3256 1620 ecclesiae
3287 1558 3664 1639 Metropoli-

411 1678 592 1737 tanae
648 1680 1044 1741 Treverensis
1070 1699 1161 1741 me
1188 1678 1419 1742 vidisse
1472 1681 1721 1743 memini
1748 1725 1765 1756 ,
1797 1680 1863 1742 hi
1917 1688 2085 1744 sunt.
2143 1681 2447 1761 Sequitur
2481 1683 2807 1762 catalogus
2836 1731 2852 1761 ,
2882 1688 2948 1748 in
2985 1705 3114 1768 quo
3151 1689 3272 1751 sub
3304 1700 3369 1751 n°
3401 1692 3476 1753 15
3504 1690 3662 1753 haec

407 1803 760 1884 leguntur:
792 1810 1061 1870 Joannis
1089 1809 1261 1871 Scoti
1288 1778 1688 1872 benedictini
1711 1854 1727 1886 ,
1761 1811 1871 1892 qui
1896 1812 2027 1892 fuit
2065 1832 2227 1875 unus
2254 1832 2331 1875 ex
2369 1823 2672 1894 quattuor
2695 1817 2929 1897 primis
2956 1818 3403 1899 fundatoribus
3430 1821 3652 1883 acade-

403 1936 565 1999 miae
601 1938 981 2003 Parisiensis
1003 1985 1021 2017 ,
1052 1960 1210 2021 opus
1240 1965 1267 2000 α
1309 1939 1380 2003 de
1428 1960 1675 2021 egressu
1712 1950 1765 2003 et
1810 1961 2095 2021 regressu
2125 1944 2364 2006 animae
2390 1944 2473 2006 ad
2491 1949 2682 2009 Deum
2722 1971 2749 2006 »
2783 1949 2946 2029 stylo
2976 1950 3281 2031 scriptum
3308 1951 3658 2017 Platonico.

409 2062 596 2138 Quod
625 2064 768 2127 licet
797 2084 1007 2128 errore
1044 2067 1256 2148 aliqua
1294 2068 1463 2129 circa
1506 2069 1603 2129 Ss.
1662 2068 2036 2129 Trinitatem
2060 2113 2076 2143 ,
2109 2078 2184 2129 ut
2222 2070 2577 2134 Alexander
2605 2073 2899 2137 Halensis
2930 2083 2987 2137 et
3025 2076 3142 2139 alii
3170 2088 3317 2159 post
3364 2101 3497 2143 eum
3545 2083 3665 2145 do—

413 2203 619 2257 ctores
655 2194 1040 2276 Gymnastici
1059 2205 1303 2272 notant,
1324 2199 1673 2279 inspersum
1707 2201 1815 2275 sit,
1843 2202 2083 2263 servari
2111 2210 2308 2264 tamen
2354 2213 2558 2284 potest
2582 2207 2648 2268 in
2676 2226 2854 2269 usum
2889 2208 3345 2289 Theologorum
3368 2256 3384 2286 ,
3418 2214 3662 2293 quando

416 2327 497 2387 ad
550 2328 888 2406 pleniorem
920 2331 1448 2394 Scholasticorum
1484 2334 1867 2395 intellectum
1903 2343 2178 2396 erratum
2210 2337 2526 2399 Scoticum
2557 2340 2623 2400 in
2673 2340 2814 2420 ipsa
2866 2340 3248 2420 scaturigine
3287 2342 3506 2406 vellent
3570 2347 3665 2409 in-

424 2454 683 2532 spicere.
717 2458 1008 2522 Treveris
1056 2463 1336 2525 codicem
1404 2464 1632 2526 frustra
1673 2465 1813 2544 ipse
1854 2465 2171 2545 quaesivi.
2228 2467 2645 2533 Mabillonius
2698 2471 2890 2551 hujus
2959 2472 3105 2535 libri
3169 2471 3451 2540 codicem
3508 2476 3665 2540 vidit

417 2576 998 2645 Claromiscensem
1050 2600 1249 2663 prOpe
1303 2585 1906 2668 AudamarOpolim,
1962 2607 2153 2669 quem
2203 2590 2541 2672 descripsit
2601 2596 2738 2658 Act.
2794 2596 2947 2659 0rd.
2985 2599 3060 2665 S.,
3097 2600 3336 2668 Bened.
3371 2607 3508 2670 Sec.
3550 2606 3660 2671 ιν.

413 2709 480 2771 Ρ.
537 2708 622 2771 ΙΙ.
680 2727 743 2788 p.
780 2710 1004 2772 LXVI.
1063 2712 1289 2792 Neque
1343 2712 1449 2776 hic
1508 2718 1712 2779 codex
1774 2736 2109 2799 superesse
2168 2723 2445 2787 videtur.
2479 2728 2749 2791 Parvum
2805 2731 3023 2812 itaque
3057 2732 3484 2815 fragmentum
3519 2737 3665 2801 libri

413 2838 591 2902 illius
628 2857 664 2904 e
712 2840 929 2905 codice
979 2842 1233 2907 collect.
1281 2844 1400 2907 596
1424 2890 1442 2921 ,
1476 2848 1861 2925 membran.,
1900 2852 1985 2928 ίιο,
2017 2852 2446 2920 bibliothecae
2476 2856 2872 2923 Christianae
2895 2867 3149 2925 erutum
3171 2881 3373 2943 quum
3408 2865 3667 2931 Carolus

424 2972 642 3034 Greith
696 2973 765 3033 in
819 2973 1155 3052 Spicitegio
1213 2974 1506 3038 Vaticano
1536 2978 1938 3062 Frauenfeld,
1997 2984 2176 3058 1838,
2200 3003 2273 3066 ρ.
2319 2986 2400 3048 80
2460 3004 2602 3069 sqq.
2664 2988 2977 3066 ediderit,
3029 2990 3193 3056 illud
3251 2995 3331 3059 ad
3381 2995 3666 3080 ejusdem

429 3100 669 3163 codicis
704 3100 893 3163 ﬁdem
923 3102 1134 3166 denuo
1164 3107 1558 3184 recognitum
1589 3109 1722 3188 jam
1770 3111 1876 3174 hic
1912 3114 2318 3179 exhibemus.
2365 3119 2583 3182 Exstat
2640 3137 2789 3184 vero
2857 3121 2927 3185 in
2976 3122 3170 3205 hujus
3202 3127 3439 3195 codicis
3470 3146 3665 3198 mem-

417 3229 612 3293 brana
648 3247 815 3294 nona
847 3231 1209 3311 perpulchri
1240 3235 1562 3313 candoris,
1598 3257 1792 3303 manu
1821 3244 2024 3305 seculi
2058 3247 2142 3308 X.
2181 3257 2535 3315 exaratum.

495 3365 524 3437 §
554 3363 651 3425 13.
689 3363 824 3426 Jam
858 3363 937 3427 de
969 3366 1354 3429 versionibus
1392 3369 1659 3434 Joannis
1695 3373 1862 3436 Seoti
1915 3376 2259 3443 dicendum
2306 3390 2422 3445 est.
2480 3386 2632 3448 Nam
2666 3385 2835 3451 haud
2868 3407 3066 3468 pauca
3096 3389 3164 3453 in
3195 3391 3491 3456 Latinum
3526 3411 3663 3458 ser-

418 3508 675 3556 monem
704 3495 1018 3557 convertit
1052 3496 1283 3577 scripta
1342 3507 1632 3563 veterum
1688 3504 2105 3570 Graecorum.
2146 3511 2235 3572 Ex
2269 3512 2508 3591 quibus
2538 3517 2876 3582 maximam
2904 3518 3095 3607 facile
3126 3522 3408 3588 obtinuit
3433 3525 3664 3591 famam

412 3621 623 3684 versio
676 3623 784 3684 illa
848 3641 1102 3703 operum
1153 3624 1215 3686 S.
1252 3627 1547 3707 Dionysii
1613 3633 2051 3715 Areopagitae.
2116 3640 2407 3713 Quorum
2444 3645 2754 3710 Graecum
2815 3652 3141 3731 exemplar
3192 3671 3338 3719 cum
3395 3658 3663 3724 Michael

414 3747 649 3810 Balbus
699 3748 1045 3828 imperator
1080 3754 1405 3820 Ludovico
1460 3761 1574 3824 Pio
1641 3781 1698 3825 a.
1754 3765 1873 3826 827
1909 3768 2081 3832 dono
2144 3771 2474 3852 dedisset,
2507 3778 2788 3843 Joannes
2850 3783 3076 3846 Scotus
3135 3782 3403 3862 jubente
3441 3786 3664 3855 Carolo

416 3877 607 3944 Calvo
654 3882 937 3949 instituit
973 3889 1331 3953 versionem
1390 3893 1469 3955 ad
1528 3898 1794 3959 verbum
1854 3901 2123 3979 factam,
2159 3907 2272 3970 sed
2330 3909 2667 3975 obscuram
2701 3918 2761 3976 et
2817 3914 2889 3977 ad
2958 3914 3442 3994 irtt-lligendum
3499 3920 3662 3984 diffi-

417 4010 745 4078 cillimam.
810 4020 1041 4085 Melior
1104 4040 1254 4085 vero
1316 4042 1388 4088 ac
1444 4027 1692 4106 planior
1721 4051 1924 4112 quum
1978 4036 2271 4113 deesset,
2311 4044 2522 4106 versio
2552 4046 2818 4110 Joannis
2858 4049 3028 4111 Scoti
3067 4066 3180 4128 per
3209 4049 3408 4115 multa
3444 4053 3661 4118 secula

414 4136 573 4202 lecta
609 4149 746 4217 est,
774 4149 834 4204 et
891 4143 1438 4223 amplissimorum
1495 4152 1693 4214 medii
1750 4156 1891 4216 aevi
1930 4157 2372 4236 theologorum
2411 4172 2891 4234 commentariis
2948 4173 3290 4244 illustrata.
3322 4183 3499 4247 Unde
3554 4185 3662 4259 ﬁt,

415 4270 489 4325 ut
518 4282 654 4328 eam
711 4268 782 4329 in
835 4270 1243 4339 bibliothecis
1275 4278 1568 4342 codicum
1626 4298 1781 4344 mss.
1821 4283 2143 4364 hodieque
2181 4288 2403 4351 crebro
2435 4291 2752 4356 invenias.
2783 4298 2877 4358 Ex
2914 4300 3243 4365 codicibus
3276 4323 3426 4370 vero
3450 4353 3468 4383 ,
3501 4327 3663 4390 quos

418 4395 669 4472 evolvi,
715 4399 990 4479 primum
1040 4404 1249 4468 locum
1309 4408 1558 4473 obtinet
1614 4413 1754 4475 cod.
1816 4416 2198 4479 Emmeram.
2254 4419 2325 4484 B.
2388 4421 2626 4498 XLIV,
2664 4422 2823 4500 fol.,
2863 4425 3058 4491 hodie
3118 4429 3464 4512 insignitus
3519 4439 3661 4501 cod.

411 4523 654 4589 Italisb.
719 4529 780 4592 S.
842 4533 1231 4604 Emmeram.
1287 4542 1402 4602 137
1429 4586 1446 4618 ,
1480 4544 1909 4612 bibliothecae
1963 4552 2200 4632 Regiae
2257 4555 2663 4620 Monacensis
2689 4602 2705 4634 ,
2745 4561 3095 4647 membran.
3125 4608 3143 4641 ,
3172 4562 3287 4630 fol.
3313 4611 3331 4644 ,
3369 4570 3569 4635 seculi
3605 4572 3659 4639 X

412 4657 734 4735 exeuntis,
769 4671 1018 4727 constat
1070 4667 1246 4732 foliis
1307 4675 1442 4735 113.
1507 4676 1707 4740 Tituli
1766 4688 1828 4742 et
1862 4648 2149 4748 initiales
2183 4688 2607 4766 capitulorum
2642 4701 2793 4756 sunt
2832 4695 3104 4760 miniati.
3137 4699 3331 4765 Initio
3368 4703 3661 4784 singulo-

405 4800 550 4846 rum
610 4787 922 4856 librorum
1006 4797 1288 4865 initiales
1344 4822 1576 4869 aureae
1634 4813 2052 4892 perpulchrae
2114 4817 2347 4882 nitent.
2403 4821 2784 4885 Continetur
2832 4841 2908 4888 eo
2965 4798 3103 4888 sola
3153 4830 3354 4893 versio
3413 4852 3662 4915 operum

403 4908 986 5000 Pseudo-Dionysii.
1044 4926 1261 4991 Codex
1334 4933 1726 5002 nitidissima
1808 4943 1948 5022 ipsa
2026 4963 2223 5010 manu
2297 4949 2591 5016 Othlonis
2652 4954 3040 5034 perillustris
3097 4959 3159 5021 S.
3207 4961 3663 5037 Emmerammi

403 5046 699 5110 monachi
729 5051 1215 5132 ltatisponensis
1249 5062 1525 5143 scriptus
1563 5073 1683 5143 est,
1714 5070 1897 5151 cujus
1930 5091 2155 5140 versus
2185 5077 2257 5140 in
2290 5080 2417 5143 ﬁne
2452 5079 2521 5144 hi
2555 5082 2893 5160 leguntur:

1164 5249 1245 5334 gn
1270 5266 1380 5334 ego
1404 5254 1646 5334 tantillus
1667 5256 1826 5334 Qtloh
1855 5262 2014 5334 vulgo
2041 5266 2329 5333 vocitatus,

1157 5319 1411 5400 Quamvis
1437 5326 1736 5400 omnigenis
1762 5319 2047 5400 corruputus
2077 5319 2513 5396 si'm‘m—alel‘actis

1160 5390 1258 5486 gat
1280 5401 1456 5486 tamin
1494 5390 1637 5479 istth
1672 5414 1806 5486 opus
1832 5390 2103 5486 scribendi
2132 5390 2305 5486 tuum;
2312 5390 2748 5486 tibi'promptus,

1156 5460 1353 5543 §ancte
1378 5464 1617 5543 D_ionysi,
1651 5460 1858 5543 martyr
1886 5460 2512 5536 celeber’rimelCh—ristic

1148 5527 1301 5617 Quae
1326 5536 1430 5588 mei
1461 5527 1661 5617 quaeso
1694 5527 2553 5617 pigebatiiéiiéﬁetﬁ'i'éitb,

1145 5599 1252 5655 Vos
1274 5599 1494 5674 quoque
1513 5608 1607 5677 qui
1635 5599 1813 5680 legitis
1845 5599 2056 5671 veniam
2085 5599 2633 5689 ιιίίιίῖὧέὰοἷέῑὲιίε

396 5740 611 5805 Gratia
654 5747 990 5827 regiminis
1028 5758 1231 5819 nostri
1270 5759 1556 5828 codicem
1582 5768 1874 5838 Bonnam
1910 5778 2099 5844 nobis
2138 5781 2411 5846 missum
2449 5784 2791 5863 diligenter
2833 5791 3130 5854 excutere
3168 5792 3374 5861 licuit.
