4152 6276
504 301 597 344 m
1596 274 1607 281 ’
1918 276 2144 336 PROOE

2096 274 2344 334 lEMIUM.
2786 250 2800 261 ”
3660 271 3736 289 “'"

592 421 963 487 Secundum
1011 418 1224 482 locum
1257 416 1505 479 obtinet
1533 414 1736 478 codex
1769 415 1885 475 971
1926 414 2086 476 bibl.
2122 412 2428 487 Vindob.,
2468 413 2623 476 olim
2664 413 3170 492 Salisburgensis
3220 414 3361 493 157,
3392 409 3721 487 seculiXI
3754 473 3771 501 ,

501 544 588 620 ιιο,
614 541 914 606 foliorum
964 536 1112 611 152,
1157 535 1225 596 in
1263 532 1444 613 cujus
1488 533 1803 596 interiore
1853 529 2142 611 operculi
2197 539 2372 610 parte
2426 533 2584 594 haec
2634 531 2942 610 leguntur
2991 551 3007 592 :
3058 534 3184 595 Hic
3235 534 3393 598 liber
3435 547 3521 600 est
3568 547 3778 607 sancti

501 659 803 724 Radberti
834 663 891 719 et
916 655 1358 719 canonicorum
1384 648 1961 731 Salzburgensium,
1985 666 2160 729 quem
2195 650 2478 729 quisquis
2508 647 2862 724 abstulerit,
2899 648 3219 723 anathema
3247 651 3354 714 sit.
3394 653 3776 723 Continetur

503 784 628 849 hoc
663 781 884 848 codice
912 779 1073 844 nihil
1111 783 1362 858 praeter
1391 776 1758 839 versionem
1812 776 1983 839 illam
2038 776 2377 854 integram.
2417 775 2594 839 Libri
2642 776 2885 855 singuli
2944 775 3172 856 pictis,
3225 780 3435 857 capita
3492 782 3776 849 miniatis

506 905 865 969 initialibus
912 900 1254 979 incipiunt.
1288 896 1505 960 Codex
1535 897 1928 959 nitidissime
1959 895 2236 975 scriptus
2265 902 2386 973 est,
2414 895 2529 960 sed
2556 896 2680 968 sub
2714 896 2930 971 ﬁnem,
2961 895 3031 959 id
3058 903 3156 961 est
3183 897 3251 960 in
3283 903 3553 979 mystica
3584 904 3770 969 theo-

513 1025 684 1104 logia
716 1031 783 1088 et
808 1025 875 1086 in
911 1020 1200 1100 epistolis
1237 1020 1298 1081 S.
1351 1008 1961 1096 Dionysii,mendis
1996 1023 2223 1081 scatet.

512 1200 529 1215 .
583 1150 838 1215 Tertius
858 1155 957 1212 est
987 1146 1131 1212 cod.
1159 1142 1687 1208 Vindobonensis
1709 1142 1851 1216 751s,
1882 1140 2041 1205 olim
2085 1142 2227 1206 cod.
2252 1143 2449 1207 theol.
2480 1142 2784 1215 CCXVII,
2820 1147 3201 1221 membran.,
3231 1145 3373 1223 fol.,
3413 1148 3618 1213 seculi
3649 1152 3772 1214 XII

500 1271 812 1347 ineuntis,
842 1275 1092 1334 constat
1124 1266 1301 1331 foliis
1328 1267 1465 1328 100.
1497 1265 1645 1326 Fuit
1673 1263 1851 1339 olim,
1879 1267 1952 1326 ut
1975 1280 2207 1326 manus
2237 1263 2441 1327 seculi
2468 1264 2617 1325 XIV
2664 1261 2778 1325 fol.
2808 1262 2912 1338 £5,
2938 1265 2981 1327 2
3007 1271 3303 1346 testatur,
3330 1272 3777 1334 canonicorum

501 1388 890 1470 regularium
934 1388 1001 1451 S.
1037 1387 1383 1468 Augustini
1412 1390 1479 1452 in
1505 1407 1668 1451 nova
1697 1390 1970 1453 civitate.
2005 1391 2307 1455 Codicem
2339 1390 2510 1473 haud
2540 1391 2943 1471 spernendae
2981 1395 3387 1459 auctoritatis
3431 1394 3773 1475 descripsit

502 1510 692 1572 Denis
728 1509 926 1573 Codd.
960 1528 1104 1574 mss.
1144 1512 1297 1575 bibl.
1333 1512 1545 1578 Palat.
1584 1515 1846 1579 Vindob.
1881 1517 1992 1579 lat.
2032 1520 2215 1581 Tom.
2248 1521 2301 1594 Ι,
2330 1538 2393 1600 p.
2425 1520 2546 1582 677
2577 1536 2721 1601 sqq.
2747 1520 2958 1597 Quare
2994 1518 3181 1602 plura
3206 1518 3287 1582 de
3316 1534 3395 1581 eo
3427 1515 3534 1582 hic
3582 1516 3775 1581 verba

501 1628 709 1695 facere
741 1631 1263 1712 supersedemus.
3174 1612 3188 1630 ’
3623 1619 3637 1626 ’

581 1751 915 1815 Accedunt
972 1752 1101 1815 duo
1161 1754 1439 1831 Codices,
1499 1759 2036 1824 Darmstadiensis
2097 1767 2157 1824 et
2213 1760 2639 1825 Monacensis.
2700 1761 2795 1825 Ex
2857 1761 3096 1843 quibus
3154 1759 3265 1825 ille
3317 1764 3385 1824 ut
3431 1758 3497 1821 in
3564 1756 3773 1824 fronte

500 1874 691 1956 primi
725 1874 869 1938 folii
925 1876 1180 1955 legitur,
1216 1860 1371 1940 olim
1419 1878 1543 1941 fuit
1576 1881 1835 1961 majoris
1887 1882 2170 1944 ecclesiae
2220 1884 2288 1943 in
2334 1882 2635 1957 Colonia,
2690 1882 2909 1945 deinde
2957 1901 3280 1965 concessus
3311 1881 3621 1964 fratribus
3653 1884 3773 1945 mi-

498 1996 784 2060 noribus.
816 1999 930 2060 Est
967 2004 1180 2061 autem
1212 1998 1413 2061 codex
1466 2001 2016 2078 membran.,fol.,
2053 2003 2254 2065 seculi
2309 2004 2455 2068 XII.
2515 2005 2777 2068 Constat
2828 1986 3005 2066 foliis
3039 2005 3177 2077 103,
3231 2002 3470 2085 quibus
3525 2002 3773 2083 integra

500 2113 714 2175 versio
762 2111 1060 2177 habetur.
1099 2113 1401 2183 COdicem
1445 2121 1815 2183 Hartzheim
1850 2121 2189 2201 descripsit
2224 2123 2291 2183 in
2323 2122 2607 2201 catalogo
2667 2118 3230 2183 historico-critico
3289 2117 3574 2181 codicum
3625 2136 3768 2179 mss.

504 2216 655 2298 bibl.
724 2236 1008 2300 ecclesiae
1060 2240 1580 2319 metropolitanae
1644 2239 2031 2303 Coloniensis
2088 2240 2386 2303 Coloniae
2430 2242 2725 2316 1752,ιι⁰,
2790 2258 2850 2319 p.
2907 2240 2987 2300 20
3033 2236 3154 2299 sub
3219 2246 3288 2299 n”
3344 2233 3444 2299 30.
3498 2234 3769 2314 Margini

500 2362 744 2427 scholia
778 2371 1087 2445 perpetua
1118 2368 1179 2428 S.
1217 2365 1507 2440 Maximi,
1542 2364 1737 2428 latine
1795 2364 2072 2442 reddita,
2106 2364 2422 2444 adscripta
2452 2369 2626 2427 sunt.
2662 2360 2986 2443 Epistolae
3018 2359 3081 2421 S.
3112 2356 3411 2436 Dionysii
3458 2355 3770 2422 finiuntur

500 2466 612 2551 fol.
655 2490 794 2564 101,
827 2493 885 2565 1,
919 2490 1031 2553 ubi
1062 2466 1222 2554 haec
1251 2491 1413 2571 legis
1449 2488 1796 2570 :Expletae
1826 2497 1973 2552 sunt
2007 2490 2207 2551 decem
2233 2488 2527 2569 epistolae
2551 2487 2842 2567 Dionysii
2862 2483 3280 2563 Areopagitae
3309 2479 3771 2591 archiepiscopi

498 2609 656 2691 facti
686 2609 1085 2674 Athenarum.
1125 2611 1620 2692 Subjunguntur
1653 2630 1804 2692 pars
1849 2614 2148 2693 epistolae
2180 2613 2542 2693 Polycratis
2577 2611 2659 2674 ad
2691 2612 3001 2675 Victorem
3030 2622 3266 2687 papam
3297 2600 3557 2684 (Euseb.
3594 2601 3768 2665 Hist.

496 2728 674 2805 eccl.,
707 2731 786 2806 V,
820 2732 947 2814 ΞΕ),
981 2738 1042 2796 et
1071 2729 1343 2794 historia
1384 2732 1461 2795 de
1490 2734 1717 2815 juvene
1761 2734 2005 2795 latrone
2030 2780 2046 2808 ,
2090 2752 2267 2815 quem
2311 2754 2349 2794 α
2395 2733 2616 2795 scelere
2661 2735 3016 2793 revocatum
3066 2723 3337 2784 Joannes
3364 2719 3775 2801 Evangelista

498 2848 783 2914 ecclesiae
809 2852 1090 2915 restituit
1126 2852 1446 2933 (Clemens
1477 2853 1954 2918 Alexandrinus
1989 2855 2131 2935 quis
2163 2853 2329 2916 dives
2387 2852 2682 2924 salvetur,
2715 2869 2770 2914 c.
2802 2850 2917 2928 £2;
2952 2849 3194 2913 Euseb.
3233 2848 3404 2910 Hist.
3443 2843 3620 2919 eccl.,
3651 2846 3770 2909 ΠΡ

496 2964 623 3045 23).
653 2965 926 3048 Reliqua
956 2984 1102 3048 pars
1149 2971 1561 3035 membranae
1590 2974 1784 3037 rebus
1828 2973 2076 3037 nullius
2129 2973 2439 3036 momenti
2494 2978 2866 3052 occupatur.
2919 2951 3097 3036 Alter
3129 2971 3331 3036 codex
3360 2968 3771 3032 Monacensis

496 3082 609 3161 lat.
647 3084 1077 3148 Fiirstenfeld.
1112 3089 1171 3161 9,
1213 3087 1352 3164 fol.,
1390 3091 1589 3168 seculi
1622 3095 1764 3169 XV,
1804 3097 2031 3174 partim
2087 3095 2461 3160 chartaceus
2500 3097 2724 3175 partim
2762 3098 3321 3171 membranaceus,
3354 3094 3440 3156 ita
3471 3093 3768 3179 quidem,

500 3214 573 3270 ut
595 3214 897 3287 quattuor
923 3208 1077 3271 folia
1108 3209 1433 3277 chartacea
1455 3215 1583 3278 duo
1609 3217 1927 3297 excipiant
1956 3219 2106 3284 folia
2131 3222 2637 3297 membranacea,
2662 3225 2910 3285 constat
2929 3218 3102 3281 foliis
3124 3219 3267 3294 359;
3291 3216 3502 3281 versio
3524 3215 3769 3295 integra

502 3327 898 3393 nitidissima
934 3331 1165 3410 scripta
1192 3330 1308 3395 fol.
1349 3336 1535 3398 1-109
1559 3334 1823 3414 legitur;
1856 3339 2171 3421 reliquam
2228 3350 2472 3422 partem
2501 3340 2742 3406 codicis
2779 3335 3220 3403 Commentarii
3258 3332 3497 3395 domini
3521 3330 3769 3394 Alberti

505 3443 787 3523 episcopi
822 3444 1287 3511 Ratisbonensis
1320 3451 1388 3513 in
1427 3452 1624 3517 libros
1660 3456 2255 3540 Pseudo-Dionysii
2294 3476 2631 3542 occupant.

591 3587 922 3665 Superest,
959 3596 1032 3653 ut
1063 3590 1225 3655 duos
1260 3597 1510 3661 codices
1546 3619 2040 3667 commemorem
2072 3607 2416 3671 Vaticanos
2453 3610 2567 3671 177
2604 3615 2667 3673 et
2699 3611 2835 3685 176,
2873 3624 3039 3691 quos
3069 3604 3530 3687 descripsimus
3566 3619 3763 3684 supra

503 3697 627 3781 ξε»
675 3705 924 3780 Quibus
973 3712 1209 3790 pariter
1258 3715 1467 3778 versio
1516 3718 1761 3798 integra
1814 3725 2202 3798 continetur,
2256 3729 2367 3802 ita,
2412 3735 2480 3791 ut
2528 3730 2904 3795 monuimus
2998 3728 3339 3811 disposita,
3376 3732 3452 3790 ut
3487 3722 3763 3805 singulis

502 3827 816 3908 capitibus
846 3836 1291 3898 commentarii
1324 3838 1646 3903 variorum
1680 3845 2062 3925 scriptorum
2106 3838 2604 3930 subjungantur:

520 3995 533 4008 ο
580 3980 680 4043 Ad
711 3980 899 4045 ﬁdem
936 3982 1134 4063 igitur
1167 3985 1399 4048 horum
1441 3996 1693 4069 septem
1744 3993 2035 4058 codicum
2080 3999 2348 4062 Joannis
2379 4002 2547 4065 Scoti
2590 4002 3047 4085 Praefationem
3106 4008 3161 4063 et
3205 4016 3433 4060 versus
3478 3994 3763 4065 versioni

500 4101 916 4180 praemissos,
980 4121 1230 4169 necnon
1290 4108 1556 4186 pessimi
1602 4118 1960 4193 argumenti
2019 4121 2097 4185 ad
2134 4121 2372 4187 calcem
2426 4127 2744 4191 versionis
2787 4127 3014 4192 obvios
3066 4137 3572 4205 recognowmus.
3635 4118 3757 4180 Sed

498 4233 568 4295 in
619 4240 793 4299 textu
864 4236 1075 4317 ipsius
1128 4236 1433 4299 versionis
1485 4247 1879 4310 recensendo
1953 4256 2080 4317 tres
2160 4261 2405 4320 tantum
2480 4257 2733 4322 codices
2794 4256 3252 4335 adhibuimus,
3311 4258 3758 4319 Monacensem

497 4353 821 4433 Othlonis,
854 4358 1474 4435 Darmstadiensem,
1528 4369 1588 4424 et
1637 4366 2295 4438 Fiirstenfeldensem.
2349 4377 2574 4458 Neque
2630 4379 2860 4441 horum
2900 4377 3275 4441 varietatem
3324 4373 3621 4439 lectionis
3671 4377 3764 4435 to-‘

496 4480 624 4536 tam
673 4474 1007 4555 descripsi,
1047 4477 1158 4538 sed
1191 4479 1358 4542 solas
1394 4484 1705 4558 gravioris
1740 4497 2047 4556 momenti
2079 4498 2284 4559 varias
2317 4499 2627 4563 lectiones
2663 4501 2987 4567 addendos
3020 4502 3264 4584 putavi.

496 4594 537 4645 ί.
575 4592 911 4656 Praeterea
963 4594 1366 4673 inspeximus
1412 4606 1602 4671 istius
1650 4613 1967 4675 versionis
2019 4618 2303 4681 codicem
2339 4622 2741 4702 Lipsiensem
2769 4628 2906 4702 188,
2962 4627 3519 4688 membranaceum
3547 4667 3565 4698 ,
3619 4622 3761 4699 fol.,

499 4713 705 4777 seculi
732 4713 911 4790 XIII,
943 4733 1147 4795 quem.
1169 4736 1358 4804 supra
1395 4731 1423 4805 §
1459 4731 1498 4791 6
1544 4732 1982 4815 laudavimus,
2020 4742 2303 4806 codicem
2342 4743 2785 4811 Florentinum
2835 4750 3002 4813 Plut.
3037 4752 3412 4825 LXXXIX,
3453 4752 3608 4831 Sup.
3645 4752 3760 4822 15,

498 4834 885 4912 membran.,
918 4839 1033 4903 fol.
1068 4844 1245 4925 maj.,
1269 4848 1473 4910 seculi
1502 4852 1591 4913 Xl
1629 4855 1721 4916 vel
1758 4855 1879 4917 XII
1916 4856 2229 4935 ineuntis,
2260 4862 2566 4926 foliorum
2599 4868 2742 4940 253,
2768 4867 2879 4929 ubi
2912 4869 3123 4932 versio
3158 4875 3365 4933 exstat
3393 4868 3503 4931 fol.
3541 4867 3760 4944 1-1οῐι,

500 4956 759 5021 codices
790 4961 1275 5029 Gandavensem
1303 5012 1321 5042 ,
1355 4970 1748 5039 Parisienses
1775 5023 1791 5053 ,
1841 4996 2095 5045 necnon
2132 4983 2442 5062 plurimos
2477 4986 2638 5050 alios
2678 4990 2947 5053 minoris
2984 4991 3173 5071 pretii
3236 4990 3493 5054 codices
3525 5033 3542 5065 ,
3594 5003 3759 5068 quos

498 5080 763 5161 quidem
794 5081 901 5146 hic
932 5100 1309 5154 enumerare
1340 5099 1401 5154 et
1435 5094 1698 5175 longum
1738 5105 1798 5164 et
1838 5121 1874 5165 a
1906 5121 1976 5165 re
2006 5103 2287 5167 alienum
2324 5125 2466 5171 esse
2502 5109 2779 5173 videtur.

579 5230 882 5295 Versioni
942 5233 1240 5312 praemisi
1295 5241 1619 5319 epistolam
1650 5248 1971 5312 Anastasii
2009 5249 2469 5315 bibliothecarii
2493 5298 2510 5326 ,
2532 5254 2599 5315 in
2628 5253 2958 5317 codicibus
2989 5254 3362 5345 Florentino
3394 5258 3651 5322 laudato
3685 5266 3749 5321 et

501 5354 752 5417 duobus
784 5356 1106 5419 Vaticanis
1139 5359 1254 5421 176
1285 5365 1344 5422 et
1382 5361 1518 5440 177,
1559 5383 1677 5429 nec
1712 5385 1841 5431 non
1876 5371 1941 5434 in
1972 5370 2358 5452 quibusdam
2382 5374 2548 5450 aliis,
2596 5394 2761 5457 quos
2796 5380 3234 5460 inspeximus,
3288 5385 3443 5446 item
3478 5384 3761 5446 versioni

503 5486 1143 5565 praeﬁxam.Textum
1173 5506 1320 5555 vero
1343 5486 1537 5569 hujus
1554 5491 1860 5570 epistolae
1876 5497 1951 5559 ad
1968 5496 2155 5558 ﬁdem
2181 5497 2731 5563 oditionisUsserii
2752 5503 2815 5563 in
2830 5503 3762 5582 EpistolarumHibernicarum

500 5606 760 5686 sylloge,
784 5611 1083 5676 editionis
1110 5613 1601 5693 Argentinensis
1624 5629 1889 5696 Operum
1913 5619 2372 5698 S.Diony51ia.
2399 5619 2577 5694 1503,
2600 5626 2660 5680 et
2680 5621 2937 5686 illorum
2963 5626 3256 5687 codicum
3284 5625 3754 5688 recensuimus.

502 5725 625 5788 Sed
647 5727 964 5807 dolemus,
986 5734 1157 5813 quod
1185 5735 1365 5822 lapsu
1386 5737 1733 5824 memoriae
1765 5741 2133 5805 varietatem
2166 5740 2493 5817 lectionis,
2533 5759 2567 5804 e
2598 5742 2799 5809 tribus
2820 5746 3151 5811 codicibus
3176 5746 3612 5825 desumptam,
3643 5745 3753 5808 uni
