4152 6276
1835 307 2264 390 PROOEMIUM.
2481 348 2487 355 .
3607 329 3676 370 xv

425 451 800 516 Florentino
830 452 1204 517 tribuimus.
1243 455 1435 520 Hunc
1479 457 1680 536 igitur
1715 475 2031 534 errorem,
2065 478 2261 542 quem
2291 460 2612 540 corrigere
2640 461 2774 542 jam
2803 476 2934 525 non
2969 460 3139 538 licet,
3177 462 3281 527 hic
3335 464 3534 530 libere
3585 466 3678 532 fa-

434 583 681 640 teamur
712 594 974 640 necesse
1014 584 1134 640 est.

504 700 834 760 Praeterea
868 697 1261 760 monendum
1294 705 1413 772 est,
1447 699 1815 762 versionem
1845 698 2168 778 adjunctis
2204 700 2681 764 commentariis
2714 701 3034 766 variorum
3068 705 3382 784 prodiissc
3418 711 3662 788 Argen-

424 823 597 886 tinae
630 824 785 886 1503
809 822 932 886 hoc
962 821 1147 885 titulo
1182 843 1196 882 :
1246 821 1449 902 Opera
1483 824 1776 902 Dionysii
1802 824 2023 885 veteris
2060 831 2114 885 et
2141 842 2333 885 novae
2358 824 2830 903 translationis,
2863 827 3045 889 etiam
3071 831 3440 918 novissimae
3467 833 3671 913 ipsius

421 940 705 1003 Marsilii
733 941 964 1015 Ficini,
988 959 1124 1001 cum
1152 941 1608 1002 commentariis
1631 941 1947 1019 Hugonis,
1972 942 2236 1015 Alberti,
2264 943 2551 1020 Thomae,
2574 945 2889 1008 Ambrosii
2910 951 3209 1026 oratoris,
3235 951 3666 1019 Linconiensis

424 1069 480 1122 et
495 1059 1101 1138 Vercellensis.Nova
1122 1059 1314 1122 editio
1335 1064 1516 1122 aucta
1538 1057 1773 1138 prodiit
1794 1056 2094 1119 Coloniae
2119 1057 2238 1121 hoc
2264 1058 2445 1121 titulo
2471 1080 2485 1118 :
2509 1060 2574 1121 S.
2596 1060 2887 1140 Dionysii
2905 1063 3317 1146 Areopagitae
3337 1072 3661 1151 martyris,

427 1184 1139 1266 episcopiAtheniensis,
1169 1188 1223 1241 et
1279 1178 1603 1240 Gallorum
1638 1177 1914 1257 apostoli
1947 1197 2168 1258 opera,
2202 1196 2355 1258 quae
2383 1177 2627 1257 quidem
2661 1187 2926 1256 exstent,
2980 1185 3219 1258 omnia,
3278 1188 3664 1268 quintuplici

429 1310 841 1371 translatione
872 1325 1072 1379 versa,
1119 1309 1174 1366 et
1208 1301 1663 1363 commentariis
1692 1301 1766 1360 D.
1809 1299 2106 1378 Dionysii
2131 1319 2169 1359 a
2195 1299 2374 1362 Rikel
2417 1299 2819 1363 Carthusiani
2852 1322 3016 1365 nunc
3047 1305 3275 1368 iterum
3326 1308 3672 1390 diligentis-

429 1433 574 1493 sime
595 1429 774 1491 editis
789 1427 1122 1502 elucidata,
1145 1426 1218 1487 ab
1243 1425 1604 1498 innumeris,
1635 1424 1857 1504 quibus
1883 1424 2138 1485 antehac
2164 1425 2501 1502 scatebunt,
2525 1429 2756 1489 mendis
2777 1429 2987 1493 sedulo
3009 1434 3350 1500 vindicata.
3378 1437 3676 1503 Coloniae

426 1570 584 1612 anno
622 1548 858 1612 Christi
885 1547 1024 1609 nati
1051 1547 1208 1610 1556
1233 1564 1429 1608 mense
1455 1546 1780 1620 Januarii,
1815 1544 1928 1608 fol.
1963 1545 2240 1609 Alteram
2271 1546 2435 1610 hanc
2472 1548 2819 1614 editionem
2854 1553 2927 1615 in
2958 1553 3202 1619 edenda
3238 1558 3535 1624 versione
3565 1561 3676 1625 ad-

422 1669 786 1734 hibuimus.

501 1796 659 1856 Data
687 1796 808 1855 hac
839 1791 1316 1873 opportunitate
1353 1790 1571 1852 licebit
1603 1790 1683 1853 de
1713 1791 1988 1854 Othlone
2017 1793 2364 1869 monacho,
2397 1795 2581 1875 cujus
2620 1797 2901 1861 codicem
2933 1799 3254 1882 insignem
3312 1810 3502 1870 modo
3535 1808 3676 1871 lau-

417 1913 742 1988 davimus,
769 1913 846 1976 ad
873 1913 1063 1975 ﬁdem
1090 1914 1383 1977 codicum
1409 1915 1892 1979 Monacensium
1920 1919 2227 1982 nonnulla
2251 1922 2663 2004 subjungere.
2701 1926 2762 1989 Is
2796 1927 2970 1990 enim
3003 1927 3303 1990 coenobii
3328 1929 3389 1990 S.
3419 1931 3678 1996 Emme-

416 2035 650 2100 rammi
704 2033 1201 2097 Ratisbonensis
1248 2034 1603 2096 monachus
1632 2034 1776 2098 fuit.
1811 2036 1985 2099 Vixit
2022 2046 2302 2103 exeunte
2335 2041 2556 2106 seculo
2584 2043 2647 2106 X
2681 2050 2742 2108 et
2771 2045 3044 2111 ineunte
3089 2048 3205 2111 XI.
3241 2047 3440 2130 Cujus
3487 2067 3679 2132 opera

417 2188 497 2233 ex
528 2166 941 2246 autographis
990 2162 1194 2228 edidit
1235 2159 1358 2222 Pez
1393 2160 1612 2224 Novus
1647 2161 2005 2222 Thesaurus
2036 2162 2519 2238 Anecdotorum,
2560 2168 2744 2232 Tom.
2785 2170 2873 2231 Ill
2903 2171 2969 2235 P.
3003 2173 3084 2248 II,
3124 2191 3186 2254 p.
3222 2173 3338 2236 1&2
3370 2193 3514 2256 sqq.
3553 2175 3678 2238 Au-

423 2291 723 2371 tographa
749 2291 1074 2370 hodieque
1106 2296 1361 2354 exstant
1397 2290 1466 2352 in
1505 2290 1898 2353 bibliotheca
1928 2291 2128 2369 Regia
2182 2292 2550 2356 Monacensi
2585 2295 2767 2358 codd.
2800 2298 3076 2360 Emmer.
3111 2300 3182 2360 E.
3215 2298 3450 2375 CXIII,
3481 2299 3580 2376 ιιο,
3617 2308 3680 2365 et

429 2408 496 2470 b.
534 2412 646 2483 10,
682 2412 766 2472 8°.
796 2411 872 2470 In
916 2427 1194 2488 quorum
1251 2410 1451 2473 altero
1488 2409 1648 2484 hoc,
1681 2409 1797 2473 fol.
1832 2411 1978 2486 112,
2018 2409 2210 2472 Othlo
2246 2411 2480 2488 libros,
2518 2431 2682 2493 quos
2735 2432 2850 2478 sua
2903 2435 3101 2484 manu
3153 2422 3522 2503 descripsit,
3559 2424 3678 2488 hos

429 2538 817 2594 enumerat:
866 2531 1012 2592 Tres
1064 2548 1306 2610 quoque
1361 2529 1554 2591 libros
1613 2530 2127 2612 Evangeliorum,
2182 2540 2237 2592 et
2297 2534 2453 2596 duos
2501 2554 2638 2597 cum
2706 2537 2988 2616 epistolis
3057 2545 3112 2599 et
3167 2541 3530 2620 evangeliis,
3566 2540 3677 2621 qui

419 2659 780 2722 lectionarii
811 2671 1152 2731 vocantur,
1183 2675 1449 2736 suosque
1479 2657 1797 2737 ofﬁciales,
1828 2677 1933 2719 nec
1966 2678 2092 2720 non
2139 2660 2457 2724 volumina
2490 2665 2614 2726 duo
2657 2667 2857 2728 sancti
2886 2665 3267 2744 Augustini,
3301 2666 3368 2726 in
3402 2682 3671 2745 quorum

417 2800 542 2844 uno
606 2779 769 2843 VIII
791 2824 808 2855 ,
851 2781 917 2841 in
952 2779 1080 2840 alio
1128 2778 1178 2838 ν
1231 2777 1384 2840 libri
1438 2779 1861 2855 continentur,
1917 2780 2400 2864 collationesque
2430 2784 2694 2846 Patrum
2727 2795 2781 2847 et
2822 2788 3204 2849 Ierarchiam
3257 2789 3507 2867 scripsi.
3576 2791 3670 2851 Ex

423 2901 655 2964 eodem
690 2898 1084 2978 autographo
1118 2899 1534 2962 Mabillonius
1563 2901 1731 2963 Vett.
1769 2902 2068 2968 Analecta
2103 2905 2203 2967 ed.
2236 2906 2435 2968 Paris.
2463 2909 2637 2982 1723,
2679 2927 2742 2989 p.
2783 2910 2898 2974 108
2927 2930 3067 2994 sqq.
3113 2913 3407 2976 Othlonis
3442 2914 3678 2980 librum

432 3021 634 3084 edidit
679 3019 841 3082 falso
893 3019 1012 3083 hoc
1061 3018 1294 3082 titulo:
1341 3021 1648 3100 Anonymi
1675 3023 1960 3085 monachi
2013 3024 2486 3088 Ratisbonensis
2526 3029 2773 3092 libellus
2815 3029 2887 3092 de
2939 3033 3142 3114 ipsius
3194 3037 3674 3113 tentationibus,

432 3146 611 3208 varia
635 3147 916 3226 fortuna,
959 3153 1015 3206 et
1042 3148 1321 3227 scriptis.
1356 3150 1546 3214 Liber
1576 3152 1642 3213 in
1676 3153 1900 3216 codice
1936 3154 2310 3217 inscribitur
2349 3176 2364 3214 :
2410 3156 2652 3236 Incipit
2687 3155 2843 3219 liber
2880 3156 2951 3219 de
2980 3160 3317 3221 tentatione
3350 3158 3676 3240 cujusdam

421 3265 725 3329 monachi.
773 3267 1132 3331 Mabillonii
1168 3274 1382 3335 textus
1415 3275 1660 3336 mensis
1697 3273 1972 3339 refertus
2027 3284 2088 3340 et
2126 3278 2192 3340 in
2228 3278 2352 3342 ﬁne
2389 3285 2722 3345 truncatus
2756 3291 2888 3359 est,
2918 3283 3037 3358 ita,
3068 3290 3138 3346 ut
3167 3301 3330 3348 nova
3369 3286 3566 3350 editio
3598 3289 3677 3351 ad

420 3393 804 3474 autographi
858 3395 1046 3458 ﬁdem
1097 3398 1417 3477 recognita
1469 3405 1798 3480 perOptata
1850 3419 1992 3464 esse
2024 3403 2338 3467 videatur.
2365 3404 2584 3467 Altero
2621 3414 2832 3469 autem
2862 3411 3251 3492 autographo
3283 3414 3423 3476 cod.
3448 3414 3676 3494 CXIII,

419 3509 535 3573 fol.
583 3511 754 3586 1-16,
793 3511 1064 3576 habetur
1094 3516 1394 3581 Othlonis
1432 3519 1679 3581 libellus
1709 3523 2016 3584 manualis
2048 3524 2119 3586 de
2165 3524 2590 3590 admonitione
2626 3529 3026 3609 clericorum,
3060 3536 3169 3616 qui
3219 3537 3360 3602 sine
3415 3541 3677 3608 nomine

420 3633 702 3696 auctoris
734 3634 971 3714 prodiit
999 3634 1067 3698 in
1098 3639 1257 3719 Opp.
1294 3642 1501 3706 Bedae
1533 3623 2050 3723 Coloniae.1688,
2085 3650 2267 3713 Tom.
2306 3651 2389 3726 ΙΙ,
2423 3670 2484 3731 p.
2518 3653 2636 3716 200
2671 3672 2840 3734 sqq.,
2877 3655 2963 3717 ita
2994 3655 3340 3736 inscriptus
3374 3678 3388 3717 :
3429 3657 3502 3720 de
3527 3660 3679 3724 Sub-

420 3755 673 3816 stantiis
707 3754 979 3820 libellus.
1028 3759 1324 3826 Monachi
1357 3767 1758 3852 Benedictini
1782 3818 1797 3848 ,
1835 3772 1946 3850 qui
2001 3773 2220 3836 seculo
2253 3775 2344 3834 XI
2379 3775 2473 3835 vel
2501 3758 2629 3836 IXII
2661 3775 2988 3856 antiquior
3032 3794 3160 3840 non
3190 3778 3304 3854 sit,
3339 3797 3498 3862 Opus
3531 3803 3670 3850 esse

422 3879 826 3960 conjecerant
860 3883 1074 3946 Oudin
1106 3885 1184 3950 de
1232 3889 1457 3971 Seript.
1510 3895 1735 3958 eccles.
1776 3899 1848 3957 T.
1902 3898 1952 3972 Ι,
2004 3901 2122 3963 col.
2176 3902 2370 3976 1687,
2421 3904 2614 3980 1706,
2663 3911 2722 3968 et
2776 3902 3105 3966 Fabricius
3165 3902 3322 3966 bibl.
3375 3923 3433 3966 ν.
3478 3907 3652 3970 Beda.

420 3998 738 4064 Libellum
771 4002 1005 4083 excipit
1038 4003 1148 4069 fol.
1185 4009 1376 4072 16-18
1424 4029 1676 4078 carmen
1717 4015 2042 4095 Othlonis,
2079 4020 2164 4084 ita
2188 4023 2566 4104 inscriptum
2600 4047 2614 4086 :
2654 4029 2866 4090 Sermo
2927 4029 3218 4090 metricus
3271 4026 3352 4090 ad
3405 4029 3665 4095 clericos

421 4127 778 4206 specialiter
835 4130 1067 4205 dictus,
1106 4149 1140 4195 a
1174 4133 1362 4196 Pezio
1397 4133 1780 4213 neglectum.
1829 4139 2015 4209 Quod
2069 4158 2269 4219 quum
2319 4144 2598 4208 instante
2655 4167 2824 4211 anno
2887 4149 3254 4226 millesimo,
3305 4172 3436 4234 quo
3483 4155 3676 4220 ﬁnem

426 4251 652 4313 mundi
697 4257 1184 4333 exspectabant,
1226 4259 1467 4321 clerum
1512 4261 1586 4322 ad
1626 4262 2092 4342 poenitentiam
2150 4272 2443 4342 revocet,
2497 4268 2644 4332 illos
2698 4289 2920 4336 versus
2969 4277 3034 4337 in
3067 4278 3328 4354 gratiam
3368 4280 3673 4346 lectorum

429 4371 554 4438 hoc
583 4373 724 4440 loco
754 4376 1210 4445 adscribendos
1241 4383 1631 4445 curavimus.
1666 4384 1824 4446 Sunt
1855 4389 2066 4449 autem
2092 4383 2233 4450 hice
2268 4409 2281 4448 :
3219 4378 3224 4385 ’

1103 4535 1394 4598 Othlonis
1421 4556 1616 4601 sermo
1647 4541 1938 4603 metricus
1967 4541 2050 4602 ad
2083 4542 2338 4606 clericos
2373 4545 2726 4625 specialiter
2762 4545 2989 4614 dictus.

1137 4674 1182 4756 ρ
1206 4676 1403 4756 fratres
1437 4678 1572 4744 cari,
1599 4676 2034 4756 doctores_atgue
2072 4686 2317 4756 magistri

1137 4743 1414 4823 Ecclesiae
1437 4743 1654 4823 sanctae
1692 4751 1791 4806 sub
1816 4743 2296 4823 cleri‘conditione,

1137 4815 1428 4892 Deprecor,
1459 4820 1667 4892 audite,
1697 4836 1834 4891 quae
1853 4822 1962 4892 jam
1993 4823 2116 4879 volo
2142 4815 2301 4879 verba
2335 4828 2556 4886 referre.

1135 4883 1268 4969 gum
1294 4889 1557 4969 prope_sit
1584 4883 1812 4969 tempus,
1840 4883 1946 4961 quo
1970 4895 2198 4969 mundus
2223 4895 2327 4969 erit
2353 4883 2614 4969 ruitlirrs,

1062 4954 1097 5009 ὃ
1136 4953 1264 5033 Eos,
1291 4953 1631 5033 Elui—diligitis
1656 4953 1805 5015 vitae
1819 4953 2080 5028 piomissa
2107 4967 2379 5033 perennis,

1142 5023 1620 5100 Ifortesathleiae,
1650 5023 1861 5100 sursum
1890 5047 2035 5100 sprm
2066 5023 2258 5089 nfentis
2288 5023 2500 5096 habete.

1135 5092 1212 5181 ζέε
1239 5097 1366 5181 quid
1393 5097 1447 5177 in
1475 5098 1579 5152 hoc
1601 5101 1799 5181 mundo
1823 5092 1932 5167 iani
1959 5092 2548 5181 possideatisamando.
3301 5113 3324 5181 ξ

1141 5163 1499 5247 [testatenim
1531 5167 1682 5247 vobis
1709 5163 1914 5247 fructus
1940 5163 2144 5247 patriae
2173 5163 2547 5247 meliorisfiv
3321 5178 3324 5181 Α
3512 5163 3539 5232 ἷ-

1147 5231 1205 5288 Si
1232 5238 1392 5289 modo
1421 5235 1618 5290 sinceri
1655 5239 1915 5295 studeatis
1940 5231 2048 5296 rite
2081 5247 2295 5301 mereri.

1039 5303 1108 5359 10
1144 5304 1420 5388 ἐόηιιιιθιιι
1458 5308 1816 5388 quaerendam
1847 5321 2178 5388 praesentem
2209 5319 2445 5386 spernite
2475 5330 2662 5388 Vitam,

1145 5371 1345 5455 ysib'us
1369 5371 1629 5455 exceptis,
1658 5392 1755 5455 per
1783 5371 1919 5448 quos
1954 5381 2081 5437 illuc
2108 5371 2427 5455 properatis,

1140 5441 1206 5536 ﬁt
1236 5444 1428 5512 quibus
1455 5441 1970 5536 interea-foveantur
1994 5441 2224 5536 corpora‘
2246 5441 2445 5536 vestra.
3231 5530 3235 5536 ,

1145 5509 1268 5596 ἔρπῖ
1292 5528 1386 5569 vos
1402 5516 1654 5596 seducat,
1684 5520 1725 5573 si
1765 5509 2136 5596 censuscopia
2167 5509 2445 5596 abundat:
3231 5530 3235 5536 '
3308 5540 3310 5544 τ
3382 5533 3419 5553 δ’

1144 5580 1201 5664 _Si
1231 5592 1358 5664 sunt
1383 5585 1620 5664 divitiae,
1641 5580 1749 5658 ’pcr
1773 5605 1864 5643 eas
1886 5580 2067 5664 nolite
2090 5580 2286 5664 perire.

1038 5652 1105 5707 15
1139 5652 1272 5739 ἕδρη
1299 5653 1570 5739 Deusjtas
1592 5652 1850 5739 tribuens,
1882 5663 1936 5716 in
1961 5665 2039 5720 eis
2069 5652 2360 5739 interrogat
2384 5685 2590 5738 omnes,

1141 5724 1271 5798 Quis
1299 5725 1424 5798 velit
1451 5725 1695 5798 inhdonis
1723 5731 1899 5798 potius
1929 5745 2176 5793 constare
2204 5724 2395 5793 fudistis.

1141 5793 1257 5850 Non
1295 5793 1427 5851 alias
1450 5795 1544 5851 ulli
1572 5793 1892 5867 subiguntur
1921 5808 2199 5861 commoda
2230 5810 2434 5874 mundi,
