4152 6276
542 371 676 418 xvul
1965 348 2389 409 PROOEMIUM.

1247 470 1474 526 Condite
1502 483 1636 540 gaza
1663 469 1838 540 polo,
1852 483 2040 540 saccos
2081 477 2310 540 vacuatc
2335 479 2587 540 gazaram
2604 504 2619 530 ,

1245 541 1380 596 Aula
1412 533 1558 595 tenét
1581 533 1780 595 Chi-isti
1810 539 2081 594 Christum
2112 539 2166 590 in
2191 533 2406 605 pectore
2430 543 2484 589 et
2503 533 2673 589 aula.-

1924 630 2002 686 De
2043 631 2184 701 galla
2227 628 2420 699 puella.

1245 730 1352 784 Das
1380 744 1658 798 nunquam
1683 769 1697 789 ,
1727 741 1945 798 semper
1968 725 2279 798 promittis,
2311 724 2462 779 Galla
2484 765 2499 791 ,
2532 723 2738 794 roganti
2768 737 2783 753 °

1329 798 1388 854 Si
1415 794 1629 869 senTper
1653 798 1819 862 fallis,
1839 794 1950 869 iam
1970 794 2126 864 rogo,
2157 794 2327 858 Galla,
2357 807 2510 864 nega.

1990 888 2064 942 De
2129 888 2344 941 tineoso.

1245 989 1426 1055 Turpe
1448 1002 1632 1057 prcus,
1665 989 1875 1053 inutile,
1907 965 2083 1056 turpe,
2111 986 2227 1057 sine
2251 984 2494 1057 gramine
2522 997 2686 1052 capus

1337 1055 1553 1141 Et‘sine
1575 1057 1765 1112 fronde
1792 1055 2073 1122 frutex,’et
2101 1055 2221 1110 sine
2253 1055 2404 1109 crine
2430 1063 2609 1125 caput.

1994 1149 2076 1203 Ad
2132 1147 2348 1202 ebrium.

1251 1249 1352 1303 Dic
1379 1246 1532 1312 mihi,
1562 1247 1670 1311 dic,
1697 1245 1868 1312 ebrie,
1890 1244 2029 1299 vivis
2060 1258 2129 1298 an
2156 1251 2332 1300 morte
2355 1241 2642 1312 gravaris?

1247 1317 1489 1372 Pallidus
1517 1331 1644 1371 ecce
1670 1316 1844 1385 jaces,
1871 1328 2001 1370 ecce
2028 1313 2148 1385 sine
2172 1320 2357 1367 mente
2379 1311 2611 1385 quiescis
2639 1327 2654 1376 ;

1247 1387 1364 1442 Non
1392 1386 1555 1449 bona,
1590 1378 1696 1438 non
1725 1378 1886 1448 mala,
1916 1398 2023 1437 non
2053 1382 2211 1446 dura,
2239 1394 2347 1436 non
2374 1379 2556 1434 mollia
2575 1378 2765 1434 sentis.

1243 1456 1359 1510 Hoc
1387 1463 1593 1508 tantum
1625 1454 1794 1520 distas
1823 1467 1853 1506 a
1877 1451 1971 1506 fati
2000 1459 2152 1520 sorte,
2175 1449 2409 1520 sepulti,

1247 1525 1404 1591 Quod
1433 1523 1610 1579 tenuis
1635 1518 1864 1578 miseros
1892 1519 2184 1592 subpungit
2218 1518 2486 1574 anhelitus
2511 1525 2681 1572 artus.

1982 1653 1985 1655 -
2046 1613 2123 1668 De
2165 1613 2301 1667 uino.

1247 1713 1470 1783 Magnus
1503 1718 1582 1775 tu,
1618 1709 1848 1776 Bacche,
1879 1722 2071 1779 magna
2099 1717 2190 1762 tua
2217 1707 2389 1783 virtus
2421 1704 2658 1783 ubique_,

1248 1775 1451 1837 Contra
1482 1789 1534 1833 te
1560 1775 1839 1835 certantes
1863 1787 1920 1833 tu
1949 1775 2161 1846 semper
2190 1777 2426 1845 palmam
2454 1775 2664 1831 levasti.

617 1913 886 1978 Joannis
919 1910 1089 1974 Scoti
1130 1924 1344 1969 versus
1377 1903 1448 1964 de
1481 1903 1544 1964 S.
1577 1902 1863 1963 Maximo
1914 1917 1950 1962 e
1991 1897 2213 1961 codice
2261 1897 2734 1962 armamentarii
2781 1896 2950 1960 eruit
2993 1897 3079 1964 M.
3115 1885 3594 1966 F.Ravaisson.
3629 1903 3807 1978 Quos

538 2035 608 2096 in
637 2035 832 2104 libro,
870 2032 977 2095 cui
1019 2029 1243 2093 titulus
1275 2047 1289 2085 :
1325 2025 1646 2103 Rapports
1685 2027 1805 2084 cct.
1842 2038 1904 2099 p.
1936 2019 2228 2090 356-358,
2263 2018 2472 2082 editos
2509 2036 2682 2082 nunc
2711 2018 3134 2082 reddidimus.
3169 2017 3386 2084 Codex
3434 2021 3648 2102 qualis
3692 2023 3801 2099 sit,

545 2150 755 2213 editor
784 2166 919 2212 non
950 2143 1280 2210 indicavit.
1815 2135 1819 2138 ’

623 2273 862 2334 Versus
876 2267 1146 2331 Joannis
1169 2262 1341 2328 Scoti
1364 2271 1614 2326 exstare
1646 2263 1714 2324 in
1744 2261 1885 2324 cod.
1908 2261 2438 2327 ms.Benedictino
2463 2261 2635 2343 apud
2654 2263 3212 2342 Cantabrigienses,
3235 2269 3505 2329 testatur
3526 2224 3810 2327 Thomas

539 2390 694 2455 Gale
744 2389 812 2451 in
867 2385 1257 2468 praefatione
1308 2383 1390 2444 ad
1425 2383 1730 2446 librosde
1764 2384 2072 2447 divisione
2104 2382 2406 2448 Naturae.
2445 2387 2584 2455 Nec.
2618 2386 2888 2449 dubium
2939 2391 3058 2461 est,
3101 2386 3262 2466 quin
3312 2387 3369 2449 is
3416 2386 3805 2450 intellexerit

542 2504 806 2568 eosdem
851 2518 1119 2576 versus,
1174 2515 1340 2580 quos
1374 2499 1598 2564 beatus
1653 2500 1738 2591 D'.
1777 2499 2016 2563 Oehler
2067 2506 2216 2564 ante
2273 2501 2396 2565 hos
2451 2502 2589 2567 fere
2643 2504 2865 2568 decem
2921 2520 3125 2570 annos
3181 2508 3520 2590 descripsit
3572 2528 3607 2572 e
3663 2510 3800 2572 cod.

542 2622 910 2701 Cantabrig.
963 2618 1218 2698 collegii
1268 2619 1459 2700 Corp.
1492 2619 1728 2682 Christi
1774 2620 1849 2681 N°
1877 2620 1997 2682 223
2030 2619 2236 2683 seculi
2273 2623 2388 2684 IX.
2429 2622 2628 2702 Cujus
2663 2625 2938 2704 capiam,
2989 2626 3109 2687 etsi
3153 2625 3410 2690 fratrem
3464 2627 3804 2691 haeredem

547 2742 898 2806 tdentidem
929 2754 1280 2818 rogassem,
1308 2742 1381 2797 ut
1411 2734 1573 2797 mihi
1601 2735 1668 2797 in
1692 2751 1885 2797 usum
1920 2735 2118 2818 hujus
2156 2734 2460 2799 editionis
2489 2737 2892 2813 concederet,
2914 2756 3046 2802 non
3075 2743 3352 2819 obtinui,
3374 2745 3508 2807 imo
3543 2763 3809 2824 respon-
3846 2712 3868 2785 θ

539 2880 687 2927 sum
722 2862 975 2925 nullum
1005 2861 1246 2940 accepi.
1279 2863 1501 2943 Neque
1520 2861 2080 2942 Cantabrigienses
2114 2864 2499 2940 votis'meis,
2532 2870 2602 2928 ut
2631 2881 2885 2929 carmen
2916 2865 2984 2928 in
3012 2883 3200 2929 usum
3232 2882 3443 2928 meum
3477 2865 3809 2930 describe-

551 2991 746 3049 retur.
777 2981 1066 3044 obsecuti
1102 2986 1276 3044 sunt.
1312 2981 1524 3054 Quare
1561 2981 1770 3045 solum
1807 2981 2108 3046 carminis
2138 2982 2356 3058 ﬁnem,
2387 3001 2580 3062 quem
2610 2985 2686 3045 D'
2712 2983 2950 3047 Oehler
2983 3001 3128 3047 cum
3147 2985 3354 3050 amico
3379 2979 3810 3050 communica-

550 3115 745 3185 verat,
777 3108 966 3171 edere
1006 3105 1207 3185 potui.
1238 3103 1497 3165 Constat
1527 3102 1669 3181 ipso
1699 3109 1862 3168 teste
1912 3121 2169 3168 carmen
2209 3108 2573 3186 argumenti
2611 3106 3269 3186 dogmatico-ascetici
3319 3108 3618 3170 versibus
3659 3108 3793 3168 101.
3851 3124 3855 3127 ·

632 3230 850 3291 Versus
889 3225 961 3286 de
989 3225 1056 3286 κς.
1088 3224 1394 3303 Dionysio
1426 3222 1614 3285 initio
1662 3231 1725 3287 et
1755 3223 1820 3286 in
1856 3223 1982 3288 [ine
2013 3225 2328 3288 versionis
2363 3243 2628 3307 Operum
2666 3227 2806 3306 ejus
2842 3226 3275 3304 reperiuntur.
3325 3228 3565 3289 Pariter
3594 3244 3811 3287 versus

550 3357 853 3433 quattuor
902 3346 1092 3412 initio
1143 3342 1294 3408 libri
1341 3340 1423 3404 de
1474 3339 2068 3406 Praedestinatione
2123 3349 2486 3406 occurrunt.
2535 3344 2706 3405 Duos
2754 3361 2970 3405 versus
3023 3361 3059 3406 e
3102 3343 3322 3406 codice
3376 3342 3808 3408 bibliothecae

543 3471 778 3552 Regiae
802 3465 1634 3544 eruitCousin,Fragments
1679 3463 2214 3545 philosophiquee,
2270 3465 2444 3530 Tom.
2476 3465 2590 3527 III
2621 3464 2906 3546 Append.
2933 3482 3003 3544 'p.
3036 3465 3174 3526 326.
3211 3464 3390 3537 Quos
3428 3462 3593 3526 infra
3625 3463 3812 3525 addi-

552 3590 790 3677 dimus.
824 3588 950 3651 Alii
984 3605 1232 3664 versus,
1269 3583 1384 3666 qui
1417 3584 1649 3648 Joanni
1689 3586 1879 3648 Scoto
1907 3584 2249 3648 tribuenda
2287 3602 2430 3649 esse
2478 3586 2883 3661 videbant-ur,
2923 3586 3116 3664 supra
3147 3587 3175 3659 §
3207 3583 3278 3643 11
3323 3580 3807 3660 adscripsimus.

637 3704 964 3768 Accedunt
993 3703 1262 3791 Joannis
1293 3702 1477 3766 -Scoti
1507 3703 1716 3783 graeci
1747 3719 1960 3766 versus
1991 3702 2304 3782 incompti
2331 3709 2397 3766 et
2426 3703 2698 3779 horridi,
2735 3703 2851 3784 qui
2899 3718 2935 3764 θ
2965 3702 3184 3765 codice
3218 3703 3280 3762 S.
3315 3699 3616 3763 Germani
3666 3714 3809 3778 pro-

549 3823 806 3911 dierunt
835 3823 1038 3886 literis
1071 3821 1432 3886 uncialibus
1462 3839 1592 3885 una
1628 3839 1772 3885 cum
1807 3822 2042 3900 glossis
2073 3823 2288 3886 latinis
2315 3822 2384 3884 in
2418 3821 2817 3904 Praefatione
2845 3821 2927 3882 ad
2956 3821 3027 3883 ϐ.
3061 3817 3648 3897 Labbei‘glossaria.
3682 3813 3809 3888 Qui

551 3945 673 4010 etsi
699 3953 822 4008 tam
851 3943 1130 4025 corrupti
1155 3941 1309 4016 sint,
1332 3946 1401 4003 ut
1435 3941 1579 4020 ipso
1610 3939 1860 4020 Angelo
1885 3941 2014 4006 Mai
2044 3946 2208 4005 teste
2236 3941 2279 4004 l.
2308 3941 2349 4003 l.
2380 3942 2584 4022 p451
2610 3941 2823 4004 sanari
2847 3941 2951 4002 vix
2984 3955 3175 4019 posse
3212 3938 3575 4011 videantur,
3595 3942 3811 3998 tamen

548 4068 616 4128 in
641 4067 724 4129 iis
747 4063 1169 4128 emendandis
1200 4079 1274 4126 ac
1304 4063 1676 4142 reparandis
1703 4081 1837 4130 non
1868 4067 2015 4131 sine
2043 4066 2260 4131 fructu
2287 4066 2478 4130 nobis
2508 4065 2840 4129 laborasse
2864 4063 3180 4126 videmur.
3203 4060 3414 4133 Quare
3443 4059 3491 4120 ii
3525 4035 3814 4132 castigati

550 4185 657 4247 hic
692 4185 909 4246 denuo
946 4181 1248 4246 eduntur-
1296 4181 1600 4252 Codicem
1641 4185 1702 4247 S.
1735 4187 2038 4251 Germani
2071 4187 2140 4250 in
2186 4186 2579 4250 bibliotheca
2615 4184 2812 4265 Regia
2840 4180 3187 4246 Parisiensi
3223 4179 3455 4242 frustra
3493 4173 3804 4254 quaesivi.

631 4305 800 4368 Casu
845 4304 913 4367 in
942 4293 1172 4368 manus
1203 4322 1374 4370 meas
1407 4309 1584 4372 venit
1617 4327 1872 4372 carmen
1905 4323 2232 4389 graecum,
2256 4309 2464 4373 literis
2486 4307 2705 4372 latinis
2736 4304 2940 4369 seculi
2970 4305 3060 4365 IX
3091 4311 3444 4377 exaratum,
3467 4298 3806 4380 adscriptis

553 4423 788 4512 glossis
848 4421 1087 4485 latinis.
1143 4421 1332 4494 Quod
1365 4429 1580 4502 'quum
1627 4425 1932 4508 ante'hos
1967 4424 2261 4514 quinque
2307 4441 2514 4488 annos
2561 4427 2634 4486 D'
2684 4425 2773 4488 Μ.
2824 4423 2894 4485 C.
2931 4423 3001 4485 B.
3047 4422 3216 4484 Book
3267 4440 3324 4481 v.
3374 4419 3455 4480 cl.
3505 4436 3541 4480 e
3593 4417 3816 4480 codice

550 4535 987 4604 bibliothecae
1008 4539 1457 4638 Burgundicae
1484 4541 1929 4606 Bruxellensis
1956 4542 2351 4622 descriptum
2384 4542 2688 4606 Lerschio
2708 4549 2930 4606 nostro
2955 4543 3154 4606 eheu!
3189 4547 3586 4621 praematura
3609 4543 3814 4601 morte

558 4665 749 4726 nobis
781 4667 999 4740 erepto
1050 4658 1358 4735 misisset,
1397 4672 1469 4728 ut
1506 4664 1787 4745 primum
1829 4665 2411 4748 iuspexrﬁloannis
2457 4665 2628 4730 Scoti
2690 4683 2910 4730 versus
2953 4682 3095 4729 esse
3143 4662 3435 4740 cognovi.
3489 4661 3816 4734 Codicem,

561 4779 772 4864 nuper
803 4799 948 4844 cum
985 4783 1304 4878 Bruxellis
1349 4805 1658 4865 versarer,
1711 4791 1778 4856 in
1813 4792 2144 4865 Franciam
2183 4789 2846 4870 missumfinspicere
2895 4804 3026 4851 non
3064 4785 3269 4865 potui.
3315 4785 3426 4846 Est
3471 4798 3624 4849 vero
3673 4781 3814 4845 cod.

561 4901 1010 4994 19078-10084,
1040 4904 1418 4983 membran.,
1453 4907 1594 4982 fol.,
1632 4911 1834 4972 seculi
1865 4911 2009 4972 ΧΠ.
2043 4909 2471 4973 Continentur
2507 4925 2582 4972 eo
2616 4906 2966 4986 Virgilium
3009 4901 3331 4982 Fmgentii
3375 4905 3437 4962 et
3473 4898 3716 4976 glossae
3749 4895 3824 4956 de

565 5034 874 5096 abstrusis
905 5030 1315 5094 sermonibus.
1342 5072 1344 5076 -
1372 5029 1442 5088 ln
1473 5027 1713 5106 quibus
1751 5029 1987 5105 glossis
2038 5034 2100 5089 et
2132 5027 2328 5090 hosce
2359 5043 2603 5101 vers-us,
2638 5027 2704 5088 in
2751 5025 3061 5087 honorem
3099 5023 3162 5084 Β.
3213 5019 3513 5098 Dionysii
3561 5033 3822 5093 compo-

559 5157 743 5229 sitos,
779 5151 1106 5216 numerari
1142 5148 1455 5228 suspicor.
2817 5229 2820 5231 _

639 5281 666 5352 ἓ
699 5276 795 5338 16.
824 5275 1053 5358 Νυρθιῇ
1074 5269 1403 5351 pollicitus
1433 5278 1528 5334 est
1556 5272 1631 5330 D.
1661 5245 1829 5334 Pitra
1862 5289 1918 5333 ν.
1954 5272 2060 5343 cl.,
2103 5270 2428 5350 Spicilegii
2459 5270 2884 5334 Solesmensis
2943 5271 3120 5336 Tom.
3162 5273 3218 5336 ll
3249 5289 3320 5336 se
3350 5272 3616 5335 Joannis
3646 5271 3817 5332 Scott

561 5405 1033 5498 commentarios
1078 5397 1144 5456 in
1191 5392 1582 5456 Martianum
1639 5393 1953 5475 Capellam
2000 5393 2473 5472 evulgaturum.
2535 5395 2714 5468 Quos
2761 5393 2950 5458 doleo
3013 5399 3303 5462 nondum
3345 5398 3812 5476 comparuisse.

563 5522 939 5601 Nuperrime
968 5537 1170 5601 quum
1207 5518 1468 5582 Parisiis
1495 5521 1820 5596 versabar,
1866 5519 1934 5581 in
1971 5519 2190 5582 codice
2237 5536 2357 5582 ms.
2396 5521 2458 5582 S.
2493 5521 2794 5584 Germani
2843 5524 3019 5599 1110,
3058 5523 3211 5586 olim
3259 5521 3401 5594 589,
3437 5519 3818 5592 membran.,

565 5644 684 5707 hos
713 5643 1204 5743 commentarios
1236 5639 1562 5702 detexisse
1583 5639 1741 5701 mihi
1767 5637 2007 5732 videor.
2042 5639 2168 5702 Nec
2191 5645 2402 5702 tamen
2422 5637 2624 5704 otium
2653 5642 2810 5705 mihi
2840 5633 3223 5724 suppetebat
3246 5656 3360 5702 eos
3382 5639 3792 5703 describendi

566 5766 777 5839 Quare
804 5765 1073 5849 D._Pitra
1098 5764 1298 5828 literis
1319 5782 1432 5846 per
1451 5761 2128 5850 manusredemptoris
2153 5762 2344 5844 hujus
2377 5762 2792 5850 libritraditis
2816 5784 3016 5847 quum
3041 5785 3392 5848 rogassem,
3424 5776 3494 5834 ut
3527 5769 3688 5856 mihi
3716 5785 3820 5830 co-

985 5881 1013 5930 ἱ
