4152 6276
1801 343 2204 406 PROOEMIUM
2234 407 2238 411 _
3555 368 3648 412 xix

384 486 564 562 piam
600 493 780 550 suam
813 489 876 552 u’t
903 488 1393 568 comparandam
1427 489 1493 550 in
1528 503 1720 552 usum
1746 487 1940 568 hujus
1973 486 2279 549 editionis
2303 485 2705 560 concederet,
2726 503 2806 550 ne
2833 486 2908 548 ab
2939 486 3058 548 hoc
3081 486 3342 564 quidem
3367 505 3648 568 respon-

392 625 539 671 sum
563 629 796 690 accepi.
822 615 1124 678 Altamen
1149 617 1434 684 codicem
1457 619 1520 680 S.
1545 615 1852 687 Germani
1880 615 2080 678 istum
2107 614 2389 678 breviter
2409 613 2772 676 describere
2794 629 2923 674 non
2952 611 3264 684 omittam,
3281 618 3349 674 ut
3372 612 3480 674 ille
3499 632 3656 704 eum

391 727 457 788 in
494 747 679 790 usum
719 748 914 794 suum
947 739 1327 796 convertere
1366 733 1590 812 possit.
1624 733 1736 793 Est
1766 736 1980 794 autem
2009 729 2210 792 codex
2243 729 2626 802 membran.,
2655 727 2795 802 fol.,
2825 727 3076 792 duabus
3103 729 3422 793 columnis
3451 748 3652 795 manu

388 848 588 909 seculi
618 850 768 911 Xlll
801 856 1125 926 exoratus,
1162 852 1227 912 in
1252 851 1379 914 ﬁne
1412 850 1712 913 mutilus.
1748 849 2014 913 Constat
2041 848 2218 911 foliis
2252 849 2391 923 I25,
2415 848 2656 930 quibus
2701 849 2868 912 varia
2891 849 3217 927 leguntur.
3253 849 3390 912 Fol.
3436 852 3542 926 v31,
3579 856 3650 914 1-

383 967 531 1040 38,2
559 976 768 1032 exstat
824 971 1048 1034 liberl
1097 973 1176 1034 de
1219 971 1548 1034 divisione
1609 973 1884 1034 Naturae
1941 986 2146 1048 usque
2201 969 2285 1031 ad
2341 985 2478 1048 cap.
2517 970 2620 1043 32,
2674 969 2740 1030 in
2797 969 2984 1048 cujus
3045 970 3168 1032 ﬁne
3219 969 3647 1048 fragmentum

383 1086 652 1163 verbis:
693 1087 915 1149 Omnis
948 1086 1251 1168 siquidem
1294 1095 1530 1149 natura
1577 1107 1685 1149 seu
1739 1087 2146 1149 essentiarum
2190 1105 2297 1149 seu
2348 1087 2763 1158 accidentium
2806 1088 3216 1150 immutabilis
3268 1097 3353 1150 est
3405 1091 3647 1152 ﬁnitur.

384 1205 579 1278 Quod
610 1207 737 1268 iam
775 1207 1004 1280 tribus,
1037 1223 1202 1286 quos
1233 1225 1424 1288 supra
1455 1212 1484 1283 §
1517 1210 1587 1269 11
1635 1205 1914 1277 laudavi,
1955 1205 2284 1268 codicibus
2317 1207 2696 1270 examinatis
2766 1208 3046 1286 neglexi.
3103 1211 3241 1272 Fol.
3292 1211 3652 1288 lini-115,2

389 1331 610 1388 extant
660 1325 1118 1390 Annotationes
1165 1331 1232 1389 in
1275 1329 1698 1402 Martianum,
1735 1341 1897 1407 quas
1943 1327 2210 1388 Joannis
2247 1328 2416 1388 Scoti
2463 1344 2607 1389 esse
2659 1329 2974 1403 suspicor.
3015 1331 3338 1409 Incipiunt
3378 1355 3392 1391 :
3441 1297 3683 1413 Hujus.

385 1448 634 1530 fabulae
649 1456 965 1510 auctorem
989 1449 1382 1512 Martianum
1403 1449 1814 1529 comperimus
1842 1449 2040 1527 fuisse
2073 1447 2642 1526 Carthaginiensem
2673 1469 2908 1528 genere,
2932 1471 3038 1512 nec
3065 1470 3193 1512 non
3221 1459 3275 1520 et
3303 1453 3649 1514 Romanum
3721 1523 3738 1533 .

385 1568 599 1641 civem,
623 1567 789 1628 unde
807 1575 866 1628 et
896 1567 1119 1629 latiari
1146 1571 1281 1630 ritu
1320 1577 1725 1642 tetronomos,
1748 1566 1863 1627 hoc
1894 1575 2005 1640 est,
2042 1573 2345 1645 quattuor
2370 1567 2727 1630 nominibus
2749 1572 3110 1634 nominatus
3137 1581 3248 1647 est,
3287 1574 3646 1636 Martinam

377 1702 634 1766 quippe,
667 1685 941 1757 Mineus,
975 1683 1166 1746 Felix
1201 1693 1254 1748 et
1287 1685 1541 1766 Capella
1570 1692 1852 1748 vocatus.
1908 1684 2269 1746 Martianus
2300 1684 2546 1762 quidem
2583 1689 2854 1767 proprio
2898 1697 3184 1766 nomine;
3219 1698 3466 1760 Mineus
3496 1719 3640 1762 vero

381 1830 461 1872 ea:
489 1809 728 1884 colore,
763 1817 836 1870 ut
867 1809 1078 1882 aiunt,
1106 1809 1258 1887 quia
1288 1809 1479 1888 rufus
1511 1814 1678 1875 erat;
1709 1806 1894 1867 Felix
1927 1805 2255 1881 nescimus,
2297 1805 2646 1885 feliciterne
2685 1810 2856 1878 vixit
2887 1831 3110 1882 necne;
3147 1815 3419 1894 Capella
3449 1824 3654 1896 autem

387 1930 537 2007 quia
572 1929 666 1991 sic
702 1929 998 2010 quaedam
1029 1933 1270 2004 satyro,
1319 1926 1449 1986 sive
1491 1925 1724 1986 nutrix
1771 1925 1902 2004 ejus
1949 1924 2077 1985 sive
2116 1923 2510 1987 admonitria:
2537 1929 2758 2006 fuerit,
2792 1931 2928 1993 suis
2973 1934 3230 2012 scriptis
3271 1944 3654 2015 ,ηαηιαρεηθ

379 2058 582 2130 patet,
621 2072 756 2115 eum
802 2052 1154 2115 nominavit
1205 2059 1326 2115 cet.
1393 2051 1529 2116 Fol.
1569 2054 1670 2126 6'7,
1726 2053 1767 2112 2
1813 2051 2098 2128 legitur:
2132 2051 2372 2130 Incipit
2427 2055 2743 2132 expositio
2787 2055 3038 2120 secundi
3080 2051 3238 2116 libri
3281 2055 3652 2132 nuptiarum

380 2170 773 2251 Philologiae
819 2180 878 2233 et
907 2168 1249 2237 Mercurii;
1297 2167 1408 2232 fol.
1438 2170 1543 2244 89,
1575 2171 1615 2231 2
1661 2169 1843 2230 Finit
1879 2166 1952 2228 de
1981 2167 2330 2238 rethorica;
2384 2169 2498 2232 fol.
2533 2174 2634 2245 90,
2675 2175 2714 2233 2
2759 2175 3087 2256 Incipiunt
3141 2175 3286 2235 haec
3317 2191 3528 2252 pauca
3582 2175 3652 2234 in

383 2297 689 2360 Murttani
741 2298 1165 2377 geometriam;
1207 2299 1321 2364 fol.
1361 2303 1465 2375 9‘7,
1493 2303 1535 2362 2
1568 2299 1742 2361 Finit
1774 2297 1850 2359 de
1878 2299 2218 2378 geometria
2241 2321 2265 2360 :
2296 2299 2525 2379 incipit
2569 2300 2641 2362 de
2687 2304 3123 2374 arithmetica;
3158 2304 3271 2367 fol.
3307 2306 3445 2375 107,
3474 2305 3642 2366 2.1n

386 2427 686 2486 musicam
740 2425 1044 2486 Martiani
1091 2426 1235 2489 haec
1285 2448 1515 2508 pauca.
1571 2419 1926 2490 Finiuntur
1977 2429 2424 2491 commentarii
2481 2429 2594 2493 fol.
2636 2433 2773 2507 115,
2805 2435 2846 2494 2
2892 2434 2992 2497 his
3027 2433 3286 2498 verbis:
3319 2435 3648 2495 Decertuin

389 2557 434 2616 i.
480 2577 530 2616 e.
589 2561 992 2631 decertatum.
1049 2567 1218 2629 Urbs.
1238 2564 1445 2626 Elisae
1482 2565 1530 2625 i.
1561 2583 1615 2624 'e.
1649 2561 1988 2640 Carthago.
2043 2561 2461 2638 Jugariorum
2509 2564 2554 2625 i.
2596 2584 2647 2626 ε.
2699 2563 2772 2624 de
2814 2567 3087 2646 Jugaria
3135 2564 3468 2646 provincia
3513 2563 3640 2642 fuit

381 2683 764 2751 Martianus.
795 2689 1156 2756 Marcidam
1188 2711 1234 2754 ο.
1277 2712 1328 2752 e.
1362 2694 1706 2772 antiquam.
1734 2690 2079 2765 Veternum,
2113 2692 2463 2782 antiquum.
2497 2691 2789 2772 Explicit
2830 2695 2970 2755 item
3008 2693 3231 2756 Glossa
3260 2693 3333 2753 de
3370 2691 3638 2752 Musica.

384 2827 498 2893 Θεῳ
521 2843 708 2897 χαρις.
749 2819 929 2893 Quae
962 2839 1168 2901 usque
1203 2821 1280 2884 ad
1312 2821 1500 2883 ﬁnem
1540 2818 1778 2882 codicis
1816 2826 2203 2898 sequuntur,
2237 2818 2358 2881 alia
2394 2835 2586 2880 manu
2623 2820 2854 2896 scripta
2891 2826 3063 2881 sunt.

1947 3004 2068 3082 ΙΙΙ

742 3188 854 3251 DE
897 3191 1115 3252 VITA
1163 3193 1273 3254 ET
1315 3193 1731 3258 SCRIPTIS
1775 3196 2162 3258 JOANNIS
2203 3195 2467 3259 SCOTI
2509 3193 3271 3258 OBSERVATIONES.

391 3387 396 3392 .
453 3337 609 3412 δη.
668 3335 746 3396 Et
772 3333 850 3397 de
881 3335 1235 3406 codicibus,
1263 3335 1502 3414 quibus
1534 3336 1600 3396 in
1637 3336 1913 3414 paranda
1947 3335 2062 3400 hac
2097 3338 2383 3402 editione
2435 3338 2533 3399 usi
2589 3354 2842 3406 sumus,
2883 3338 3211 3400 hactenus.
3258 3340 3496 3410 Restat,
3562 3327 3638 3402 ut.

371 3458 688 3526 nonnulla
719 3458 798 3520 de
827 3456 954 3530 vita
989 3461 1062 3519 et
1085 3453 1339 3532 scriptis
1366 3451 1635 3515 Joannis
1665 3452 1832 3516 Scoti
1858 3469 2283 3532 exponamus,
2318 3455 2384 3518 in
2417 3455 2656 3537 quibus
2680 3474 2713 3516 a
2749 3455 3055 3536 scriptore
3081 3460 3644 3546 commentationis

371 3583 538 3645 infra
570 3582 922 3659 impressae
954 3575 1141 3640 nobis
1174 3570 1693 3636 dissentiendum
1726 3577 1842 3634 est.
2387 3629 2390 3632 .
3629 3661 3636 3667 .

391 3733 398 3739 -
451 3707 550 3766 Ac
565 3702 846 3783 primum
874 3698 1140 3780 quidem
1168 3696 1238 3758 in
1269 3694 1650 3774 explicando
1680 3694 1994 3775 Erigonae
2029 3700 2316 3775 nomine,
2349 3709 2668 3780 quotquot
2705 3701 3040 3782 hucusque
3069 3702 3148 3767 de
3179 3703 3422 3766 Joanne
3458 3705 3643 3769 Scoto

374 3821 808 3901 scripserunt,
843 3817 1016 3882 haud
1051 3817 1282 3882 leviter
1341 3822 1739 3880 erraverunt.
1779 3817 2000 3897 Neque
2058 3819 2118 3880 id
2165 3819 2432 3894 mirum,
2491 3839 2690 3901 quum
2727 3821 3028 3902 ,Erigena
3065 3825 3444 3888 vocabulum
3482 3826 3643 3891 nihil

376 3935 808 4016 nisigenuini
843 3934 1132 3998 nominis
1168 3934 1505 4012 Ierugenae
1534 3933 1906 4013 depravatio
1943 3935 2051 4010 sit,
2085 3945 2229 4000 nata
2265 3939 2396 4012 illa,
2433 3945 2502 4002 ut
2531 3941 2786 4022 Opinor,
2826 3945 3047 4010 seculo
3078 3947 3335 4014 demum
3390 3953 3529 4013 XV.
3571 3955 3643 4017 Id

373 4055 546 4134 quod
579 4053 873 4118 codicum
902 4051 1025 4116 ﬁde
1059 4050 1251 4116 facile
1285 4054 1596 4132 probatur

385 4219 398 4239 ι,
449 4175 774 4242 Omnibus
801 4190 1000 4247 enim,
1031 4171 1146 4254 qui
1182 4177 1556 4252 supersunt,
1589 4169 1858 4252 Joannis
1893 4171 2063 4232 Scoti
2093 4174 2350 4254 scriptis
2388 4176 2456 4236 in
2489 4180 2822 4245 codicibus
2858 4189 3068 4252 solum
3107 4210 3344 4260 nomen
3375 4197 3643 4258 Joannis

378 4295 553 4358 ,ςοοεί
587 4295 932 4374 praeﬁxum
959 4302 1082 4359 est.
1113 4294 1218 4364 Sic
1252 4295 1324 4358 in
1351 4293 1849 4374 Expositionum
1901 4291 2196 4354 caelestis
2232 4295 2590 4359 lerarchiae
2641 4301 2972 4369 codicibus
3008 4311 3280 4389 legitur:
3313 4318 3642 4395 Incipiunt

376 4412 798 4492 expositiones
831 4415 1096 4478 Joannis
1127 4414 1326 4488 Secti,
1361 4413 1428 4476 in
1474 4412 1703 4478 codice
1731 4410 2224 4493 Expositionum
2275 4413 2580 4494 mysticae
2615 4416 2973 4500 theologiae
3004 4444 3017 4483 :
3061 4423 3300 4505 Incipit
3329 4430 3639 4512 prologus

366 4535 635 4598 Joannis
686 4536 861 4600 Scoti
890 4543 1014 4601 cet.
1071 4547 1297 4598 versus
1354 4529 1600 4593 codicis
1656 4528 1946 4592 Vaticani
1985 4529 2430 4595 inscribuntur
2479 4533 2745 4597 Joannis
2774 4551 3074 4617 CKOGGI,
3131 4562 3356 4610 versus
3402 4553 3638 4616 codicis

366 4649 912 4730 Cantabrigiensis
950 4666 1186 4715 nomen
1220 4663 1369 4728 prae
1401 4664 1470 4708 se
1504 4645 1721 4708 ferunt
1754 4641 2023 4705 Joannis
2059 4644 2236 4708 Scoti
2259 4693 2277 4722 ,
2311 4646 2580 4712 homilia
2625 4651 3000 4726 inscribitur
3036 4686 3050 4725 :
3086 4667 3343 4731 homilia
3371 4672 3641 4737 Joannis

361 4771 556 4836 Scoti.
619 4775 694 4838 In
773 4775 911 4840 sola
965 4775 1267 4840 versione
1335 4789 1605 4862 operum
1657 4770 2252 4864 Pseudo-Dionysii
2309 4776 2733 4855 Areopagitae
2805 4798 2917 4857 pro
2970 4780 3145 4844 Scoti
3191 4785 3367 4848 aliud
3434 4797 3640 4853 exstat

361 4896 757 4977 cognomen,
809 4914 940 4962 non
977 4897 1257 4977 quidem
1294 4898 1600 4976 Erigena,
1643 4896 1759 4959 sed
1797 4896 2136 4978 _Ierugena.
2181 4899 2350 4961 Haec
2400 4901 2572 4962 enim
2634 4902 2795 4984 legis
2846 4907 2911 4966 in
2952 4910 3436 4990 vetustissimis,
3470 4934 3638 4998 quos

361 5017 753 5092 evolnmus,
804 5017 1164 5089 codicibus,
1223 5016 1594 5086 Monacensi
1627 5013 1949 5083 Otlilonis.
2003 5022 2066 5077 et
2116 5016 2374 5080 duobus
2419 5020 3029 5090 Vindobonensibus
3064 5051 3078 5090 :
3119 5029 3446 5110 Incipiunt
3487 5035 3638 5100 libri

359 5149 559 5204 sancti
597 5135 918 5218 Dionysii
975 5138 1412 5220 Areopagitae,
1470 5156 1624 5220 quos
1694 5111 1982 5199 Joannes,
2023 5139 2328 5220 Ierugena
2359 5145 2714 5236 transtulit
2768 5146 2840 5208 de
2893 5148 3127 5211 Graeco
3192 5169 3257 5211 in
3317 5153 3632 5238 Latinum.

355 5259 600 5326 Pariter
647 5260 853 5330 codex
905 5257 1498 5339 Fiirstenl'eldensis
1551 5255 1920 5332 Monachii,
1971 5274 2091 5322 nec
2121 5234 2252 5322 non
2302 5264 2490 5326 ambo
2521 5234 2808 5330 Vaticani
2860 5268 3098 5335 habent
3132 5271 3460 5350 Ierugena.
3503 5234 3635 5341 Soli

356 5381 612 5452 codices
645 5383 1066 5452 Flore-atinas
1097 5387 1158 5445 et
1187 5378 1734 5446 Darmstadiensis
1765 5379 2002 5444 habent
2034 5379 2373 5465 Eriugena.
2588 5369 2591 5373 ’

433 5501 614 5576 Quae
647 5521 858 5585 quum
901 5503 988 5570 ita
1020 5504 1174 5579 sint,
1195 5504 1334 5586 jam
1381 5505 1739 5586 quaeritur,
1793 5505 2106 5586 quidnam
2145 5509 2266 5572 hoc
2329 5517 3029 5612 cognomenlerugena
3063 5513 3403 5601 signiﬁcet.
3443 5527 3629 5612 Quod

353 5621 529 5688 haud
561 5628 702 5689 scio
749 5645 832 5694 an
866 5645 998 5691 non
1032 5632 1408 5700 sit-difﬁcile
1458 5634 1536 5698 ad
1592 5635 2086 5704 inveniendum.
2145 5639 2591 5721 Compositum
2652 5615 2748 5706 est
2787 5645 2958 5709 enim
3011 5667 3088 5713 ex
3139 5631 3338 5736 'Iipoo,
3389 5615 3636 5720 scilicet

351 5749 542 5822 νὰσον,
573 5752 634 5810 et
666 5766 843 5827 gena,
880 5751 964 5819 ita
998 5760 1063 5816 ut
1103 5754 1182 5816 sit
1216 5753 1522 5818 oriundus
1546 5775 1642 5837 rex
1676 5755 1882 5818 insula
1937 5766 2312 5822 sanctorum.
2364 5762 2506 5835 Quo
2559 5743 2822 5833 nomine
2853 5741 3252 5842 nouellatum'
3295 5795 3436 5841 esse
3478 5759 3631 5842 nanti

2607 5857 2611 5860 ‘
3105 5871 3113 5880 .
3521 5863 3614 5889 Α..
