4152 6276
525 361 596 402 ,ι
1677 343 1681 346 ν
1938 331 2341 392 PROOEMIUM

524 478 749 554 quitus
778 472 1150 533 Hiberniam
1183 467 1396 530 sciunt
1429 481 1678 532 omnes.
1734 478 1884 550 Ισροῦ
1929 468 2187 531 ducitur
2221 469 2300 530 ab
2357 473 2514 549 ἱερός,
2573 476 2651 542 ὃν,
2690 469 3130 551 formaturque
3181 489 3419 540 nomen
3477 473 3782 560 Ierugena

522 609 632 665 ex.
654 587 939 670 genitivo
1020 594 1162 668 ἱεροῦ
1210 600 1389 648 more
1429 583 1814 648 Latinorum
1853 586 2079 649 eodem
2115 588 2330 664 modo,
2362 605 2492 669 quo
2522 587 2900 672 Grajugena,
2938 607 3069 673 quo
3097 594 3361 658 nomine
3391 596 3529 678 ipse
3557 598 3783 663 Scotus

522 719 744 773 noster
771 709 832 770 S.
867 707 1212 771 Maximum
1232 705 1522 783 .honorat
1553 704 1620 768 in
1648 706 1768 770 hoc
1806 725 2036 772 versu:

1239 844 1497 914 Quisquis
1525 854 1669 900 amat
1699 835 1925 904 formam
1951 849 2208 922 pulchrae
2233 849 2458 909 laudare
2483 851 2738 925 Sophiae,

1226 935 1307 994 Te
1333 937 1477 1009 legat
1501 940 1752 1009 assidue,
1783 940 2012 998 Maxime
2046 941 2368 1015 Grajugena.

603 1069 695 1129 En
753 1068 1319 1149 simplicissimum,
1373 1089 1648 1154 eamque
1707 1072 1876 1138 haud
1929 1075 2130 1142 dubie
2183 1067 2399 1141 veram
2438 1080 2624 1144 istius
2676 1083 2960 1146 nominis
3015 1087 3559 1167 explanationem.
3591 1094 3772 1169 Quod

490 1212 720 1287 .quum
777 1197 1038 1276 posteri,
1089 1196 1202 1276 qui
1257 1194 1622 1258 versionem
1675 1195 2186 1277 descripserunt,
2219 1199 2434 1264 minus
2484 1201 2938 1281 intelligerent,
2984 1203 3052 1268 in
3107 1207 3432 1289 Eriugena
3485 1213 3658 1290 ideo,
3705 1225 3775 1281 ut

524 1313 802 1388 videtur,
841 1321 1196 1390 mutarunt,
1232 1320 1306 1376 ut
1351 1313 1430 1376 ad
1482 1329 1720 1376 nomen
1770 1314 1934 1376 Erin
1984 1315 2320 1378 alluderet.
2375 1318 2630 1392 Postea,
2670 1334 2868 1397 quum
2900 1317 3069 1381 haud
3103 1339 3244 1386 raro
3276 1343 3320 1385 u
3358 1325 3540 1391 litera
3576 1334 3773 1413 magis

529 1436 598 1497 in
621 1433 888 1497 formam
914 1454 954 1516 y
987 1435 1211 1496 literae
1233 1441 1625 1509 exoraretur,
1650 1453 1763 1516 pro
1785 1427 2090 1516 Ierugena
2120 1437 2239 1501 viri
2262 1436 2432 1502 docti
2470 1438 2761 1517 legerunt
2779 1439 3090 1520 Erygena,
3125 1441 3421 1522 Erigena,
3440 1446 3508 1510 in
3528 1448 3774 1529 quibus

521 1539 769 1612 erimus
799 1549 933 1614 fere
969 1529 1364 1613 Trithemius
1399 1547 1604 1614 fuisse
1635 1552 1914 1616 videtur.

598 1667 826 1747 Itaque
860 1665 1266 1731 acutissimas
1303 1666 1591 1730 virorum
1625 1669 1960 1735 doctorum
1993 1671 2420 1753 conjecturae,
2454 1674 2885 1755 Opinantium,
2916 1677 3229 1743 Joannem
3262 1682 3521 1747 Scotum
3549 1693 3772 1756 eterra

514 1785 777 1864 irgene,
812 1804 847 1849 e
869 1803 1029 1867 pago
1062 1786 1360 1862 Ermcen,
1397 1789 1496 1851 vel
1539 1806 1617 1852 ex
1668 1790 1826 1854 urbe
1855 1791 2006 1854 Aire
2055 1792 2398 1856 oriundum
2431 1792 2657 1869 fuisse,
2691 1801 2750 1858 et
2784 1812 2951 1874 quae
2998 1797 3256 1877 c0piose
3290 1801 3455 1865 infra
3495 1805 3562 1866 in
3593 1823 3774 1870 com-

513 1907 908 1972 mentatione
959 1907 1040 1970 de
1093 1907 1214 1972 hoc
1254 1909 1526 1974 nomine
1575 1911 1903 1992 disputata
1950 1913 2396 1986 inveniuntur,
2437 1922 2503 1978 ut
2543 1911 2696 1978 vana
2751 1915 3177 1982 collabuntur.
3228 1921 3449 2001 Neque
3481 1923 3602 1988 hoc
3632 1925 3772 1990 loco

513 2025 1157 2108 praetermittendum
1181 2044 1326 2092 esse
1349 2034 1628 2103 vmetur,
1651 2047 1684 2092 a
1707 2031 2127 2109 scriptoribus
2141 2029 2521 2110 aequalibus
2541 2032 2854 2095 Joannem
2877 2050 3206 2113 nunquam
3240 2038 3367 2102 alio
3389 2046 3770 2121 cognomine

508 2143 641 2210 nisi
662 2144 842 2205 Scoti
879 2144 975 2207 vel
1005 2146 1711 2227 Sc-otigenaenominari
1733 2201 1748 2231 ,
1777 2171 1991 2236 neque
2019 2154 2085 2217 in
2111 2154 2442 2218 codicibus
2486 2174 2769 2238 unquam
2801 2158 3105 2218 Joannem
3123 2160 3377 2221 Scotum
3403 2162 3768 2243 Ierugenam

511 2283 639 2328 una
671 2273 732 2329 et
761 2269 1157 2349 conjunctim
1207 2273 1362 2350 legi,
1399 2272 1538 2346 sed,
1574 2283 1641 2336 ut
1691 2275 2088 2349 monuimus,
2118 2282 2227 2337 aut
2254 2275 2556 2335 Joannem
2594 2275 2876 2349 Scotum,
2907 2279 3015 2338 aut
3045 2275 3349 2338 Joannem
3375 2278 3760 2358 Jerugenam.

506 2385 581 2452 In
615 2387 815 2451 altero
847 2397 1095 2455 tantum
1143 2412 1496 2458 carminum
1535 2395 1752 2458 codice
1783 2394 2092 2458 Vaticano
2124 2401 2186 2456 et
2214 2393 2280 2457 in
2315 2395 2499 2458 titulo
2533 2395 2850 2458 versionis
2882 2395 3352 2471 Ambiguorum
3401 2399 3466 2466 Β.
3503 2400 3767 2466 Maximi

520 2509 869 2587 appellatur
903 2513 1175 2600 Joannes
1207 2515 1728 2594 sapientissimus,
1762 2515 1860 2577 vel
1893 2513 2273 2595 simpliciter
2300 2514 2594 2576 Joannes.

592 2623 720 2687 Nec
760 2625 1022 2692 obstare
1076 2629 1410 2705 videntur,
1468 2646 1636 2708 quae
1686 2647 1894 2710 nuper
1941 2628 2212 2708 scriptor
2266 2644 2629 2707 anonymus
2681 2629 2747 2691 in
2801 2604 3305 2714 Encj'clopaedla
3345 2634 3449 2697 cui
3487 2635 3758 2698 titulus:

508 2741 1036 2807 .i'irchenlexicon
1087 2747 1238 2809 oder
1292 2749 1783 2830 Encyclopaedie
1833 2750 1940 2811 der
1995 2748 2429 2811 Catholischcn
2484 2747 2819 2827 Theologie
2867 2767 2989 2810 von
3061 2751 3143 2814 H.
3205 2752 3268 2814 S.
3334 2752 3574 2818 Wetzer
3630 2755 3764 2818 und

502 2863 578 2926 Β.
632 2863 818 2931 Welte
869 2867 946 2930 V.
1004 2867 1278 2930 Joannes
1328 2869 1552 2930 Scotus
1581 2869 1854 2948 Erigena
1911 2869 2184 2948 objecit,
2237 2868 2410 2930 illam
2472 2867 2858 2931 sententiam
2917 2887 3121 2932 meam
3156 2888 3281 2934 non
3315 2872 3762 2956 minus‘quam

501 2993 862 3048 ceterorum
897 2986 1155 3051 dubiam
1188 3005 1358 3062 esse,
1387 2995 1450 3050 et
1479 2989 1714 3051 limites
1744 2991 2253 3070 conjecturarum
2292 3005 2422 3051 non
2461 2991 2793 3052 excedere.
2829 2989 2966 3052 lmo
3005 3008 3154 3054 vero
3188 2995 3507 3059 sententia
3540 3004 3758 3064 nostra

504 3102 628 3163 tide
663 3100 960 3163 codicum
992 3101 1242 3178 nititur,
1277 3105 1343 3165 in
1377 3107 1615 3187 quibus
1641 3107 1916 3168 Joannes
1956 3108 2259 3189 Ierugena
2291 3108 2530 3171 diserte
2563 3117 2847 3172 vocatur.
2873 3109 3290 3188 Cognominis
3315 3131 3466 3179 vero
3497 3133 3760 3195 sensum

506 3239 642 3301 non
678 3223 1070 3303 conjectura,
1103 3225 1215 3288 sed
1249 3243 1392 3288 vera
1426 3226 1602 3289 verbi
1633 3228 2063 3305 originatione
2098 3236 2434 3291 assecutus
2467 3247 2609 3292 esse
2641 3229 2798 3292 mihi
2834 3230 3076 3292 videor.

585 3342 766 3405 Nunc
806 3359 956 3406 vero
993 3344 1236 3424 optime
1271 3345 1584 3427 quadrent
1623 3348 1814 3412 verba
1840 3348 2174 3412 Prudentii
2209 3350 2464 3412 Scotum
2499 3350 2885 3430 increpantis
2936 3351 3211 3413 haecce:
3250 3349 3336 3408 Te
3381 3343 3584 3408 solum
3628 3364 3763 3408 orn-

498 3465 674 3522 nium
709 3461 1137 3525 acutissimum
1164 3463 1408 3528 Gatliae
1458 3468 1805 3529 transmisit
1841 3467 2171 3544 Hibernia,
2226 3476 2320 3544 ut,
2370 3487 2523 3549 quae
2548 3469 2762 3530 nntius
2791 3469 3016 3550 absque
3058 3479 3116 3531 te
3139 3471 3298 3532 scire
3321 3477 3595 3550 poterat,
3625 3469 3756 3531 tuis

498 3580 968 3644 eruditionibus
1001 3582 1327 3648 obtineret.
1363 3586 1490 3649 Nec
1515 3587 1650 3668 jam
1687 3588 2012 3653 offendere
2066 3597 2302 3670 potest,
2333 3589 2505 3669 quod
2542 3587 2904 3652 Guilelmus
2937 3589 3530 3652 Malmesburiensis
3565 3595 3760 3653 testa-

501 3708 629 3774 tur,
662 3701 730 3763 in
756 3701 975 3764 codice
1009 3702 1325 3767 versionis
1349 3724 1419 3769 se
1449 3707 1708 3786 legisse,
1739 3709 2051 3774 Joannem
2081 3710 2335 3773 Scotum
2370 3711 2812 3790 Herutigenam
2833 3710 3174 3772 nominari.
3211 3709 3553 3790 Eruligena
3583 3710 3755 3772 enim

497 3818 658 3881 nihil
693 3818 868 3882 aliud
897 3827 1018 3895 est,
1051 3821 1178 3884 nisi
1210 3822 1580 3904 E-rinigena,
1619 3827 1686 3890 id
1722 3835 1843 3904 est,
1883 3829 2192 3891 oriundus
2228 3849 2304 3890 ex
2334 3829 2540 3890 insula
2567 3830 2765 3903 Erin,
2803 3845 2970 3910 quae
3013 3833 3110 3889 est
3139 3825 3276 3887 fere
3310 3826 3524 3889 versio
3556 3825 3753 3887 latina

500 3944 793 4008 vocabuli
853 3945 1189 4024 lerugena.
1245 3946 1593 4028 Eruligena
1648 3958 1862 4014 autem
1895 3959 1959 4014 et
2011 3949 2354 4030 Erinigena
2409 3951 2724 4031 scriptura
2779 3947 3072 4013 codicum
3123 3947 3228 4009 vix
3287 3945 3634 4020 ditferunt,
3687 3947 3754 4010 in

494 4066 737 4147 quibus
774 4066 870 4130 uti
905 4075 968 4131 et
1003 4068 1097 4131 ini
1129 4070 1285 4133 satis
1319 4077 1611 4133 accurate
1647 4069 2058 4134 conveniunt.

579 4194 610 4267 5
657 4193 752 4255 18.
799 4193 943 4258 Alia
972 4203 1069 4259 est
1102 4192 1422 4276 quaestio,
1459 4209 1626 4272 quae
1666 4191 1838 4256 haud
1889 4191 2108 4254 minus
2143 4189 2424 4253 virorum
2456 4187 2788 4253 doctorum
2817 4187 3074 4267 ingenia
3102 4204 3448 4264 excercurt,
3481 4185 3561 4249 de
3588 4184 3751 4248 libro

495 4317 764 4381 Joannis
797 4319 994 4395 Scoti,
1028 4336 1222 4400 quem
1248 4314 1320 4378 de
1339 4316 1451 4378 SS.
1482 4313 1891 4377 Eucharistia
1920 4309 2256 4390 scripsisse
2285 4310 2510 4374 fertur.
2535 4313 2625 4374 Ex
2659 4315 3078 4395 scriptoribus
3107 4319 3490 4399 aequalibus
3525 4315 3756 4378 librum

497 4439 886 4515 peculiarem
940 4439 1209 4501 Joannis
1242 4432 1413 4495 Scoti
1461 4431 1541 4492 de
1576 4427 1979 4491 Eucharistia
2015 4427 2235 4489 nullus
2292 4439 2766 4495 commemorat.
2824 4433 3209 4498 Hincmarus
3255 4436 3426 4500 enim
3464 4452 3592 4497 non
3624 4433 3751 4495 nisi

496 4577 774 4621 errorem
793 4559 1166 4639 perstringit
1195 4578 1210 4617 :
1235 4551 1403 4635 quod
1425 4555 1874 4612 sacramentum
1899 4545 2124 4609 altaris
2151 4565 2278 4608 non
2302 4565 2511 4633 verum
2541 4569 2768 4630 corpus
2795 4560 2851 4614 et
2874 4571 3056 4616 verus
3084 4553 3336 4633 sanguis
3364 4543 3446 4614 sit
3476 4549 3750 4623 Domini,

496 4682 606 4745 sed
640 4678 886 4743 tantum
918 4681 1214 4742 memoria
1239 4677 1371 4738 ceri
1403 4672 1688 4755 corporis
1720 4679 1776 4734 et
1806 4670 2132 4752 sanguinis
2165 4671 2318 4752 ejus,
2355 4690 2631 4752 eumque
2663 4677 2818 4737 satis
2848 4682 3067 4756 aperte
3102 4672 3332 4737 Joanni
3377 4671 3752 4751 Scotigenae

495 4807 795 4887 imputat.
826 4803 1068 4868 Pariter
1096 4797 1496 4865 Adrevaldus
1552 4793 1907 4858 monachus
1954 4791 2375 4856 Floriacensis
2425 4791 2628 4855 seculi
2673 4794 2766 4855 1x
2826 4812 3016 4858 suum
3055 4811 3247 4874 quem
3285 4794 3366 4856 de
3397 4809 3662 4872 corpore
3693 4797 3756 4854 et

495 4927 808 5006 sanguine
837 4922 1096 4988 Domini
1133 4921 1368 4984 librum
1401 4914 1713 4992 condidit,
1742 4920 1963 4975 contra
1997 4909 2265 4990 ineptia:
2314 4907 2582 4969 Joannis
2612 4909 2792 4971 Scoti
2826 4910 3178 4990 inscripsit.
3232 4911 3584 4975 Gerbertus
3635 4926 3756 4971 seu

491 5045 795 5130 quisquis
823 5043 945 5108 fuit
976 5059 1339 5122 auonymus
1373 5038 1484 5103 ille
1515 5037 1934 5113 Cellotianus,
1967 5034 2082 5116 qui
2137 5032 2356 5096 seculo
2391 5033 2454 5096 Χ
2507 5033 2587 5096 de
2634 5031 3075 5126 controversia
3121 5030 3544 5096 Paschasiana
3596 5027 3756 5090 scri-

491 5183 641 5256 psu,
677 5179 929 5235 ceteros
949 5165 1084 5230 fere
1116 5180 1366 5238 omnes,
1396 5161 1510 5244 qui
1542 5176 1622 5224 eo
1650 5168 1934 5240 tempore
1982 5155 2180 5219 libros
2208 5153 2287 5216 de
2316 5171 2583 5235 corpore
2613 5163 2677 5218 et
2731 5152 3047 5230 sanguine
3077 5150 3341 5215 Domini
3384 5149 3755 5220 ediderunt,

493 5299 854 5368 enumerat,
885 5295 1172 5352 nostrum
1189 5283 1494 5346 Joannem
1524 5282 1783 5346 Scotum
1810 5274 2286 5360 praetermittit.
2317 5275 2570 5338 Primus
2604 5274 2864 5339 demum
2894 5272 3322 5350 Berengarius
3352 5266 3754 5336 Turonensis

489 5423 758 5485 Joannis
789 5420 959 5485 Scoti
1019 5418 1101 5482 de
1155 5403 1554 5476 Eucharistia
1601 5400 1879 5476 librum,
1924 5397 2097 5462 unde
2157 5397 2301 5477 ipso
2356 5394 2782 5476 Berengarius
2838 5396 3198 5476 pessimum
3243 5411 3528 5461 errorem
3559 5407 3754 5456 suum

492 5535 834 5608 hauserat,
887 5533 955 5595 in
1005 5531 1344 5595 hominum
1401 5521 1696 5590 notitiam
1755 5518 2077 5600 produxit.
2133 5519 2360 5581 Postea
2415 5517 2538 5580 sub
2591 5515 2854 5582 nomine
2899 5517 3174 5582 Joannis
3207 5517 3380 5580 Scoti
3411 5516 3482 5578 in
3529 5511 3754 5576 multis
3837 5605 3840 5608 .

492 5658 762 5738 synodis
791 5659 1128 5720 damnatus
1157 5666 1255 5721 est
1285 5659 1470 5734 iiber,
1502 5649 1896 5723 conscissus,
1931 5653 1993 5710 et
2025 5646 2162 5725 igni
2205 5643 2630 5725 adjudicatus.
2681 5643 2854 5732 Quid
2884 5644 3128 5724 igitur?
3180 5639 3350 5722 Pium
3403 5630 3636 5732 synodi
3683 5631 3753 5694 in

397 5810 400 5814 ί
489 5778 735 5846 Joanne
771 5780 958 5844 Scoto
988 5777 1388 5854 damnarunt,
1423 5776 1595 5858 quod
1627 5773 1832 5854 ipsius
1865 5786 2089 5838 reapse
2121 5784 2251 5831 non
2287 5771 2418 5830 erat
2443 5769 2488 5828 τι
