  <div class='ocr_page' id='page_1' title='image "/cluster/home/n/w/nwhite01/storage/ocr_20150623/122/pst.000018028355/030.png"; bbox 0 0 4152 6276; ppageno 0'>
   <div class='ocr_carea' id='block_1_1' title="bbox 1749 325 3587 430">
    <p class='ocr_par' dir='ltr' id='par_1_1' title="bbox 1749 325 3587 430">
     <span class='ocr_line' id='line_1_1' title="bbox 1749 325 3587 430; baseline -0.004 -1"><span class='ocrx_word' id='word_1_1' title='bbox 1749 325 2251 430; x_wconf 41' lang='lat' dir='ltr'>PROOEMIUM.’</span> <span class='ocrx_word' id='word_1_2' title='bbox 3489 382 3587 425; x_wconf 70' lang='lat' dir='ltr'><strong>ut</strong></span> 
     </span>
    </p>
   </div>
   <div class='ocr_carea' id='block_1_2' title="bbox 403 490 3578 593">
    <p class='ocr_par' dir='ltr' id='par_1_2' title="bbox 403 490 3578 593">
     <span class='ocr_line' id='line_1_2' title="bbox 403 490 3578 593; baseline -0.006 -7"><span class='ocrx_word' id='word_1_3' title='bbox 403 522 651 586; x_wconf 82' lang='lat' dir='ltr'>Verum</span> <span class='ocrx_word' id='word_1_4' title='bbox 692 534 794 581; x_wconf 84' lang='lat' dir='ltr'>res</span> <span class='ocrx_word' id='word_1_5' title='bbox 828 514 913 578; x_wconf 74' lang='lat' dir='ltr'>ita</span> <span class='ocrx_word' id='word_1_6' title='bbox 965 490 1035 578; x_wconf 66' lang='lat' dir='ltr'>3e</span> <span class='ocrx_word' id='word_1_7' title='bbox 1068 513 1300 578; x_wconf 84' lang='lat' dir='ltr'>habere</span> <span class='ocrx_word' id='word_1_8' title='bbox 1344 511 1633 585; x_wconf 67' lang='lat' dir='ltr'>videtun</span> <span class='ocrx_word' id='word_1_9' title='bbox 1670 511 1743 593; x_wconf 79' lang='lat' dir='ltr'>In</span> <span class='ocrx_word' id='word_1_10' title='bbox 1790 506 2160 586; x_wconf 81' lang='lat' dir='ltr'>Berengarii</span> <span class='ocrx_word' id='word_1_11' title='bbox 2192 504 2357 567; x_wconf 90' lang='lat' dir='ltr'>libro</span> <span class='ocrx_word' id='word_1_12' title='bbox 2402 504 2473 565; x_wconf 79' lang='lat' dir='ltr'>de</span> <span class='ocrx_word' id='word_1_13' title='bbox 2518 522 2699 571; x_wconf 82' lang='lat' dir='ltr'>sacra</span> <span class='ocrx_word' id='word_1_14' title='bbox 2736 520 2955 577; x_wconf 69' lang='lat' dir='ltr'>coena,</span> <span class='ocrx_word' id='word_1_15' title='bbox 3000 502 3113 587; x_wconf 86' lang='lat' dir='ltr'>qui</span> <span class='ocrx_word' id='word_1_16' title='bbox 3158 502 3415 583; x_wconf 75' lang='lat' dir='ltr'>prodiit-</span> <span class='ocrx_word' id='word_1_17' title='bbox 3457 503 3578 568; x_wconf 79' lang='lat' dir='ltr'>hoc</span> 
     </span>
    </p>
   </div>
   <div class='ocr_carea' id='block_1_3' title="bbox 326 621 3587 715">
    <p class='ocr_par' dir='ltr' id='par_1_3' title="bbox 326 621 3587 715">
     <span class='ocr_line' id='line_1_3' title="bbox 326 621 3587 715; baseline -0.007 -8"><span class='ocrx_word' id='word_1_18' title='bbox 326 642 522 707; x_wconf 83' lang='lat' dir='ltr'>titulo</span> <span class='ocrx_word' id='word_1_19' title='bbox 549 662 575 703; x_wconf 85' lang='lat'>:~</span> <span class='ocrx_word' id='word_1_20' title='bbox 596 636 974 715; x_wconf 70' lang='lat' dir='ltr'>Eerengarii‘</span> <span class='ocrx_word' id='word_1_21' title='bbox 1005 633 1391 697; x_wconf 70' lang='lat' dir='ltr'>Turonensis</span> <span class='ocrx_word' id='word_1_22' title='bbox 1430 631 1503 692; x_wconf 70' lang='lat' dir='ltr'>de</span> <span class='ocrx_word' id='word_1_23' title='bbox 1531 649 1713 692; x_wconf 80' lang='lat' dir='ltr'>sacra</span> <span class='ocrx_word' id='word_1_24' title='bbox 1745 648 1937 692; x_wconf 78' lang='lat' dir='ltr'>coena</span> <span class='ocrx_word' id='word_1_25' title='bbox 1961 626 2262 687; x_wconf 72' lang='lat' dir='ltr'>adversus</span> <span class='ocrx_word' id='word_1_26' title='bbox 2302 624 2722 704; x_wconf 66' lang='lat' dir='ltr'>tanti-uncum</span> <span class='ocrx_word' id='word_1_27' title='bbox 2753 621 2910 683; x_wconf 82' lang='lat' dir='ltr'>liber</span> <span class='ocrx_word' id='word_1_28' title='bbox 2941 624 3266 709; x_wconf 68' lang='lat' dir='ltr'>posterior</span> <span class='ocrx_word' id='word_1_29' title='bbox 3303 641 3333 687; x_wconf 83' lang='lat' dir='ltr'>c</span> <span class='ocrx_word' id='word_1_30' title='bbox 3370 622 3587 686; x_wconf 66' lang='lat' dir='ltr'>codice</span> 
     </span>
    </p>
   </div>
   <div class='ocr_carea' id='block_1_4' title="bbox 335 738 3680 844">
    <p class='ocr_par' dir='ltr' id='par_1_4' title="bbox 335 738 3680 844">
     <span class='ocr_line' id='line_1_4' title="bbox 335 738 3680 844; baseline -0.008 -17"><span class='ocrx_word' id='word_1_31' title='bbox 335 759 807 841; x_wconf 71' lang='lat' dir='ltr'>Gud/erbytuuo</span> <span class='ocrx_word' id='word_1_32' title='bbox 834 754 1111 835; x_wconf 79' lang='lat' dir='ltr'>primum</span> <span class='ocrx_word' id='word_1_33' title='bbox 1147 752 1474 817; x_wconf 80' lang='lat' dir='ltr'>ediderunt</span> <span class='ocrx_word' id='word_1_34' title='bbox 1525 754 1602 814; x_wconf 81' lang='grc' dir='ltr'>Α.</span> <span class='ocrx_word' id='word_1_35' title='bbox 1654 751 1730 811; x_wconf 87' lang='lat' dir='ltr'><strong><em>F.</em></strong></span> <span class='ocrx_word' id='word_1_36' title='bbox 1774 747 1934 810; x_wconf 73' lang='lat' dir='ltr'>etF.</span> <span class='ocrx_word' id='word_1_37' title='bbox 1980 745 2091 807; x_wconf 85' lang='lat' dir='ltr'>Th.</span> <span class='ocrx_word' id='word_1_38' title='bbox 2139 743 2387 805; x_wconf 76' lang='lat' dir='ltr'>Vischer</span> <span class='ocrx_word' id='word_1_39' title='bbox 2417 741 2702 802; x_wconf 74' lang='grc' dir='ltr'>Βενθίἰηὶ</span> <span class='ocrx_word' id='word_1_40' title='bbox 2736 740 2914 813; x_wconf 63' lang='grc'><strong>1834,</strong></span> <span class='ocrx_word' id='word_1_41' title='bbox 2952 757 3014 818; x_wconf 82' lang='grc' dir='ltr'>ρ.</span> <span class='ocrx_word' id='word_1_42' title='bbox 3052 740 3129 801; x_wconf 75' lang='lat'><strong>37</strong></span> <span class='ocrx_word' id='word_1_43' title='bbox 3168 739 3325 803; x_wconf 90' lang='lat' dir='ltr'>haec</span> <span class='ocrx_word' id='word_1_44' title='bbox 3359 738 3586 818; x_wconf 77' lang='lat' dir='ltr'>legun-</span> <span class='ocrx_word' id='word_1_45' title='bbox 3675 838 3680 844; x_wconf 17' lang='grc' dir='ltr'><strong>ν</strong></span> 
     </span>
    </p>
   </div>
   <div class='ocr_carea' id='block_1_5' title="bbox 328 857 3584 941">
    <p class='ocr_par' dir='ltr' id='par_1_5' title="bbox 328 857 3584 941">
     <span class='ocr_line' id='line_1_5' title="bbox 328 857 3584 941; baseline -0.006 0"><span class='ocrx_word' id='word_1_46' title='bbox 328 885 437 941; x_wconf 86' lang='lat' dir='ltr'>tur</span> <span class='ocrx_word' id='word_1_47' title='bbox 485 875 721 939; x_wconf 88' lang='lat' dir='ltr'>verba:</span> <span class='ocrx_word' id='word_1_48' title='bbox 769 893 805 931; x_wconf 64' lang='grc' dir='ltr'><strong><em>κ</em></strong></span> <span class='ocrx_word' id='word_1_49' title='bbox 826 873 919 934; x_wconf 86' lang='lat' dir='ltr'>De</span> <span class='ocrx_word' id='word_1_50' title='bbox 966 872 1214 933; x_wconf 78' lang='lat' dir='ltr'>Joanne</span> <span class='ocrx_word' id='word_1_51' title='bbox 1267 875 1481 932; x_wconf 89' lang='lat' dir='ltr'>autem</span> <span class='ocrx_word' id='word_1_52' title='bbox 1529 884 1646 931; x_wconf 91' lang='lat' dir='ltr'>cur</span> <span class='ocrx_word' id='word_1_53' title='bbox 1685 864 2056 928; x_wconf 87' lang='lat' dir='ltr'>conscissus</span> <span class='ocrx_word' id='word_1_54' title='bbox 2085 860 2429 934; x_wconf 72' lang='lat' dir='ltr'>fuerit,_te</span> <span class='ocrx_word' id='word_1_55' title='bbox 2494 857 2709 937; x_wconf 84' lang='lat' dir='ltr'>ipsum</span> <span class='ocrx_word' id='word_1_56' title='bbox 2766 860 3154 938; x_wconf 86' lang='lat' dir='ltr'>quibusdam</span> <span class='ocrx_word' id='word_1_57' title='bbox 3216 867 3584 924; x_wconf 85' lang='lat' dir='ltr'>narrantem</span> 
     </span>
    </p>
   </div>
   <div class='ocr_carea' id='block_1_6' title="bbox 326 977 3586 1066">
    <p class='ocr_par' dir='ltr' id='par_1_6' title="bbox 326 977 3586 1066">
     <span class='ocr_line' id='line_1_6' title="bbox 326 977 3586 1066; baseline -0.006 -7"><span class='ocrx_word' id='word_1_58' title='bbox 326 1008 586 1059; x_wconf 81' lang='lat' dir='ltr'>causam</span> <span class='ocrx_word' id='word_1_59' title='bbox 622 989 1086 1055; x_wconf 84' lang='lat' dir='ltr'>conscissionis</span> <span class='ocrx_word' id='word_1_60' title='bbox 1142 986 1383 1063; x_wconf 81' lang='lat' dir='ltr'>audivi,</span> <span class='ocrx_word' id='word_1_61' title='bbox 1441 984 1595 1066; x_wconf 84' lang='lat' dir='ltr'>quia</span> <span class='ocrx_word' id='word_1_62' title='bbox 1658 985 1728 1046; x_wconf 83' lang='lat' dir='ltr'>in</span> <span class='ocrx_word' id='word_1_63' title='bbox 1781 981 2062 1063; x_wconf 90' lang='lat' dir='ltr'>quodam</span> <span class='ocrx_word' id='word_1_64' title='bbox 2115 979 2335 1058; x_wconf 91' lang='lat' dir='ltr'>scripti</span> <span class='ocrx_word' id='word_1_65' title='bbox 2397 977 2501 1040; x_wconf 91' lang='lat' dir='ltr'>sui</span> <span class='ocrx_word' id='word_1_66' title='bbox 2557 977 2695 1040; x_wconf 90' lang='lat' dir='ltr'>loco</span> <span class='ocrx_word' id='word_1_67' title='bbox 2746 977 3091 1058; x_wconf 82' lang='lat' dir='ltr'>posuisset,</span> <span class='ocrx_word' id='word_1_68' title='bbox 3140 994 3455 1059; x_wconf 16' lang='lat' dir='ltr'>ea,,quac</span> <span class='ocrx_word' id='word_1_69' title='bbox 3516 977 3586 1040; x_wconf 87' lang='lat' dir='ltr'>in</span> 
     </span>
    </p>
   </div>
   <div class='ocr_carea' id='block_1_7' title="bbox 328 1098 3588 1185">
    <p class='ocr_par' dir='ltr' id='par_1_7' title="bbox 328 1098 3588 1185">
     <span class='ocr_line' id='line_1_7' title="bbox 328 1098 3588 1185; baseline -0.004 -11"><span class='ocrx_word' id='word_1_70' title='bbox 328 1109 518 1174; x_wconf 74' lang='lat' dir='ltr'>altari</span> <span class='ocrx_word' id='word_1_71' title='bbox 574 1112 1056 1181; x_wconf 77' lang='lat' dir='ltr'>consecrantur,</span> <span class='ocrx_word' id='word_1_72' title='bbox 1087 1124 1211 1167; x_wconf 79' lang='lat' dir='ltr'>esse</span> <span class='ocrx_word' id='word_1_73' title='bbox 1243 1105 1536 1185; x_wconf 74' lang='lat' dir='ltr'>figuram,</span> <span class='ocrx_word' id='word_1_74' title='bbox 1585 1102 1855 1183; x_wconf 63' lang='lat' dir='ltr'>signum,</span> <span class='ocrx_word' id='word_1_75' title='bbox 1905 1101 2149 1181; x_wconf 72' lang='lat' dir='ltr'>pignus</span> <span class='ocrx_word' id='word_1_76' title='bbox 2195 1101 2489 1178; x_wconf 78' lang='lat' dir='ltr'>corporis</span> <span class='ocrx_word' id='word_1_77' title='bbox 2550 1107 2608 1160; x_wconf 77' lang='lat' dir='ltr'>et</span> <span class='ocrx_word' id='word_1_78' title='bbox 2653 1098 2976 1178; x_wconf 73' lang='lat' dir='ltr'>sanguinis</span> <span class='ocrx_word' id='word_1_79' title='bbox 3027 1098 3300 1161; x_wconf 77' lang='lat' dir='ltr'>Domini.</span> <span class='ocrx_word' id='word_1_80' title='bbox 3327 1122 3358 1157; x_wconf 64' lang='grc' dir='ltr'>π</span> <span class='ocrx_word' id='word_1_81' title='bbox 3416 1098 3588 1161; x_wconf 81' lang='lat' dir='ltr'>Haec</span> 
     </span>
    </p>
   </div>
   <div class='ocr_carea' id='block_1_8' title="bbox 334 1217 3587 1307">
    <p class='ocr_par' dir='ltr' id='par_1_8' title="bbox 334 1217 3587 1307">
     <span class='ocr_line' id='line_1_8' title="bbox 334 1217 3587 1307; baseline -0.004 -14"><span class='ocrx_word' id='word_1_82' title='bbox 334 1229 556 1293; x_wconf 69' lang='lat' dir='ltr'>omn‘a</span> <span class='ocrx_word' id='word_1_83' title='bbox 603 1226 916 1307; x_wconf 84' lang='lat' dir='ltr'>quadrant</span> <span class='ocrx_word' id='word_1_84' title='bbox 967 1226 1037 1289; x_wconf 89' lang='lat' dir='ltr'>in</span> <span class='ocrx_word' id='word_1_85' title='bbox 1068 1223 1302 1286; x_wconf 84' lang='lat' dir='ltr'>librum</span> <span class='ocrx_word' id='word_1_86' title='bbox 1350 1222 1431 1285; x_wconf 90' lang='lat' dir='ltr'>de</span> <span class='ocrx_word' id='word_1_87' title='bbox 1490 1237 1754 1301; x_wconf 89' lang='lat' dir='ltr'>corpore</span> <span class='ocrx_word' id='word_1_88' title='bbox 1800 1227 1865 1284; x_wconf 91' lang='lat' dir='ltr'>et</span> <span class='ocrx_word' id='word_1_89' title='bbox 1901 1219 2221 1299; x_wconf 83' lang='lat' dir='ltr'>sanguine</span> <span class='ocrx_word' id='word_1_90' title='bbox 2267 1217 2561 1295; x_wconf 87' lang='lat' dir='ltr'>Domini,</span> <span class='ocrx_word' id='word_1_91' title='bbox 2597 1218 2711 1300; x_wconf 88' lang='lat' dir='ltr'>qui</span> <span class='ocrx_word' id='word_1_92' title='bbox 2774 1218 2895 1281; x_wconf 90' lang='lat' dir='ltr'>sub</span> <span class='ocrx_word' id='word_1_93' title='bbox 2946 1217 3209 1307; x_wconf 87' lang='lat' dir='ltr'>nomine</span> <span class='ocrx_word' id='word_1_94' title='bbox 3264 1217 3587 1282; x_wconf 82' lang='lat' dir='ltr'>Batramni</span> 
     </span>
    </p>
   </div>
   <div class='ocr_carea' id='block_1_9' title="bbox 340 1338 3591 1424">
    <p class='ocr_par' dir='ltr' id='par_1_9' title="bbox 340 1338 3591 1424">
     <span class='ocr_line' id='line_1_9' title="bbox 340 1338 3591 1424; baseline 0 -17"><span class='ocrx_word' id='word_1_95' title='bbox 340 1341 722 1424; x_wconf 79' lang='lat' dir='ltr'>saepissime</span> <span class='ocrx_word' id='word_1_96' title='bbox 768 1341 980 1423; x_wconf 90' lang='lat' dir='ltr'>editus</span> <span class='ocrx_word' id='word_1_97' title='bbox 1047 1346 1165 1403; x_wconf 89' lang='lat' dir='ltr'>est.</span> <span class='ocrx_word' id='word_1_98' title='bbox 1224 1339 1320 1402; x_wconf 89' lang='lat' dir='ltr'>lbi</span> <span class='ocrx_word' id='word_1_99' title='bbox 1365 1340 1537 1402; x_wconf 92' lang='lat' dir='ltr'>enim</span> <span class='ocrx_word' id='word_1_100' title='bbox 1588 1340 1711 1402; x_wconf 86' lang='lat' dir='ltr'>sub</span> <span class='ocrx_word' id='word_1_101' title='bbox 1772 1339 1962 1402; x_wconf 82' lang='lat' dir='ltr'>ﬁnem</span> <span class='ocrx_word' id='word_1_102' title='bbox 2010 1338 2234 1401; x_wconf 87' lang='lat' dir='ltr'>eadem</span> <span class='ocrx_word' id='word_1_103' title='bbox 2288 1338 2595 1401; x_wconf 87' lang='lat' dir='ltr'>vocabula</span> <span class='ocrx_word' id='word_1_104' title='bbox 2643 1338 2991 1406; x_wconf 76' lang='lat' dir='ltr'>identidem</span> <span class='ocrx_word' id='word_1_105' title='bbox 3046 1350 3413 1412; x_wconf 89' lang='lat' dir='ltr'>occurrunt.</span> <span class='ocrx_word' id='word_1_106' title='bbox 3472 1346 3591 1407; x_wconf 57' lang='lat' dir='ltr'>Ac.</span> 
     </span>
    </p>
   </div>
   <div class='ocr_carea' id='block_1_10' title="bbox 341 1455 3591 1541">
    <p class='ocr_par' dir='ltr' id='par_1_10' title="bbox 341 1455 3591 1541">
     <span class='ocr_line' id='line_1_10' title="bbox 341 1455 3591 1541; baseline -0.001 -16"><span class='ocrx_word' id='word_1_107' title='bbox 341 1463 510 1526; x_wconf 88' lang='lat' dir='ltr'>cedit</span> <span class='ocrx_word' id='word_1_108' title='bbox 568 1458 744 1541; x_wconf 90' lang='lat' dir='ltr'>quod</span> <span class='ocrx_word' id='word_1_109' title='bbox 809 1455 1096 1520; x_wconf 82' lang='lat' dir='ltr'>Ascelini</span> <span class='ocrx_word' id='word_1_110' title='bbox 1131 1456 1323 1520; x_wconf 90' lang='lat' dir='ltr'>verba</span> <span class='ocrx_word' id='word_1_111' title='bbox 1370 1473 1448 1519; x_wconf 82' lang='lat' dir='ltr'>ex</span> <span class='ocrx_word' id='word_1_112' title='bbox 1488 1455 1603 1519; x_wconf 89' lang='lat' dir='ltr'>illo</span> <span class='ocrx_word' id='word_1_113' title='bbox 1640 1455 1807 1519; x_wconf 89' lang='lat' dir='ltr'>libro</span> <span class='ocrx_word' id='word_1_114' title='bbox 1842 1457 2108 1520; x_wconf 86' lang='lat' dir='ltr'>Joannis</span> <span class='ocrx_word' id='word_1_115' title='bbox 2154 1456 2325 1518; x_wconf 91' lang='lat' dir='ltr'>Scoti</span> <span class='ocrx_word' id='word_1_116' title='bbox 2359 1456 2553 1535; x_wconf 87' lang='lat' dir='ltr'>petita</span> <span class='ocrx_word' id='word_1_117' title='bbox 2584 1456 2739 1522; x_wconf 89' lang='lat' dir='ltr'>haec</span> <span class='ocrx_word' id='word_1_118' title='bbox 2780 1480 2796 1521; x_wconf 90' lang='lat'><strong>:</strong></span> <span class='ocrx_word' id='word_1_119' title='bbox 2847 1460 3046 1539; x_wconf 72' lang='lat' dir='ltr'>specie</span> <span class='ocrx_word' id='word_1_120' title='bbox 3092 1469 3397 1541; x_wconf 78' lang='lat' dir='ltr'>geruntur</span> <span class='ocrx_word' id='word_1_121' title='bbox 3444 1462 3591 1535; x_wconf 77' lang='lat' dir='ltr'>ista,</span> 
     </span>
    </p>
   </div>
   <div class='ocr_carea' id='block_1_11' title="bbox 334 1568 3592 1662">
    <p class='ocr_par' dir='ltr' id='par_1_11' title="bbox 334 1568 3592 1662">
     <span class='ocr_line' id='line_1_11' title="bbox 334 1568 3592 1662; baseline -0.002 -14"><span class='ocrx_word' id='word_1_122' title='bbox 334 1603 463 1648; x_wconf 78' lang='lat' dir='ltr'>non</span> <span class='ocrx_word' id='word_1_123' title='bbox 490 1584 773 1655; x_wconf 77' lang='lat' dir='ltr'>veritate,</span> <span class='ocrx_word' id='word_1_124' title='bbox 806 1582 874 1644; x_wconf 88' lang='lat' dir='ltr'>in</span> <span class='ocrx_word' id='word_1_125' title='bbox 916 1580 1029 1643; x_wconf 92' lang='lat' dir='ltr'>illo</span> <span class='ocrx_word' id='word_1_126' title='bbox 1064 1577 1390 1642; x_wconf 82' lang='lat' dir='ltr'>Ratramni</span> <span class='ocrx_word' id='word_1_127' title='bbox 1431 1577 1596 1640; x_wconf 91' lang='lat' dir='ltr'>libro</span> <span class='ocrx_word' id='word_1_128' title='bbox 1638 1576 1717 1639; x_wconf 87' lang='lat' dir='ltr'>ad</span> <span class='ocrx_word' id='word_1_129' title='bbox 1751 1577 2016 1640; x_wconf 81' lang='lat' dir='ltr'>verbum</span> <span class='ocrx_word' id='word_1_130' title='bbox 2047 1568 2375 1654; x_wconf 78' lang='lat' dir='ltr'>leguntur.</span> <span class='ocrx_word' id='word_1_131' title='bbox 2411 1576 2574 1639; x_wconf 89' lang='lat' dir='ltr'>Sane</span> <span class='ocrx_word' id='word_1_132' title='bbox 2629 1577 2845 1656; x_wconf 84' lang='lat' dir='ltr'>potuit</span> <span class='ocrx_word' id='word_1_133' title='bbox 2871 1578 3032 1652; x_wconf 85' lang='lat' dir='ltr'>ﬁeri,</span> <span class='ocrx_word' id='word_1_134' title='bbox 3070 1586 3139 1642; x_wconf 92' lang='lat' dir='ltr'>ut</span> <span class='ocrx_word' id='word_1_135' title='bbox 3167 1579 3299 1642; x_wconf 90' lang='lat' dir='ltr'>duo</span> <span class='ocrx_word' id='word_1_136' title='bbox 3328 1580 3592 1662; x_wconf 88' lang='lat' dir='ltr'>scripto-</span> 
     </span>
    </p>
   </div>
   <div class='ocr_carea' id='block_1_12' title="bbox 337 1702 3626 1787">
    <p class='ocr_par' dir='ltr' id='par_1_12' title="bbox 337 1702 3626 1787">
     <span class='ocr_line' id='line_1_12' title="bbox 337 1702 3626 1787; baseline -0.002 -15"><span class='ocrx_word' id='word_1_137' title='bbox 337 1727 467 1782; x_wconf 89' lang='lat' dir='ltr'>res,</span> <span class='ocrx_word' id='word_1_138' title='bbox 502 1710 675 1771; x_wconf 88' lang='lat' dir='ltr'>inter</span> <span class='ocrx_word' id='word_1_139' title='bbox 727 1723 893 1787; x_wconf 88' lang='lat' dir='ltr'>quos</span> <span class='ocrx_word' id='word_1_140' title='bbox 937 1723 1166 1786; x_wconf 80' lang='lat' dir='ltr'>magna</span> <span class='ocrx_word' id='word_1_141' title='bbox 1219 1706 1646 1770; x_wconf 77' lang='lat' dir='ltr'>intercederet</span> <span class='ocrx_word' id='word_1_142' title='bbox 1681 1705 2087 1784; x_wconf 81' lang='lat' dir='ltr'>ingeniorum</span> <span class='ocrx_word' id='word_1_143' title='bbox 2140 1702 2524 1779; x_wconf 76' lang='lat' dir='ltr'>similitudo,</span> <span class='ocrx_word' id='word_1_144' title='bbox 2563 1704 2699 1767; x_wconf 82' lang='lat' dir='ltr'>illis</span> <span class='ocrx_word' id='word_1_145' title='bbox 2741 1704 3126 1784; x_wconf 71' lang='lat' dir='ltr'><strong>praesertim</strong></span> <span class='ocrx_word' id='word_1_146' title='bbox 3171 1702 3626 1784; x_wconf 82' lang='lat' dir='ltr'>temporibus,.</span> 
     </span>
    </p>
   </div>
   <div class='ocr_carea' id='block_1_13' title="bbox 340 1794 3599 1911">
    <p class='ocr_par' dir='ltr' id='par_1_13' title="bbox 340 1823 3599 1911">
     <span class='ocr_line' id='line_1_13' title="bbox 340 1823 3599 1911; baseline -0.003 -16"><span class='ocrx_word' id='word_1_147' title='bbox 340 1833 541 1895; x_wconf 89' lang='lat' dir='ltr'>etiam</span> <span class='ocrx_word' id='word_1_148' title='bbox 570 1832 640 1895; x_wconf 90' lang='lat' dir='ltr'>in</span> <span class='ocrx_word' id='word_1_149' title='bbox 690 1830 910 1895; x_wconf 87' lang='lat' dir='ltr'>eadem</span> <span class='ocrx_word' id='word_1_150' title='bbox 957 1826 1265 1895; x_wconf 84' lang='lat' dir='ltr'>vocabula</span> <span class='ocrx_word' id='word_1_151' title='bbox 1316 1832 1379 1889; x_wconf 91' lang='lat' dir='ltr'>et</span> <span class='ocrx_word' id='word_1_152' title='bbox 1430 1826 1750 1904; x_wconf 81' lang='lat' dir='ltr'>integrum</span> <span class='ocrx_word' id='word_1_153' title='bbox 1809 1823 2209 1887; x_wconf 71' lang='lat' dir='ltr'>enuntiatum</span> <span class='ocrx_word' id='word_1_154' title='bbox 2246 1840 2394 1887; x_wconf 89' lang='lat' dir='ltr'>casu</span> <span class='ocrx_word' id='word_1_155' title='bbox 2426 1823 2783 1888; x_wconf 90' lang='lat' dir='ltr'>inciderent</span> <span class='ocrx_word' id='word_1_156' title='bbox 2808 1825 3118 1911; x_wconf 80' lang='lat' dir='ltr'>fortuito;</span> <span class='ocrx_word' id='word_1_157' title='bbox 3154 1830 3216 1887; x_wconf 89' lang='lat' dir='ltr'>at</span> <span class='ocrx_word' id='word_1_158' title='bbox 3264 1841 3488 1905; x_wconf 82' lang='lat' dir='ltr'><strong>reapse</strong></span> <span class='ocrx_word' id='word_1_159' title='bbox 3532 1824 3599 1886; x_wconf 87' lang='lat' dir='ltr'>id</span> 
     </span>
    </p>
   </div>
   <div class='ocr_carea' id='block_1_14' title="bbox 334 1940 3601 2031">
    <p class='ocr_par' dir='ltr' id='par_1_14' title="bbox 334 1940 3601 2031">
     <span class='ocr_line' id='line_1_14' title="bbox 334 1940 3601 2031; baseline -0.001 -18"><span class='ocrx_word' id='word_1_160' title='bbox 334 1952 571 2016; x_wconf 84' lang='lat' dir='ltr'>factum</span> <span class='ocrx_word' id='word_1_161' title='bbox 606 1968 749 2013; x_wconf 90' lang='lat' dir='ltr'>esse</span> <span class='ocrx_word' id='word_1_162' title='bbox 784 1949 851 2011; x_wconf 91' lang='lat' dir='ltr'>in</span> <span class='ocrx_word' id='word_1_163' title='bbox 883 1947 1011 2022; x_wconf 88' lang='lat' dir='ltr'>his,</span> <span class='ocrx_word' id='word_1_164' title='bbox 1043 1947 1122 2010; x_wconf 91' lang='lat' dir='ltr'>de</span> <span class='ocrx_word' id='word_1_165' title='bbox 1157 1946 1397 2028; x_wconf 84' lang='lat' dir='ltr'>quibus</span> <span class='ocrx_word' id='word_1_166' title='bbox 1428 1945 1704 2024; x_wconf 70' lang='lat' dir='ltr'>agimus,</span> <span class='ocrx_word' id='word_1_167' title='bbox 1737 1942 1953 2006; x_wconf 83' lang='lat' dir='ltr'><strong>verbis</strong></span> <span class='ocrx_word' id='word_1_168' title='bbox 2004 1950 2133 2004; x_wconf 89' lang='lat' dir='ltr'>tam</span> <span class='ocrx_word' id='word_1_169' title='bbox 2185 1940 2479 2004; x_wconf 88' lang='lat' dir='ltr'>absimile</span> <span class='ocrx_word' id='word_1_170' title='bbox 2512 1950 2610 2005; x_wconf 87' lang='lat' dir='ltr'>est</span> <span class='ocrx_word' id='word_1_171' title='bbox 2657 1942 2818 2018; x_wconf 81' lang='lat' dir='ltr'>veri,</span> <span class='ocrx_word' id='word_1_172' title='bbox 2852 1951 2921 2007; x_wconf 92' lang='lat' dir='ltr'>ut</span> <span class='ocrx_word' id='word_1_173' title='bbox 2968 1944 3280 2031; x_wconf 86' lang='lat' dir='ltr'>ampliore</span> <span class='ocrx_word' id='word_1_174' title='bbox 3330 1946 3601 2010; x_wconf 69' lang='lat' dir='ltr'>demon:</span> 
     </span>
    </p>
   </div>
   <div class='ocr_carea' id='block_1_15' title="bbox 342 2060 3601 2149">
    <p class='ocr_par' dir='ltr' id='par_1_15' title="bbox 342 2060 3601 2149">
     <span class='ocr_line' id='line_1_15' title="bbox 342 2060 3601 2149; baseline -0.002 -17"><span class='ocrx_word' id='word_1_175' title='bbox 342 2070 652 2133; x_wconf 89' lang='lat' dir='ltr'>strationc</span> <span class='ocrx_word' id='word_1_176' title='bbox 682 2066 1243 2149; x_wconf 89' lang='lat' dir='ltr'>supersedeamus.</span> <span class='ocrx_word' id='word_1_177' title='bbox 1270 2064 1496 2144; x_wconf 88' lang='lat' dir='ltr'><strong>Neque</strong></span> <span class='ocrx_word' id='word_1_178' title='bbox 1527 2061 1813 2143; x_wconf 84' lang='lat' dir='ltr'>profecto</span> <span class='ocrx_word' id='word_1_179' title='bbox 1845 2061 1970 2126; x_wconf 87' lang='lat' dir='ltr'>ista</span> <span class='ocrx_word' id='word_1_180' title='bbox 2001 2060 2194 2124; x_wconf 87' lang='lat' dir='ltr'>verba</span> <span class='ocrx_word' id='word_1_181' title='bbox 2226 2060 2478 2125; x_wconf 84' lang='lat' dir='ltr'>veritati</span> <span class='ocrx_word' id='word_1_182' title='bbox 2508 2062 2596 2125; x_wconf 86' lang='lat' dir='ltr'>ita</span> <span class='ocrx_word' id='word_1_183' title='bbox 2625 2072 3010 2144; x_wconf 80' lang='lat' dir='ltr'>congruunt,</span> <span class='ocrx_word' id='word_1_184' title='bbox 3049 2072 3144 2142; x_wconf 89' lang='lat' dir='ltr'>ut,</span> <span class='ocrx_word' id='word_1_185' title='bbox 3171 2066 3343 2148; x_wconf 87' lang='lat' dir='ltr'>quod</span> <span class='ocrx_word' id='word_1_186' title='bbox 3367 2084 3601 2149; x_wconf 75' lang='lat' dir='ltr'>appro,-</span> 
     </span>
    </p>
   </div>
   <div class='ocr_carea' id='block_1_16' title="bbox 340 2168 3577 2277">
    <p class='ocr_par' dir='ltr' id='par_1_16' title="bbox 340 2168 3577 2277">
     <span class='ocr_line' id='line_1_16' title="bbox 340 2168 3577 2277; baseline -0.005 -23"><span class='ocrx_word' id='word_1_187' title='bbox 340 2190 482 2256; x_wconf 90' lang='lat' dir='ltr'>brio</span> <span class='ocrx_word' id='word_1_188' title='bbox 513 2189 674 2252; x_wconf 82' lang='lat' dir='ltr'>verti</span> <span class='ocrx_word' id='word_1_189' title='bbox 704 2186 982 2269; x_wconf 89' lang='lat' dir='ltr'>potuerit</span> <span class='ocrx_word' id='word_1_190' title='bbox 1015 2185 1347 2265; x_wconf 73' lang='lat' dir='ltr'>scriptori,</span> <span class='ocrx_word' id='word_1_191' title='bbox 1380 2184 1551 2247; x_wconf 74' lang='lat' dir='ltr'>nihil.</span> <span class='ocrx_word' id='word_1_192' title='bbox 1575 2185 1985 2277; x_wconf 64' lang='lat' dir='ltr'>contineant.</span> <span class='ocrx_word' id='word_1_193' title='bbox 2828 2248 2833 2251; x_wconf 25' lang='grc' dir='ltr'><strong><em>τ</em></strong></span> <span class='ocrx_word' id='word_1_194' title='bbox 3576 2168 3577 2171; x_wconf 50' lang='grc'><em>“</em></span> 
     </span>
    </p>
   </div>
   <div class='ocr_carea' id='block_1_17' title="bbox 417 2303 3601 2392">
    <p class='ocr_par' dir='ltr' id='par_1_17' title="bbox 417 2303 3601 2392">
     <span class='ocr_line' id='line_1_17' title="bbox 417 2303 3601 2392; baseline -0.001 -20"><span class='ocrx_word' id='word_1_195' title='bbox 417 2310 643 2391; x_wconf 79' lang='lat' dir='ltr'>Itaque</span> <span class='ocrx_word' id='word_1_196' title='bbox 674 2309 782 2371; x_wconf 76' lang='lat' dir='ltr'>vix</span> <span class='ocrx_word' id='word_1_197' title='bbox 809 2307 1081 2370; x_wconf 89' lang='lat' dir='ltr'>dubium</span> <span class='ocrx_word' id='word_1_198' title='bbox 1127 2325 1272 2372; x_wconf 89' lang='lat' dir='ltr'>esse</span> <span class='ocrx_word' id='word_1_199' title='bbox 1307 2306 1582 2385; x_wconf 86' lang='lat' dir='ltr'>videtur,</span> <span class='ocrx_word' id='word_1_200' title='bbox 1610 2304 2088 2382; x_wconf 82' lang='lat' dir='ltr'>Berengarium</span> <span class='ocrx_word' id='word_1_201' title='bbox 2110 2320 2300 2366; x_wconf 88' lang='lat' dir='ltr'>usum</span> <span class='ocrx_word' id='word_1_202' title='bbox 2343 2320 2482 2366; x_wconf 89' lang='lat' dir='ltr'>esse</span> <span class='ocrx_word' id='word_1_203' title='bbox 2536 2303 2701 2367; x_wconf 86' lang='lat' dir='ltr'>libro</span> <span class='ocrx_word' id='word_1_204' title='bbox 2733 2305 3055 2371; x_wconf 83' lang='lat' dir='ltr'>Batramui</span> <span class='ocrx_word' id='word_1_205' title='bbox 3110 2310 3191 2373; x_wconf 84' lang='lat' dir='ltr'>de</span> <span class='ocrx_word' id='word_1_206' title='bbox 3227 2327 3496 2392; x_wconf 89' lang='lat' dir='ltr'>corpore</span> <span class='ocrx_word' id='word_1_207' title='bbox 3537 2305 3601 2375; x_wconf 70' lang='lat' dir='ltr'>et</span> 
     </span>
    </p>
   </div>
   <div class='ocr_carea' id='block_1_18' title="bbox 349 2424 3603 2511">
    <p class='ocr_par' dir='ltr' id='par_1_18' title="bbox 349 2424 3603 2511">
     <span class='ocr_line' id='line_1_18' title="bbox 349 2424 3603 2511; baseline 0 -16"><span class='ocrx_word' id='word_1_208' title='bbox 349 2431 659 2511; x_wconf 80' lang='lat' dir='ltr'>sanguine</span> <span class='ocrx_word' id='word_1_209' title='bbox 688 2428 968 2503; x_wconf 86' lang='lat' dir='ltr'>Domini,</span> <span class='ocrx_word' id='word_1_210' title='bbox 999 2446 1279 2508; x_wconf 83' lang='lat' dir='ltr'>eumque</span> <span class='ocrx_word' id='word_1_211' title='bbox 1307 2428 1639 2491; x_wconf 75' lang='lat' dir='ltr'>Batramni</span> <span class='ocrx_word' id='word_1_212' title='bbox 1666 2426 1908 2489; x_wconf 91' lang='lat' dir='ltr'>librum</span> <span class='ocrx_word' id='word_1_213' title='bbox 1948 2426 2017 2488; x_wconf 92' lang='lat' dir='ltr'>in</span> <span class='ocrx_word' id='word_1_214' title='bbox 2058 2424 2324 2503; x_wconf 16' lang='lat' dir='ltr'>synoldis</span> <span class='ocrx_word' id='word_1_215' title='bbox 2353 2425 2747 2500; x_wconf 89' lang='lat' dir='ltr'>damnatum,</span> <span class='ocrx_word' id='word_1_216' title='bbox 2779 2430 3204 2505; x_wconf 88' lang='lat' dir='ltr'>conscissum,</span> <span class='ocrx_word' id='word_1_217' title='bbox 3236 2448 3603 2496; x_wconf 74' lang='lat' dir='ltr'>concrema-</span> 
     </span>
    </p>
   </div>
   <div class='ocr_carea' id='block_1_19' title="bbox 350 2544 3603 2626">
    <p class='ocr_par' dir='ltr' id='par_1_19' title="bbox 350 2544 3603 2626">
     <span class='ocr_line' id='line_1_19' title="bbox 350 2544 3603 2626; baseline 0 -16"><span class='ocrx_word' id='word_1_218' title='bbox 350 2554 483 2611; x_wconf 91' lang='lat' dir='ltr'>tum</span> <span class='ocrx_word' id='word_1_219' title='bbox 519 2564 684 2611; x_wconf 87' lang='lat' dir='ltr'>esse.</span> <span class='ocrx_word' id='word_1_220' title='bbox 724 2547 1051 2610; x_wconf 79' lang='lat' dir='ltr'>Ratramni</span> <span class='ocrx_word' id='word_1_221' title='bbox 1079 2553 1291 2609; x_wconf 89' lang='lat' dir='ltr'>autem</span> <span class='ocrx_word' id='word_1_222' title='bbox 1326 2545 1508 2607; x_wconf 87' lang='lat' dir='ltr'>illum</span> <span class='ocrx_word' id='word_1_223' title='bbox 1539 2544 1777 2608; x_wconf 89' lang='lat' dir='ltr'>librum</span> <span class='ocrx_word' id='word_1_224' title='bbox 1808 2562 1949 2608; x_wconf 88' lang='lat' dir='ltr'>esse</span> <span class='ocrx_word' id='word_1_225' title='bbox 1997 2549 2309 2608; x_wconf 87' lang='lat' dir='ltr'>testantur</span> <span class='ocrx_word' id='word_1_226' title='bbox 2339 2544 2623 2621; x_wconf 82' lang='lat' dir='ltr'>codices,</span> <span class='ocrx_word' id='word_1_227' title='bbox 2646 2562 2680 2608; x_wconf 90' lang='lat' dir='ltr'>e</span> <span class='ocrx_word' id='word_1_228' title='bbox 2706 2546 2945 2626; x_wconf 90' lang='lat' dir='ltr'>quibus</span> <span class='ocrx_word' id='word_1_229' title='bbox 3001 2548 3211 2611; x_wconf 86' lang='lat' dir='ltr'>evolvi</span> <span class='ocrx_word' id='word_1_230' title='bbox 3241 2548 3393 2612; x_wconf 92' lang='lat' dir='ltr'>olim</span> <span class='ocrx_word' id='word_1_231' title='bbox 3429 2550 3603 2612; x_wconf 91' lang='lat' dir='ltr'>Lob-</span> 
     </span>
    </p>
   </div>
   <div class='ocr_carea' id='block_1_20' title="bbox 344 2665 3600 2749">
    <p class='ocr_par' dir='ltr' id='par_1_20' title="bbox 344 2665 3600 2749">
     <span class='ocr_line' id='line_1_20' title="bbox 344 2665 3600 2749; baseline 0.002 -19"><span class='ocrx_word' id='word_1_232' title='bbox 344 2666 663 2743; x_wconf 89' lang='lat' dir='ltr'>biensem,</span> <span class='ocrx_word' id='word_1_233' title='bbox 714 2683 889 2730; x_wconf 91' lang='lat' dir='ltr'>nunc</span> <span class='ocrx_word' id='word_1_234' title='bbox 923 2665 1184 2733; x_wconf 86' lang='lat' dir='ltr'>Domini</span> <span class='ocrx_word' id='word_1_235' title='bbox 1222 2666 1623 2744; x_wconf 80' lang='lat' dir='ltr'>Vergauwen</span> <span class='ocrx_word' id='word_1_236' title='bbox 1655 2665 2115 2738; x_wconf 78' lang='lat' dir='ltr'>Gandavensis,</span> <span class='ocrx_word' id='word_1_237' title='bbox 2141 2665 2346 2728; x_wconf 92' lang='lat' dir='ltr'>seculi</span> <span class='ocrx_word' id='word_1_238' title='bbox 2382 2666 2466 2739; x_wconf 85' lang='lat' dir='ltr'>X,</span> <span class='ocrx_word' id='word_1_239' title='bbox 2506 2683 2700 2745; x_wconf 90' lang='lat' dir='ltr'>quem</span> <span class='ocrx_word' id='word_1_240' title='bbox 2753 2667 3093 2749; x_wconf 76' lang='lat' dir='ltr'>descripsit</span> <span class='ocrx_word' id='word_1_241' title='bbox 3128 2671 3435 2735; x_wconf 87' lang='lat' dir='ltr'>Mabillon</span> <span class='ocrx_word' id='word_1_242' title='bbox 3466 2676 3600 2735; x_wconf 80' lang='lat' dir='ltr'>AA.</span> 
     </span>
    </p>
   </div>
   <div class='ocr_carea' id='block_1_21' title="bbox 342 2786 3604 2868">
    <p class='ocr_par' dir='ltr' id='par_1_21' title="bbox 342 2786 3604 2868">
     <span class='ocr_line' id='line_1_21' title="bbox 342 2786 3604 2868; baseline 0.001 -15"><span class='ocrx_word' id='word_1_243' title='bbox 342 2792 447 2854; x_wconf 87' lang='lat' dir='ltr'>SS.</span> <span class='ocrx_word' id='word_1_244' title='bbox 506 2792 646 2857; x_wconf 84' lang='lat' dir='ltr'>0rd.</span> <span class='ocrx_word' id='word_1_245' title='bbox 694 2792 902 2857; x_wconf 85' lang='lat' dir='ltr'>sancti</span> <span class='ocrx_word' id='word_1_246' title='bbox 953 2789 1193 2855; x_wconf 80' lang='lat' dir='ltr'>Bened.</span> <span class='ocrx_word' id='word_1_247' title='bbox 1252 2790 1441 2851; x_wconf 84' lang='lat' dir='ltr'>Tom.</span> <span class='ocrx_word' id='word_1_248' title='bbox 1494 2788 1611 2862; x_wconf 84' lang='lat' dir='ltr'>Vl,</span> <span class='ocrx_word' id='word_1_249' title='bbox 1665 2786 1864 2868; x_wconf 80' lang='lat' dir='ltr'>praef.</span> <span class='ocrx_word' id='word_1_250' title='bbox 1898 2787 2023 2850; x_wconf 82' lang='lat' dir='ltr'>Nro</span> <span class='ocrx_word' id='word_1_251' title='bbox 2053 2787 2153 2849; x_wconf 89' lang='lat'>83.</span> <span class='ocrx_word' id='word_1_252' title='bbox 2198 2786 2335 2848; x_wconf 72' lang='lat'>129.</span> <span class='ocrx_word' id='word_1_253' title='bbox 2385 2788 2523 2859; x_wconf 88' lang='grc'>130,</span> <span class='ocrx_word' id='word_1_254' title='bbox 2579 2788 3187 2868; x_wconf 80' lang='lat' dir='ltr'>Heidelbergensem</span> <span class='ocrx_word' id='word_1_255' title='bbox 3216 2792 3277 2854; x_wconf 91' lang='lat'>8.</span> <span class='ocrx_word' id='word_1_256' title='bbox 3320 2794 3468 2855; x_wconf 81' lang='lat' dir='ltr'>XX.</span> <span class='ocrx_word' id='word_1_257' title='bbox 3502 2811 3604 2856; x_wconf 81' lang='lat' dir='ltr'>se-</span> 
     </span>
    </p>
   </div>
   <div class='ocr_carea' id='block_1_22' title="bbox 348 2908 3605 2995">
    <p class='ocr_par' dir='ltr' id='par_1_22' title="bbox 348 2908 3605 2995">
     <span class='ocr_line' id='line_1_22' title="bbox 348 2908 3605 2995; baseline 0 -19"><span class='ocrx_word' id='word_1_258' title='bbox 348 2913 478 2976; x_wconf 91' lang='lat' dir='ltr'>culi</span> <span class='ocrx_word' id='word_1_259' title='bbox 504 2916 625 2988; x_wconf 79' lang='lat' dir='ltr'>XI,</span> <span class='ocrx_word' id='word_1_260' title='bbox 652 2916 767 2995; x_wconf 88' lang='lat' dir='ltr'>qui</span> <span class='ocrx_word' id='word_1_261' title='bbox 801 2917 957 2978; x_wconf 83' lang='lat' dir='ltr'>olim</span> <span class='ocrx_word' id='word_1_262' title='bbox 995 2916 1305 2995; x_wconf 84' lang='lat' dir='ltr'>pertinuit</span> <span class='ocrx_word' id='word_1_263' title='bbox 1358 2914 1436 2978; x_wconf 90' lang='lat' dir='ltr'>ad</span> <span class='ocrx_word' id='word_1_264' title='bbox 1471 2913 1785 2977; x_wconf 90' lang='lat' dir='ltr'>abbatiam</span> <span class='ocrx_word' id='word_1_265' title='bbox 1819 2912 2043 2986; x_wconf 79' lang='lat' dir='ltr'>Solem,</span> <span class='ocrx_word' id='word_1_266' title='bbox 2086 2929 2119 2973; x_wconf 94' lang='lat' dir='ltr'>a</span> <span class='ocrx_word' id='word_1_267' title='bbox 2155 2909 2527 2973; x_wconf 89' lang='lat' dir='ltr'>Mabillonio</span> <span class='ocrx_word' id='word_1_268' title='bbox 2577 2908 2905 2974; x_wconf 89' lang='lat' dir='ltr'>laudatum</span> <span class='ocrx_word' id='word_1_269' title='bbox 2954 2910 3021 2973; x_wconf 90' lang='lat' dir='ltr'>in</span> <span class='ocrx_word' id='word_1_270' title='bbox 3056 2914 3385 2979; x_wconf 85' lang='lat' dir='ltr'>itinerario</span> <span class='ocrx_word' id='word_1_271' title='bbox 3428 2916 3605 2979; x_wconf 71' lang='lat' dir='ltr'>Ana-</span> 
     </span>
    </p>
   </div>
   <div class='ocr_carea' id='block_1_23' title="bbox 352 3008 3631 3118">
    <p class='ocr_par' dir='ltr' id='par_1_23' title="bbox 352 3008 3631 3118">
     <span class='ocr_line' id='line_1_23' title="bbox 352 3008 3631 3118; baseline 0.005 -27"><span class='ocrx_word' id='word_1_272' title='bbox 352 3030 511 3093; x_wconf 80' lang='lat' dir='ltr'>lecta</span> <span class='ocrx_word' id='word_1_273' title='bbox 540 3033 745 3097; x_wconf 78' lang='lat' dir='ltr'>Paris.</span> <span class='ocrx_word' id='word_1_274' title='bbox 800 3037 954 3098; x_wconf 82' lang='lat'>1733</span> <span class='ocrx_word' id='word_1_275' title='bbox 992 3036 1108 3103; x_wconf 80' lang='lat' dir='ltr'>fol.</span> <span class='ocrx_word' id='word_1_276' title='bbox 1160 3057 1221 3118; x_wconf 91' lang='lat' dir='ltr'>p.</span> <span class='ocrx_word' id='word_1_277' title='bbox 1257 3008 1351 3104; x_wconf 50' lang='grc' dir='ltr'><strong>1ἡᾷ</strong></span> <span class='ocrx_word' id='word_1_278' title='bbox 1387 3040 1483 3110; x_wconf 86' lang='grc'><strong>17,</strong></span> <span class='ocrx_word' id='word_1_279' title='bbox 1536 3045 1597 3102; x_wconf 91' lang='lat' dir='ltr'>et</span> <span class='ocrx_word' id='word_1_280' title='bbox 1649 3038 1815 3102; x_wconf 92' lang='lat' dir='ltr'>duos</span> <span class='ocrx_word' id='word_1_281' title='bbox 1865 3036 2119 3101; x_wconf 83' lang='lat' dir='ltr'>codices</span> <span class='ocrx_word' id='word_1_282' title='bbox 2144 3035 2613 3100; x_wconf 85' lang='lat' dir='ltr'>Gottwicenses</span> <span class='ocrx_word' id='word_1_283' title='bbox 2642 3046 2708 3098; x_wconf 92' lang='lat' dir='ltr'>n°</span> <span class='ocrx_word' id='word_1_284' title='bbox 2736 3036 2815 3100; x_wconf 80' lang='lat'>58</span> <span class='ocrx_word' id='word_1_285' title='bbox 2842 3043 2902 3100; x_wconf 84' lang='lat' dir='ltr'>et</span> <span class='ocrx_word' id='word_1_286' title='bbox 2933 3040 3071 3102; x_wconf 79' lang='lat'><strong>312.</strong></span> <span class='ocrx_word' id='word_1_287' title='bbox 3104 3039 3229 3114; x_wconf 88' lang='lat' dir='ltr'>Qui</span> <span class='ocrx_word' id='word_1_288' title='bbox 3272 3042 3351 3104; x_wconf 89' lang='lat' dir='ltr'>ad</span> <span class='ocrx_word' id='word_1_289' title='bbox 3398 3058 3631 3107; x_wconf 63' lang='lat' dir='ltr'>unum.</span> 
     </span>
    </p>
   </div>
   <div class='ocr_carea' id='block_1_24' title="bbox 351 3153 2910 3239">
    <p class='ocr_par' dir='ltr' id='par_1_24' title="bbox 351 3153 2910 3239">
     <span class='ocr_line' id='line_1_24' title="bbox 351 3153 2910 3239; baseline 0.004 -26"><span class='ocrx_word' id='word_1_290' title='bbox 351 3166 576 3215; x_wconf 84' lang='lat' dir='ltr'>omnes</span> <span class='ocrx_word' id='word_1_291' title='bbox 611 3153 952 3218; x_wconf 83' lang='lat' dir='ltr'>Ratramno</span> <span class='ocrx_word' id='word_1_292' title='bbox 985 3157 1215 3220; x_wconf 89' lang='lat' dir='ltr'>librum</span> <span class='ocrx_word' id='word_1_293' title='bbox 1245 3158 1627 3235; x_wconf 88' lang='lat' dir='ltr'>inscribunt,</span> <span class='ocrx_word' id='word_1_294' title='bbox 1653 3157 2039 3222; x_wconf 89' lang='lat' dir='ltr'>Lobbiensis</span> <span class='ocrx_word' id='word_1_295' title='bbox 2074 3156 2476 3239; x_wconf 90' lang='lat' dir='ltr'>quidemille</span> <span class='ocrx_word' id='word_1_296' title='bbox 2508 3156 2608 3221; x_wconf 90' lang='lat' dir='ltr'>his</span> <span class='ocrx_word' id='word_1_297' title='bbox 2647 3159 2910 3223; x_wconf 79' lang='lat' dir='ltr'>verbis:</span> 
     </span>
    </p>
   </div>
   <div class='ocr_carea' id='block_1_25' title="bbox 934 3304 2904 3417">
    <p class='ocr_par' dir='ltr' id='par_1_25' title="bbox 934 3304 2904 3380">
     <span class='ocr_line' id='line_1_25' title="bbox 934 3304 2904 3380; baseline 0.003 -7"><span class='ocrx_word' id='word_1_298' title='bbox 934 3309 1228 3375; x_wconf 79' lang='lat' dir='ltr'>INCIPIT</span> <span class='ocrx_word' id='word_1_299' title='bbox 1270 3315 1507 3378; x_wconf 83' lang='lat' dir='ltr'><strong>LIBER</strong></span> <span class='ocrx_word' id='word_1_300' title='bbox 1546 3306 1907 3378; x_wconf 68' lang='lat' dir='ltr'>RATR&#39;KNI</span> <span class='ocrx_word' id='word_1_301' title='bbox 1950 3314 2057 3376; x_wconf 89' lang='lat' dir='ltr'><strong>DE</strong></span> <span class='ocrx_word' id='word_1_302' title='bbox 2097 3313 2306 3378; x_wconf 77' lang='lat' dir='ltr'>conp</span> <span class='ocrx_word' id='word_1_303' title='bbox 2345 3318 2455 3378; x_wconf 82' lang='lat' dir='ltr'><strong>ET</strong></span> <span class='ocrx_word' id='word_1_304' title='bbox 2490 3305 2717 3378; x_wconf 60' lang='grc' dir='ltr'>εθιΝὸ</span> <span class='ocrx_word' id='word_1_305' title='bbox 2738 3304 2904 3380; x_wconf 64' lang='lat' dir='ltr'>Dm.</span> 
     </span>
    </p>
   </div>
   <div class='ocr_carea' id='block_1_26' title="bbox 421 3443 3615 3544">
    <p class='ocr_par' dir='ltr' id='par_1_26' title="bbox 421 3443 3615 3544">
     <span class='ocr_line' id='line_1_26' title="bbox 421 3443 3615 3544; baseline 0.007 -39"><span class='ocrx_word' id='word_1_306' title='bbox 421 3446 504 3506; x_wconf 84' lang='lat' dir='ltr'>At</span> <span class='ocrx_word' id='word_1_307' title='bbox 531 3445 644 3526; x_wconf 91' lang='lat' dir='ltr'>qui</span> <span class='ocrx_word' id='word_1_308' title='bbox 671 3443 911 3511; x_wconf 84' lang='lat' dir='ltr'>factum</span> <span class='ocrx_word' id='word_1_309' title='bbox 944 3455 1064 3525; x_wconf 87' lang='lat' dir='ltr'>est,</span> <span class='ocrx_word' id='word_1_310' title='bbox 1098 3452 1379 3533; x_wconf 89' lang='lat' dir='ltr'>inquies,</span> <span class='ocrx_word' id='word_1_311' title='bbox 1411 3460 1483 3517; x_wconf 91' lang='lat' dir='ltr'>ut</span> <span class='ocrx_word' id='word_1_312' title='bbox 1512 3456 1582 3517; x_wconf 91' lang='lat' dir='ltr'>in</span> <span class='ocrx_word' id='word_1_313' title='bbox 1613 3455 1728 3519; x_wconf 91' lang='lat' dir='ltr'>illo</span> <span class='ocrx_word' id='word_1_314' title='bbox 1758 3455 2106 3519; x_wconf 88' lang='lat' dir='ltr'>certamine</span> <span class='ocrx_word' id='word_1_315' title='bbox 2136 3455 2612 3535; x_wconf 74' lang='lat' dir='ltr'>Berengari‘ano</span> <span class='ocrx_word' id='word_1_316' title='bbox 2642 3475 2835 3522; x_wconf 89' lang='lat' dir='ltr'>nemo</span> <span class='ocrx_word' id='word_1_317' title='bbox 2874 3461 3178 3536; x_wconf 80' lang='lat' dir='ltr'>extiterit,</span> <span class='ocrx_word' id='word_1_318' title='bbox 3214 3462 3327 3544; x_wconf 90' lang='lat' dir='ltr'>qui</span> <span class='ocrx_word' id='word_1_319' title='bbox 3364 3462 3615 3528; x_wconf 82' lang='lat' dir='ltr'>librum</span> 
     </span>
    </p>
   </div>
   <div class='ocr_carea' id='block_1_27' title="bbox 338 3563 3604 3662">
    <p class='ocr_par' dir='ltr' id='par_1_27' title="bbox 338 3563 3604 3662">
     <span class='ocr_line' id='line_1_27' title="bbox 338 3563 3604 3662; baseline 0.007 -36"><span class='ocrx_word' id='word_1_320' title='bbox 338 3563 417 3627; x_wconf 85' lang='lat' dir='ltr'>ad</span> <span class='ocrx_word' id='word_1_321' title='bbox 457 3584 677 3630; x_wconf 85' lang='lat' dir='ltr'>verum</span> <span class='ocrx_word' id='word_1_322' title='bbox 718 3565 925 3650; x_wconf 85' lang='lat' dir='ltr'>ipsius</span> <span class='ocrx_word' id='word_1_323' title='bbox 952 3580 1277 3640; x_wconf 85' lang='lat' dir='ltr'>auctorem</span> <span class='ocrx_word' id='word_1_324' title='bbox 1302 3579 1717 3642; x_wconf 73' lang='lat' dir='ltr'>Batramnum</span> <span class='ocrx_word' id='word_1_325' title='bbox 1747 3579 2063 3644; x_wconf 77' lang='lat' dir='ltr'>referret?</span> <span class='ocrx_word' id='word_1_326' title='bbox 2084 3580 2207 3656; x_wconf 86' lang='lat' dir='ltr'>Qui</span> <span class='ocrx_word' id='word_1_327' title='bbox 2240 3579 2476 3644; x_wconf 82' lang='lat' dir='ltr'>factum</span> <span class='ocrx_word' id='word_1_328' title='bbox 2504 3588 2625 3659; x_wconf 89' lang='lat' dir='ltr'>est,</span> <span class='ocrx_word' id='word_1_329' title='bbox 2661 3588 2741 3645; x_wconf 70' lang='lat' dir='ltr'>ut</span> <span class='ocrx_word' id='word_1_330' title='bbox 2762 3581 2997 3662; x_wconf 85' lang='lat' dir='ltr'>synodi</span> <span class='ocrx_word' id='word_1_331' title='bbox 3027 3599 3256 3648; x_wconf 84' lang='lat' dir='ltr'>verum</span> <span class='ocrx_word' id='word_1_332' title='bbox 3276 3593 3604 3650; x_wconf 80' lang='lat' dir='ltr'>auctorem</span> 
     </span>
    </p>
   </div>
   <div class='ocr_carea' id='block_1_28' title="bbox 342 3691 1106 3772">
    <p class='ocr_par' dir='ltr' id='par_1_28' title="bbox 342 3691 1106 3772">
     <span class='ocr_line' id='line_1_28' title="bbox 342 3691 1106 3772; baseline 0.017 -22"><span class='ocrx_word' id='word_1_333' title='bbox 342 3705 475 3753; x_wconf 90' lang='lat' dir='ltr'>non</span> <span class='ocrx_word' id='word_1_334' title='bbox 511 3691 1106 3772; x_wconf 73' lang='lat' dir='ltr'>deprehenderint?</span> 
     </span>
    </p>
   </div>
   <div class='ocr_carea' id='block_1_29' title="bbox 422 3812 3603 3913">
    <p class='ocr_par' dir='ltr' id='par_1_29' title="bbox 422 3812 3603 3913">
     <span class='ocr_line' id='line_1_29' title="bbox 422 3812 3603 3913; baseline 0.007 -38"><span class='ocrx_word' id='word_1_335' title='bbox 422 3812 675 3886; x_wconf 78' lang='lat' dir='ltr'>Quibus</span> <span class='ocrx_word' id='word_1_336' title='bbox 714 3818 1205 3897; x_wconf 76' lang='lat' dir='ltr'>quaestidnibus</span> <span class='ocrx_word' id='word_1_337' title='bbox 1243 3842 1511 3890; x_wconf 82' lang='lat' dir='ltr'>occurro</span> <span class='ocrx_word' id='word_1_338' title='bbox 1539 3828 2030 3908; x_wconf 77' lang='lat' dir='ltr'>quaestionibus</span> <span class='ocrx_word' id='word_1_339' title='bbox 2065 3829 2266 3906; x_wconf 86' lang='lat' dir='ltr'>hisce,</span> <span class='ocrx_word' id='word_1_340' title='bbox 2296 3848 2462 3912; x_wconf 88' lang='lat' dir='ltr'>quae</span> <span class='ocrx_word' id='word_1_341' title='bbox 2493 3848 2621 3897; x_wconf 87' lang='lat' dir='ltr'>non</span> <span class='ocrx_word' id='word_1_342' title='bbox 2655 3832 2871 3895; x_wconf 83' lang='lat' dir='ltr'>minus</span> <span class='ocrx_word' id='word_1_343' title='bbox 2908 3840 3057 3913; x_wconf 89' lang='lat' dir='ltr'>apte</span> <span class='ocrx_word' id='word_1_344' title='bbox 3102 3833 3285 3897; x_wconf 85' lang='lat' dir='ltr'>ﬁunt.</span> <span class='ocrx_word' id='word_1_345' title='bbox 3322 3835 3385 3898; x_wconf 90' lang='lat' dir='ltr'>Si</span> <span class='ocrx_word' id='word_1_346' title='bbox 3435 3832 3603 3898; x_wconf 84' lang='lat' dir='ltr'>libro</span> 
     </span>
    </p>
   </div>
   <div class='ocr_carea' id='block_1_30' title="bbox 344 3932 3597 4035">
    <p class='ocr_par' dir='ltr' id='par_1_30' title="bbox 344 3932 3597 4035">
     <span class='ocr_line' id='line_1_30' title="bbox 344 3932 3597 4035; baseline 0.007 -40"><span class='ocrx_word' id='word_1_347' title='bbox 344 3934 611 3999; x_wconf 73' lang='lat' dir='ltr'>Joannis</span> <span class='ocrx_word' id='word_1_348' title='bbox 642 3938 809 4002; x_wconf 87' lang='lat' dir='ltr'>Scoti</span> <span class='ocrx_word' id='word_1_349' title='bbox 842 3943 1143 4006; x_wconf 83' lang='lat' dir='ltr'>utebatur</span> <span class='ocrx_word' id='word_1_350' title='bbox 1180 3944 1626 4024; x_wconf 82' lang='lat' dir='ltr'>Berengarius,</span> <span class='ocrx_word' id='word_1_351' title='bbox 1661 3946 1775 4026; x_wconf 83' lang='lat' dir='ltr'>qui</span> <span class='ocrx_word' id='word_1_352' title='bbox 1804 3932 2044 4011; x_wconf 79' lang='lat' dir='ltr'>factum</span> <span class='ocrx_word' id='word_1_353' title='bbox 2075 3955 2195 4024; x_wconf 88' lang='lat' dir='ltr'>est,</span> <span class='ocrx_word' id='word_1_354' title='bbox 2232 3956 2301 4012; x_wconf 89' lang='lat' dir='ltr'>ut</span> <span class='ocrx_word' id='word_1_355' title='bbox 2332 3950 2431 4014; x_wconf 79' lang='lat' dir='ltr'>vel</span> <span class='ocrx_word' id='word_1_356' title='bbox 2465 3951 2605 4031; x_wconf 91' lang='lat' dir='ltr'>ipse</span> <span class='ocrx_word' id='word_1_357' title='bbox 2639 3951 2735 4017; x_wconf 87' lang='lat' dir='ltr'>vel</span> <span class='ocrx_word' id='word_1_358' title='bbox 2765 3934 2987 4017; x_wconf 80' lang='lat' dir='ltr'>schola</span> <span class='ocrx_word' id='word_1_359' title='bbox 3022 3953 3225 4033; x_wconf 81' lang='lat' dir='ltr'>ipsius</span> <span class='ocrx_word' id='word_1_360' title='bbox 3262 3972 3597 4035; x_wconf 87' lang='lat' dir='ltr'>nunquam</span> 
     </span>
    </p>
   </div>
   <div class='ocr_carea' id='block_1_31' title="bbox 344 4050 3599 4153">
    <p class='ocr_par' dir='ltr' id='par_1_31' title="bbox 344 4050 3599 4153">
     <span class='ocr_line' id='line_1_31' title="bbox 344 4050 3599 4153; baseline 0.008 -41"><span class='ocrx_word' id='word_1_361' title='bbox 344 4050 433 4114; x_wconf 83' lang='lat' dir='ltr'>ad</span> <span class='ocrx_word' id='word_1_362' title='bbox 455 4054 1456 4137; x_wconf 74' lang='lat' dir='ltr'>persimilemRatramnilibrum,</span> <span class='ocrx_word' id='word_1_363' title='bbox 1482 4066 1685 4127; x_wconf 84' lang='lat' dir='ltr'>errori</span> <span class='ocrx_word' id='word_1_364' title='bbox 1711 4084 1830 4131; x_wconf 91' lang='lat' dir='ltr'>suo</span> <span class='ocrx_word' id='word_1_365' title='bbox 1859 4070 2296 4150; x_wconf 76' lang='lat' dir='ltr'>maximOpere</span> <span class='ocrx_word' id='word_1_366' title='bbox 2322 4073 2667 4147; x_wconf 81' lang='lat' dir='ltr'>faventem,</span> <span class='ocrx_word' id='word_1_367' title='bbox 2700 4077 3139 4153; x_wconf 81' lang='lat' dir='ltr'>provocaverit</span> <span class='ocrx_word' id='word_1_368' title='bbox 3161 4079 3189 4136; x_wconf 84' lang='lat'><strong>?</strong></span> <span class='ocrx_word' id='word_1_369' title='bbox 3206 4075 3329 4150; x_wconf 89' lang='lat' dir='ltr'>Qui</span> <span class='ocrx_word' id='word_1_370' title='bbox 3360 4074 3599 4138; x_wconf 89' lang='lat' dir='ltr'>fact-um</span> 
     </span>
    </p>
   </div>
   <div class='ocr_carea' id='block_1_32' title="bbox 346 4175 3598 4266">
    <p class='ocr_par' dir='ltr' id='par_1_32' title="bbox 346 4175 3598 4266">
     <span class='ocr_line' id='line_1_32' title="bbox 346 4175 3598 4266; baseline 0.006 -32"><span class='ocrx_word' id='word_1_371' title='bbox 346 4177 468 4244; x_wconf 78' lang='lat' dir='ltr'>est,</span> <span class='ocrx_word' id='word_1_372' title='bbox 510 4180 584 4234; x_wconf 89' lang='lat' dir='ltr'>ut</span> <span class='ocrx_word' id='word_1_373' title='bbox 617 4175 984 4239; x_wconf 79' lang='lat' dir='ltr'>omninoin</span> <span class='ocrx_word' id='word_1_374' title='bbox 1018 4184 1144 4241; x_wconf 89' lang='lat' dir='ltr'>tota</span> <span class='ocrx_word' id='word_1_375' title='bbox 1179 4179 1309 4242; x_wconf 82' lang='lat' dir='ltr'>ista</span> <span class='ocrx_word' id='word_1_376' title='bbox 1349 4183 1790 4254; x_wconf 85' lang='lat' dir='ltr'>controversia</span> <span class='ocrx_word' id='word_1_377' title='bbox 1843 4182 1991 4245; x_wconf 90' lang='lat' dir='ltr'>libri</span> <span class='ocrx_word' id='word_1_378' title='bbox 2034 4185 2477 4246; x_wconf 75' lang='lat' dir='ltr'>Ratramniani</span> <span class='ocrx_word' id='word_1_379' title='bbox 2521 4186 2699 4249; x_wconf 87' lang='lat' dir='ltr'>nulla</span> <span class='ocrx_word' id='word_1_380' title='bbox 2749 4203 3025 4266; x_wconf 81' lang='lat' dir='ltr'>usquam</span> <span class='ocrx_word' id='word_1_381' title='bbox 3082 4191 3327 4251; x_wconf 90' lang='lat' dir='ltr'>mentio</span> <span class='ocrx_word' id='word_1_382' title='bbox 3376 4191 3598 4253; x_wconf 73' lang='lat' dir='ltr'>fleret?</span> 
     </span>
    </p>
   </div>
   <div class='ocr_carea' id='block_1_33' title="bbox 350 4286 3596 4379">
    <p class='ocr_par' dir='ltr' id='par_1_33' title="bbox 350 4286 3596 4379">
     <span class='ocr_line' id='line_1_33' title="bbox 350 4286 3596 4379; baseline 0.007 -34"><span class='ocrx_word' id='word_1_383' title='bbox 350 4286 593 4365; x_wconf 79' lang='lat' dir='ltr'>Synodi</span> <span class='ocrx_word' id='word_1_384' title='bbox 638 4291 895 4369; x_wconf 89' lang='lat' dir='ltr'>quidem</span> <span class='ocrx_word' id='word_1_385' title='bbox 942 4296 1022 4359; x_wconf 91' lang='lat' dir='ltr'>de</span> <span class='ocrx_word' id='word_1_386' title='bbox 1074 4295 1241 4359; x_wconf 91' lang='lat' dir='ltr'>libro</span> <span class='ocrx_word' id='word_1_387' title='bbox 1282 4298 1697 4379; x_wconf 89' lang='lat' dir='ltr'>judicarunt,</span> <span class='ocrx_word' id='word_1_388' title='bbox 1729 4317 1861 4364; x_wconf 91' lang='lat' dir='ltr'>non</span> <span class='ocrx_word' id='word_1_389' title='bbox 1896 4301 1976 4366; x_wconf 88' lang='lat' dir='ltr'>de</span> <span class='ocrx_word' id='word_1_390' title='bbox 2004 4300 2646 4364; x_wconf 80' lang='lat' dir='ltr'>auctore.-Ratramni</span> <span class='ocrx_word' id='word_1_391' title='bbox 2677 4308 2891 4363; x_wconf 89' lang='lat' dir='ltr'>autem</span> <span class='ocrx_word' id='word_1_392' title='bbox 2930 4302 3094 4363; x_wconf 90' lang='lat' dir='ltr'>liber</span> <span class='ocrx_word' id='word_1_393' title='bbox 3126 4308 3252 4363; x_wconf 88' lang='lat' dir='ltr'>tam</span> <span class='ocrx_word' id='word_1_394' title='bbox 3299 4304 3596 4367; x_wconf 76' lang='lat' dir='ltr'>intricato</span> 
     </span>
    </p>
   </div>
   <div class='ocr_carea' id='block_1_34' title="bbox 353 4405 3590 4503">
    <p class='ocr_par' dir='ltr' id='par_1_34' title="bbox 353 4405 3590 4503">
     <span class='ocr_line' id='line_1_34' title="bbox 353 4405 3590 4503; baseline 0.007 -39"><span class='ocrx_word' id='word_1_395' title='bbox 353 4420 429 4466; x_wconf 89' lang='lat' dir='ltr'>ac</span> <span class='ocrx_word' id='word_1_396' title='bbox 456 4405 769 4485; x_wconf 81' lang='lat' dir='ltr'>singulari</span> <span class='ocrx_word' id='word_1_397' title='bbox 798 4410 1046 4477; x_wconf 89' lang='lat' dir='ltr'>dicendi</span> <span class='ocrx_word' id='word_1_398' title='bbox 1077 4432 1311 4494; x_wconf 78' lang='lat' dir='ltr'>genere</span> <span class='ocrx_word' id='word_1_399' title='bbox 1344 4420 1581 4496; x_wconf 78' lang='lat' dir='ltr'>utitur,</span> <span class='ocrx_word' id='word_1_400' title='bbox 1612 4429 1680 4486; x_wconf 91' lang='lat' dir='ltr'>ut</span> <span class='ocrx_word' id='word_1_401' title='bbox 1718 4422 1839 4486; x_wconf 90' lang='lat' dir='ltr'>viri</span> <span class='ocrx_word' id='word_1_402' title='bbox 1866 4422 2038 4486; x_wconf 91' lang='lat' dir='ltr'>docti</span> <span class='ocrx_word' id='word_1_403' title='bbox 2069 4438 2218 4485; x_wconf 88' lang='lat' dir='ltr'>eum</span> <span class='ocrx_word' id='word_1_404' title='bbox 2253 4420 2486 4485; x_wconf 86' lang='lat' dir='ltr'>Joanni</span> <span class='ocrx_word' id='word_1_405' title='bbox 2523 4421 2712 4483; x_wconf 90' lang='lat' dir='ltr'>Scoto</span> <span class='ocrx_word' id='word_1_406' title='bbox 2739 4418 3156 4498; x_wconf 34' lang='lat' dir='ltr'>tribuiifacile</span> <span class='ocrx_word' id='word_1_407' title='bbox 3190 4427 3590 4503; x_wconf 85' lang='lat' dir='ltr'>paterentur.</span> 
     </span>
    </p>
   </div>
   <div class='ocr_carea' id='block_1_35' title="bbox 343 4518 3593 4621">
    <p class='ocr_par' dir='ltr' id='par_1_35' title="bbox 343 4518 3593 4621">
     <span class='ocr_line' id='line_1_35' title="bbox 343 4518 3593 4621; baseline 0.007 -39"><span class='ocrx_word' id='word_1_408' title='bbox 343 4518 567 4601; x_wconf 84' lang='lat' dir='ltr'>Neque</span> <span class='ocrx_word' id='word_1_409' title='bbox 597 4528 814 4588; x_wconf 88' lang='lat' dir='ltr'>tamen</span> <span class='ocrx_word' id='word_1_410' title='bbox 842 4546 1127 4611; x_wconf 86' lang='lat' dir='ltr'>unquam</span> <span class='ocrx_word' id='word_1_411' title='bbox 1156 4537 1328 4615; x_wconf 87' lang='lat' dir='ltr'>apud</span> <span class='ocrx_word' id='word_1_412' title='bbox 1357 4542 1752 4608; x_wconf 75' lang='lat' dir='ltr'>veteres—duo</span> <span class='ocrx_word' id='word_1_413' title='bbox 1772 4542 1920 4606; x_wconf 90' lang='lat' dir='ltr'>libri</span> <span class='ocrx_word' id='word_1_414' title='bbox 1950 4544 2029 4607; x_wconf 89' lang='lat' dir='ltr'>de</span> <span class='ocrx_word' id='word_1_415' title='bbox 2055 4542 2160 4606; x_wconf 88' lang='lat' dir='ltr'>SS.</span> <span class='ocrx_word' id='word_1_416' title='bbox 2193 4542 2616 4618; x_wconf 78' lang='lat' dir='ltr'>Eucharislia,</span> <span class='ocrx_word' id='word_1_417' title='bbox 2646 4541 2916 4606; x_wconf 86' lang='lat' dir='ltr'>Joannis</span> <span class='ocrx_word' id='word_1_418' title='bbox 2947 4543 3115 4608; x_wconf 76' lang='lat' dir='ltr'>Secti</span> <span class='ocrx_word' id='word_1_419' title='bbox 3145 4550 3206 4608; x_wconf 88' lang='lat' dir='ltr'>et</span> <span class='ocrx_word' id='word_1_420' title='bbox 3240 4545 3593 4621; x_wconf 68' lang='lat' dir='ltr'>Ratramni,</span> 
     </span>
    </p>
   </div>
   <div class='ocr_carea' id='block_1_36' title="bbox 347 4638 1723 4734">
    <p class='ocr_par' dir='ltr' id='par_1_36' title="bbox 347 4638 1723 4734">
     <span class='ocr_line' id='line_1_36' title="bbox 347 4638 1723 4734; baseline 0.018 -33"><span class='ocrx_word' id='word_1_421' title='bbox 347 4638 427 4702; x_wconf 88' lang='lat' dir='ltr'>ab</span> <span class='ocrx_word' id='word_1_422' title='bbox 462 4659 593 4705; x_wconf 90' lang='lat' dir='ltr'>uno</span> <span class='ocrx_word' id='word_1_423' title='bbox 625 4645 985 4729; x_wconf 87' lang='lat' dir='ltr'>eodemque</span> <span class='ocrx_word' id='word_1_424' title='bbox 1016 4654 1326 4734; x_wconf 88' lang='lat' dir='ltr'>scriptore</span> <span class='ocrx_word' id='word_1_425' title='bbox 1357 4657 1723 4725; x_wconf 81' lang='lat' dir='ltr'>laudantur.</span> 
     </span>
    </p>
   </div>
   <div class='ocr_carea' id='block_1_37' title="bbox 416 4781 2056 4885">
    <p class='ocr_par' dir='ltr' id='par_1_37' title="bbox 416 4781 2031 4875">
     <span class='ocr_line' id='line_1_37' title="bbox 416 4781 2031 4875; baseline 0.015 -31"><span class='ocrx_word' id='word_1_426' title='bbox 416 4781 559 4845; x_wconf 73' lang='lat' dir='ltr'>1am</span> <span class='ocrx_word' id='word_1_427' title='bbox 580 4803 733 4851; x_wconf 88' lang='lat' dir='ltr'>vero</span> <span class='ocrx_word' id='word_1_428' title='bbox 762 4790 818 4852; x_wconf 90' lang='lat' dir='ltr'>si</span> <span class='ocrx_word' id='word_1_429' title='bbox 852 4800 1021 4858; x_wconf 88' lang='lat' dir='ltr'>recte</span> <span class='ocrx_word' id='word_1_430' title='bbox 1051 4788 1402 4875; x_wconf 85' lang='lat' dir='ltr'>dubitatur,</span> <span class='ocrx_word' id='word_1_431' title='bbox 1430 4801 1744 4867; x_wconf 80' lang='lat' dir='ltr'>Joannem</span> <span class='ocrx_word' id='word_1_432' title='bbox 1773 4805 2031 4868; x_wconf 86' lang='lat' dir='ltr'>Scotum</span> 
     </span>
    </p>
   </div>
   <div class='ocr_carea' id='block_1_38' title="bbox 1956 4781 3596 4885">
    <p class='ocr_par' dir='ltr' id='par_1_38' title="bbox 1956 4803 3596 4885">
     <span class='ocr_line' id='line_1_38' title="bbox 1956 4803 3596 4885; baseline 0.002 -18"><span class='ocrx_word' id='word_1_433' title='bbox 1956 4822 2031 4867; x_wconf 71' lang='lat' dir='ltr'>rm</span> <span class='ocrx_word' id='word_1_434' title='bbox 2064 4806 2453 4885; x_wconf 79' lang='lat' dir='ltr'>peculiarem</span> <span class='ocrx_word' id='word_1_435' title='bbox 2479 4805 2717 4869; x_wconf 85' lang='lat' dir='ltr'>librum</span> <span class='ocrx_word' id='word_1_436' title='bbox 2744 4805 2825 4869; x_wconf 94' lang='lat' dir='ltr'>de</span> <span class='ocrx_word' id='word_1_437' title='bbox 2856 4805 2962 4869; x_wconf 86' lang='lat' dir='ltr'>SS.</span> <span class='ocrx_word' id='word_1_438' title='bbox 2992 4803 3596 4870; x_wconf 36' lang='lat' dir='ltr'>Euch‘aristia&#39;scri-</span> 
     </span>
    </p>
   </div>
   <div class='ocr_carea' id='block_1_39' title="bbox 339 4892 3593 5008">
    <p class='ocr_par' dir='ltr' id='par_1_39' title="bbox 339 4908 3593 5008">
     <span class='ocr_line' id='line_1_39' title="bbox 339 4908 3593 5008; baseline 0.006 -38"><span class='ocrx_word' id='word_1_439' title='bbox 339 4908 576 4987; x_wconf 75' lang='lat' dir='ltr'>psisse;</span> <span class='ocrx_word' id='word_1_440' title='bbox 634 4915 897 4983; x_wconf 88' lang='lat' dir='ltr'>ubinam</span> <span class='ocrx_word' id='word_1_441' title='bbox 954 4920 1094 5000; x_wconf 90' lang='lat' dir='ltr'>ipse</span> <span class='ocrx_word' id='word_1_442' title='bbox 1127 4938 1379 4982; x_wconf 69' lang='lat' dir='ltr'>errores</span> <span class='ocrx_word' id='word_1_443' title='bbox 1396 4938 1550 4986; x_wconf 87' lang='lat' dir='ltr'>suos</span> <span class='ocrx_word' id='word_1_444' title='bbox 1584 4932 1776 5005; x_wconf 89' lang='lat' dir='ltr'>atque</span> <span class='ocrx_word' id='word_1_445' title='bbox 1806 4926 2077 5006; x_wconf 70' lang='lat' dir='ltr'>ineptias</span> <span class='ocrx_word' id='word_1_446' title='bbox 2104 4925 2184 4989; x_wconf 91' lang='lat' dir='ltr'>de</span> <span class='ocrx_word' id='word_1_447' title='bbox 2230 4926 2639 4991; x_wconf 87' lang='lat' dir='ltr'>sanctissimo</span> <span class='ocrx_word' id='word_1_448' title='bbox 2669 4927 2956 5008; x_wconf 82' lang='lat' dir='ltr'>corporis</span> <span class='ocrx_word' id='word_1_449' title='bbox 2988 4933 3051 4990; x_wconf 86' lang='lat' dir='ltr'>et</span> <span class='ocrx_word' id='word_1_450' title='bbox 3081 4928 3420 5005; x_wconf 79' lang='lat' dir='ltr'>sanguinis</span> <span class='ocrx_word' id='word_1_451' title='bbox 3466 4927 3593 4990; x_wconf 78' lang='lat' dir='ltr'>De-</span> 
     </span>
    </p>
   </div>
   <div class='ocr_carea' id='block_1_40' title="bbox 209 5008 1313 5120">
    <p class='ocr_par' dir='ltr' id='par_1_40' title="bbox 209 5008 1313 5120">
     <span class='ocr_line' id='line_1_40' title="bbox 209 5008 1313 5120; baseline 0.015 -33"><span class='ocrx_word' id='word_1_452' title='bbox 209 5008 236 5026; x_wconf 71' lang='grc'><em>’</em></span> <span class='ocrx_word' id='word_1_453' title='bbox 335 5027 499 5091; x_wconf 82' lang='lat' dir='ltr'>mini</span> <span class='ocrx_word' id='word_1_454' title='bbox 558 5043 962 5099; x_wconf 84' lang='lat' dir='ltr'>sacramento</span> <span class='ocrx_word' id='word_1_455' title='bbox 1014 5040 1249 5120; x_wconf 85' lang='lat' dir='ltr'>sparsit</span> <span class='ocrx_word' id='word_1_456' title='bbox 1274 5042 1313 5104; x_wconf 68' lang='grc' dir='ltr'>τ</span> 
     </span>
    </p>
   </div>
   <div class='ocr_carea' id='block_1_41' title="bbox 416 5151 3589 5247">
    <p class='ocr_par' dir='ltr' id='par_1_41' title="bbox 416 5151 3589 5247">
     <span class='ocr_line' id='line_1_41' title="bbox 416 5151 3589 5247; baseline 0.008 -34"><span class='ocrx_word' id='word_1_457' title='bbox 416 5151 658 5231; x_wconf 85' lang='lat' dir='ltr'>Sparsit</span> <span class='ocrx_word' id='word_1_458' title='bbox 684 5156 755 5217; x_wconf 90' lang='lat' dir='ltr'>in</span> <span class='ocrx_word' id='word_1_459' title='bbox 785 5164 1245 5226; x_wconf 88' lang='lat' dir='ltr'>commentario</span> <span class='ocrx_word' id='word_1_460' title='bbox 1275 5163 1343 5227; x_wconf 88' lang='lat' dir='ltr'>in</span> <span class='ocrx_word' id='word_1_461' title='bbox 1374 5164 1436 5227; x_wconf 87' lang='lat' dir='ltr'>S.</span> <span class='ocrx_word' id='word_1_462' title='bbox 1469 5164 1886 5243; x_wconf 78' lang='lat' dir='ltr'>Evangelium</span> <span class='ocrx_word' id='word_1_463' title='bbox 1922 5165 2289 5229; x_wconf 29' lang='lat' dir='ltr'>secundum.</span> <span class='ocrx_word' id='word_1_464' title='bbox 2314 5166 2655 5238; x_wconf 68' lang='lat' dir='ltr'>Icannem,</span> <span class='ocrx_word' id='word_1_465' title='bbox 2682 5162 2811 5245; x_wconf 65' lang='lat' dir='ltr'>qui</span> <span class='ocrx_word' id='word_1_466' title='bbox 2831 5166 3179 5247; x_wconf 62' lang='lat' dir='ltr'>capite-Vl,</span> <span class='ocrx_word' id='word_1_467' title='bbox 3214 5168 3313 5240; x_wconf 83' lang='grc'>11,</span> <span class='ocrx_word' id='word_1_468' title='bbox 3349 5165 3465 5226; x_wconf 69' lang='grc' dir='ltr'>ιιὴὶ</span> <span class='ocrx_word' id='word_1_469' title='bbox 3510 5165 3589 5227; x_wconf 80' lang='lat' dir='ltr'>d6</span> 
     </span>
    </p>
   </div>
   <div class='ocr_carea' id='block_1_42' title="bbox 328 5267 3591 5367">
    <p class='ocr_par' dir='ltr' id='par_1_42' title="bbox 328 5267 3591 5367">
     <span class='ocr_line' id='line_1_42' title="bbox 328 5267 3591 5367; baseline 0.004 -34"><span class='ocrx_word' id='word_1_470' title='bbox 328 5267 440 5334; x_wconf 77' lang='lat' dir='ltr'>SS.</span> <span class='ocrx_word' id='word_1_471' title='bbox 472 5276 874 5344; x_wconf 76' lang='lat' dir='ltr'>Eucharistia</span> <span class='ocrx_word' id='word_1_472' title='bbox 900 5281 1428 5363; x_wconf 82' lang='lat' dir='ltr'>loquiceeperat,</span> <span class='ocrx_word' id='word_1_473' title='bbox 1463 5283 1532 5346; x_wconf 90' lang='lat' dir='ltr'>in</span> <span class='ocrx_word' id='word_1_474' title='bbox 1568 5284 1786 5349; x_wconf 86' lang='lat' dir='ltr'>codice</span> <span class='ocrx_word' id='word_1_475' title='bbox 1820 5286 2079 5350; x_wconf 86' lang='lat' dir='ltr'>desinit.</span> <span class='ocrx_word' id='word_1_476' title='bbox 2114 5287 2375 5367; x_wconf 84' lang='lat' dir='ltr'>Sparsit,</span> <span class='ocrx_word' id='word_1_477' title='bbox 2416 5287 2667 5367; x_wconf 81' lang='lat' dir='ltr'>Opinor,</span> <span class='ocrx_word' id='word_1_478' title='bbox 2705 5287 2772 5348; x_wconf 88' lang='lat' dir='ltr'>in</span> <span class='ocrx_word' id='word_1_479' title='bbox 2807 5285 3340 5364; x_wconf 83' lang='lat' dir='ltr'>Expositionibus</span> <span class='ocrx_word' id='word_1_480' title='bbox 3388 5283 3591 5346; x_wconf 85' lang='lat' dir='ltr'>lerar-</span> 
     </span>
    </p>
   </div>
   <div class='ocr_carea' id='block_1_43' title="bbox 324 5386 3586 5503">
    <p class='ocr_par' dir='ltr' id='par_1_43' title="bbox 324 5386 3586 5503">
     <span class='ocr_line' id='line_1_43' title="bbox 324 5386 3586 5503; baseline 0.005 -51"><span class='ocrx_word' id='word_1_481' title='bbox 324 5386 513 5455; x_wconf 82' lang='lat' dir='ltr'>chiae</span> <span class='ocrx_word' id='word_1_482' title='bbox 540 5396 1020 5463; x_wconf 88' lang='lat' dir='ltr'>ecclesiasticae</span> <span class='ocrx_word' id='word_1_483' title='bbox 1044 5402 1631 5484; x_wconf 81' lang='lat' dir='ltr'>Pseudo-Dionysii</span> <span class='ocrx_word' id='word_1_484' title='bbox 1674 5407 2119 5486; x_wconf 75' lang='lat' dir='ltr'>Areopagitae,</span> <span class='ocrx_word' id='word_1_485' title='bbox 2169 5406 2237 5468; x_wconf 87' lang='lat' dir='ltr'>in</span> <span class='ocrx_word' id='word_1_486' title='bbox 2286 5405 2525 5487; x_wconf 90' lang='lat' dir='ltr'>quibus</span> <span class='ocrx_word' id='word_1_487' title='bbox 2560 5406 2685 5486; x_wconf 83' lang='lat' dir='ltr'>ipsi</span> <span class='ocrx_word' id='word_1_488' title='bbox 2716 5405 2985 5469; x_wconf 90' lang='lat' dir='ltr'>uberius</span> <span class='ocrx_word' id='word_1_489' title='bbox 3020 5402 3101 5464; x_wconf 88' lang='lat' dir='ltr'>de</span> <span class='ocrx_word' id='word_1_490' title='bbox 3131 5402 3237 5462; x_wconf 88' lang='lat' dir='ltr'>SS.</span> <span class='ocrx_word' id='word_1_491' title='bbox 3272 5401 3586 5503; x_wconf 52' lang='lat' dir='ltr'>Eucharis-</span> 
     </span>
    </p>
   </div>
   <div class='ocr_carea' id='block_1_44' title="bbox 327 5512 3588 5605">
    <p class='ocr_par' dir='ltr' id='par_1_44' title="bbox 327 5512 3588 5605">
     <span class='ocr_line' id='line_1_44' title="bbox 327 5512 3588 5605; baseline 0.003 -32"><span class='ocrx_word' id='word_1_492' title='bbox 327 5512 496 5577; x_wconf 87' lang='lat' dir='ltr'>stiae</span> <span class='ocrx_word' id='word_1_493' title='bbox 528 5528 935 5584; x_wconf 84' lang='lat' dir='ltr'>sacramento</span> <span class='ocrx_word' id='word_1_494' title='bbox 964 5527 1098 5584; x_wconf 89' lang='lat' dir='ltr'>erat</span> <span class='ocrx_word' id='word_1_495' title='bbox 1120 5521 1602 5603; x_wconf 82' lang='lat' dir='ltr'>disputandum.</span> <span class='ocrx_word' id='word_1_496' title='bbox 1636 5524 2334 5605; x_wconf 76' lang='lat' dir='ltr'>Expositionumenim</span> <span class='ocrx_word' id='word_1_497' title='bbox 2363 5524 2718 5591; x_wconf 88' lang='lat' dir='ltr'>Ierarchiae</span> <span class='ocrx_word' id='word_1_498' title='bbox 2752 5519 3044 5583; x_wconf 83' lang='lat' dir='ltr'>caelestis</span> <span class='ocrx_word' id='word_1_499' title='bbox 3080 5537 3117 5584; x_wconf 87' lang='lat' dir='ltr'>a</span> <span class='ocrx_word' id='word_1_500' title='bbox 3165 5521 3353 5586; x_wconf 90' lang='lat' dir='ltr'>nobis</span> <span class='ocrx_word' id='word_1_501' title='bbox 3383 5523 3588 5589; x_wconf 57' lang='lat' dir='ltr'>edita...</span> 
     </span>
    </p>
   </div>
   <div class='ocr_carea' id='block_1_45' title="bbox 319 5637 3587 5728">
    <p class='ocr_par' dir='ltr' id='par_1_45' title="bbox 319 5637 3587 5728">
     <span class='ocr_line' id='line_1_45' title="bbox 319 5637 3587 5728; baseline 0.004 -32"><span class='ocrx_word' id='word_1_502' title='bbox 319 5650 471 5697; x_wconf 85' lang='lat' dir='ltr'>rum</span> <span class='ocrx_word' id='word_1_503' title='bbox 505 5637 714 5716; x_wconf 83' lang='lat' dir='ltr'>capite</span> <span class='ocrx_word' id='word_1_504' title='bbox 743 5642 1188 5722; x_wconf 84' lang='lat' dir='ltr'>primoquum</span> <span class='ocrx_word' id='word_1_505' title='bbox 1235 5640 1304 5703; x_wconf 90' lang='lat' dir='ltr'>in</span> <span class='ocrx_word' id='word_1_506' title='bbox 1342 5640 1802 5705; x_wconf 85' lang='lat' dir='ltr'>Paschasianos</span> <span class='ocrx_word' id='word_1_507' title='bbox 1849 5641 2160 5722; x_wconf 90' lang='lat' dir='ltr'>impetum</span> <span class='ocrx_word' id='word_1_508' title='bbox 2210 5641 2497 5716; x_wconf 87' lang='lat' dir='ltr'>fecisset,</span> <span class='ocrx_word' id='word_1_509' title='bbox 2532 5642 2644 5703; x_wconf 74' lang='lat' dir='ltr'>vix</span> <span class='ocrx_word' id='word_1_510' title='bbox 2688 5639 2956 5704; x_wconf 83' lang='lat' dir='ltr'>dubium</span> <span class='ocrx_word' id='word_1_511' title='bbox 2990 5650 3112 5720; x_wconf 90' lang='lat' dir='ltr'>est,</span> <span class='ocrx_word' id='word_1_512' title='bbox 3171 5646 3336 5728; x_wconf 87' lang='lat' dir='ltr'>quin</span> <span class='ocrx_word' id='word_1_513' title='bbox 3360 5654 3587 5725; x_wconf 77' lang='lat' dir='ltr'>postea</span> 
     </span>
    </p>
   </div>
   <div class='ocr_carea' id='block_1_46' title="bbox 319 5752 3586 5849">
    <p class='ocr_par' dir='ltr' id='par_1_46' title="bbox 319 5752 3586 5849">
     <span class='ocr_line' id='line_1_46' title="bbox 319 5752 3586 5849; baseline 0.005 -31"><span class='ocrx_word' id='word_1_514' title='bbox 319 5752 406 5818; x_wconf 78' lang='lat' dir='ltr'>ad</span> <span class='ocrx_word' id='word_1_515' title='bbox 437 5755 736 5839; x_wconf 74' lang='lat' dir='ltr'>Dionysii</span> <span class='ocrx_word' id='word_1_516' title='bbox 772 5762 851 5829; x_wconf 89' lang='lat' dir='ltr'>de</span> <span class='ocrx_word' id='word_1_517' title='bbox 885 5765 1419 5832; x_wconf 74' lang='lat' dir='ltr'>SS..Eucbaristia</span> <span class='ocrx_word' id='word_1_518' title='bbox 1448 5766 1802 5833; x_wconf 86' lang='lat' dir='ltr'>doctrinam</span> <span class='ocrx_word' id='word_1_519' title='bbox 1835 5767 2167 5847; x_wconf 80' lang='lat' dir='ltr'>accedens,</span> <span class='ocrx_word' id='word_1_520' title='bbox 2201 5766 2647 5846; x_wconf 78' lang='lat' dir='ltr'>copiosissime</span> <span class='ocrx_word' id='word_1_521' title='bbox 2667 5784 2848 5833; x_wconf 87' lang='lat' dir='ltr'>suam</span> <span class='ocrx_word' id='word_1_522' title='bbox 2883 5772 3586 5849; x_wconf 52' lang='lat' dir='ltr'>scntentiamaperuev</span> 
     </span>
    </p>
   </div>
  </div>
