4152 6276
591 433 624 472 ι
639 431 710 467 xu
1969 389 2400 451 PROOEMIUM.

572 538 675 595 rit.
710 535 918 607 Quare
952 531 1093 593 illas
1125 533 1362 608 pariter
1393 528 1832 607 expositiones
1867 528 2167 592 rescissas
2198 527 2569 608 deletasque
2605 545 2772 602 esse,
2807 516 3081 606 ideoque
3104 524 3169 584 in
3199 523 3528 587 codicibus
3548 523 3680 603 jam
3711 526 3816 588 de-

571 653 840 715 siderari
876 650 1190 731 SuSpicor.

566 796 573 802 -
649 771 770 833 His
805 771 1001 849 igitur
1029 768 1285 850 scriptis
1316 769 1588 831 uberius
1617 765 1896 846 prolatos
1928 765 2194 828 Joannis
2225 763 2392 828 Scoti
2422 763 2504 828 de
2540 779 2808 844 corpore
2837 770 2898 826 et
2934 763 3248 839 sanguine
3274 761 3537 824 Domini
3577 777 3824 846 errores

569 889 954 951 Hincmarus
1002 885 1396 967 perstringit,
1436 884 1536 946 his
1577 885 1828 963 scriptis
1878 903 2044 965 quae
2101 887 2623 960 continebantur,
2691 886 2962 964 ineptiae
3016 885 3414 951 Adrevaldus
3462 890 3822 955 monachus

568 1011 895 1073 refutavit.
937 1013 1160 1072 Postea
1213 1014 1456 1081 autem,
1513 1026 1712 1088 quum
1762 1011 2188 1088 Berengarius
2243 1011 2653 1074 Turonensis
2688 1011 2756 1072 in
2791 1010 3027 1073 librum
3065 1003 3393 1069 Batramni
3449 1006 3819 1086 incidisset,

565 1147 715 1192 eum
753 1129 1020 1192 Joannis
1066 1127 1235 1191 Scoti
1283 1145 1450 1206 esse,
1509 1131 1568 1190 et
1601 1128 1723 1188 sibi
1757 1135 1818 1191 et
1849 1131 1994 1192 aliis
2033 1135 2376 1209 persuasu.
2428 1129 2552 1192 Hic
2613 1133 2825 1193 autem
2863 1127 3027 1190 liber
3056 1128 3178 1190 etsi
3213 1144 3466 1193 errores
3500 1123 3820 1216 Berenga-

566 1251 785 1313 rienes
813 1267 946 1312 non
974 1255 1189 1330 aperte
1219 1249 1480 1329 profert,
1506 1257 1716 1314 tamen
1748 1251 2049 1324 incertae,
2087 1268 2254 1332 quae
2289 1250 2348 1313 ei
2389 1251 2635 1322 insunt,
2668 1250 3133 1331 ambiguaeque
3177 1253 3586 1320 deﬁnitiones
3627 1260 3714 1322 ita
3748 1276 3820 1325 se

567 1371 822 1446 habent,
856 1376 928 1435 ut
979 1387 1124 1436 cum
1157 1371 1684 1450 Berengari-anae,
1738 1376 1873 1432 tum
1921 1369 2375 1434 Calvinisticae
2419 1371 2500 1432 de
2549 1386 2812 1450 corpore
2871 1378 2932 1436 et
2979 1373 3293 1452 sanguine
3346 1376 3610 1442 Domini
3664 1379 3816 1445 hae-

563 1507 786 1556 reseos
820 1493 1006 1572 quasi
1036 1490 1262 1554 matrix
1297 1496 1466 1551 recte
1502 1490 1704 1569 possit
1737 1489 1972 1552 vocari.

648 1631 870 1708 Neque
937 1643 1089 1690 vero
1124 1626 1245 1690 loci
1280 1627 1410 1688 duo
1454 1625 1893 1689 commentarii
1932 1625 1997 1686 in
2046 1628 2106 1688 S.
2144 1629 2560 1718 Evangelium
2597 1645 2724 1694 sec.
2762 1633 2975 1710 Joan.,
3023 1646 3187 1713 quos
3221 1633 3307 1695 M.
3345 1635 3417 1696 F.
3467 1633 3817 1698 Ravaisson

569 1747 719 1810 citat
774 1745 874 1824 (cf.
924 1750 956 1822 ᾗ
1003 1744 1091 1824 9),
1157 1745 1474 1823 ejusmodi
1525 1749 1702 1820 sunt,
1755 1744 1866 1824 qui
1897 1744 2170 1840 Joannis
2219 1746 2387 1811 Scoti
2448 1747 2776 1813 doctrinae
2835 1751 2915 1816 de
2973 1754 3079 1816 SS.
3127 1757 3554 1830 Eucharistia.
3587 1775 3816 1824 novam

569 1875 775 1936 lucem
811 1873 1158 1936 effundant.
1196 1871 1350 1934 Nam
1401 1873 1570 1936 Scoti
1619 1873 1847 1934 verba:
1875 1879 1929 1932 et
1977 1873 2403 1952 spiritualiler
2446 1894 2578 1936 eum
2608 1873 3012 1956 (Salvatorem
3058 1879 3158 1941 vel
3189 1852 3418 1956 agnum
3461 1877 3814 1957 mysticum)

569 1993 976 2069 immolamus,
1030 2000 1084 2054 et
1133 1993 1634 2058 intellectualitcr
1667 2002 1884 2069 mente,
1913 2013 2041 2055 non
2088 1993 2262 2054 dente
2314 1993 2707 2076 comedimus,
2761 1998 2884 2060 etsi
2936 2000 3264 2062 veritatem
3321 2001 3516 2058 totam
3546 2012 3676 2059 non
3707 2013 3818 2058 ex-

556 2109 844 2196 primere
889 2118 1248 2192 videanmr,
1307 2132 1532 2195 reapse
1582 2120 1796 2177 tamen
1852 2111 2139 2176 veritatis
2197 2111 2434 2175 limites
2492 2129 2621 2175 non
2676 2113 2972 2193 migrant.
3036 2117 3173 2180 lmo
3228 2119 3453 2182 Scotus
3508 2119 3819 2184 immolari

571 2236 898 2300 Christum
948 2238 1282 2317 profitetur
1317 2236 1682 2317 :quomodo
1729 2251 1880 2299 vero
1916 2235 2304 2310 immoletur,
2359 2235 2414 2298 si
2459 2235 2715 2299 realiter
2761 2253 3061 2316 praesens
3107 2254 3236 2301 non
3285 2239 3409 2301 sit?
3441 2239 3814 2303 lmmolatur

561 2329 780 2417 autem
831 2354 1248 2434 spiritualiter
1296 2337 1351 2416 et
1397 2353 1673 2428 realiter,
1731 2352 2090 2417 comeditur
2143 2349 2660 2416 intellectualiter
2696 2361 2753 2414 et
2805 2352 3081 2429 realiter,
3131 2359 3345 2417 mente
3392 2363 3447 2417 et
3499 2373 3625 2430 ore,
3682 2372 3813 2419 non

570 2475 782 2536 dente.
828 2474 888 2535 ls
923 2473 1120 2551 igitur
1167 2473 1345 2535 locus
1394 2472 1739 2553 persimilis
1789 2479 1882 2535 est
1924 2473 2087 2552 eius,
2129 2472 2242 2552 qui
2272 2470 2341 2534 in
2385 2472 2914 2552 Expositionibus
2962 2475 3028 2536 in
3061 2470 3444 2537 lerarchiam
3479 2475 3814 2539 caelestem

566 2595 727 2658 infra
765 2597 884 2658 col.
928 2597 1040 2660 M0
1075 2597 1372 2660 occurrit.
1411 2594 1585 2656 Idem
1634 2591 1766 2655 fere
1815 2591 1893 2654 de
1927 2591 2127 2654 altero
2156 2592 2298 2655 loco
2354 2591 2548 2656 hocce
2599 2593 2762 2656 valet
2787 2612 2801 2650 :
2826 2592 3186 2673 spiritualis
3225 2592 3479 2654 homo...
3519 2595 3654 2672 jam
3693 2612 3819 2654 non

557 2711 766 2774 solum
807 2721 989 2792 negat
1037 2713 1352 2776 Christum
1405 2727 1647 2772 carnem
1703 2728 1846 2782 esse,
1907 2726 2088 2788 quam
2113 2709 2249 2788 jam
2286 2710 2353 2771 in
2409 2711 2706 2789 spiritum
2764 2726 3000 2772 versam
3053 2732 3174 2774 esse
3226 2711 3566 2790 intelligit,
3608 2731 3820 2773 verum

565 2833 747 2892 etiam
784 2833 984 2912 ipsum
1043 2832 1296 2913 depellit
1336 2831 1772 2894 rationabilem
1810 2830 2084 2890 animum
2126 2849 2268 2891 esse.
2306 2830 2379 2893 Ut
2419 2833 2575 2892 enim
2620 2846 2765 2893 caro
2819 2833 3020 2911 ipsius
3051 2833 3324 2895 exaltata
3368 2840 3454 2894 est
3495 2841 3550 2894 et
3579 2841 3818 2893 mutata

565 2953 632 3010 in
671 2952 936 3012 animam
961 2952 1421 3019 rationabilem.
1455 2954 1546 3014 ita
1578 2950 1981 3014 rationabilis
2015 2951 2217 3031 ipsius
2250 2953 2453 3013 anima
2491 2954 2554 3014 in
2587 2952 2965 3014 intellectum
2998 2959 3050 3012 et
3082 2931 3357 3034 subjecta
3399 2963 3484 3016 est
3525 2962 3579 3015 et
3615 2971 3811 3016 versa.

558 3072 1162 3152 Quomodocunque
1209 3075 1288 3135 de
1326 3075 1424 3134 his
1466 3074 1713 3152 placitis
1762 3074 1987 3147 sentis,
2025 3080 2236 3137 tamen
2269 3075 2595 3137 Christum
2631 3077 2765 3156 jam
2813 3095 2953 3141 esse
3001 3097 3268 3158 corpore
3313 3079 3716 3153 destitutum,
3750 3085 3813 3141 et

566 3195 912 3255 humanam
939 3201 1226 3257 naturam
1265 3195 1566 3273 integram
1596 3210 1723 3256 non
1753 3193 2027 3273 amplius
2077 3193 2332 3269 habere,
2374 3211 2452 3257 ex
2491 3196 2572 3257 iis
2603 3212 2730 3256 non
2761 3199 3057 3277 sequitur
3089 3221 3105 3259 :
3139 3198 3248 3260 sed
3282 3199 3558 3260 Joannes
3593 3199 3817 3261 Scotus

565 3314 628 3375 id
686 3315 1093 3393 potissimum
1144 3332 1330 3394 agere
1361 3316 1633 3390 videtur,
1673 3323 1772 3394 ut,
1813 3333 2018 3398 quum
2052 3317 2136 3382 sit
2170 3317 2572 3383 adversarius
2613 3319 2960 3394 Paschasii,
2997 3335 3226 3400 corpus
3262 3319 3551 3382 naturale
3585 3325 3645 3382 et
3677 3337 3818 3385 cor-

560 3452 686 3528 pus
723 3433 1142 3510 gloriﬁcatum
1179 3437 1372 3513 probe
1403 3437 1747 3500 discernat.

645 3575 784 3637 Noli
821 3581 1032 3638 autem
1097 3577 1332 3652 mirari,
1385 3579 1557 3658 quod
1617 3581 2040 3661 fragmentum
2075 3583 2156 3644 de
2191 3583 2296 3644 SS.
2327 3584 2719 3650 Eucharislia
2767 3605 2802 3650 a
2837 3589 2930 3650 Μ.
2981 3589 3055 3651 F.
3117 3589 3459 3652 Ravaisson
3494 3607 3528 3653 e
3590 3591 3810 3654 codice

569 3693 1012 3756 Abrincatensi
1069 3693 1316 3760 editum
1368 3703 1682 3785 Itapports
1728 3712 1846 3768 cet.
1885 3725 1944 3784 p.
1982 3709 2122 3786 372
2154 3727 2322 3789 sqq.,
2365 3718 2425 3772 et
2481 3730 2512 3772 a
2575 3713 2935 3775 Tallandier
2961 3717 3110 3778 Scot
3143 3714 3407 3793 Erigéne
3434 3721 3556 3778 cet.
3592 3733 3653 3794 p.
3703 3716 3820 3777 325

558 3825 782 3894 denuo
817 3822 988 3900 typis
1032 3820 1426 3892 mandatum,
1476 3821 1543 3882 in
1607 3820 1722 3882 hac
1782 3820 2066 3884 editione
2129 3824 2396 3886 omnino
2438 3826 2861 3904 negleximus.
2919 3832 3014 3896 De
3065 3851 3195 3913 quo
3250 3837 3599 3899 Ravaisson
3664 3838 3819 3900 haec

567 3946 756 4008 verba
807 3944 1178 4008 facit:C’est
1210 3943 1506 4024 peut-e‘tre
1554 3959 1640 4002 un
1671 3941 1979 4020 fragment
2027 3942 2100 4003 de
2155 3943 2458 4022 Berenger
2487 3944 2559 4006 de
2592 3946 2817 4023 Tours,
2869 3957 3179 4029 μαι-61η
3235 3957 3316 4020 de
3355 3959 3505 4020 Scot
3556 3960 3822 4038 Erige‘ne

567 4063 717 4124 dont
754 4063 809 4124 le
861 4087 890 4119 α
923 4063 996 4124 de
1042 4079 1305 4142 corpore
1350 4058 1607 4120 Domini
1643 4082 1670 4115 υ
1711 4066 1799 4122 est
1831 4057 2057 4137 perdu.
2099 4065 2179 4120 At
2229 4060 2434 4122 virum
2467 4060 2544 4122 cl.
2578 4079 2728 4141 spes
2759 4065 3007 4130 fefellit.
3050 4074 3201 4134 Nam
3242 4081 3336 4136 est
3383 4074 3814 4151 fragmentum

559 4184 712 4246 libri
750 4183 1187 4248 ltatramniani
1222 4178 1468 4250 centies
1505 4174 1673 4258 typis
1717 4175 1999 4255 repetiti,
2036 4193 2169 4260 quo
2225 4175 2358 4240 fere
2411 4178 2623 4242 medio
2653 4180 2731 4243 ad
2774 4185 3036 4250 verbum
3090 4199 3318 4258 exstat.
3363 4192 3430 4259 ld
3466 4193 3641 4274 quod
3685 4194 3821 4260 edi-

564 4315 738 4367 tores
766 4303 848 4366 cl.
884 4319 1148 4384 prorsus
1180 4300 1428 4382 fugisse
1462 4299 1743 4364 videtur.

669 4449 696 4516 §
728 4441 825 4502 19.
862 4443 999 4504 Jam
1049 4441 1240 4504 tertio
1279 4439 1421 4502 loco
1445 4439 1508 4499 id
1553 4435 2047 4516 expendendum
2078 4441 2294 4509 restat,
2331 4439 2507 4516 quod
2541 4455 2671 4504 non
2720 4442 2935 4506 minus
2983 4454 3081 4510 est
3141 4448 3400 4514 difﬁcile
3465 4451 3769 4531 expedito
3799 4487 3819 4516 ›

564 4562 778 4642 qualis
810 4564 1120 4624 Joannem
1155 4560 1412 4620 Scotum
1447 4558 1616 4618 inter
1646 4553 2120 4634 etByzantinos
2156 4557 2299 4633 ejus
2336 4561 2642 4638 temporis
2685 4566 3093 4629 necessitudo
3121 4568 3457 4631 exstiterit.
3497 4571 3633 4631 Hoc
3667 4572 3814 4649 qui-

573 4683 720 4746 dem
770 4680 892 4742 sub
949 4678 1189 4743 nullam
1247 4672 1714 4738 dubitationem
1759 4671 1952 4745 cadit,
2003 4672 2311 4734 Joannem
2361 4673 2621 4738 Scotum
2652 4675 2720 4739 in
2777 4676 2942 4742 libro
2977 4679 3049 4742 de
3079 4681 3384 4747 divisione
3424 4685 3698 4750 Naturae
3742 4655 3823 4750 de

565 4800 985 4880 processione
1015 4801 1080 4862 S.
1125 4798 1400 4878 Spiritus
1457 4795 1657 4872 magis
1708 4795 1838 4859 fere
1869 4795 2259 4858 Graecorum
2309 4795 2687 4876 adstipulari
2746 4798 3106 4876 doctrinae,
3157 4821 3352 4883 quam
3409 4806 3812 4869 Latinorum.

565 4928 791 5006 Neque
822 4944 949 4989 non
979 4927 1225 5006 ubique
1251 4925 1634 4984 Graecorum
1665 4922 2046 5000 sapientiam
2070 4921 2370 4984 laudibus
2403 4921 2678 4986 extollit.
2712 4923 2975 5003 Semper
3008 4941 3193 4990 suam
3223 4943 3369 4989 cum
3399 4927 3648 5004 graecis
3682 4926 3822 4987 lite-

564 5049 658 5112 ris
686 5047 1180 5110 familiaritatem
1217 5047 1281 5107 in
1311 5045 1563 5123 scriptis
1601 5045 1737 5108 suis
1785 5063 1932 5125 prae
1982 5063 2052 5108 se
2102 5045 2246 5120 fert,
2277 5052 2338 5110 et
2374 5047 2558 5126 quasi
2589 5065 2624 5110 a
2652 5047 2916 5117 Graecis
2943 5054 3157 5115 omnis
3192 5053 3460 5115 omnino
3509 5051 3824 5132 sapientia

563 5174 842 5256 petenda
874 5175 980 5247 sit,
1016 5172 1245 5233 horum
1276 5169 1528 5233 laudem
1561 5168 1800 5250 ubique
1835 5169 2194 5251 praeconiis
2223 5170 2644 5249 amplissimis
2671 5172 3027 5249 praedicat.

643 5323 860 5398 Quum
921 5320 1114 5399 igitur
1159 5319 1437 5381 Joannes
1461 5319 1684 5380 Scotus
1714 5315 1881 5396 apud
1906 5316 2204 5379 CarOlum
2239 5313 2503 5378 Calvum
2539 5315 2916 5379 auctoritate
2977 5332 3092 5378 sua
3130 5317 3484 5396 plurimum
3520 5315 3814 5393 polleret,

565 5436 747 5519 quid,
779 5436 830 5497 si
862 5437 1149 5512 Photius,
1181 5435 1335 5516 quid
1391 5436 1445 5498 si
1481 5433 1842 5515 Byzantini,
1874 5434 1986 5512 qui
2040 5449 2119 5495 eo
2151 5443 2438 5511 tempore
2485 5436 2764 5498 schisma
2800 5433 3257 5506 moliebantur,
3314 5432 3595 5495 aulicum
3634 5431 3830 5491 Grae-

565 5568 788 5618 corum
825 5554 1340 5617 amantissimum
1399 5563 1459 5617 et
1516 5560 2019 5636 praepotentem,
2077 5551 2145 5614 in
2183 5568 2331 5616 suas
2363 5560 2572 5632 partes
2618 5554 2873 5619 trahere
2921 5557 3134 5619 conati
3175 5556 3358 5617 sint?
3391 5555 3529 5616 Etsi
3567 5552 3829 5633 quidem

566 5673 647 5737 de
701 5673 815 5738 hac
872 5689 941 5738 re
985 5676 1137 5737 certi
1195 5669 1585 5747 iiilconstet,
1630 5672 1750 5733 hoc
1806 5677 2013 5732 tamen
2053 5673 2205 5734 satis
2269 5679 2668 5752 compertum
2701 5680 2820 5748 est,
2879 5675 3194 5738 Joannem
3252 5677 3538 5747 Scotum,
3592 5673 3644 5735 si
3701 5688 3830 5733 non

563 5816 810 5884 reapse,
847 5808 1056 5870 tamen
1107 5802 1519 5866 inclinatione
1561 5800 1793 5865 mentis
1851 5816 1886 5863 a
1941 5796 2151 5862 Photii
2198 5799 2483 5880 partibus
2533 5799 3022 5874 stetisseQuod
3065 5816 3288 5862 versus
3340 5793 3605 5876 pessimi
3643 5807 3830 5869 argu-
