4152 6276
1263 483 1266 486 ῃ
1779 358 2183 458 moenium."
2563 479 2568 484 ι
2691 471 2696 475 _
2781 465 2792 475 ι
2951 464 2960 474 ο
3454 395 3588 442 nm

343 527 572 608 menti,
609 550 769 614 quos
811 535 1086 598 versioni
1116 552 1382 613 Operam
1420 534 1479 595 S.
1511 535 1803 614 Dionysii
1833 533 2188 607 subiunxit,
2229 528 2626 608 apertissime
2664 515 2961 605 produnt.
2996 520 3152 581 Sunt
3178 515 3347 578 enim
3381 513 3538 579 tales
3561 533 3585 598 ε

1121 684 1400 754 Nobilibus
1424 684 1694 754 quondam
1723 683 1901 740 fueras
1934 689 2241 754 constructa
2269 679 2535 754 patronis,

1201 749 1602 810 Snbdita'nnnc
1626 755 1796 810 servis
1819 755 1949 808 heu!
1980 751 2136 814 male,
2172 749 2365 816 Roma,-
2397 749 2528 802 ruis.

1135 822 1430 878 Deseruere
1453 825 1527 876 tui
1560 831 1710 891 tanto
1739 831 1790 877 te
1816 831 2058 890 tempore
2086 835 2260 891 reges,

1203 891 1380 947 Cessit
1403 900 1459 946 et
1478 892 1545 946 ad
1575 890 1813 947 Graecos
1839 905 2034 946 nomen
2071 890 2347 957 honosque
2371 895 2511 940 tuus.

1130 960 1623 1032 Constantinopolis
1655 960 1853 1032 llor_ens
1881 974 2020 1015 nova
2049 959 2216 1014 Roma
2245 965 2489 1032 vocatur,

1202 1026 1436 1085 Moribus
1458 1026 1515 1084 et
1541 1032 1709 1086 muris
1735 1029 1907 1084 Roma
1934 1037 2141 1084 vetusta
2171 1026 2340 1083 cadis.

1130 1099 1365 1170 Transiit
1393 1099 1696 1170 imperium,
1726 1099 2032 1170 mansitque
2057 1096 2310 1167 superbia
2342 1102 2536 1158 tecum,

1203 1166 1390 1224 Cultus
1421 1166 1678 1222 avaritiae
1701 1177 1753 1223 te
1783 1166 2008 1222 nimium
2035 1166 2274 1236 superat.
2348 1223 2352 1226 ,

1143 1237 1344 1306 Vulgus
1369 1238 1438 1292 ab
1465 1238 1722 1294 extremis
1747 1238 2067 1306 distractum
2095 1231 2533 1306 partibusorbis,

1206 1304 1498 1361 servorum
1518 1307 1680 1372 servi,
1710 1321 1850 1361 nunc
1875 1305 1974 1360 tibi
2006 1304 2131 1360 sunt
2159 1304 2385 1368 domini.

1135 1374 1193 1428 ιιι
1223 1383 1275 1432 te
1304 1375 1582 1440 nobilium,
1609 1385 1880 1431 rectorum
1909 1389 2069 1430 nemo
2097 1373 2378 1439 remansit,

1205 1443 1529 1514 lngenuiqne
1552 1444 1627 1499 tui
1660 1459 1786 1499 rura
1824 1443 2036 1514 pelasga
2064 1443 2270 1498 colunt.

1135 1513 1418 1584 Trnneasti
1446 1513 1597 1570 vivos
1618 1514 1826 1584 crudeli
1858 1513 2081 1568 vulnere
2105 1519 2348 1584 sanctos,

1202 1575 1449 1637 Vendere
1473 1598 1617 1637 nunc
1645 1583 1838 1636 horum
1868 1590 2080 1636 mortua
2108 1575 2350 1634 membra
2375 1577 2535 1634 soles.

1141 1651 1258 1706 Jan:
1284 1651 1342 1706 ni
1370 1661 1424 1706 te
1447 1654 1700 1706 meritum
1718 1651 1862 1706 Petri
1884 1649 2138 1718 Paulique
2169 1649 2394 1718 foveret,

1212 1720 1474 1791 Tempore
1495 1720 1608 1789 iam
1633 1719 1794 1792 longo
1820 1719 1990 1775 Roma
2021 1717 2226 1774 misella
2254 1717 2416 1773 fores.

438 1834 574 1897 Hos
631 1849 880 1896 versus.
947 1833 1086 1897 sine
1133 1835 1461 1917 scriptoris
1492 1837 1755 1902 nomine
1794 1836 1999 1900 editos
2027 1853 2098 1899 1n
2127 1851 2275 1916 Opp.
2302 1835 2510 1900 Bedae
2546 1831 2647 1897 ed.
2675 1827 2866 1893 Basil.
2889 1843 2947 1888 a.
2984 1824 3141 1888 1563
3175 1821 3252 1882 T.
3317 1860 3336 1893 ,
3370 1834 3430 1896 p.
3473 1814 3612 1876 538.

361 1951 462 2014 ed.
523 1952 749 2016 Conon.
783 1953 855 2015 T.
904 1957 956 2029 Ι,
997 1973 1056 2035 ρ.
1099 1955 1238 2029 M9,
1274 1973 1341 2020 re
1377 1973 1525 2020 vera
1553 1955 1820 2020 Joannis
1856 1956 2026 2020 Scoti
2057 1973 2228 2030 esse,
2262 1961 2558 2020 auctores
2594 1955 2744 2016 sunt
2791 1945 3046 2012 codices
3098 1953 3345 2003 veteres
3379 1933 3617 2012 Mona-

281 2081 284 2083 ⁴
323 2127 325 2129 .
359 2080 576 2142 censis
607 2079 942 2157 0thlonis,
967 2081 1098 2144 duo
1132 2076 1694 2151 Vindobonenses,
1721 2082 1783 2140 et
1829 2075 2446 2149 Fiirstenfeldensis,
2483 2091 2676 2155 supra
2729 2064 2994 2133 laudati.
3043 2058 3296 2136 Quibus
3350 2051 3615 2134 quidem

362 2193 668 2258 omnibus
703 2197 784 2259 ad
813 2198 1051 2260 calcem
1078 2198 1392 2262 versionis
1427 2195 1594 2259 illud
1624 2184 1884 2260 carmen
1924 2196 2217 2260 additum
2249 2201 2368 2259 est.
2405 2187 2625 2275 Neque
2664 2192 2730 2254 id
2781 2195 2842 2252 te
2874 2199 3136 2250 movere
3163 2177 3409 2251 Ldebet.
3441 2171 3617 2255 quod

369 2312 527 2390 legis
551 2355 568 2386 ,
601 2313 827 2392 vulgus
854 2315 929 2377 ab
958 2316 1247 2377 extremis
1271 2306 1644 2376 distractum
1664 2315 1962 2395 partibus
1984 2315 2182 2393 orbis,
2212 2332 2530 2376 servorum
2557 2330 2787 2385 servos,
2821 2310 3043 2370 Romae
3092 2300 3428 2364 dominari.
3461 2292 3623 2368 Qui-

373 2432 498 2493 bus
522 2433 632 2494 vix
659 2432 927 2496 dubium
963 2440 1082 2508 est,
1115 2433 1275 2514 quin
1299 2433 1740 2512 intelligantur
1773 2433 2097 2508 Saraceni,
2135 2431 2250 2513 qui
2274 2449 2351 2496 eo
2387 2437 2679 2512 tempore
2713 2429 2972 2508 saepius
2997 2425 3242 2510 ferrum
3271 2421 3624 2484 ﬂammam-

374 2565 505 2628 que
532 2551 775 2612 Roma‘e
799 2548 1284 2612 minitabantur.
1318 2548 1482 2609 Vide
1505 2548 1839 2624 Muratori,
1874 2549 2111 2612 Annali
2138 2550 2409 2625 d’Italia,
2446 2551 2524 2612 T.
2557 2551 2635 2611 V.

445 2671 510 2732 Si
527 2677 744 2736 autem
766 2639 1046 2734 Joannes
1065 2669 1291 2730 Scotus
1319 2666 1375 2727 is
1397 2641 1544 2739 fuit,
1569 2665 1631 2730 id
1657 2668 1827 2747 quod
1845 2668 1978 2748 jam
2007 2671 2115 2732 vix
2136 2670 2414 2733 dubitari
2443 2686 2632 2749 posse
2653 2668 2926 2738 videtur,
2958 2663 3072 2744 qui
3093 2659 3352 2724 Graecis
3367 2660 3627 2719 sanctae

369 2787 757 2868 apostolicae
799 2786 938 2849 sedi
987 2785 1448 2849 reluctantibus
1503 2785 1571 2847 in
1607 2786 1755 2850 aula
1800 2789 1993 2868 Regia
2033 2790 2406 2854 Parisiensi
2434 2787 2702 2863 faveret,
2735 2788 2894 2867 quia
2941 2788 3204 2861 mirum,
3239 2783 3414 2864 quod
3445 2779 3633 2842 Nico-

371 2906 514 2988 lans
543 2905 610 2965 P.
645 2904 675 2964 l
705 2903 844 2982 regi
895 2905 1240 2996 opprobrio
1272 2903 1483 2978 vertit,
1515 2905 1688 2985 quod
1735 2906 1892 2993 libri
1940 2910 2002 2971 S.
2034 2909 2335 2988 Dionysii
2369 2909 2449 2972 ab
2479 2909 2728 2970 Joanne
2757 2907 2948 2969 Scoto
2974 2904 3045 2966 in
3079 2901 3351 2963 latinum
3381 2909 3633 2960 sermo-

384 3037 535 3085 nem
592 3021 884 3094 conversi
938 3021 1078 3120 sine
1124 3011 1576 3102 approbatione
1628 3027 1981 3103 apostolica
2023 3026 2095 3089 in
2146 3027 2378 3105 vulgus
2443 3025 2667 3090 emissi
2714 3023 2871 3099 sint,
2924 3021 3360 3104 postulatque,
3405 3022 3476 3080 ut
3523 3013 3634 3078 ille

387 3145 687 3219 Joannes,
725 3145 836 3210 oui
860 3162 986 3204 non
1021 3161 1162 3206 sane
1186 3161 1398 3222 sapere
1424 3146 1489 3208 in
1521 3146 1888 3226 quibusdam
1924 3146 2231 3226 frequenti
2254 3163 2503 3210 rumore
2525 3143 2798 3221 dicatur,
2825 3143 3064 3208 Romae
3095 3139 3634 3220 repraesentetur.

385 3268 490 3323 aut
522 3270 692 3324 certe
727 3279 761 3322 a
791 3261 1015 3322 Studia
1051 3257 1420 3333 Parisiensi,
1461 3262 1640 3342 cujus
1694 3260 1931 3340 capital
1977 3260 2128 3321 olim
2171 3237 2364 3340 fuisse
2416 3260 2840 3341 perhibeatur,
2891 3264 3317 3335 removeatur,
3370 3273 3444 3317 ne
3495 3270 3636 3336 cum

382 3381 596 3441 tritico
644 3380 811 3441 sacri
840 3378 1075 3460 eloquii
1109 3397 1307 3457 grana
1341 3381 1628 3446 zizaniae
1657 3392 1711 3445 et
1743 3383 1886 3446 lolii
1913 3384 2163 3446 miscere
2197 3382 2630 3462 diqnoscatur,
2663 3391 2719 3442 et
2750 3399 2969 3462 panem
2997 3379 3432 3462 quaerentibus
3464 3395 3641 3439 vene-

387 3515 536 3557 num
562 3498 875 3575 porrigat.
911 3496 1081 3569 Quid
1110 3498 1409 3570 Nicotaus
1446 3502 1625 3570 hisce
1661 3504 1864 3568 literis
1898 3504 2035 3566 suis
2075 3501 2814 3583 profecerit,_memoriae
2843 3517 2979 3564 non
3015 3500 3334 3580 proditur.

373 3623 379 3628 '
465 3617 686 3696 Neque
722 3615 846 3679 hoc
881 3616 1022 3680 loco
1056 3619 1689 3696 praetermittendum
1744 3641 1887 3687 esse
1946 3624 2218 3698 videtur,
2257 3640 2355 3697 ea,
2389 3639 2554 3700 quae
2588 3620 2667 3684 de
2718 3620 2931 3698 longis
2979 3622 3320 3688 itineribus
3371 3616 3642 3682 Joannis

391 3741 558 3804 Scoti
607 3759 716 3819 per
757 3742 1082 3805 Graeciam
1156 3751 1221 3810 et
1254 3747 1585 3814 Orientem
1639 3753 1956 3834 susceptis
2001 3753 2266 3816 fabulati
2312 3760 2464 3816 sunt
2496 3715 2816 3826 nonnulli,
2852 3745 3270 3826 argumentis,
3303 3761 3468 3823 quae
3499 3741 3644 3822 qui-

392 3856 536 3918 dem
571 3855 744 3917 ﬁrma
781 3855 933 3928 sint,
968 3856 1218 3935 probari
1259 3862 1476 3926 nullis.
1511 3867 1602 3929 Ac
1653 3865 1947 3932 L'abbeus
1984 3869 2243 3949 quidem
2297 3869 2367 3932 in
2396 3869 2787 3950 praefatione
2821 3865 2899 3930 ad
2938 3861 3263 3927 Glossaria
3315 3867 3485 3923 recte
3515 3857 3641 3921 ob-

400 3985 632 4053 servat,
661 3980 963 4040 Joannem
991 3980 1242 4041 Scotum
1273 3999 1344 4041 ac
1383 3989 1613 4043 ceteros
1647 3983 1776 4062 eius
1812 3987 1947 4048 aevi
1985 3986 2051 4049 in
2083 3989 2320 4066 graecis
2352 3987 2555 4050 literis
2606 3985 2986 4068 magistellos
3017 3983 3128 4044 hac
3160 3982 3227 4043 in
3261 3980 3478 4056 lingua
3519 3990 3648 4038 non

394 4105 547 4167 adeo
580 4113 854 4165 versatos
883 4105 1099 4184 fuisse,
1143 4111 1215 4164 ut
1249 4105 1316 4164 in
1352 4087 1684 4164 Franciam
1713 4104 2030 4167 Carolinis
2064 4108 2446 4184 temporibus
2495 4127 2794 4188 migrasse
2838 4108 3108 4169 Athenas
3161 4098 3644 4182 existimandum

399 4228 505 4299 sit,
538 4225 828 4305 idpquod
859 4242 1002 4287 cum
1038 4225 1220 4288 rudia
1255 4226 1536 4288 carmina
1570 4243 1792 4305 graeca
1835 4227 2100 4288 Joannis
2135 4229 2328 4302 Scoti,
2367 4236 2503 4290 tum
2557 4231 2768 4308 ipsius
2798 4226 3159 4296 versiones,
3209 4220 3450 4300 quibus
3481 4234 3550 4277 se
3581 4215 3651 4274 in

407 4349 664 4410 Graecis
701 4364 943 4410 merum
981 4347 1322 4410 verborum
1372 4341 1761 4420 mancipium
1793 4339 2024 4419 prodit,
2053 4340 2208 4403 satis
2243 4341 2683 4431 comprobant.
2724 4343 3027 4402 Ceterum
3085 4335 3228 4412 ipse
3277 4347 3646 4408 graecarum

407 4467 731 4528 literarum
760 4461 1236 4544 interaeqnales
1266 4457 1699 4539 peritissimus
1731 4457 2108 4532 habebatur,
2131 4474 2251 4521 nec
2271 4457 2726 4536 dubitaverim,
2749 4458 2911 4540 quin
2942 4459 3161 4520 noster
3189 4450 3651 4530 intelligendus

402 4588 486 4649 sit
515 4587 817 4658 Joannes,
877 4585 962 4647 de
1023 4598 1156 4647 auo
1191 4580 1258 4642 in
1294 4577 1574 4640 Psitotro
1623 4576 1705 4638 ad
1755 4577 1986 4639 noxios
2020 4595 2294 4657 quosque
2343 4577 2631 4640 humores
2687 4578 3077 4640 extrinsecus
3131 4575 3555 4646 desiecanaos,
3595 4581 3650 4633 et

401 4690 569 4792 pilos
620 4708 731 4786 qui
776 4706 1107 4784 displicent
1151 4699 1562 4782 extirpandas
1595 4701 1834 4764 codicis
1862 4700 2044 4774 2950,
2077 4699 2162 4772 lt°,
2200 4699 2403 4762 seculi
2434 4700 2548 4775 XI,
2575 4699 3008 4764 bibliothecae
3038 4699 3312 4762 civitatis
3346 4695 3656 4758 Abrinca-

407 4840 576 4905 tum,
612 4829 766 4892 haec
801 4833 1055 4891 exstant
1090 4845 1105 4888 :
1143 4823 1324 4885 «Non
1363 4797 1569 4884 solum
1603 4824 1839 4888 autem,
1879 4825 1950 4879 ut
1979 4816 2278 4894 superius
2312 4817 2558 4882 dictum
2607 4824 2727 4895 est,
2760 4819 2926 4897 pilos
2974 4819 3170 4894 delet,
3204 4816 3654 4896 verumgetiam

409 4954 674 5017 noxium
704 4953 1054 5015 humorum
1086 4949 1398 5027 impetum
1435 4941 1744 5022 reprimit,
1783 4955 1912 5019 quo
1949 4945 2010 5001 et
2043 4937 2414 5018 frequenter
2439 4934 2769 5003 'Pardulns
2818 4942 3120 5004 utebatur
3168 4937 3536 5017 episcOpns,
3593 4939 3657 4994 et

411 5074 652 5149 Fregus
681 5071 1162 5151 grammaticus,
1193 5064 1304 5143 qui
1338 5071 1396 5125 et
1428 5061 1678 5125 dicebat
1705 5079 1717 5117 :
1743 5059 2132 5137 Quicunque
2166 5056 2283 5121 hoc
2314 5057 2501 5121 tertio
2531 5075 2692 5121 usus
2721 5058 2920 5123 fuerit
2951 5059 3020 5121 in
3049 5057 3299 5130 Martio,
3334 5069 3463 5116 non
3495 5069 3657 5131 Opus

413 5193 470 5252 ei
501 5191 778 5254 febrium
817 5189 1178 5252 molestiam
1227 5183 1452 5244 timere
1485 5178 1548 5238 in
1587 5191 1790 5240 anno.
1821 5174 2046 5236 Graeci
2093 5193 2333 5253 quoque
2386 5175 2712 5254 sapientes,
2742 5185 2813 5238 ut
2869 5180 3086 5241 audivi
3146 5197 3185 5237 a
3231 5177 3494 5240 Joanne,
3537 5169 3650 5227 hoc

414 5311 675 5371 maxime
705 5317 976 5370 utuntur
1010 5303 1424 5367 medicamine.
1471 5295 1593 5361 Nec
1636 5295 1971 5377 aliquando
2034 5293 2322 5375 fortassis
2381 5292 2638 5356 alteram
2685 5313 2806 5375 pro
2860 5291 3238 5360 desiccandis
3285 5277 3653 5345 humoribus

416 5431 658 5492 curavit
691 5429 972 5508 accipere
1008 5429 1328 5507 potionem
1353 5447 1408 5482 ι).
1457 5421 1542 5483 Μ.
1578 5421 1646 5481 F.
1693 5420 2039 5482 Ravaisson
2084 5417 2400 5496 Rapports
2431 5426 2552 5480 cet.
2592 5435 2653 5498 p.
2693 5420 2827 5480 132.

497 5551 653 5625 s20.
699 5549 794 5610 De
835 5546 1208 5627 parentibus
1249 5553 1311 5606 et
1336 5538 1619 5620 cognatis
1639 5535 1901 5600 Joannis
1931 5535 2098 5597 Scoti
2131 5532 2291 5595 nihil
2323 5538 2714 5612 compertum
2761 5534 2880 5601 est,
2910 5511 3038 5587 τ)ἱεί
3065 5521 3126 5583 ei
3162 5513 3418 5580 fratrem
3449 5513 3654 5576 fuisse

420 5679 809 5741 Aldelmum.
836 5677 1042 5751 Quem
1073 5674 1311 5740 indicat
1359 5670 1557 5734 codex
1597 5669 1656 5730 S.
1693 5664 2016 5738 Germani,
2046 5663 2221 5734 1108,
2256 5660 2408 5723 olim
2441 5657 2576 5729 hi2,
2601 5655 2710 5716 fol.
2751 5654 2850 5727 h2,
2890 5654 2944 5728 1,
2982 5649 3089 5712 ubi
3125 5648 3190 5711 in
3221 5647 3430 5710 fronte
3459 5629 3658 5705 mem-

422 5808 698 5886 branae,
761 5823 925 5894 quae
967 5805 1177 5871 tabula
1224 5801 1585 5868 dominicali
1639 5799 1894 5877 tegitur,
1946 5810 2170 5858 manus
2215 5790 2375 5854 forte
2416 5785 2615 5850 seculi
2669 5786 2761 5848 IX
2803 5783 2879 5848 ad
2920 5782 3271 5860 marginem
3321 5764 3654 5846 adscripsit
