4152 6276
509 344 636 387 ηπ
1919 313 2347 372 rnoonmun.

507 410 737 500 haecce
762 457 777 495 :
801 433 1027 495 Frater
1045 428 1356 492 Johannis
1372 426 1576 491 Scotti
1602 423 1917 487 Aldelmus
1943 424 2091 504 fecit
2129 423 2311 483 istam
2334 422 2637 502 paginam
2671 422 2682 498 |
2821 420 3065 483 literam
3097 430 3229 483 tene
3246 438 3409 482 anno
3431 421 3685 487 Domini
3716 428 3732 504 ε

505 560 992 629 DCCC“XCVI°;
1021 559 1296 639 sequenti
1314 576 1476 619 anno
1498 555 1777 618 tenebrae
1809 555 1819 633 |
1854 552 1988 615 X‘ll
2013 552 2429 613 literarumab
2452 551 2543 613 Μ.
2570 550 2642 613 F.
2669 551 2741 611 Ζ.
2778 553 2790 626 1
2828 559 2883 613 et
2903 550 3157 630 sicfdein
3192 555 3204 631 ι
3238 571 3377 632 cepe
3413 556 3424 631 ι
3460 554 3687 634 incipit
3721 557 3731 633 |

508 691 705 755 salt...
744 693 757 769 l
793 691 901 752 ubi
927 688 1124 751 ΧΙΙΙιι
1162 688 1174 766 |
1210 685 1369 749 linea
1402 688 1415 765 1
1449 683 1649 764 accip.
1690 684 1702 761 ι
1739 700 1889 748 ..ur.
1929 683 1941 761 ι
1975 680 2275 743 Codicem
2295 678 2510 743 laudat
2532 679 2787 754 Cousin,
2812 678 3128 761 Ouvrages
3158 679 3386 744 inedits
3411 682 3780 759 d’Abelard;

509 819 802 902 append.,
834 839 897 901 p.
929 821 1069 883 622.

591 952 621 1025 ς
651 950 751 1010 21.
774 949 990 1026 Nuper
1012 948 1085 1008 D'
1103 946 1166 1007 Ι.
1192 945 1265 1008 Β.
1295 944 1487 1010 Weiss
1511 944 1578 1007 in
1602 944 1766 1007 libro
1786 966 1802 1005 :
1820 941 2173 1005 Geschichte
2191 939 2439 1023 Alfreds
2467 939 2568 1009 des
2596 938 2863 1002 Grossen
2881 939 3321 1022 Schaﬂhausen
3344 945 3519 1015 1852,
3542 949 3765 1006 auctor

516 1078 871 1142 sententiae
896 1076 1040 1151 fuit,
1064 1078 1375 1140 Joannem
1403 1077 1660 1139 Scotum
1709 1076 1788 1138 ab
1829 1074 2087 1137 Alfredo
2134 1090 2285 1153 rege
2341 1080 2637 1136 vocatum
2667 1090 2703 1135 e
2732 1071 2936 1136 Gallia
2964 1072 3032 1134 in
3066 1072 3361 1150 Angliam
3391 1072 3670 1147 venisse,
3702 1079 3763 1136 et

515 1225 571 1269 a.
608 1206 715 1267 89l
758 1204 1201 1268 Malmesburii
1235 1210 1557 1267 mortuum
1586 1222 1753 1267 esse.
1790 1204 2031 1267 Nititur
2064 1204 2536 1283 argumentatio
2594 1202 2736 1282 ejus
2766 1202 3021 1267 duobus
3055 1201 3399 1277 chronicis,
3447 1201 3764 1264 Petribur-

516 1336 700 1414 gensi
730 1334 1031 1414 Angliaey
1072 1334 1339 1396 Thuano
1367 1332 1695 1397 Franciae.
1736 1332 1901 1396 Illud
1940 1332 2084 1395 edd.
2117 1332 2351 1413 Joseph
2377 1331 2635 1412 Sparlte,
2670 1332 2996 1394 Historiae
3021 1332 3403 1411 Anglicanas
3427 1332 3764 1411 scriptores

517 1472 685 1533 varii
713 1490 743 1533 e
773 1468 953 1532 codd.
984 1487 1128 1535 mss.
1157 1486 1321 1530 nunc
1348 1469 1625 1549 primum
1661 1468 1812 1530 editi
1842 1469 2021 1542 1723,
2071 1472 2134 1529 et
2182 1466 2354 1529 Giles
2402 1466 2705 1529 Londinii
2734 1468 2920 1532 .1855.
2952 1468 3069 1530 Ubi
3108 1468 3184 1529 ad
3216 1483 3274 1529 a.
3310 1466 3425 1527 891
3470 1465 3625 1526 haec
3660 1481 3767 1525 ex-

521 1606 687 1663 stant
717 1620 733 1660 :
758 1598 1106 1664 Normanni
1127 1597 1506 1664 Wormaciae
1534 1597 1891 1676 episcopum
1915 1592 2231 1656 occidunt.
2252 1594 2527 1655 Joannes
2543 1595 2769 1656 Scotus
2786 1595 3119 1686 monachus
3137 1594 3566 1656 Malmesburii
3587 1592 3763 1665 obiit,

521 1733 867 1813 confossus,
880 1738 952 1791 ut
978 1729 1237 1803 dicitur,
1260 1728 1545 1809 gr'aphiis
1569 1726 1933 1807 puerorum,
1956 1745 2222 1806 quorum
2240 1727 2535 1805 magister
2556 1733 2709 1791 erat.
2740 1726 3099 1789 Chronicon
3123 1724 3549 1789 bibliothecae
3565 1723 3769 1786 Thua-

520 1880 640 1926 nae
668 1862 791 1943 (Du
825 1858 1075 1922 Chesne
1107 1854 1388 1934 Scriptt.,
1412 1857 1595 1919 Tom.
1635 1855 1746 1929 Ill,
1776 1871 1839 1934 p.
1869 1854 2010 1915 359.
2043 1855 2339 1934 Bouquet
2368 1854 2649 1933 Scriptt.,
2678 1856 2860 1915 Tom.
2889 1856 3027 1930 VH,
3052 1874 3113 1935 p.
3136 1830 3276 1937 253)
3300 1858 3455 1921 haec
3486 1855 3761 1937 profert:

518 1990 769 2068 Rogatu
800 1984 1044 2065 Elfredi
1072 1984 1343 2045 Joannes
1362 1984 1587 2044 Scotus
1623 1982 1813 2044 rediit
1869 2001 1907 2043 a
1960 1982 2259 2057 Francia,
2290 1983 2401 2047 ubi
2457 1991 2588 2044 erat
2644 2002 2782 2045 cum
2826 1985 3054 2047 Carolo
3096 1987 3311 2049 Calvo.
3360 1987 3481 2050 Sed
3539 1987 3765 2052 horum

520 2114 970 2178 chronicorum
1025 2128 1192 2192 quae
1248 2114 1329 2174 sit
1374 2110 1716 2174 auctoritas
1745 2155 1761 2185 ,
1807 2110 2304 2189 expendendum
2341 2118 2497 2175 erat.
2552 2110 2915 2176 Cbronicon
2949 2114 3291 2177 'I'buanum
3347 2117 3416 2179 in
3466 2116 3585 2181 hoc
3627 2118 3767 2182 loco

521 2246 842 2311 Guilelmo
872 2241 1428 2306 Malmesburiensi
1455 2241 1674 2315 inniti,
1696 2258 1845 2321 qms
1867 2256 1998 2304 non
2026 2240 2419 2321 suspicetur!
2449 2240 2749 2305 Chronici
2776 2249 2988 2306 autem
3016 2245 3523 2326 Petriburgensis
3552 2247 3762 2309 locum

522 2391 607 2439 ex
644 2371 872 2436 eodem
908 2368 1086 2433 fonte
1121 2369 1410 2446 ﬂuxisse,
1438 2369 1572 2450 jam
1606 2368 1824 2433 fabula
1855 2369 1936 2432 de
1966 2369 2251 2451 graphiis
2288 2388 2664 2451 puerorum.
2699 2372 2913 2435 verbis
2932 2379 3005 2434 ut
3032 2372 3269 2435 dicitur
3305 2374 3563 2447 additis,
3595 2373 3768 2436 haud

522 2505 798 2567 obscure
820 2502 1157 2566 indicatur.
1182 2504 1475 2585 Denique
1508 2519 1640 2584 quo
1662 2504 1811 2584 jure
1838 2503 1950 2567 ille
1978 2503 2372 2568 contendere
2398 2504 2627 2585 possit,
2664 2514 2877 2567 locum
2907 2504 3173 2567 Assueri
3202 2504 3282 2567 de
3309 2504 3554 2564 Joanne
3576 2500 3771 2562 Eald—

522 2651 759 2695 saxone
782 2632 1262 2712 supposititium
1286 2649 1453 2709 esse,
1488 2648 1643 2695 sane
1666 2648 1797 2695 non
1824 2648 2159 2713 assequar.
2188 2633 2342 2694 Nam
2374 2631 2609 2712 posito,
2646 2638 2718 2693 ut
2746 2631 2927 2693 locus
2958 2629 3246 2704 Assueri,
3270 2629 3380 2708 qui
3413 2627 3637 2705 incipit
3669 2651 3698 2683 α
3730 2646 3771 2688 a

519 2761 784 2842 quodam
824 2769 1094 2842 tempore
1116 2785 1145 2818 ι
1175 2805 1192 2837 ,
1230 2762 1558 2841 genuinus
1604 2779 1736 2825 non
1781 2763 1890 2837 sit,
1936 2769 2155 2825 tamen
2190 2762 2330 2843 ejus
2367 2761 2718 2825 narrationi
2750 2760 2831 2823 de
2859 2761 3100 2822 Joanne
3133 2758 3529 2821 Ealdsaxone
3556 2759 3767 2838 primo

518 2888 938 2969 Aelhelingiae
969 2893 1206 2968 abbate,
1243 2912 1406 2975 quae
1445 2894 1633 2972 paulo
1659 2899 1809 2957 ante
1846 2892 2193 2973 praecedit,
2231 2891 2388 2955 ﬁdes
2423 2907 2553 2954 non
2589 2896 2684 2955 est
2719 2890 3100 2968 abroganda.
3152 2892 3430 2951 Joannes
3477 2903 3631 2949 vero
3689 2886 3767 2948 ab

516 3017 779 3081 Alfredo
811 3034 961 3095 rege
1000 3033 1124 3078 una
1155 3032 1300 3076 cum
1336 3014 1704 3076 Grimbaldo
1735 3016 1801 3074 in
1835 3013 2129 3091 Angliam
2163 3023 2447 3088 vocatus,
2478 3014 2655 3093 'quin
2698 3014 2778 3075 sit
2813 3013 2986 3075 idem
3029 3014 3133 3076 hic
3170 3013 3481 3076 Ealdsaxo
3536 3010 3769 3073 Aethe-

521 3146 758 3227 liugiae
789 3148 1006 3219 abbas,
1043 3148 1151 3208 vix
1181 3144 1605 3208 dubitandum
1642 3144 1783 3206 erit.
1818 3146 2115 3208 Fortasse
2147 3146 2653 3208 scrutationibus
2681 3146 2988 3209 accuratis
3022 3146 3090 3208 in
3138 3144 3365 3222 Anglia
3414 3144 3765 3221 continget,

518 3279 596 3337 ut
624 3269 1036 3333 inveniantur
1071 3285 1236 3332 nova
1268 3272 1615 3341 momenta,
1639 3268 1877 3347 quibus
1909 3268 2064 3332 haec
2092 3271 2391 3352 quaestio
2417 3270 2501 3334 de
2532 3272 2796 3335 Joannis
2827 3272 2997 3336 Scoti
3024 3273 3095 3338 in
3123 3270 3415 3350 Angliam
3448 3271 3658 3337 reditu
3686 3274 3767 3335 ad

518 3394 839 3475 liquidum
872 3391 1283 3473 perducatur.
2316 3464 2319 3467 Α

601 3513 630 3586 §
661 3512 761 3573 22.
794 3480 1063 3571 Joannis
1098 3507 1266 3569 Scoti
1310 3508 1486 3583 libri,
1516 3510 1630 3590 qui
1668 3518 2040 3592 supersunt,
2078 3529 2209 3592 quo
2256 3512 2482 3576 ordine
2518 3514 2739 3594 scripti
2792 3515 2923 3578 sint
2979 3522 3043 3577 et
3077 3515 3143 3577 in
3191 3514 3409 3578 lucem
3436 3514 3622 3588 editi,
3658 3516 3767 3577 vix

521 3643 728 3718 potest
757 3637 1034 3700 deﬁniri.
1066 3641 1205 3703 Hoc
1240 3641 1449 3703 solum
1481 3647 1751 3715 constat,
1791 3665 1820 3701 α
1844 3609 2299 3722 Expositiones
2329 3644 2682 3708 Ierarchiae
2713 3645 3006 3708 caelestis
3031 3668 3060 3702 »
3108 3651 3251 3724 post
3282 3644 3483 3709 libros
3514 3644 3642 3707 «de
3678 3645 3769 3705 di-

519 3766 772 3830 visione
799 3768 1116 3831 Naturae»
1153 3770 1544 3852 compositos
1576 3789 1741 3847 esse,
1770 3772 1847 3837 ad
1877 3790 2041 3854 quos
2072 3774 2445 3852 respiciunt.
2482 3774 2706 3838 Libros
2738 3775 2873 3840 «de
2893 3775 3213 3839 divisione
3239 3775 3514 3838 Naturae
3537 3799 3567 3833 ιν
3595 3773 3767 3839 ιναιδ

516 3895 666 3975 fado
702 3896 1030 3961 dedicatos
1063 3916 1234 3974 esse,
1260 3918 1295 3965 e
1330 3869 1455 3964 ﬁne
1485 3917 1706 3965 eorum
1735 3902 1811 3965 ad
1846 3902 2032 3967 ﬁdem
2069 3904 2308 3968 codicis
2346 3906 2408 3968 S.
2448 3905 2751 3968 Germani
2779 3923 2814 3968 a
2846 3906 3035 3968 nobis
3063 3908 3395 3987 recognito
3417 3908 3761 3989 colligitur.

516 4027 865 4091 Wull’adus
894 4028 1203 4093 ecclesiae
1222 4031 1560 4093 Remensis
1585 4048 1977 4096 oeconomus
1999 4033 2293 4097 interfuit
2313 4034 2587 4098 concilio
2616 4034 3041 4097 Carisiacensi
3066 4044 3285 4101 contra
3313 4041 3758 4103 Gotescalcum

519 4143 736 4208 habito
770 4164 803 4207 a
828 4146 969 4211 849.
1004 4146 1100 4209 Ab
1127 4120 1389 4211 Ebene
1421 4148 1753 4212 ordinatus
1784 4150 1851 4213 in
1890 4150 2165 4215 concilio
2188 4154 2640 4218 Suessionensi
2664 4173 2723 4217 a.
2745 4156 2863 4218 853
2885 4155 3085 4233 gradu
3116 4157 3419 4234 privatur.
3460 4159 3707 4223 Deinde
3727 4180 3764 4225 a

514 4263 743 4328 Carolo
768 4262 961 4327 Calvo
996 4266 1365 4340 arcessitus,
1403 4266 1472 4329 in
1502 4269 1647 4333 aula
1674 4271 1868 4348 Regia
1888 4271 2461 4348 Carolomannum,
2481 4274 2647 4352 regis
2678 4274 2907 4350 ﬁlium,
2937 4274 3245 4351 instituit.
3271 4276 3385 4338 Ubi
3414 4277 3759 4341 amicitiam

513 4399 658 4447 cum
702 4383 948 4446 Joanne
1002 4383 1188 4447 Scoto
1222 4385 1451 4447 iniisse
1486 4386 1761 4449 videtur.
1814 4386 2118 4451 Nicolaus
2172 4391 2238 4462 ιζ.
2273 4391 2327 4454 1.
2359 4409 2417 4454 a.
2446 4393 2567 4455 865
2613 4390 2882 4454 clericos
2918 4393 2996 4456 ab
3028 4392 3291 4455 Ebbone
3321 4394 3654 4456 ordinatos
3693 4397 3761 4457 in

514 4508 820 4588 pristinos
850 4508 1082 4586 gradus
1112 4506 1419 4568 restituit.
1453 4506 1651 4567 Paulo
1684 4511 1823 4583 post
1851 4506 2193 4571 Wulfadus
2223 4508 2618 4575 CaroliCalvi
2640 4510 2856 4575 favore
2878 4514 3496 4593 archiepiscOpatum
3531 4516 3765 4579 Bituri-

514 4642 775 4690 censem
805 4624 1076 4704 adeptus
1109 4630 1228 4686 est.
1261 4623 1438 4685 Obiit
1467 4641 1525 4684 a.
1555 4625 1697 4686 876.
1732 4624 1824 4687 De
1859 4642 1989 4703 quo
2028 4627 2172 4690 vide
2202 4629 2533 4692 Mabillon.
2566 4630 2797 4693 Annal.
2833 4633 3015 4695 Tom.
3056 4631 3143 4694 ιιι
3176 4638 3235 4694 et
3264 4631 3414 4692 bist.
3455 4631 3767 4697 littéraire

516 4743 600 4805 de
632 4741 692 4804 la
722 4743 985 4815 France,
1021 4743 1204 4803 Tom.
1258 4744 1340 4817 V,
1380 4762 1441 4823 p.
1491 4745 1631 4807 477.
1665 4746 1972 4825 Tempus,
2020 4766 2153 4828 quo
2200 4750 2467 4812 Joannis
2516 4750 2685 4812 Scoti
2725 4775 2755 4809 ι
2783 4751 2952 4816 liber
2997 4754 3078 4816 de
3123 4752 3766 4818 Praedestinatione»

512 4869 909 4949 compositus
939 4869 1053 4941 sit,
1087 4868 1275 4931 facile
1310 4869 1660 4948 colligitur.
1697 4873 1937 4935 Pariter
1968 4890 2225 4936 carmen
2271 4875 2297 4935 Ι
2344 4873 2507 4937 infra
2551 4874 2936 4953 impressum
2971 4876 3211 4954 bellum
3269 4876 3441 4938 inter
3466 4876 3768 4938 Carolum

508 4985 777 5051 Calvum
809 4993 870 5049 et
900 4987 1296 5052 Ludovicum
1347 4991 1724 5056 Germaniae
1765 5010 1981 5071 regem
2031 4992 2376 5056 conﬂatum
2428 4994 2715 5074 respicit.
2763 4974 2987 5059 Cetera
3027 4992 3293 5057 Joannis
3324 4991 3495 5054 Scoti
3532 4993 3769 5074 scripta

508 5107 769 5187 quando
821 5106 1176 5185 composita
1230 5104 1384 5184 sint,
1437 5124 1566 5172 non
1622 5116 2019 5189 compertum
2076 5108 2371 5173 habetur.

587 5231 904 5311 Catalogis
940 5237 1229 5295 veterum
1276 5230 1354 5293 de
1389 5230 1574 5293 libris
1615 5232 1882 5294 Joannis
1916 5230 2084 5293 Scoti
2112 5230 2495 5309 scriptorum
2526 5235 2580 5295 si
2607 5234 2763 5297 ﬁdes
2803 5233 3095 5298 habenda
3134 5242 3265 5313 est,
3296 5236 3575 5316 plurima
3625 5234 3768 5312 ejus

510 5355 742 5434 scripta
769 5355 1240 5429 desiderantur,
1264 5364 1372 5419 aut
1391 5356 1744 5436 deperdita,
1767 5362 1877 5417 aut
1906 5356 1973 5415 in
2014 5354 2427 5418 bibliothecis
2458 5357 2924 5421 delitescentia.
2956 5359 3052 5420 Ex
3083 5359 3387 5437 catalogis
3410 5358 3609 5437 igitur
3631 5375 3768 5427 eos,

507 5471 623 5552 qui
648 5473 818 5536 inter
840 5473 1205 5539 testimonia
1228 5476 1506 5540 Thomae
1529 5476 1683 5536 Gate
1713 5471 1876 5533 infra
1901 5474 2210 5537 impressa
2233 5479 2824 5552 nonfrecensentur,
2842 5477 2963 5542 hoc
2990 5479 3134 5541 loco
3162 5474 3530 5539 adscribere
3562 5470 3763 5533 lubet.

586 5590 965 5655 Vincentius
995 5592 1457 5671 Bellovacensis
1487 5595 1569 5673 (is
1611 5588 1786 5666 1265)
1820 5589 1884 5651 in
1912 5589 2176 5667 Speculo
2207 5588 2532 5654 historiali
2561 5589 2671 5652 lib.
2706 5595 2885 5655 XXV
2914 5613 3049 5675 cap.
3094 5595 3195 5668 £2,
3235 5591 3355 5652 hoc
3393 5591 3586 5654 titulo
3627 5610 3643 5649 :
3685 5590 3771 5650 De

507 5722 764 5805 imperio
802 5722 1018 5790 Caroli
1053 5728 1232 5792 Calvi
1267 5736 1318 5789 et
1348 5727 1604 5807 scriptis
1634 5720 1899 5783 Joannis
1919 5720 2112 5798 Scoti,
2139 5721 2396 5784 tradidit
2428 5719 2655 5783 haeccc
2697 5745 2709 5782 :
2743 5724 2873 5784 Hoc
2900 5732 3170 5803 tempore
3210 5719 3446 5781 claruit
3482 5720 3756 5779 Joannes
