4152 6276
1712 363 2138 428 pnoonuwu.
2376 427 2400 453 ,
3439 386 3547 432 m

281 506 541 584 Scotus,
582 506 686 570 vir
718 496 1096 587 perspicacis
1143 495 1382 582 ingenti
1422 507 1480 565 et
1525 493 1789 576 mellitae
1835 484 2184 568 facundiae.
2233 499 2360 578 Qui
2412 498 2649 563 dudum
2698 499 3220 582 concrepantibus
3252 501 3550 597 undique

284 634 593 696 bellorum
635 631 1000 716 fragoribus
1045 633 1115 695 in
1159 631 1493 694 Franciam
1531 629 1614 692 ad
1647 597 1942 694 Carolum
1981 630 2238 694 Calvum
2274 637 2634 693 transierat.
2655 631 2865 712 .Cujus
2900 640 3132 712 rogatu
3167 630 3553 695 Ierarchiam

286 761 580 841 Dionysii
611 761 1029 842 Areopagitae
1068 759 1143 822 de
1193 761 1431 825 Graeco
1488 761 1556 823 in
1610 758 1906 853 Latinum
1958 755 2211 821 verbum
2254 777 2285 820 e
2335 757 2518 820 verbo
2559 758 2912 819 transtulit.
2965 758 3330 839 Composuit
3365 766 3550 821 etiam

288 887 538 963 librum,
573 888 745 969 quod
763 889 908 969 peri
939 889 1127 969 fision
1153 891 1466 967 merismu,
1501 889 1570 952 id
1599 896 1688 950 est
1723 934 1740 965 ,
1774 889 1848 950 de
1876 889 2155 952 Naturae
2190 887 2496 950 divisione
2529 887 2833 963 titulavit,
2863 897 3133 969 propter
3164 887 3550 969 quaestiones

283 1007 607 1074 solvendas
650 1013 797 1079 bene
825 1018 1063 1095 utilem,
1099 1019 1156 1082 si
1185 1027 1386 1082 tamen
1419 1021 1476 1083 ei
1509 1021 1576 1083 in
1607 1019 1926 1101 aliquibus
1961 1021 2350 1099 ignoscatur,
2411 1020 2481 1080 in
2526 1017 2750 1099 quibus
2799 1036 2838 1078 a
2881 1017 3256 1079 Latinorum
3301 1016 3553 1079 tramite

282 1138 582 1220 deviavit,
638 1145 786 1221 dum
830 1149 900 1211 in
947 1151 1214 1214 Graecos
1261 1154 1494 1215 acriter
1537 1151 1749 1214 oculos
1819 1150 2110 1212 intendit.
2168 1150 2293 1213 Hic
2345 1147 2810 1210 succedentibus
2889 1147 3072 1210 annis
3109 1114 3554 1240 -munilicentia

286 1270 540 1352 Alfredi
589 1275 847 1338 allectus
877 1279 1044 1340 venit
1075 1279 1142 1341 in
1175 1281 1489 1360 Angliam,
1525 1287 1580 1342 et
1608 1278 1780 1360 apud
1806 1279 2252 1340 monasterium
2285 1275 2814 1340 Malmesberiense
2845 1298 2884 1339 a
2902 1277 3148 1358 pueris,
3185 1293 3341 1356 quos
3373 1273 3553 1336 doce-

288 1400 422 1479 bat,
448 1403 758 1486 graphiis,
785 1415 857 1470 ut
893 1409 1116 1485 fertur,
1141 1411 1530 1491 per/oratus,
1564 1419 1619 1471 et
1646 1417 1887 1490 martyr
1928 1408 2290 1469 aestimatus
2325 1412 2436 1470 est.
2471 1406 2684 1488 Hujus
2723 1406 3110 1489 epitaphium
3138 1405 3256 1468 hoc
3284 1405 3413 1488 fuit
3438 1425 3472 1510 ,ε

1000 1559 1286 1616 Clauditur
1309 1561 1364 1616 in
1398 1559 1608 1616 tumqu
1659 1568 1881 1616 sanctus
1909 1558 2150 1627 sOphista
2178 1555 2444 1626 Joannes,

1001 1630 1101 1698 Qui
1136 1631 1344 1686 ditatus
1382 1640 1500 1686 erat
1527 1629 1642 1698 jam
1669 1631 1856 1684 vivens
1876 1629 2130 1698 dogmate
2161 1629 2334 1683 miro.

995 1697 1253 1770 Ilartyrio
1281 1702 1499 1755 tandem
1526 1697 1728 1770 Christi
1759 1697 2120 1770 conscendere
2149 1710 2374 1770 regnum

998 1767 1117 1835 Quo
1135 1766 1362 1835 inaruit,
1392 1769 1565 1824 sancti
1595 1777 1824 1840 rcgnant
1849 1782 1945 1838 per
1968 1766 2148 1823 secula
2175 1767 2378 1822 cuncti.

282 1907 507 1971 Scabri
550 1919 699 1971 sunt
731 1908 801 1970 hi
834 1927 1071 1985 versus,
1106 1918 1160 1973 et
1200 1911 1499 1973 'moderni
1529 1911 1829 1990 temporis
1858 1909 2006 1972 lima
2037 1917 2332 1972 carentes.
2371 1909 2598 1974 Subdit
2633 1931 2650 1972 :
2696 1911 2821 1974 Hic
2854 1912 3125 1974 Joannes
3161 1913 3385 1974 Scotus
3408 1911 3555 1992 phi-

287 2033 605 2115 losophus,
635 2042 708 2096 ut
742 2035 900 2098 dicit
926 2035 1342 2117 Lars/rancus,
1388 2040 1457 2101 in
1491 2037 1610 2118 ﬁde
1658 2037 1956 2118 desipuit.
1995 2035 2162 2100 Unde
2209 2037 2366 2099 liber
2398 2039 2528 2118 ejus
2561 2038 2633 2100 de
2666 2040 3072 2102 Eucharistia
3120 2040 3313 2103 lectus
3360 2049 3446 2103 est
3495 2048 3556 2103 et

287 2159 610 2224 damnatus
638 2164 707 2225 in
734 2163 971 2243 synodo
1023 2139 1408 2241 Vercellensi,
1460 2166 1764 2228 celebrata
1791 2166 1905 2227 sub
1945 2165 2122 2244 Papa
2150 2165 2350 2226 Leone
2382 2165 2498 2238 IX,
2533 2165 2735 2227 eodem
2773 2185 2961 2240 anno,
3004 2184 3126 2247 quo
3163 2186 3225 2229 se
3255 2167 3555 2248 Lanfran-

291 2308 398 2351 cus
425 2292 507 2369 ab
545 2311 755 2356 errore
800 2292 1180 2373 Berengarii-
1191 2296 1523 2376 purgavit.
1554 2295 1729 2357 Idem
1760 2294 1945 2355 etiam
1981 2295 2255 2354 Joannes
2284 2312 2473 2373 super
2517 2295 2898 2356 Ierarchiam
2931 2295 3225 2376 Dionysii
3257 2312 3554 2357 commen-

296 2419 476 2482 tavit.
513 2421 856 2487 Helinandi
894 2426 976 2505 (sn
1012 2426 1187 2508 1223)
1218 2427 1572 2492 chronicon
1599 2427 1716 2491 lib.
1757 2428 1995 2501 XLVI,
2039 2442 2231 2508 quem
2269 2425 2650 2488 Vincentius
2673 2433 3000 2491 auctorem
3027 2429 3199 2502 citat,
3229 2426 3554 2505 inspicere.

296 2563 428 2609 non
461 2550 666 2628 potui.
700 2552 942 2614 Prodiit
973 2555 1318 2618 Helinandi
1359 2556 1711 2620 chronicon
1734 2572 1894 2618 cura.
1929 2553 2245 2616 Bertrand
2291 2554 2524 2616 Tissier
2558 2555 2944 2620 Bibliotheca
2977 2567 3248 2621 veterum
3283 2556 3556 2635 scripto-

288 2693 430 2738 rum
455 2677 717 2743 Ordinis
747 2682 1198 2748 Cisterciensis.
1229 2688 1604 2751 Antoninus
1632 2688 2035 2752 Florentinus
2060 2686 2145 2768 (r2
2181 2685 2356 2770 1539)
2389 2687 2454 2750 in
2483 2686 2786 2753 chronico
2817 2705 2961 2766 suo,
2992 2690 3132 2754 Sec.
3163 2691 3282 2764 1X,
3313 2706 3452 2769 cap.
3484 2687 3549 2763 2,

289 2808 390 2870 tit.
424 2809 594 2886 XVI,
633 2815 662 2888 ς
697 2812 762 2887 3,
795 2814 1209 2879 Vincentium
1239 2816 1318 2880 ad
1354 2817 1627 2880 verbum
1665 2817 1961 2881 reddidit.

376 2939 772 3002 Trithemius
824 2940 846 3018 (
878 2950 940 3008 >14
973 2923 1152 3021 1516)
1203 2943 1372 3010 inter
1415 2942 1579 3007 duos
1597 2944 1893 3008 Joannes
1919 2946 2164 3019 Scotos,
2193 2959 2227 3007 e
2251 2944 2492 3025 quibus
2517 2959 2689 3006 unus
2710 2943 2920 3006 Bedae
2950 2941 3313 3022 discipulus
3342 2925 3540 3005 fuerit

297 3059 539 3126 diserte
577 3057 941 3136 distinguit,
991 3059 1317 3138 deceptus,
1369 3069 1440 3124 ut
1486 3061 1737 3140 opinor,
1787 3061 1932 3125 loco
1966 3060 2290 3125 Vincentii
2337 3059 2836 3157 Bellovacensis,
2878 3062 2994 3141 qui
3031 3060 3077 3124 l.
3108 3060 3152 3124 l.
3191 3059 3304 3124 lib.
3339 3063 3555 3125 XXIV

297 3190 514 3254 omnia
561 3189 817 3252 miscuit
861 3190 1200 3253 scribens:
1235 3191 1636 3273 Fueruntque
1678 3193 1948 3255 Parisiis
2009 3192 2375 3272 {undatores
2409 3192 2600 3274 hujus
2653 3193 2867 3256 Studii
2904 3201 3206 3275 quattuor
3235 3194 3546 3269 monachi,

293 3317 492 3380 Bcdae
523 3316 853 3398 discipuli,
882 3318 1124 3380 scilicet
1163 3320 1452 3382 Rabanus
1485 3330 1541 3382 et
1574 3321 1908 3396 Alcuinus,
1941 3320 2247 3382 Claudius
2282 3329 2342 3381 et
2372 3317 2642 3382 Ioannes
2681 3322 2928 3382 Scotus.
2959 3321 3136 3395 Quae
3168 3325 3355 3387 verba
3385 3342 3557 3405 quo-

293 3448 749 3530 modocunque
798 3449 1143 3529 intelligis,
1192 3452 1448 3514 veritati
1499 3468 1629 3514 non
1682 3452 2101 3514 conveniunt.
2153 3451 2548 3514 Trithemius
2594 3450 2794 3528 igitur
2838 3453 2904 3514 in
2959 3451 3123 3516 libro
3177 3455 3256 3519 de
3301 3459 3554 3540 Scriptt.

294 3577 538 3642 Eccles.
579 3577 682 3641 ed.
714 3579 1116 3644 Francofurt.
1142 3582 1320 3655 1601,
1345 3599 1409 3660 p.
1433 3582 1576 3652 25'2,
1616 3581 1771 3643 haec
1801 3580 1991 3644 refert
2018 3601 2033 3643 :
2075 3583 2347 3642 Joannes
2365 3582 2590 3642 Scotus
2624 3579 2958 3641 monachus
2991 3581 3235 3644 ordinis
3266 3583 3333 3646 S.
3370 3585 3560 3646 Bene-

294 3707 473 3782 dicti,
496 3707 698 3770 Bedae
723 3707 1010 3770 monachi
1044 3716 1097 3770 et
1129 3709 1407 3770 doctoris
1435 3708 1769 3770 clarissimi
1803 3708 2114 3788 quondam
2142 3706 2402 3784 auditor
2433 3714 2616 3786 atque
2645 3703 3024 3784 discipulus,
3049 3705 3284 3785 collega
3314 3708 3555 3784 Albini,

293 3837 537 3897 veniens
566 3855 705 3898 cum
740 3855 807 3898 eo
841 3835 914 3897 de
942 3837 1276 3899 Britannia
1306 3838 1374 3899 in
1410 3836 1702 3910 Galliam,
1725 3834 1897 3916 apud
1924 3836 2222 3898 Carolum
2261 3837 2708 3916 Imperatorem
2743 3833 3041 3914 Magnum
3077 3835 3143 3895 in
3173 3835 3377 3914 pretio
3407 3835 3556 3916 fuit.

294 3961 422 4037 Qui
469 3980 606 4022 cum
635 3967 786 4023 esset
822 3962 924 4023 vir
956 3963 1021 4023 in
1061 3960 1344 4024 omnibus
1375 3963 1718 4041 scripturis
1754 3958 2178 4036 doctissimus,
2219 3961 2416 4022 edidit
2460 3957 2633 4022 claro
2683 3978 2960 4021 sermone
3005 3957 3355 4021 clarissima
3405 3978 3563 4039 opu-

294 4090 491 4166 scula,
525 4091 600 4154 de
641 4091 868 4173 quibus
913 4090 1036 4152 ista
1068 4091 1403 4171 feruntur:
1433 4090 1512 4152 In
1542 4090 1951 4171 Evangelium
1991 4091 2295 4152 Matthaei
2340 4090 2449 4152 lib.
2488 4091 2622 4153 III.
2665 4093 2750 4152 De
2780 4091 3010 4172 ofﬁciis
3039 4089 3323 4151 humanis
3359 4087 3466 4149 lib.
3498 4089 3559 4152 Ι.

300 4222 382 4280 De
407 4221 716 4284 divisione
740 4219 1023 4283 Naturae
1052 4219 1162 4282 lib.
1196 4219 1256 4281 Ι.
1280 4219 1427 4281 Alia
1470 4236 1715 4299 quoque
1744 4215 1942 4278 multa
1973 4217 2345 4294 composuit,
2387 4233 2541 4294 quae
2579 4215 2661 4275 ad
2681 4218 2973 4276 notitiam
3008 4235 3198 4275 meam
3233 4235 3359 4275 non
3393 4234 3565 4276 vene-

299 4355 480 4408 runt.
512 4346 760 4412 Claruit
785 4355 898 4415 sub
930 4353 1312 4435 temporibus
1335 4353 1553 4416 Caroli
1573 4354 1795 4433 Magni
1819 4351 2233 4431 Imperatoris
2257 4367 2420 4410 anno
2447 4346 2701 4408 Domini
2728 4347 2868 4407 800.
2900 4345 3145 4406 Deinde
3177 4344 3334 4404 ibid.
3360 4362 3422 4424 p.
3444 4347 3564 4406 25’s

303 4473 459 4539 haec
490 4477 666 4540 addit
703 4500 719 4540 :
753 4482 1046 4557 Joannes,
1102 4481 1308 4544 dictus
1351 4483 1649 4562 Erigena,
1714 4480 2074 4555 monachus,
2115 4480 2184 4542 in
2213 4477 2448 4540 divinis
2483 4474 2838 4554 Scripturis
2883 4455 3126 4546 doctus,
3169 4481 3223 4534 et
3262 4474 3330 4535 in
3367 4471 3566 4534 disci-

290 4602 480 4682 plina
504 4609 880 4673 secularium
907 4610 1388 4692 disciplinarum
1415 4611 1899 4685 eruditissimus,
1940 4629 2159 4690 graeco
2189 4617 2245 4671 et
2291 4608 2495 4670 latino
2527 4603 2610 4666 ad
2635 4604 2884 4684 plenum
2913 4604 3261 4665 instructus
3290 4602 3561 4684 eloquio,

299 4734 550 4812 ingenio
571 4737 859 4812 subtilis,
897 4759 1174 4802 sermone
1206 4743 1612 4822 compositus,
1636 4742 1895 4822 jubente
1928 4740 2182 4812 Carolo,
2231 4731 2364 4818 ﬁlio
2402 4735 2749 4808 Ludowici,
2784 4736 2983 4815 fratre
3027 4732 3320 4793 Lotharii
3349 4732 3571 4809 Impe-‘

298 4864 565 4926 ratoris.
605 4869 935 4931 transtulit
971 4872 1038 4933 in
1072 4871 1367 4935 Latinum
1399 4895 1418 4936 :
1448 4869 1916 4935 Ierarchiamet
1948 4871 2146 4932 libros
2176 4867 2466 4947 Dionysii
2520 4865 2628 4928 lib.
2674 4865 2786 4929 IV.
2817 4861 3089 4942 Scripsit
3125 4879 3313 4942 super
3347 4859 3568 4922 eisdem

307 4991 422 5056 lib.
454 4997 562 5058 IV.
589 4997 671 5058 Et
693 5001 991 5080 quaedam
1016 5001 1166 5063 alia.
1190 5003 1439 5066 Claruit
1461 5004 1574 5066 sub
1594 5003 1896 5065 Lothario
1920 5003 2304 5082 Imperatore
2323 5017 2486 5060 anno
2508 4995 2760 5058 Domini
2777 4995 2918 5055 850.
2947 4991 3188 5054 Pariter
3212 4991 3278 5050 in
3305 4988 3467 5050 libro
3489 4991 3569 5050 de

303 5122 461 5184 viris
485 5123 853 5192 illustribus
880 5129 1128 5192 ordinis
1146 5129 1208 5194 S.
1235 5132 1560 5196 Benedicti
1589 5131 1699 5193 lib.
1738 5131 1795 5192 ll
1824 5148 1961 5212 cap.
1987 5130 2068 5191 27
2104 5131 2225 5193 hoc
2255 5127 2443 5191 titulo
2472 5147 2488 5189 :
2518 5127 2607 5188 De
2633 5126 2874 5187 Joanne
2895 5124 3082 5186 Scoto
3127 5122 3286 5184 haec
3345 5119 3564 5181 tradit:

301 5250 579 5316 Joannes
607 5255 838 5319 Scotus
870 5258 1231 5335 monachus,
1268 5261 1336 5323 in
1371 5259 1603 5340 Anglia
1644 5257 1904 5321 auditor
1937 5255 2306 5320 venerabilis
2350 5252 2542 5316 Bedae
2585 5250 2961 5333 presbyteri,
2995 5253 3204 5312 socius
3244 5257 3299 5308 et
3333 5243 3570 5322 collega

303 5377 547 5447 domini
578 5361 843 5450 Alcuini
881 5389 1020 5471 jam
1067 5387 1247 5463 dicti,
1294 5390 1398 5453 vir
1448 5391 1517 5452 in
1569 5386 1803 5452 divinis
1846 5387 2205 5468 Scripturis
2251 5383 2672 5458 doctissimus,
2730 5390 2785 5443 et
2830 5381 2898 5444 in
2935 5373 3320 5440 secularibus
3367 5371 3572 5436 literis

300 5517 622 5598 magniﬁce
649 5517 1030 5597 instructus,
1067 5530 1326 5603 scripsit
1361 5541 1490 5584 non
1519 5520 1987 5584 contemnendae
2016 5519 2302 5582 lectionis
2338 5517 2665 5598 opuscula,
2706 5514 2780 5576 de
2809 5509 3034 5591 quibus
3069 5505 3153 5569 ad
3186 5523 3376 5568 meam
3403 5505 3572 5567 noti-

302 5645 457 5706 tiam
485 5666 697 5729 pauca
719 5619 1140 5728 pervenerunt
1174 5675 1196 5716 :
1229 5652 1310 5715 In
1341 5652 1748 5733 Evangelium
1783 5652 2009 5715 Matth.
2047 5651 2155 5713 lib.
2193 5650 2299 5711 ιν.
2336 5647 2432 5709 De
2455 5646 2680 5729 ofﬁciis
2723 5640 3008 5703 humanis
3039 5639 3148 5705 lib.
3181 5640 3215 5703 Ι
3243 5661 3263 5703 :
3291 5646 3345 5701 et
3377 5635 3576 5699 multa

301 5773 449 5841 alia.
506 5760 768 5843 Claruit
817 5760 1271 5840 anno‘Domini
1314 5778 1433 5842 730
1475 5778 1585 5841 sub
1639 5777 1890 5841 Carolo.
1926 5777 2176 5851 Quibus
2228 5775 2268 5834 ι.
2313 5775 2354 5836 ι.
2399 5772 2508 5833 lib.
2549 5769 2659 5845 Ill,
2693 5785 2828 5848 cap.
2864 5740 2986 5828 2'12
3020 5767 3142 5832 hoe
3191 5763 3402 5828 indice
3439 5780 3454 5818 :
3487 5759 3577 5818 Do
