4152 6276
572 306 698 346 xxv:
1987 276 2413 375 ξιῖιρρεδιιωι,

567 403 631 487 S.
664 396 916 486 Joanne
964 418 1151 482 Scoto
1200 406 1477 495 martyre
1520 414 1678 505 haec
1718 398 2059 501 subjuniit
2106 434 2120 473 :
2161 411 2434 474 Joannes
2480 409 2747 499 Scotus.
2789 396 3124 482 monachus
3176 394 3715 487 Malbesberiensis
3763 414 3833 479 in

568 542 823 631 Anglia,
857 548 960 612 vir
1001 547 1220 610 doctus
1264 551 1318 607 et
1357 543 1690 623 religiosae
1734 536 2251 635 conversationis,
2303 541 2483 618 cujus
2533 524 2831 611 etiamin
2885 541 3153 604 secundo
3205 539 3522 605 volumine
3568 542 3834 622 fecimus

568 672 956 749 mentionem,
992 670 1164 754 apud
1195 666 1495 735 Caro‘lum
1525 668 1783 732 Calvum
1809 668 2258 748 Imperatorem
2303 685 2524 747 magno
2570 668 2637 729 in
2664 669 2871 749 pretio
2901 668 3050 750 fuit.
3090 668 3218 744 Qui
3254 664 3498 729 tandem
3526 672 3835 753 martyrio

573 810 912 865 coronatus
951 822 991 864 a
1017 804 1223 865 morte
1245 802 1543 863 transivit
1582 799 1667 862 ad
1710 782 1929 863 vitam;
1976 799 2317 879 Confossus
2373 800 2533 861 enim
2577 799 2862 880 graphiis
2913 816 3282 879 puerorum,
3343 815 3499 877 quos
3554 796 3837 873 docebat,

575 930 778 993 nescio
808 949 941 1010 quos
966 932 1324 1010 instigante,
1350 938 1500 1010 post
1540 937 1798 993 mortem
1831 929 2045 991 multis
2092 929 2326 1008 claruit
2376 930 2597 1009 signis.
2646 927 2799 1009 Legi
2839 936 3044 995 autem
3096 929 3162 990 in
3191 918 3458 1010 quadam
3490 932 3839 1013 scriptura,

572 1051 744 1140 quod
764 1030 961 1141 fuerit
1011 1061 1342 1141 episcopus
1369 1059 1978 1141 Mykelenburgensis
2008 1060 2119 1123 sub
2152 1060 2486 1122 Bremensi.
2520 1059 2677 1140 Ejus
2701 1059 2908 1121 natale
2936 1058 3173 1120 colitur
3201 1059 3239 1120 lt
3257 1059 3414 1123 Idus
3441 1060 3835 1129 Novembris.

570 1183 821 1247 Claruit
840 1196 1001 1248 anno
1027 1188 1278 1250 Domini
1305 1189 1425 1251 880
1449 1188 1562 1250 sub
1593 1187 1821 1250 Carolo
1850 1184 2066 1264 Calvo,
2098 1197 2155 1250 et
2180 1190 2351 1251 vixit
2381 1189 2582 1251 adhuc
2613 1188 2830 1250 multis
2858 1190 3041 1250 annis
3067 1195 3213 1268 post
3244 1172 3403 1252 eum:
3432 1156 3568 1253 Alii
3596 1191 3837 1269 volunt,

574 1315 744 1396 quod
775 1317 1076 1379 claruerit
1117 1315 1229 1378 sub
1266 1317 1538 1378 Henrico
1575 1322 1800 1397 quarto
1837 1336 2000 1411 anno
2046 1317 2300 1380 Domini
2336 1319 2509 1380 1060.
2557 1318 2677 1380 Sed
2715 1318 2904 1397 prior
2938 1318 3156 1398 opinio
3189 1319 3344 1381 mihi
3376 1284 3628 1382 videtur
3662 1302 3841 1383 chro-

573 1432 737 1508 nicis
784 1453 1190 1509 consentanea
1228 1454 1283 1507 et
1329 1446 1465 1509 ideo
1514 1446 1745 1511 verior.
1782 1446 1925 1510 Nisi
1956 1432 2121 1529 forte
2158 1438 2282 1510 duo
2313 1448 2611 1529 fuissent.
2646 1466 2773 1509 uno
2810 1447 3112 1526 martyrii
3152 1465 3369 1526 genere
3404 1447 3669 1511 diversis
3696 1457 3841 1509 tem-

577 1573 846 1653 poribus
884 1576 1259 1657 interempti.

664 1727 947 1789 Joannes
970 1725 1199 1790 Baleus
1228 1725 1485 1804 (acii-ca
1508 1725 1707 1808 1560),
1730 1727 1843 1809 qui
1863 1728 2099 1808 pariter
2124 1728 2289 1793 duos
2324 1730 2608 1794 Joannes
2630 1726 2853 1802 Scotos
2876 1720 3206 1799 discernit,
3230 1723 3300 1784 in
3333 1723 3521 1800 libro,
3554 1725 3658 1787 cui
3692 1725 3845 1787 titu-

590 1848 695 1911 lus
720 1867 735 1906 :
765 1845 1124 1910 Illustrium
1147 1845 1408 1927 majoris
1431 1845 1803 1911 Britanniae
1825 1851 2211 1928 scriptorum
2239 1850 2646 1911 summarium
2676 1847 2855 1920 15b8,
2882 1846 2999 1929 f0].
3025 1844 3103 1910 57.
3140 1844 3298 1908 haec
3329 1847 3549 1910 tradit:
3577 1848 3846 1923 Joannes

584 1967 982 2043 Mailrosius,
1027 1967 1388 2048 cognomine
1409 1974 1465 2028 et
1496 1967 1752 2028 natione
1774 1968 2029 2042 Scotus,
2058 1967 2319 2030 Alcuini
2347 1967 2606 2048 collega,
2636 1975 2692 2029 et
2737 1966 3105 2029 venerabilis
3137 1968 3339 2032 Bedae
3366 1989 3505 2039 cum
3550 1991 3618 2035 eo
3653 1991 3849 2053 quone

590 2094 731 2153 dam
767 2090 1142 2171 discipulus,
1185 2096 1366 2169 atque
1396 2085 1542 2147 dum
1569 2084 2011 2165 Cantabrigiae
2044 2086 2237 2148 bonas
2275 2085 2491 2147 literas
2538 2085 2969 2166 proﬁteretur,
2998 2085 3286 2167 frequens
3317 2088 3578 2152 auditor
3607 2092 3843 2157 extitit.

583 2209 651 2270 Is
686 2226 824 2270 cum
854 2215 1001 2270 esset
1033 2214 1360 2287 utriusque
1393 2204 1668 2282 linguae,
1701 2200 1932 2264 latinae
1964 2210 2017 2264 et
2076 2220 2353 2281 graecae,
2384 2203 2840 2282 peritissimus,
2873 2201 3042 2283 quod
3087 2202 3159 2264 de
3192 2206 3330 2286 ipso
3384 2208 3674 2271 historici
3721 2210 3849 2289 fere

588 2350 789 2394 omnes
819 2331 1102 2393 unanimi
1131 2326 1481 2392 testimonio
1497 2327 1797 2406 referunt,
1831 2322 2128 2406 adjuncto
2151 2325 2275 2387 sibi
2294 2322 2560 2387 Claudio
2586 2324 2884 2387 Clemente
2916 2326 3064 2404 pari
3095 2324 3384 2388 doctrina
3398 2328 3684 2409 praedito
3714 2350 3853 2393 cum

590 2447 1040 2511 mercatoribus
1073 2449 1295 2527 Anglis
1327 2446 1637 2507 Oceanum
1662 2460 1830 2503 mare
1861 2442 2134 2522 trajecit,
2177 2440 2619 2521 Parisiumque
2666 2440 2969 2535 pervenit.
3014 2439 3131 2502 Ubi
3165 2462 3308 2504 cum
3337 2445 3502 2507 inter
3525 2454 3756 2508 ceteros
3786 2447 3853 2507 in

585 2567 914 2649 publicum
943 2566 1288 2647 prodiisset
1330 2567 1564 2647 forum,
1609 2580 1718 2624 nec
1773 2561 2104 2642 quicquam
2150 2560 2373 2642 patria
2417 2566 2673 2640 praeter
2714 2559 2905 2622 bonas
2945 2558 3315 2639 disciplinas
3355 2574 3766 2645 exportasset,
3799 2536 3858 2626 se

587 2692 956 2771 sapientiam
990 2688 1304 2771 proﬁteri,
1344 2709 1589 2772 eamque
1617 2678 1841 2756 habere
1874 2692 2149 2755 venalem
2179 2710 2319 2754 cum
2345 2690 2518 2753 socio
2550 2674 2998 2751 conclamabat.
3029 2685 3213 2763 Quod
3240 2683 3496 2745 audiens
3524 2700 3640 2743 rex
3660 2662 3857 2744 Caro;

587 2816 684 2879 lus
711 2823 1110 2896 cognomento
1142 2814 1436 2895 Magnus,
1458 2815 1738 2895 provisis
1770 2816 2162 2889 necessariis,
2197 2832 2318 2875 teos
2347 2798 2844 2885 illicoretinuit,
2876 2817 2947 2870 ut
2981 2809 3354 2899 confluentes
3383 2805 3465 2865 ad
3504 2806 3680 2885 ipsos
3726 2825 3856 2867 un-

588 2937 772 3020 dique
819 2938 1131 3001 nobilium
1170 2937 1565 2999 Francorum
1607 2936 2020 2999 adolescentes
2077 2934 2426 2997 liberaliter
2463 2931 2810 2994 erudirent.
2840 2914 3154 3009 Frequens
3202 2925 3344 2988 inde
3396 2922 3858 2987 advenientium

586 3052 741 3123 illuc
771 3059 1105 3120 conventus
1140 3051 1363 3131 effecit,
1396 3056 1468 3110 ut
1501 3049 1739 3110 Parisii
1773 3050 1987 3111 statim
2033 3049 2377 3129 percelebre
2419 3056 2569 3111 esset
2595 3047 3014 3110 auditorium.
3039 3047 3269 3110 Sanccit
3309 3044 3579 3110 Carolus
3625 3061 3858 3118 provo-

590 3175 766 3229 cante
795 3165 1095 3237 Alcuino,
1131 3171 1204 3227 ut
1237 3164 1522 3245 deinceps
1549 3164 1688 3227 illic
1719 3174 1869 3229 esset
1895 3168 2176 3248 generale
2213 3168 2518 3231 bonarum
2561 3169 2798 3229 artium
2829 3167 3132 3241 studium,
3161 3173 3220 3226 et
3245 3172 3316 3225 ut
3350 3161 3655 3226 Claudius
3690 3178 3758 3224 in
3790 3179 3860 3221 eo

588 3283 1095 3362 praepositurum
1120 3289 1377 3363 gereret,
1399 3283 1671 3349 Joannes
1689 3282 2124 3368 veraPupiam
2145 3284 2526 3362 concederet,
2546 3294 2619 3348 ut
2651 3294 2707 3347 et
2741 3284 2876 3349 illic
2908 3300 3153 3365 quoque
3181 3281 3503 3362 gymnasio
3526 3279 3719 3343 initia
3745 3295 3861 3357 po-

591 3406 783 3464 neret.
808 3398 1172 3478 Composuit
1217 3399 1330 3460 iste
1380 3399 1643 3480 eleganti
1672 3419 1949 3465 sermone
1990 3403 2367 3483 rogantibus
2397 3401 2732 3483 discipulis
2783 3400 3136 3467 clarissima
3168 3396 3496 3478 opuscula,
3521 3397 3863 3477 praecipue

592 3516 779 3599 haec;
826 3516 907 3577 In
955 3517 1363 3598 Evangelium
1406 3518 1711 3580 Matthaei
1754 3520 1863 3582 lib.
1900 3522 2036 3583 ΙΙΙ.
2067 3522 2155 3584 De
2194 3523 2424 3604 ofﬁciis
2465 3521 2752 3593 humanis
2784 3520 2895 3585 lib.
2924 3520 2983 3584 Ι.
3016 3519 3104 3580 De
3138 3516 3364 3598 ofﬁciis
3391 3514 3623 3589 divinis
3654 3513 3768 3591 lib.
3800 3512 3858 3575 Ι.

596 3640 685 3700 De
741 3635 1049 3699 divisione
1075 3637 1354 3701 Naturae
1384 3636 1494 3700 lib.
1521 3637 1578 3699 Ι.
1619 3639 1702 3699 De
1726 3643 2035 3719 germanis
2056 3643 2259 3724 juxta
2288 3644 2604 3706 Irenicum
2633 3643 2745 3706 lib.
2776 3643 2834 3704 1.
2869 3620 3359 3705 Commentarios
3385 3638 3863 3716 Scripturarum

596 3757 707 3820 lib.
743 3756 802 3818 Ι.
838 3754 1155 3818 Homilias
1186 3755 1464 3849 eruditas
1493 3755 1603 3820 lib.
1642 3759 1704 3822 Ι.
1742 3761 1865 3824 Nec
1897 3762 2143 3840 dubito,
2165 3766 2319 3846 quin
2347 3764 2453 3828 his
2485 3765 2667 3847 longe
2692 3765 2889 3847 plura
2919 3761 3298 3827 condiderit.
3332 3761 3412 3822 In
3445 3760 3608 3823 libro
3644 3777 3756 3820 suo
3794 3751 3865 3816 de

594 3875 875 3939 Naturae
925 3872 1234 3935 divisione
1281 3873 1595 3938 solvendis
1640 3880 2106 3959 quaestionibus
2141 3891 2229 3944 est
2274 3884 2492 3961 utilis,
2529 3881 2636 3946 sed
2667 3884 2950 3966 Papistis
2975 3882 3323 3965 plurimum
3362 3883 3682 3953 Antonino
3719 3885 3867 3963 teste

597 3986 971 4067 displicuit,
1027 3989 1196 4070 quod
1242 3990 1495 4097 Graecis
1529 3992 1824 4087 adversus
1866 4019 2078 4062 eorum
2113 4003 2444 4082 insyncera
2484 4004 2777 4085 dogmata
2804 4009 2871 4068 in
2904 4005 3227 4086 plerisque
3282 3973 3648 4091 consentiat.
3715 4000 3871 4094 Divi

598 4100 943 4185 Augustini
997 4111 1371 4173 monasterio
1434 4113 1701 4178 Carolus
1741 4117 1904 4181 hunc
1938 4121 2147 4185 Ticini
2181 4142 2288 4185 seu
2334 4122 2570 4206 Papiae
2604 4123 2909 4206 praefecit
2942 4141 3108 4185 anno
3141 4132 3395 4187 nostrae
3420 4117 3865 4198 redemptionis

597 4227 741 4301 792,
796 4227 864 4289 in
890 4245 1013 4309 quo
1044 4235 1098 4290 et
1131 4247 1329 4290 senem
1359 4231 1584 4294 abiisse
1612 4234 1856 4298 tandem
1881 4238 2178 4302 nonnulli
2209 4241 2495 4316 credunt,
2530 4241 2737 4305 Scotis
2767 4239 3123 4303 dominante
3150 4218 3477 4304 Solvathio
3507 4256 3669 4319 rege.
3695 4234 3867 4329 Satis

602 4342 799 4409 claret
853 4364 932 4408 ea:
966 4345 1176 4422 dictis,
1225 4347 1565 4411 Alcuinum
1614 4359 1673 4413 et
1699 4354 2004 4418 Joannem
2046 4359 2212 4420 inter
2255 4360 2496 4439 Anglos
2532 4360 2624 4422 ita
2650 4360 2848 4440 fuisse
2887 4357 3308 4422 doctissimos.
3351 4355 3601 4420 Deinde
3643 4350 3758 4414 fol.
3789 4332 3868 4411 6b

597 4462 680 4526 de
708 4469 925 4528 nostro
973 4465 1223 4527 Joanne
1252 4466 1441 4530 Scoto
1479 4476 1691 4532 narrat
1719 4470 1949 4538 haecce
1977 4497 1998 4537 :
2026 4476 2302 4537 Joannes
2330 4475 2675 4550 Patricius,
2714 4475 2879 4538 alias
2906 4475 3204 4555 Erigena,
3233 4477 3583 4537 Britannus
3614 4466 3872 4528 natione

600 4602 707 4647 seu
743 4585 1012 4649 Guallus
1043 4585 1369 4665 Anglicus,
1418 4585 1488 4648 in
1540 4587 1823 4652 Menevia
1868 4593 2255 4655 Demetarum
2306 4592 2481 4671 urbe,
2529 4594 2658 4655 sive
2704 4592 2789 4654 ad
2820 4602 3105 4655 sanctum
3136 4585 3455 4655 Davidem,
3479 4598 3559 4641 ea:
3584 4574 3868 4656 patricio

604 4702 882 4789 genitore
928 4718 1140 4785 natus,
1182 4729 1222 4770 a
1248 4708 1566 4790 plerisque
1594 4712 2015 4791 scriptoribus
2041 4713 2478 4794 philosophus,
2500 4713 2574 4775 ab
2610 4713 2759 4777 aliis
2789 4731 2956 4789 vero,
2993 4711 3099 4774 sed
3124 4725 3475 4793 perperam,
3503 4704 3874 4767 Scotussa—

607 4836 1030 4917 gnominatur.
1063 4838 1224 4899 Dum
1255 4838 1491 4924 Anglos
1522 4840 1679 4903 Daci
1718 4844 1964 4923 rapinis
2008 4852 2062 4907 et
2111 4842 2287 4906 bellis
2317 4844 2703 4922 infestarent,
2749 4858 2821 4900 ac
2853 4838 3063 4901 omnia
3092 4836 3232 4900 illic
3269 4828 3649 4896 tumultibus
3681 4830 3877 4885 essent

608 4957 815 5039 plena,
838 4948 1086 5037 longam
1134 4959 1699 5040 peregrinationem
1743 4963 2012 5025 Athenas
2047 4981 2241 5044 usque
2266 4961 2634 5042 suscipiens,
2678 4977 2861 5041 quam
2897 4958 3118 5039 plures
3150 4969 3350 5016 annos
3370 4948 3578 5016 literis
3607 4941 3876 5024 graecis:

608 5078 950 5143 chaldaicis
980 5088 1035 5142 et
1060 5080 1332 5143 arabicis
1367 5082 1710 5146 insudavit.
1743 5084 1964 5146 Omnia
1993 5084 2153 5146 enim
2184 5083 2470 5145 visitavit
2514 5079 3040 5163 philosophorum
3075 5075 3215 5137 loca
3266 5081 3322 5134 et
3354 5068 3597 5151 studia,
3654 5065 3779 5126 imo
3821 5066 3878 5123 εἰ

607 5172 814 5282 ipsum
839 5200 1165 5263 oraculum
1190 5201 1368 5275 solis,
1391 5199 1561 5282 quod
1598 5201 2006 5282 Aesculapius
2034 5202 2160 5273 sibi
2182 5209 2644 5273 construxerat.
2672 5200 2748 5261 In
2776 5217 2898 5279 quo
2927 5195 3456 5263 abstinentissimo
3493 5187 3747 5254 cuidam
3763 5183 3883 5246 hu-

612 5292 910 5384 millimus
940 5292 1219 5397 servivit,
1250 5328 1322 5383 ut
1367 5317 1479 5380 sub
1525 5336 1591 5377 eo
1628 5318 1826 5388 omnis
1846 5288 2284 5400 philosophiae
2311 5290 2709 5400 investigaret
2741 5322 2996 5391 secreta,
3034 5313 3360 5387 Inveniens
3397 5308 3665 5385 tandem,
3706 5298 3877 5396 quod

616 5445 740 5513 tam
785 5438 1145 5513 longissimo
1195 5439 1407 5501 labore
1457 5437 1873 5519 quaesiverat,
1923 5439 1992 5501 in
2043 5437 2300 5499 Italiam
2328 5424 2383 5498 et
2424 5438 2699 5500 Galliam
2732 5444 2819 5498 est
2848 5451 3154 5496 reversus.
3193 5429 3309 5494 Ubi
3342 5427 3417 5491 ob
3454 5418 3886 5507 incredibilem

615 5564 1027 5653 eruditionem
1100 5567 1328 5631 Carolo
1380 5561 1594 5634 Calvo,
1652 5568 1707 5623 et
1751 5567 1899 5641 post
1948 5578 2081 5643 eum
2126 5556 2447 5620 Ludovico
2497 5556 2693 5619 Balbo
2748 5562 3076 5635 acceptus,
3128 5546 3427 5625 Dionysii
3463 5538 3888 5653 Areopagitas

610 5657 805 5749 libros
860 5684 930 5747 de
983 5688 1229 5750 ca:lesti
1273 5686 1717 5761 Ierarchia,ex
1746 5682 2298 5764 Constantinopoli
2338 5690 2484 5744 tunc
2527 5684 2767 5760 missos,
2807 5682 3036 5745 latinos
3065 5678 3208 5755 fecit
3255 5690 3417 5734 anno
3453 5668 3701 5769 Darnin‘i
