4152 6276
1754 325 2181 410 paooamuu.
3425 405 3432 410 α
3460 349 3608 394 ..χω

353 458 684 538 Profectus
713 454 1044 536 aliquando
1069 465 1217 536 post
1276 459 1340 520 in
1376 456 1772 520 Britanniam
1818 457 2192 520 Meneviensi
2227 459 2293 519 in
2326 459 2727 536 monasterio,
2765 458 2934 544 quod
2971 460 3053 520 ad
3077 461 3352 524 Davidis
3391 465 3610 544 fanum

352 581 620 656 dicitur,
652 601 713 644 se
742 572 1104 642 monachum
1127 581 1278 660 fecit
1318 581 1385 642 in
1416 579 1658 649 ultimis
1692 578 1980 640 Gualliae
2007 579 2261 658 ﬁnibus.
2299 579 2424 642 Nec
2452 587 2705 660 poterat
2743 581 2811 642 in
2842 599 2908 642 eo
2945 579 3057 642 diu
3084 580 3306 655 latere,
3333 581 3438 642 sed
3468 584 3610 645 inde

357 705 613 758 vocatus
659 697 734 760 ab
781 695 1042 778 Alfredo
1101 697 1452 778 Anglorum
1479 714 1642 775 rege,
1692 703 1820 756 tam
1868 696 2014 771 sibi,
2064 715 2248 776 quam
2287 696 2421 758 suis
2467 697 2683 758 liberis
2722 695 3043 760 adhibitus
3074 705 3164 758 est
3199 704 3596 777 praeceptor.

359 815 520 878 Unde
549 823 605 879 et
631 818 768 898 ipso
806 816 1178 878 adhortante
1199 824 1451 893 praeter
1479 812 1608 874 alia
1628 810 1988 874 studiorum
2012 830 2271 874 suorum
2290 821 2683 875 monumenta
2713 833 2742 874 e
2771 813 3006 876 Graeco
3029 814 3360 876 transtulit
3394 815 3462 876 in
3483 822 3608 876 tres

350 928 595 1009 linguas
641 930 1045 1006 chaldaicam,
1093 929 1408 992 arabicam
1445 935 1501 992 et
1559 928 1821 991 latinam
1867 929 2230 992 Aristotelis
2269 930 2539 992 moralia
2571 931 2644 992 de
2679 933 2929 994 secretis
2960 940 3339 1001 secretorum
3367 954 3476 996 seu
3508 953 3605 996 re-

347 1059 446 1114 cto
484 1055 785 1134 regimine
834 1053 1215 1134 principum,
1270 1068 1428 1130 opus
1481 1050 2061 1130 exquisitissimum.
2113 1052 2254 1113 Hoc
2284 1053 2424 1114 viro
2458 1053 2686 1114 eximio
2717 1071 2821 1113 seu
2847 1055 3084 1132 geniali
3111 1053 3380 1134 quodam
3411 1053 3613 1116 sidere

349 1167 704 1231 adornabat
769 1169 1064 1250 Alfredus
1116 1169 1489 1232 academiam
1542 1189 1716 1232 suam
1769 1170 2058 1234 Oxoniae
2084 1179 2234 1233 tunc
2265 1172 2640 1254 inchoatam.
2676 1173 2835 1233 Erat
2875 1172 2984 1234 ille
3022 1173 3294 1252 primus,
3326 1171 3438 1252 qui
3473 1170 3612 1234 illic

353 1289 608 1368 publice
641 1289 834 1351 bonas
876 1297 1043 1351 artes
1066 1291 1509 1373 proﬁtebatur.
1551 1293 1822 1354 Joannes
1851 1294 1992 1368 iste,
2037 1293 2388 1366 subtilitate
2441 1294 2678 1373 ingenii
2712 1304 3072 1372 peracutus,
3143 1290 3441 1373 quaedam
3495 1310 3610 1353 no-

357 1417 523 1468 strae
554 1411 896 1487 ‘religionis
950 1415 1415 1476 accuratissime
1440 1414 1764 1494 disputata
1814 1416 2217 1495 conscripsit,
2259 1417 2629 1496 praesertim
2665 1439 2684 1476 :
2710 1417 2794 1478 De
2849 1417 3265 1480 immaculatis
3293 1416 3613 1496 mysteriis

366 1529 478 1590 lib.
510 1529 567 1593 Ι.
605 1531 694 1589 De
719 1531 838 1610 ﬁde
867 1540 1088 1594 contra
1116 1534 1416 1598 barbaros
1454 1535 1564 1598 lib.
1603 1537 1664 1598 I.
1697 1537 1784 1596 De
1812 1553 2080 1616 corpore
2113 1544 2171 1598 et
2203 1537 2508 1615 sanguine
2540 1538 2795 1599 Domini
2828 1535 2938 1598 lib.
2965 1536 3022 1595 Ι.
3057 1532 3184 1594 Pro
3215 1529 3617 1608 instituendis

347 1649 652 1710 nobilium
671 1650 824 1729 ﬁliis
855 1651 964 1714 lib.
995 1653 1046 1714 1.
1075 1654 1394 1718 Versiones
1424 1655 1719 1734 Dionysii
1755 1654 1864 1718 lib.
1900 1654 1958 1716 Ι.
1995 1654 2274 1718 Moralia
2312 1656 2672 1718 Aristotelis
2700 1656 2808 1718 lib.
2840 1657 2938 1717 IX
2963 1656 3126 1736 [Non
3152 1655 3387 1736 reliqui
3407 1653 3648 1741 locum-

343 1788 450 1832 nec
481 1772 828 1851 templum].
860 1773 938 1834 In
963 1775 1348 1837 Ierarchiam
1372 1775 1844 1838 commentarios
1875 1774 1984 1837 lib.
2029 1776 2136 1836 IV.
2162 1775 2241 1835 In
2271 1775 2645 1840 theoloaiam
2671 1777 2991 1852 mysticam
3011 1773 3121 1836 lib.
3155 1773 3212 1836 Ι.
3243 1767 3611 1852 Paraphra-

342 1897 531 1960 slicos
552 1905 756 1959 tomos
783 1900 890 1961 tib.
915 1900 973 1960 Ι.
999 1901 1324 1979 Epistolas
1359 1901 1444 1962 ad
1463 1901 1741 1964 diversos
1767 1899 1875 1962 lib.
1906 1901 1965 1962 Ι.
1999 1900 2303 1978 Dogmata
2334 1897 2853 1977 philosophorum
2886 1895 2994 1958 lib.
3017 1895 3076 1957 1.
3110 1895 3195 1955 Et
3226 1893 3430 1955 adhuc
3458 1893 3610 1955 alia.

349 2014 424 2075 In
457 2013 622 2076 libro
657 2014 731 2075 de
760 2015 1161 2078 Eucharistia
1187 2017 1368 2097 ﬁdem
1390 2036 1567 2080 suam
1599 2036 1677 2079 ea:
1703 2015 2058 2095 Scripturis
2088 2014 2425 2094 fatebatur,
2455 2013 2568 2074 hoc
2595 2015 2799 2092 ipsum
2817 2015 3078 2075 sentiens
3101 2021 3155 2076 et
3178 2014 3423 2090 docens,
3449 2015 3618 2095 quod

347 2157 424 2199 ea:
446 2137 663 2199 bibliis
694 2146 750 2199 et
777 2138 1131 2216 Augustino
1153 2138 1483 2212 didicerat,
1510 2145 1567 2198 et
1586 2135 1756 2218 quod
1773 2137 2042 2198 sciverat
2069 2137 2136 2195 in
2158 2133 2385 2196 Galliis
2403 2135 2794 2197 Bsrtramum
2811 2135 3235 2217 presbyterum
3257 2135 3613 2205 tradidisse:

344 2257 469 2332 Qui
492 2257 649 2318 liber
669 2258 738 2320 in
770 2256 1129 2318 Vercellensi
1150 2257 1384 2337 synodo
1407 2277 1445 2318 a
1464 2257 1666 2319 Leone
1685 2256 1786 2318 IX
1801 2254 2102 2334 pontiﬁce
2123 2254 2399 2313 Romano
2436 2261 2652 2331 postea
2681 2253 3034 2326 damnatur,
3064 2253 3232 2334 quod
3261 2274 3472 2318 eorum
3496 2256 3616 2318 ad-

351 2389 630 2442 versetur
662 2381 964 2459 quaestui.
995 2381 1075 2440 In
1104 2375 1627 2438 Malmesberiensi
1665 2371 1960 2436 coenobio
2005 2370 2270 2444 tandem,
2304 2389 2424 2450 quo
2461 2371 2864 2434 recreationis
2898 2373 3109 2450 gratia
3137 2391 3200 2433 se
3233 2373 3610 2451 contulerat,

356 2497 522 2558 inter
553 2497 870 2574 legendum
897 2517 933 2556 a
959 2496 1324 2576 quibusdam
1358 2493 1688 2573 discipulis
1721 2490 2105 2571 pugionibus
2145 2489 2613 2551 interimebatur
2645 2509 2808 2552 anno
2846 2493 3083 2559 Christi
3113 2497 3233 2562 88!»
3259 2543 3274 2570 ,
3324 2499 3618 2578 fortassis

348 2636 477 2678 non
512 2636 647 2678 sine
674 2615 1122 2677 monachorum
1165 2613 1464 2693 impulsu,
1496 2611 1770 2692 quamvis
1815 2629 1945 2670 eum
1975 2613 2138 2671 inter
2167 2609 2488 2686 ,Ecclesiae
2513 2619 2816 2690 martyres
2864 2624 3081 2693 postea
3122 2622 3608 2681 numeraverint.

345 2733 773 2813 Deciptuntur
797 2734 926 2813 fere
955 2749 1159 2792 omnes
1182 2731 1598 2792 historiarum
1641 2728 2000 2804 scriptores,
2033 2728 2144 2807 qui
2175 2727 2362 2787 istum
2389 2744 2527 2787 cum
2549 2727 2946 2805 praecedente
2981 2737 3224 2797 Joanne
3269 2737 3382 2798 illo
3423 2737 3610 2798 Scala

353 2855 690 2916 Mailrosio
727 2873 921 2917 unum
952 2856 1148 2934 fuisse
1197 2855 1500 2932 fatentur,
1537 2857 1664 2910 tam
1690 2849 2012 2910 vicinitate
2057 2855 2439 2927 temporum,
2476 2864 2658 2927 quam
2701 2850 3021 2913 nominum
3067 2873 3140 2916 ac
3177 2855 3612 2918 doctrinarum

354 2979 628 3055 puritate
658 2971 990 3034 occaecati.
1023 2965 1268 3031 Videbit
1304 2967 1574 3049 vigilans
1601 2967 1834 3046 Argus,
1863 2985 1973 3028 seu
2007 2965 2294 3027 oculatus
2325 2963 2542 3038 lector,
2578 2981 2706 3024 non
2733 2964 2890 3024 satis
2918 2971 3269 3045 convenire,
3301 2971 3619 3051 quod,au-

364 3092 594 3153 diverit
629 3091 878 3164 Bedam,
933 3097 987 3152 et
1017 3089 1330 3168 hucusque
1355 3095 1607 3150 aetatem
1627 3083 2052 3166 protenderit,
2086 3083 2216 3146 nisi
2245 3101 2441 3146 annos
2472 3089 2713 3146 centum
2741 3089 2795 3145 et
2825 3083 3002 3148 LXX
3034 3087 3118 3150 ad
3152 3091 3358 3154 minus
3387 3093 3443 3156 ei
3473 3111 3620 3156 con-

360 3210 628 3272 cesserit.

429 3325 577 3386 Post
604 3323 901 3387 Balaeum
927 3328 1277 3404 apostatam
1301 3325 1449 3388 audi
1472 3323 1810 3388 Leslaeum
1841 3321 2215 3402 episcopum
2246 3324 2630 3387 Rossensem
2657 3326 2743 3405 (>14
2769 3321 2969 3405 1593),
2994 3327 3350 3390 constantia
3375 3346 3448 3392 ac
3472 3330 3620 3394 ﬁdei

347 3442 720 3506 sinceritate
755 3443 1092 3505 illustrem.
1127 3445 1252 3518 Qui
1284 3445 1352 3508 in
1382 3444 1554 3507 libro
1602 3442 1707 3506 cui
1742 3442 1972 3502 titulus
2000 3460 2014 3499 :
2045 3442 2131 3502 De
2164 3443 2429 3520 origine,
2461 3443 2741 3504 moribus
2775 3452 2830 3505 et
2859 3447 3042 3510 rebus
3070 3449 3258 3528 gestis
3289 3448 3622 3511 Scotorum

346 3563 460 3625 lib.
488 3563 568 3637 Χ,
591 3564 767 3625 Rom.
796 3565 972 3636 1578,
1002 3581 1068 3643 p.
1104 3561 1221 3623 188
1241 3561 1322 3623 de
1349 3561 1594 3622 Joanne
1623 3558 1811 3620 Scoto
1833 3556 1992 3618 haec
2014 3557 2269 3636 scripsit
2297 3579 2311 3618 :
2340 3557 2692 3618 Plurimum
2717 3565 3062 3625 ornamenti
3082 3565 3349 3626 contulit
3371 3567 3622 3629 nationi

351 3697 607 3751 nostrae
637 3691 910 3751 Joannes
935 3690 1185 3764 Scotus,
1219 3689 1321 3749 vir
1354 3686 1712 3747 divinarum
1741 3699 1950 3743 rerum
1971 3682 2443 3754 scientissimus,
2470 3685 2578 3764 qui
2610 3691 2758 3762 post
2796 3685 3027 3748 multos
3048 3701 3244 3746 annos
3270 3687 3528 3749 Athenis
3550 3690 3616 3750 in

352 3780 598 3888 graecis
618 3809 824 3870 literis
853 3813 1307 3886 consumptosa
1335 3800 1654 3864 Ludovico
1677 3799 2098 3859 Romanorum
2118 3798 2505 3876 Imperatore
2538 3803 2880 3864 accersitur
2910 3805 2976 3864 in
2999 3802 3294 3877 Galliam,
3325 3821 3396 3866 ac
3425 3824 3613 3885 prae-

350 3939 446 3991 ter
478 3932 606 3992 alia
634 3925 993 3991 studiorum
1025 3932 1440 3998 monumenta,
1471 3920 1730 4002 jubente
1765 3912 2258 3998 ipso'Ludovico
2291 3929 2604 3999 Augusto,
2630 3920 3013 3984 Ierarchiam
3041 3921 3119 3982 D.
3147 3921 3438 4001 Dionysii
3468 3926 3616 4004 fecit

351 4057 634 4122 latinam.
657 4061 892 4134 Exstat
922 4078 1079 4140 opus
1110 4059 1351 4138 insigne
1371 4053 1840 4121 Commentariis
1868 4053 2162 4131 Hugonis
2205 4072 2242 4113 a
2268 4051 2331 4113 S.
2368 4052 2615 4115 Victore
2655 4051 2955 4133 Theologi
2992 4051 3402 4114 illustratum.
3428 4053 3615 4116 Brevi

349 4187 496 4259 post
538 4181 765 4240 missus
797 4199 836 4239 a
865 4179 1095 4241 Carolo
1127 4180 1312 4241 tertio
1350 4179 1420 4241 in
1444 4176 1734 4258 Angliam
1789 4177 2026 4255 legatus
2056 4175 2138 4234 ad
2164 4175 2488 4256 Alfredum
2513 4177 2864 4256 Anglorum
2889 4196 3112 4256 regem,
3152 4178 3389 4253 Optimo
3430 4179 3618 4256 prin-

357 4309 490 4386 cipi
535 4308 992 4386 gratulaturus,
1025 4308 1194 4389 quod
1223 4314 1369 4388 post
1401 4312 1654 4388 partam
1689 4302 1987 4364 adversus
2030 4301 2240 4360 Danos
2275 4298 2606 4360 victoriam
2633 4317 2845 4378 pacem
2887 4317 3026 4358 cum
3059 4299 3268 4359 Scotis
3304 4317 3375 4359 ac
3410 4301 3616 4361 Fran-

351 4397 444 4501 cis
471 4439 708 4512 inierit,
747 4439 820 4502 ob
851 4439 1138 4501 eximiam
1167 4436 1578 4499 eruditionem
1607 4453 1683 4495 ea:
1713 4432 1911 4512 legato
1945 4426 2206 4510 Alfredo
2256 4428 2464 4510 factus
2500 4432 2588 4486 est
2640 4424 2885 4504 hospes,
2915 4422 3226 4503 regiisque
3255 4421 3468 4483 liberis
3510 4423 3618 4482 ad-

346 4569 589 4632 hibitus
613 4577 1003 4651 praeceptor.
1042 4570 1262 4632 Verum
1292 4574 1510 4648 postea
1540 4566 1606 4626 in
1626 4560 2164 4625 Malmesburiensi
2213 4557 2507 4621 coenobio
2541 4553 2786 4618 divinas
2816 4552 3230 4634 humanasque
3252 4552 3466 4616 literas
3493 4554 3617 4634 fre-

347 4700 563 4777 quenti
612 4698 933 4761 auditorio
981 4698 1399 4778 proﬁtentem,
1424 4693 1677 4776 quidam
1729 4691 2198 4770 corruptissimi
2227 4688 2643 4751 adolescentes
2667 4729 2684 4761 ,
2726 4703 2994 4766 quorum
3030 4684 3436 4748 insolentiam
3476 4704 3618 4748 mo—

347 4843 607 4904 rumque
643 4828 1017 4904 pravitatem
1067 4825 1278 4885 acrius
1323 4823 1646 4902 arguebat,
1691 4822 1897 4900 ipsum
1919 4818 2308 4900 pugionibus
2341 4818 2695 4897 confossum
2715 4816 3192 4889 'interemerunt,
3229 4832 3406 4894 quem
3449 4815 3614 4876 inter

349 4949 585 5036 Christi
617 4959 921 5030 martyres
949 4951 1168 5012 summi
1219 4952 1540 5032 pontiﬁcis
1577 4949 1919 5012 autoritate
1948 4967 2064 5011 rex
2115 4947 2466 5022 numerari,
2509 4953 2565 5007 et
2611 4943 2802 5006 eidem
2853 4943 3097 5021 insigne
3155 4949 3614 5004 monumentum

350 5077 416 5138 in
445 5079 650 5141 eodem
671 5081 967 5144 coenobio
999 5083 1160 5161 erigi
1184 5083 1290 5162 pie
1312 5084 1588 5145 curavit.

427 5225 582 5298 §23.
623 5225 796 5286 Haec
827 5225 1022 5303 igitur
1052 5231 1418 5290 testimonia
1449 5274 1466 5304 ,
1503 5226 1976 5306 qualiacunque
2006 5228 2197 5298 sunt,
2237 5219 2594 5302 adjicienda
2625 5219 2816 5281 nobis
2855 5217 2989 5282 visa
3041 5222 3213 5281 sunt.
3247 5217 3510 5275 Errores
3547 5211 3612 5272 in

347 5343 617 5406 Joannis
653 5345 828 5406 Scoti
862 5344 1070 5420 libris,
1101 5347 1211 5426 qui
1245 5336 1596 5428 supersunt
1625 5389 1641 5418 ,
1682 5345 1886 5424 sparsi
1913 5351 2018 5408 aut
2049 5342 2306 5423 scriptis
2341 5338 2936 5418 Pseudo-Dionysii
2978 5337 3311 5402 nituntur,
3369 5333 3480 5390 aut
3536 5347 3613 5391 ex

347 5462 678 5525 similibus
733 5463 1342 5543 NeOpIatonicorum
1371 5465 1598 5539 libris,
1652 5482 1931 5546 quorum
1983 5464 2264 5545 aliquam
2302 5463 2553 5542 cepiam
2598 5458 3030 5524 bibliothecae
3063 5444 3460 5512 Parisienses
3491 5445 3615 5527 ipsi

347 5583 800 5661 suppeditasse
839 5581 1136 5645 videntur
1166 5629 1183 5654 ,
1235 5582 1450 5644 hausti
1486 5590 1660 5644 sunt.
1711 5583 2191 5662 Nonnunquam
2246 5597 2394 5646 vero
2432 5577 2722 5652 Originis
2751 5587 3013 5652 quoque
3050 5569 3240 5633 falsas
3273 5569 3615 5649 opiniones

351 5705 520 5770 citat.
561 5706 680 5771 Dei
713 5721 798 5769 ne
830 5706 1075 5784 graecis
1114 5704 1405 5768 Patribus
1439 5705 1542 5766 SS.
1575 5701 1920 5780 Gregorius
1949 5701 2312 5780 Nyssenum
2351 5703 2410 5758 ct
2441 5694 2931 5770 Nazianzenum,
2964 5702 3023 5760 et
3059 5694 3119 5757 S.
3151 5692 3454 5756 Basilium
3479 5733 3498 5764 ,
3531 5705 3638 5782 ex‘
