4152 6276
577 354 750 398 ιινιιι
1992 343 2424 404 PROOEMIUM.

575 469 793 534 latinis
825 470 1260 550 Augustinum
1291 477 1352 536 et
1375 473 1784 538 Ambrosium
1811 475 1879 539 in
1910 477 2352 544 defensionem
2378 481 2756 560 placitorum
2789 503 3056 548 suorum
3087 488 3293 550 atl'ert.
3341 486 3468 553 Nec
3488 487 3842 559 defuerunt

575 587 859 666 theologi
886 591 1210 669 aequales,
1233 593 1342 672 qui
1374 609 1529 658 sana
1557 597 1662 658 SS.
1690 599 1945 662 Patrum
1975 601 2263 665 doctrina
2293 603 2549 681 imbuti,
2577 608 3320 690 phi1030phicam,quam
3352 610 3460 672 ille
3481 611 3836 690 jactilabat,

574 703 643 765 in
681 705 1174 784 quaestionibus
1215 709 1589 790 theologicis
1615 714 1944 779 solvendis
1976 719 2323 794 rationem,
2365 721 2571 786 indoli
2607 725 2938 790 literarum
2975 729 3480 812 theologicarum
3519 736 3660 818 ejus
3692 743 3832 804 aevi

575 821 846 884 omnino
881 831 1379 903 repugnantem,
1413 827 1665 892 fortiter
1699 839 1760 894 et
1797 853 2020 914 magna
2050 855 2195 900 cum
2232 840 2594 905 eruditione
2623 844 3096 925 impugnarent.
3135 851 3210 912 ln
3249 871 3530 933 quorum
3562 875 3834 922 numero

573 941 991 1004 Prudentium
1021 943 1456 1007 Tricassinum
1481 953 1550 1010 et
1579 947 1843 1012 Florum
1884 953 2382 1032 Lugdunensem
2410 959 2614 1025 fuisse
2643 1009 2660 1038 ,
2709 983 2743 1027 e
2792 973 3230 1036 controversia
3270 975 3350 1039 de
3389 979 3833 1047 Praedestina-
3895 1001 3905 1020 ‘

574 1061 752 1124 tione
784 1043 1185 1138 compertum
1216 1068 1336 1126 est.
1369 1064 1667 1128 Ceterum
1700 1069 1981 1134 Joannes
2021 1075 2248 1137 Scotus
2279 1076 2420 1155 ipse
2450 1095 2520 1142 se
2551 1082 2764 1159 prodit
2795 1087 3004 1149 virum
3037 1094 3335 1159 sublimis
3368 1099 3614 1179 ingenii
3641 1147 3660 1170 .
3708 1106 3827 1169 rari

571 1179 913 1254 acuminis,
936 1180 1311 1260 multiplicis
1341 1184 1689 1260 doctrinae,
1716 1189 1912 1253 mirae
1944 1191 2008 1253 in
2043 1194 2315 1257 dicendo
2347 1195 2694 1264 facilitatis.
2731 1205 2801 1266 ln
2827 1208 3155 1271 veteribus
3185 1209 3398 1275 laudat
3426 1216 3827 1300 Ciceronem,

571 1298 938 1377 Virgilium,
960 1300 1322 1374 Horatium,
1351 1301 1653 1377 Plinium,
1681 1304 2042 1385 Boethium,
2073 1309 2256 1373 alios.
2291 1312 2649 1380 Dolendum
2681 1327 2800 1397 est,
2835 1326 3008 1404 quod
3038 1329 3237 1394 animi
3263 1333 3550 1414 dotibus,
3585 1343 3826 1422 quibus

574 1418 900 1492 excelluit,
935 1438 1156 1499 parum
1195 1421 1263 1482 in
1292 1421 1569 1484 fructum
1598 1421 1920 1488 Ecclesiae
1945 1444 2102 1490 usus
2138 1435 2260 1492 est.

653 1537 744 1597 De
773 1538 1017 1602 Joanne
1046 1541 1234 1602 Scoto
1263 1539 1530 1602 uberius
1553 1539 1880 1620 disputant
1909 1544 2119 1608 Oudt'n
2145 1548 2211 1609 in
2238 1557 2696 1618 commentariis
2723 1558 2795 1620 de
2817 1560 3253 1643 Scripton'bus
3285 1572 3714 1641 σοοιεειαειίσίε
3747 1580 3822 1642 V.

570 1661 881 1739 lii-«gena,
918 1670 981 1725 et
1014 1664 1301 1724 Histoire
1332 1659 1640 1721 litte’raire
1670 1659 1742 1722 de
1772 1661 1834 1722 la
1869 1663 2108 1727 France
2169 1669 2342 1733 Tom.
2376 1673 2486 1735 IV.
2523 1675 2590 1736 ν.
2624 1678 2798 1741 Libri
2849 1685 3181 1761 peculares
3218 1690 3299 1754 de
3340 1694 3586 1759 Joanne
3639 1700 3825 1764 Scoto

571 1779 640 1841 hi
689 1782 1079 1845 nominandi
1114 1789 1301 1844 sunt:
1351 1779 1546 1841 Peder
1580 1782 1799 1861 Hjort,
1876 1785 2084 1847 Johan
2129 1787 2351 1850 Scotus
2403 1791 2677 1872 Erigcna
2723 1797 2871 1860 oder
2929 1819 3051 1863 υοη
3105 1803 3236 1866 dem
3295 1808 3620 1893 Ursprung
3664 1817 3828 1879 einu-

571 1900 966 1963 christlt'chm
1009 1901 1413 1982 Philosophia
1444 1899 1576 1961 und
1632 1901 1827 1962 ihrem
1882 1903 2151 1983 hcih'gen
2179 1907 2384 1990 Beruf
2423 1912 2825 1996 Copenhagen
2873 1922 3050 1986 1823.
3091 1927 3304 1990 Franz
3363 1934 3576 1997 Anton
3622 1938 3822 2001 Slau-

574 2015 879 2077 dcnmaier
906 2020 1174 2079 Joannes
1193 2021 1417 2081 Scotus
1440 2019 1717 2097 Erigena
1749 2022 1880 2080 und
1903 2020 2001 2082 die
2035 2023 2469 2108 Wissenschaft
2506 2033 2704 2095 sciner
2729 2036 2888 2100 Zeit.
2932 2041 3152 2108 Erster
3181 2051 3356 2114 Theil
3389 2056 3725 2140 Francfurt
3759 2082 3817 2122 a.

571 2129 665 2191 M.
694 2131 868 2192 183’s.
903 2133 994 2195 Μ.
1027 2136 1810 2198 Saint-Rene’Taillandier
1851 2141 1999 2201 Scal
2045 2143 2307 2223 Erigénc
2333 2157 2386 2208 et
2423 2151 2483 2211 la
2509 2153 2906 2237 philosophie
2935 2165 3352 2251 scholaslique
3392 2129 3774 2264 Strashourg
3796 2243 3814 2270 ,

572 2251 780 2314 Paris.
813 2253 989 2316 1853.
1007 2255 1147 2317 Nic.
1179 2257 1412 2320 Meller
1439 2262 1712 2324 Joannes
1742 2264 1967 2328 Scolus
1991 2268 2267 2349 Erigena
2285 2273 2417 2334 und
2448 2278 2610 2338 scine
2640 2281 2992 2346 Irrthiimer
3019 2287 3238 2348 Mainz
3266 2293 3439 2356 18M.
3466 2295 3549 2357 De
3578 2251 3819 2358 Joanne

571 2369 758 2430 Scoto
793 2370 1069 2450 Erigena
1113 2383 1542 2442 commentatio
1577 2383 1830 2445 Bonnae
1860 2388 2036 2451 182ι5.
2067 2393 2278 2473 Atque
2327 2398 2742 2464 novissmam
2787 2419 2946 2469 nanc
2993 2416 3595 2481 commentationem
3625 2419 3819 2485 latine

575 2487 871 2566 scriptam
910 2489 1062 2553 huic
1092 2493 1361 2560 editioni
1400 2501 1922 2578 praemittendam
1959 2509 2348 2575 curavimus.

656 2608 814 2680 §2lt.
852 2610 1192 2689 Superest,
1231 2622 1302 2678 ut
1348 2635 1668 2697 moneam,
1700 2624 1979 2700 codices,
2030 2645 2195 2708 quos
2230 2631 2519 2710 adhibui,
2566 2637 2635 2701 in
2689 2639 2899 2708 fronte
2940 2647 3343 2727 singulorum
3379 2655 3691 2721 librorum
3721 2660 3821 2722 in-

570 2725 814 2790 dicatos
859 2746 1024 2793 esse.
1053 2733 1580 2810 Abbreviaturae,
1609 2739 1846 2817 quibus
1884 2761 2038 2806 usus
2070 2763 2238 2820 sum,
2272 2749 2568 2828 vulgares
2600 2765 2772 2820 sunt.
2809 2763 2882 2822 ln
2929 2763 3010 2826 iis
3057 2766 3262 2846 libris,
3318 2791 3480 2854 quos
3531 2778 3815 2855 primum

575 2848 770 2923 edidi,
807 2851 1095 2916 codicum
1135 2873 1394 2920 manum
1432 2858 1732 2939 religiose
1764 2871 2049 2941 secutus,
2086 2868 2152 2929 in
2179 2870 2367 2932 variis
2391 2871 2778 2942 lectionibus
2801 2883 2988 2946 etiam
3023 2897 3251 2966 puncta
3286 2910 3473 2974 supra
3510 2903 3616 2958 aut
3649 2897 3817 2964 infra

567 2966 900 3046 adscripsi,
933 2987 1097 3048 quae
1128 2980 1280 3034 sunt
1309 2975 1490 3052 signa
1523 2976 1775 3042 liturae.
1814 2981 1886 3043 In
1923 2982 2041 3046 hac
2072 3002 2138 3047 re
2175 2987 2345 3048 enim
2388 2991 2591 3071 magis
2646 2996 3009 3077 religiosus,
3043 3023 3234 3085 quam
3285 3013 3619 3092 negligens
3671 3036 3814 3082 esse

567 3087 770 3149 volui.
807 3089 1100 3166 Plagulas
1136 3093 1416 3161 sedecim
1458 3104 1704 3181 priores
1741 3109 1998 3172 Parisiis
2041 3116 2331 3190 correxi;
2376 3126 2615 3184 ceteras
2647 3124 2932 3188 Bonnam
2971 3131 3379 3193 transmissas
3429 3135 3626 3196 semel
3680 3143 3814 3199 tan-

568 3212 705 3266 tum
747 3206 1074 3284 perlegere
1106 3213 1310 3287 potui.
1367 3218 1554 3290 Quod
1582 3223 1634 3283 si
1669 3227 1894 3287 menda
1943 3231 2330 3307 typolhetica
2372 3237 2475 3300 hic
2509 3240 2642 3303 illic
2668 3255 3004 3311 occurrant
3068 3248 3134 3312 in
3174 3249 3296 3315 hoc
3329 3269 3524 3333 opere
3574 3256 3809 3320 laboris

572 3333 991 3390 etaerumnae
1027 3327 1427 3413 plenissimo,
1461 3341 1772 3408 benevole
1805 3365 2110 3414 excusare
2141 3354 2298 3418 velis

1412 3525 1502 3578 Διά
1532 3532 1622 3586 τῆς
1648 3525 1836 3591 πόλεως
1869 3540 1962 3592 τῆς
1985 3533 2250 3612 ἀλλοτρίας
2277 3542 2364 3596 xal
2387 3549 2479 3598 τοῦ
2509 3546 2701 3616 χάους.

562 3657 749 3733 Quod
786 3661 898 3726 lib.
937 3666 1026 3727 lll
1057 3685 1193 3750 cap.
1228 3670 1308 3734 1‘2
1349 3673 1428 3749 de
1456 3675 1773 3742 divisione
1809 3684 2105 3764 Naturae,
2134 3688 2294 3752 infra
2325 3693 2445 3757 col.
2475 3697 2614 3773 7&8,
2654 3699 3062 3769 festinantius
3093 3713 3338 3793 conjeci
3381 3719 3602 3797 fulica,
3640 3741 3807 3787 nunc

562 3793 834 3851 retracto
861 3812 877 3851 :
905 3793 1233 3858 retinenda
1254 3805 1349 3860 est
1373 3800 1564 3864 lectio
1587 3806 1852 3882 codicis,
1875 3828 2000 3874 una
2023 3812 2276 3879 literula
2315 3827 2579 3898 mutata,
2605 3823 2826 3907 loligo.
2855 3833 2945 3893 De
2968 3851 3097 3913 quo
3127 3839 3300 3918 pisce
3325 3843 3468 3908 vide
3498 3847 3800 3915 Plinium.

559 3909 860 3991 Denique
910 3914 1091 3978 locus
1127 3939 1141 3978 :
1178 3942 1207 3977 α
1234 3921 1380 3985 Sive
1431 3925 1844 4003 quotidianos
1897 3939 2110 3996 aestus
2166 3937 2302 4001 sive
2334 3958 2650 4021 recessus,
2682 3949 2818 4012 sive
2850 3953 3118 4018 malinas
3152 3959 3290 4024 sive
3321 3963 3592 4031 ledones
3625 3989 3806 4050 pera-

558 4043 662 4111 gat
700 4059 728 4092 »
766 4037 876 4099 lib.
915 4041 992 4102 V.
1027 4061 1164 4123 cap.
1199 4047 1236 4107 3
1265 4049 1345 4111 de
1376 4051 1696 4119 divisione
1734 4059 2031 4137 Naturae,
2067 4064 2230 4130 infra
2266 4069 2386 4132 col.
2417 4073 2557 4148 87h,
2596 4079 2708 4140 ubi
2760 4080 2966 4145 labem
3015 4089 3407 4168 suSpicabar,
3440 4112 3635 4158 sanus
3673 4106 3796 4173 est,

558 4163 697 4228 sive
728 4185 802 4228 ex
827 4169 948 4234 ﬁde
971 4176 1261 4241 codicum
1287 4182 1744 4250 Parisiensium
1777 4189 2040 4268 ledones,
2070 4197 2206 4260 sive
2235 4219 2380 4263 cum
2415 4203 2696 4271 editione
2727 4211 3014 4292 principe
3047 4217 3322 4283 Galeana
3356 4223 3600 4288 Iidunas
3633 4229 3793 4290 scri-

555 4293 754 4362 bitur.
793 4301 944 4364 Nam
979 4323 1168 4369 voces
1199 4309 1432 4373 mulina
1465 4321 1527 4376 et
1561 4314 1720 4391 ledo,
1756 4321 1852 4382 vel
1886 4321 2127 4400 lidana,
2167 4330 2266 4391 vel
2297 4329 2542 4407 leduna,
2577 4337 2934 4416 signiﬁcare
2975 4368 3004 4402 α
3035 4345 3284 4413 lunaria
3314 4352 3552 4417 Oceani
3591 4358 3803 4420 incre-

553 4435 765 4490 menta
803 4437 864 4491 et
896 4433 1299 4500 decrementa
1326 4463 1354 4494 ››
1389 4449 1684 4506 auctores
1708 4457 1857 4512 sunt
1889 4452 1987 4513 Du
2015 4454 2226 4533 Cange
2256 4458 2322 4519 in
2352 4461 2676 4528 Glossario
2708 4473 2769 4530 et
2803 4471 3081 4552 Scaliger
3109 4477 3185 4539 ad
3221 4479 3547 4544 Varronem
3574 4485 3646 4546 de
3673 4487 3795 4547 lin-

551 4569 675 4630 gua
705 4554 904 4617 latina
932 4560 1045 4622 lib.
1079 4562 1186 4622 IV.
1220 4565 1320 4625 ed.
1357 4566 1636 4646 Bipont.,
1680 4574 1751 4634 T.
1775 4575 1856 4653 ll,
1893 4598 1956 4658 p.
1991 4583 2090 4644 52.
2125 4583 2218 4645 Cf.
2244 4588 2585 4654 Forcellini
2619 4594 2873 4662 lexicon
2922 4621 2980 4665 v.
3013 4605 3230 4668 liduna
3253 4651 3268 4681 ,
3303 4611 3489 4673 Fabri
3530 4613 3798 4680 thesau-

553 4703 688 4751 rus.
720 4688 1124 4756 Postremum
1155 4697 1332 4773 quod
1367 4700 1675 4778 epistolae
1707 4707 1967 4772 Adriani
2003 4714 2200 4794 Papae
2243 4718 2324 4790 Il,
2359 4739 2726 4802 quanquam
2774 4747 2810 4793 a
2839 4740 3060 4796 nostro
3107 4737 3379 4803 consilio
3412 4739 3686 4823 alienae,
3717 4747 3798 4810 ad

550 4817 784 4881 calcem
816 4823 1100 4904 adjectae
1132 4836 1306 4906 sunt,
1334 4831 1403 4895 in
1433 4833 1550 4899 hac
1586 4857 1653 4903 re
1685 4842 2075 4924 redemptori
2106 4853 2351 4926 roganti
2383 4853 2707 4922 adversari
2734 4863 2940 4927 nolui.

628 4964 696 5025 Et
731 4963 888 5030 haec
932 4972 1219 5051 quidem,
1270 4977 1466 5042 lector
1497 4982 1829 5063 benevole,
1871 5005 2036 5068 quae
2071 4988 2347 5055 dicerem
2384 4995 2600 5064 habui.
2626 5003 2678 5064 E
2715 5007 2953 5084 quibus
2983 5011 3039 5073 si
3095 5015 3252 5094 quid
3294 5017 3408 5080 tibi
3456 5020 3791 5100 probabile

547 5089 806 5155 videtur
829 5137 846 5169 ,

1209 5259 1352 5316 Dede
1375 5277 1585 5331 manus,
1615 5276 1708 5322 aut
1733 5265 1779 5323 si
1808 5267 2000 5328 falsum
2025 5283 2130 5342 est,
2159 5281 2444 5354 accingere
2472 5292 2685 5344 contra.

699 5443 954 5510 Bonnae
987 5449 1099 5514 Xl.
1133 5453 1266 5516 Cal.
1297 5452 1589 5518 Octobris
1621 5460 2020 5526 MDCCCLll.
