4152 6276
860 383 873 386 ⁴
1152 382 1167 387 _
1593 381 1771 389 ουκ...
1784 382 2515 394 -κΑ-αυν-Ψ-..ρ-...σ-ῌε-ιο-σ-μή
2532 386 2871 394 υσ-,ιιο-Α-ν-οτ---μ-
2892 390 2957 395 ﬁ”
2976 391 3097 397 -ι-ικ-
3150 394 3163 397 -
3262 393 3270 397 <
3286 394 3327 399 να-
3348 394 3369 399 α-
3390 394 3473 398 -ίψ
3492 394 3515 398 -ν
3540 394 3572 400 μ’

600 382 677 387 πμ

408 410 563 416 πη
582 408 1135 417 “suam”...
1218 409 1244 415 _
1337 413 1450 422 η...

1918 545 2362 670 ERIGENA
2445 545 3172 674 COMMENTATIB

2187 707 2199 718 ο

1472 765 1896 835 AUCTORE
1973 767 2432 837 ANONYMO
2480 773 2517 809 ‘

617 1060 755 1142 DE
803 1057 1056 1143 VITA
1116 1063 1247 1142 ET
1301 1062 1924 1144 PRAECEPTIS
1988 1065 2430 1144 JOANNIS
2496 1064 2790 1147 SCOTI
2853 1065 3388 1152 ERIGENAE.

1715 1215 1940 1284 PARS
1995 1221 2299 1290 PRIOR.

1780 1366 2208 1386 ψ

1009 1439 1238 1502 CAPUT
1276 1443 1318 1502 l.

448 1573 550 1634 tibi
575 1589 624 1634 et
647 1579 857 1646 quando
883 1588 1042 1634 natus
1065 1581 1136 1634 ait
1157 1574 1608 1635 JoannesScotus
1636 1579 1885 1649 Erigena.

439 1711 708 1781 Quoniam
743 1708 979 1784 primum
1008 1715 1074 1770 de
1113 1708 1162 1770 J.
1188 1707 1633 1785 Scoti’Erigenae
1668 1715 1845 1784 patria
1872 1715 1955 1769 di-

360 1801 596 1858 cendum
626 1818 747 1858 esse
770 1803 947 1857 visum
973 1801 1099 1872 fuit,
1126 1819 1306 1858 rerum
1334 1812 1585 1858 auctores
1607 1817 1796 1872 parum
1823 1803 1955 1859 certi

363 1893 431 1947 de
463 1907 532 1946 ea
567 1891 766 1946 all'erre
804 1892 1002 1959 solent,
1041 1894 1240 1965 quippe
1269 1894 1361 1964 qui
1398 1894 1451 1948 iu
1483 1893 1728 1949 diversas
1771 1902 1956 1964 partes

361 1983 584 2036 abeant.
628 1983 787 2046 Sunt,
816 1984 906 2053 qui
938 1997 1060 2037 eum
1109 1984 1163 2038 in
1197 1981 1453 2039 Hibernia
1485 1991 1672 2038 natum
1713 1999 1833 2039 esse
1873 1984 1954 2039 di-

359 2082 511 2139 cant,
559 2081 686 2128 sunt
721 2075 913 2138 etiam,
953 2074 1046 2144 qui
1071 2074 1319 2145 Angliam
1360 2075 1480 2144 ejus
1514 2074 1745 2143 patriam
1783 2072 1954 2129 fuisse

358 2162 649 2229 atﬁrment,
680 2180 781 2220 nec
810 2165 1026 2231 desunt,
1055 2165 1149 2236 qui
1181 2165 1317 2220 adeo
1344 2165 1412 2220 de
1456 2163 1546 2218 illa
1581 2173 1748 2229 terra,
1786 2178 1954 2234 quam

362 2270 506 2309 nunc
546 2255 787 2311 Scotiam
832 2255 1202 2326 appellamus,
1264 2255 1508 2326 cogitare
1546 2253 1636 2308 vix
1678 2255 1971 2309 dubitent;

361 2343 521 2408 Quod
563 2344 619 2398 in
659 2353 811 2398 tanta
850 2345 1158 2415 opinionum
1199 2346 1463 2400 varietate
1502 2353 1688 2399 nostra
1728 2345 1952 2416 quidem

367 2435 638 2489 sententia
683 2437 972 2493 maximam
1013 2438 1258 2492 veritatis
1302 2437 1538 2506 speciem
1575 2433 1842 2506 praebere
1869 2435 1951 2488 vi-

365 2525 581 2588 deatur,
608 2525 752 2595 ipsos
775 2526 1182 2594 antiquissimos
1217 2528 1507 2594 scriptores
1547 2524 1743 2589 secuti,
1787 2534 1949 2594 atque

359 2623 643 2684 praeterea
671 2614 916 2671 Thomae
951 2615 1127 2679 Galei,
1151 2616 1492 2680 Oxouiensis,
1533 2615 1846 2684 conjectura
1870 2616 1944 2688 (α)

355 2707 650 2776 plurimum
673 2707 870 2778 adjuti,
891 2722 1196 2782 proponere
1216 2707 1556 2762 conabimur.

1983 1454 2030 1515 Α
2061 1457 2115 1503 et
2135 1445 2202 1505 de
2223 1446 2339 1518 ejus
2357 1453 2530 1522 patria
2555 1453 2659 1512 hac
2681 1455 2870 1514 saltem
2896 1459 2949 1516 in
2979 1477 3037 1519 re
3058 1478 3247 1522 omnes
3272 1451 3630 1538 consentiant,

2057 1541 2223 1596 fuisse
2249 1556 2370 1597 eam
2396 1544 2452 1598 in
2484 1544 2589 1601 illis
2614 1546 2822 1615 insulis,
2851 1565 2990 1620 quae
3023 1569 3054 1607 a
3081 1555 3236 1611 nobis
3261 1557 3485 1627 Magnae
3508 1561 3596 1616 Bri

2057 1631 2276 1685 tanniae
2321 1634 2540 1690 nomine
2588 1637 2946 1708 appellantur,
2997 1643 3114 1699 sine
3148 1645 3253 1700 ulla
3298 1647 3634 1706 dubitatione

2057 1718 2158 1772 hoc
2182 1723 2583 1778 concedendum
2611 1741 2732 1782 esse
2756 1737 3026 1798 putamus,
3056 1745 3247 1802 sponte
3273 1741 3450 1809 sequi,
3488 1750 3548 1795 ut
3576 1741 3632 1795 in

2055 1805 2272 1865 illarum
2315 1809 2540 1882 Magnae
2587 1814 2901 1874 Britanniae
2945 1821 3180 1889 partium
3221 1805 3400 1895 aliqua
3453 1827 3632 1886 locum

2053 1898 2287 1954 natalem
2317 1900 2566 1958 habuerit
2593 1904 2854 1973 Joannes,
2889 1908 2944 1964 in
2975 1925 3078 1981 qua
3113 1927 3212 1982 per
3238 1928 3358 1969 eam
3399 1925 3630 1973 aetatem

2054 1990 2203 2048 Seoti
2231 1995 2478 2052 homines
2516 2000 2698 2054 sedem
2731 2001 3055 2058 habuerunt.
3084 2003 3232 2072 Quae
3260 2017 3443 2076 partes
3478 2008 3633 2066 fuere

2053 2081 2321 2172 imprimis
2341 2081 2620 2155 Hibernia,
2638 2087 2840 2157 Scotia,
2860 2090 3078 2150 Wallia.
3097 2096 3173 2152 De
3195 2095 3450 2154 Hibernia
3467 2109 3632 2172 atque

2053 2171 2236 2227 Scotia
2269 2190 2357 2231 res
2382 2186 2466 2233 est
2492 2179 2691 2247 notior,
2721 2197 2883 2251 quam
2923 2194 2982 2240 ut
3015 2186 3122 2241 ulla
3152 2188 3512 2258 explicatione
3543 2171 3628 2248 in-

2053 2265 2232 2336 digeat
2259 2267 2326 2340 (Ῑ)
2353 2287 2366 2322 :
2393 2271 2460 2326 de
2483 2269 2682 2329 Wallia
2709 2277 2899 2346 paucis
2927 2278 3210 2336 dicendum
3246 2283 3476 2338 videtur.
3517 2283 3631 2341 Hac

2051 2355 2217 2426 igitur
2256 2360 2308 2414 in
2347 2369 2490 2417 terra
2521 2365 2623 2420 etsi
2655 2366 2926 2435 homines,
2974 2386 3005 2425 a
3035 2370 3322 2429 Scotorum
3351 2383 3512 2445 gente
3541 2377 3628 2432 di-

2049 2449 2214 2515 versi,
2245 2453 2517 2521 propriam
2547 2464 2867 2528 certamque
2897 2458 3282 2520 habitationem
3324 2463 3631 2533 obtinuere,

2050 2544 2230 2594 tamen
2254 2555 2360 2595 una
2383 2556 2504 2597 cum
2528 2543 2681 2600 hisce
2704 2546 2868 2604 etiam
2890 2547 3082 2606 Scutos
3105 2551 3439 2622 consedisse,
3467 2565 3632 2625 atque

2048 2627 2115 2684 iis
2149 2631 2500 2701 temporibus,
2530 2635 2729 2704 quibus
2760 2637 2951 2693 Noster
2981 2638 3034 2695 in
3065 2642 3205 2698 hanc
3239 2644 3415 2700 lucem
3451 2643 3630 2704 editus

2043 2725 2147 2782 est,
2174 2718 2465 2786 habitasse,
2493 2725 2808 2781 certissimis
2834 2731 3166 2798 argumentis
3193 2733 3363 2799 ducti,
3390 2743 3632 2794 statuen-

426 2795 582 2863 Quod
611 2796 776 2866 igitur
798 2795 928 2850 olim
959 2811 1109 2850 more
1137 2794 1242 2849 fuit
1273 2804 1550 2864 receptum
1571 2835 1586 2860 .
1617 2803 1677 2849 ιιι
1703 2793 1947 2850 homines
1977 2795 2022 2854 Β
2049 2807 2175 2861 dum
2216 2823 2336 2863 esse
2370 2811 2722 2866 arbitramur.
2776 2793 3018 2871 Primum
3053 2818 3198 2874 enim
3227 2823 3310 2877 vel
3341 2793 3439 2892 per
3469 2840 3527 2879 se
3559 2793 3630 2880 li-

355 2899 656 2956 cognomen
681 2885 949 2941 haberent
974 2901 1005 2939 a
1035 2885 1211 2956 patria
1239 2886 1464 2948 dictum,
1495 2887 1547 2942 id
1577 2887 1750 2961 ipsum
1777 2886 1940 2941 etiam

360 2975 420 3026 in
441 2974 641 3028 Nostro
671 2990 775 3030 usu
794 2974 963 3028 venit.
992 2975 1129 3029 Nam
1155 2975 1374 3030 solitum
1399 2973 1512 3044 ejus
1542 2991 1756 3040 nomen,
1778 2973 1941 3032 Joan-

362 3077 465 3116 nes
490 3060 686 3116 Scotus
704 3061 935 3133 Erigena
955 3064 1087 3134 (sive
1109 3063 1418 3134 Eriugena),
1439 3065 1622 3134 procul
1647 3066 1810 3120 dubio
1833 3066 1941 3120 duo

358 3150 430 3204 ad
459 3151 692 3220 patriam
725 3152 896 3221 ipsius
921 3153 1330 3223 significandam
1358 3155 1723 3210 additamenta
1750 3155 1937 3210 habet.

354 3241 433 3296 De
464 3241 647 3312 priore
676 3243 909 3312 primum
945 3245 1262 3301 videbimus.
1311 3245 1531 3304 Scotum
1569 3263 1694 3302 eum
1735 3248 1939 3303 dictum

348 3347 508 3396 esse,
553 3335 694 3403 quod
719 3333 937 3400 Scelus,
982 3336 1036 3392 id
1067 3345 1171 3405 est,
1197 3337 1480 3394 Scotorum
1524 3341 1702 3411 gentis
1742 3339 1936 3408 fuerit,

346 3430 560 3476 certum
603 3431 718 3489 est,
759 3439 884 3479 cum
925 3435 1176 3482 auctores
1217 3426 1334 3494 ejus
1372 3429 1626 3498 aequales
1667 3430 1938 3499 iidemque

344 3513 656 3582 gravissimi
698 3516 900 3584 passim
946 3526 1252 3587 testentur,
1295 3534 1418 3574 eum
1457 3519 1674 3576 natione
1717 3519 1936 3576 Scotum

346 3604 538 3658 fuisse.

420 3695 674 3754 Nicolaus
693 3701 912 3768 quidem
935 3699 979 3758 l.
999 3700 1155 3758 Pont.
1176 3699 1317 3759 Max.
1337 3704 1390 3760 in
1411 3705 1638 3776 epistola
1652 3707 1718 3762 de
1739 3704 1936 3765 Nostro

349 3787 418 3840 ad
442 3787 695 3842 Carolum
721 3789 944 3845 Calvum
985 3794 1212 3848 scribit:
1247 3815 1266 3846 ‹
1295 3789 1554 3860 Joannes,
1578 3812 1777 3868 genere
1799 3797 1934 3855 Sco-

354 3884 441 3930 tus
461 3875 533 3946 (b)
566 3896 610 3929 ι.
653 3876 940 3945 Pardulus,
963 3881 1246 3952 episcopus
1264 3881 1659 3949 Laudunensis,
1683 3886 1772 3955 qui
1806 3888 1934 3942 item

352 3963 532 4021 Nostri
562 3969 889 4024 mentionem
926 3969 1075 4036 facit,
1121 3991 1138 4024 ι
1167 3971 1388 4027 Scotum
1416 3971 1565 4028 illum
1595 3994 1641 4042 ι,
1667 3976 1763 4041 ait,
1794 3995 1813 4028 ι
1842 3977 1933 4047 qui

349 4068 436 4112 est
476 4060 528 4113 in
571 4059 770 4129 palatio
814 4062 955 4132 regis
992 4063 1192 4132 (Caroli
1219 4064 1390 4137 Calvi)
1412 4065 1674 4123 Joannem
1717 4071 1934 4126 nomine

2045 2904 2193 2964 quet,
2234 2897 2376 2954 hanc
2405 2899 2794 2956 occidentalem
2828 2903 3057 2975 Angliae
3105 2922 3280 2974 oram,
3313 2911 3398 2964 cui
3430 2928 3627 2970 nomen

2044 2981 2290 3052 Walliae,
2323 2989 2520 3057 quippe
2545 3003 2686 3059 quae
2713 2991 2912 3062 Scotis,
2947 2996 3094 3068 genti
3135 3009 3245 3055 tam
3274 3001 3545 3073 inquietae
3573 3018 3632 3063 et

2042 3073 2346 3144 bellicosas,
2375 3087 2536 3149 atque
2549 3077 2662 3152 jam
2681 3093 2807 3142 ante
2817 3081 3092 3145 Christum
3114 3099 3298 3149 natum
3317 3091 3625 3154 Hiberniam

2043 3165 2326 3234 incolenti,
2361 3170 2605 3239 proxime
2639 3174 3126 3250 adjacuerit,-jam
3161 3193 3258 3254 per
3292 3186 3458 3242 multa
3501 3198 3630 3245 ante

2039 3250 2299 3312 Joannem
2333 3271 2577 3318 nostrum
2604 3266 2782 3321 secula
2813 3267 2927 3326 sive
2953 3267 3093 3328 bello
3127 3250 3242 3330 sive
3267 3277 3622 3347 profectioni-

2040 3347 2140 3402 bus
2185 3366 2216 3403 a
2249 3349 2428 3408 Scotis
2479 3370 2870 3428 saepenumero
2925 3377 3195 3421 accessam
3247 3383 3384 3425 esse.
3439 3371 3626 3444 Neque

2041 3437 2240 3495 frictstra
2280 3443 2446 3514 hujus,
2473 3445 2548 3501 rei
2593 3447 2791 3505 indicia
2830 3455 2970 3524 apud
3001 3470 3181 3512 rerum
3213 3437 3623 3519 Hibernicarum

2039 3539 2292 3588 auctores
2313 3547 2650 3604 quaeruntur
2683 3539 2780 3612 (g).
2812 3539 3000 3599 Nonne
3033 3553 3214 3602 autem
3247 3565 3467 3607 necesse
3497 3553 3618 3618 fuit,

2005 3618 2133 3698 'tali
2181 3621 2464 3680 occasione
2510 3624 2689 3684 oblata
2720 3630 2911 3689 Scotos
2961 3631 3205 3693 homines
3256 3640 3344 3695 hic
3388 3642 3496 3696 illic
3524 3659 3623 3712 per

2038 3706 2287 3766 Walliam
2330 3728 2608 3772 remanere
2637 3715 2846 3791 sibique
2873 3721 3202 3781 domicilium
3238 3706 3618 3788 constituere?

2037 3800 2240 3859 Deinde
2268 3807 2384 3862 sine
2415 3805 2520 3863 ulla
2555 3811 2890 3870 dubitatione
2925 3823 3224 3886 temporum
3260 3821 3489 3876 decursu
3533 3823 3616 3878 l‘a-

2036 3906 2182 3953 ctum
2235 3907 2340 3965 est,
2389 3907 2445 3953 ut
2475 3895 2751 3960 Pictorum
2807 3921 2937 3976 gens
2983 3923 3014 3964 e
3045 3908 3224 3966 Scotia
3271 3914 3512 3986 profecta
3561 3919 3616 3973 in

2037 3985 2334 4045 Wallorum
2382 3991 2579 4049 ﬁnibus
2627 3996 2970 4063 consederit,
3026 4017 3228 4074 eosque
3272 3985 3469 4077 ipsos,
3523 4012 3617 4080 qui

2035 4078 2200 4132 etiam
2237 4093 2380 4133 nunc
2419 4092 2562 4148 sunt,
2592 4083 2798 4142 Wallos
2833 4094 3272 4158 progeneraverit
3308 4094 3406 4166 (It).
3439 4078 3615 4166 Quum

351 4142 592 4238 scribere
617 4155 893 4223 coegimus
923 4155 994 4226 (c)
1027 4176 1073 4210 ι.
1101 4157 1247 4212 Idem
1270 4156 1430 4228 plane
1450 4159 1518 4213 de
1553 4175 1619 4215 eo
1645 4159 1934 4228 aliirmant,
1965 4155 2010 4218 C
2041 4180 2169 4220 vero
2198 4167 2322 4222 huic
2367 4142 2642 4227 Pictorum
2673 4175 2822 4247 genti
2835 4142 3044 4232 [Scotos
3087 4179 3256 4237 fuisse
3285 4142 3616 4254 conjunctis-

353 4243 448 4311 qui
476 4261 495 4292 ι
526 4241 867 4314 Scotigenam
899 4265 918 4297 ι
961 4247 1136 4327 ipsum
1179 4246 1469 4318 appellant.
1513 4248 1580 4306 Hi
1611 4262 1738 4307 sunt
1768 4250 1931 4307 Hinc-

357 4344 572 4395 marus,
614 4332 1042 4406 archiepiscopus
1065 4336 1350 4394 Bernensis
1393 4338 1496 4411 (ά),
1540 4341 1934 4398 etAnastasius

353 4418 799 4479 bibliothecarius
822 4425 911 4498 (c).

424 4509 604 4578 Quum
633 4513 794 4584 igitur
813 4513 1050 4575 Joannes
1071 4529 1256 4577 noster
1279 4519 1442 4578 fuerit
1469 4525 1687 4583 natione
1715 4525 1929 4596 Scotus,

419 4624 501 4702 (ᾳ)
541 4625 954 4702 Ιραηηὶεβσοᾼιὶ
996 4630 1251 4702 Erigenae
1293 4635 1359 4687 de
1396 4635 1648 4690 divisione
1690 4637 1934 4694 Naturae

349 4693 729 4774 {ipﬁﬂuinqge
757 4693 1184 4774 diudgsiderizti.
1203 4702 1425 4774 augeat:
1447 4707 1708 4774 qppendias
1737 4724 1802 4762 ea:
1821 4693 1932 4762 am;

353 4764 524 4832 (gignis
565 4765 624 4820 S.
643 4764 877 4822 ’ΠακιτίΜί
897 4766 1095 4824 Graece
1120 4781 1170 4824 et
1191 4770 1399 4826 Latine.
1443 4764 1637 4828 O'aionii
1669 4793 1699 4828 e
1729 4777 1931 4831 theatro

352 4829 740 4896 Scheldoniano
783 4853 1076 4893 Ineunt.
1099 4869 1174 4880 —-
1211 4840 1436 4896 Testim.
1487 4853 1728 4900 veterum
1772 4829 1930 4902 deiJ.

351 4899 516 4956 Scuto
537 4901 769 4956 Erittena
802 4915 1018 4956 exstant
1046 4926 1097 4956 n-
1129 4909 1164 4956 Β
1195 4925 1316 4956 san-

393 4918 516 4958 €010
538 4918 610 4956 151⁸

613 4904 1018 4979 igenahexstant
1046 4926 1097 4979 p.
1129 4909 1164 4963 5
1195 4925 1316 4979 sqq.

418 4921 516 4958 '010
538 4921 628 4956 ιιι-ι
669 4921 769 4959 ena
802 4921 1018 4962 exstant
1046 4926 1097 4979 p.
1129 4921 1164 4963 5
1195 4925 1257 4979 sq
1303 4951 1316 4975 ς

418 4971 493 5040 (b)
627 4921 830 5063 iga-talis
853 4977 1163 5063 A‘leztand‘er
1187 4925 1421 5063 ‘inj'list.
1443 4980 1639 5063 cedes.
1661 4983 1832 5063 seculi
1873 5001 1930 5063 ut

347 5049 404 5162 ἒξ
421 5056 482 5164 ἒ,
522 5043 744 5097 dissert.
769 5059 859 5100 xiv
884 5046 916 5117 §
939 5046 975 5099 4
997 5047 1052 5100 in
1074 5046 1202 5102 line.
1246 5048 1398 5106 Gale.
1441 5049 1479 5104 l.
1501 5049 1538 5104 ι.
1569 5052 1774 5107 testim.
1816 5070 1870 5125 p.
1897 5053 1931 5108 6

343 5123 400 5162 θ’
415 5123 488 5248 ἃ)
513 5178 597 5234 cr.
619 5181 772 5237 Gale.
798 5183 835 5237 ι.
855 5183 891 5238 ι.
907 5157 1120 5240 testim.
1145 5201 1197 5256 p.
1213 5187 1264 5242 ες.
1291 5187 1390 5244 Hic
1409 5188 1525 5312 ipse
1542 5187 1758 5245 Parduli
1781 5191 1931 5250 locus

343 5261 409 5300 ex
433 5250 664 5312 epistola
688 5254 758 5308 ab
783 5269 851 5307 eo
885 5255 953 5308 ad
979 5255 1261 5310 ecclesiam
1291 5257 1405 5312 Lua
1445 5274 1700 5312 nnensem
1727 5262 1929 5312 scripta

341 5261 409 5332 ex
433 5250 758 5332 epistolaab
783 5269 851 5307 eo
885 5255 953 5332 ad
979 5250 1700 5332 ecclesiamjmgdnnensem
1717 5262 1929 5332 scripta

338 5327 523 5400 sistat.
546 5321 796 5400 _in__libro
825 5323 1018 5400 coges.
1057 5321 1226 5400 Lugd.
1252 5327 1322 5400 de
1345 5321 1514 5381 tribus
1539 5329 1778 5400 epistolis
1806 5321 1925 5400 cap.

335 5383 429 5440 39.
467 5389 584 5470 vta.
611 5391 847 5470 Μθξξῃξα
875 5383 1264 5470 Βερείριᾳιῖγει.
1290 5396 1511 5451 Patrum
1550 5383 1924 5470 ἐώμιίιεὶιιῑὲ

335 5458 522 5513 nensis
553 5469 687 5515 tom.
716 5460 834 5526 XV,
858 5479 911 5526 ι).
937 5463 1040 5519 688
1059 5464 1127 5518 Α.

403 5479 908 5597 ῗὲἰὶἲἭῖηέΗέ

2035 4254 2233 4319 Simos,
2277 4256 2515 4328 fidosque
2555 4274 2614 4314 se
2655 4261 2757 4330 ipsi
2806 4264 3077 4318 addidisse
3120 4270 3612 4337 peregrinationum

2033 4342 2402 4414 bellorumque
2449 4346 2625 4402 socios
2651 4387 2666 4414 ,
2732 4362 2800 4402 ex
2860 4351 3240 4408 historicorum
3285 4357 3438 4414 libris
3483 4377 3613 4416 con-

2033 4444 2141 4490 stet
2179 4436 2262 4508 (ἱ),
2309 4445 2459 4493 certe
2509 4435 2740 4494 dubitari
2791 4456 2898 4497 non
2946 4450 3144 4512 potest,
3192 4448 3321 4515 quin
3355 4464 3458 4504 una
3488 4467 3612 4507 cum

2031 4525 2197 4582 Pictis
2256 4527 2418 4582 etiam
2466 4526 2614 4584 Scoti
2679 4531 2733 4586 in
2793 4531 2988 4589 Wallia
3043 4532 3402 4607 incoluerint,
3449 4551 3612 4615 atque

2031 4637 2514 4828 iiiis-gata:
2548 4714 2914 4828 summa“
3268 4721 3336 4828 id
3355 4721 3611 4828 ξατοιυω

2075 4783 2253 4830 alvum
2283 4783 2516 4848 scriptae
2547 4783 2689 4850 apud
2733 4785 2885 4840 Gale.
2929 4787 2967 4840 Ι.
2993 4787 3027 4840 l.
3053 4791 3253 4844 testim.
3275 4807 3328 4860 p.
3354 4792 3407 4846 8.

2075 4843 2283 4936 μ’)Ωοςῖ
2307 4846 2542 4936 Ἠιοξηρρ
2571 4853 2776 4936 Licere,
2817 4854 3058 4936 "latori
3071 4859 3388 4936 of_l_re_land_.
3421 4862 3540 4920 Vol.
3565 4867 3605 4928 l,

2030 4913 2157 4994 cap.
2175 4913 2209 4966 6
2235 4925 2289 4969 et
2314 4917 2376 4998 7;
2419 4919 2607 5004 lsidoori
2647 4913 2795 4992 Orig.
2820 4941 2932 4990 Juv,
2957 4913 3116 4992 Ιῖδί
3136 4929 3311 5011 Bedae
3338 4913 3607 4990 Vetiééétii

2031 4982 2169 5026 Hist-
2197 4985 2375 5026 omnia:
2426 5000 2600 5026 anulla
2632 4993 2918 5026 Διιηιηκιω.
2954 4995 2973 5026 1
3022 4997 3072 5026 ι.
3111 4997 3356 5026 η..ι..ιι,...
3418 5001 3581 5026 A__-n

2030 4982 2170 5037 Hist.
2197 4985 2394 5042 cretes.
2425 4994 2603 5058 gentis
2626 4982 2929 5062 Anglorum
2953 4995 2996 5059 Ι,
3022 4982 3607 5062 1;’Μα1›ξιιὸη’.’ᾸῖιῖιῖιῙί

2030 5051 2226 5127 Bened.
2260 5064 2390 5110 tom.
2414 5056 2454 5123 l,
2485 5075 2540 5127 p.
2561 5061 2698 5127 206;
2735 5061 2988 5118 Nouvelle
3009 5066 3259 5124 Biblioth.
3281 5069 3377 5124 des.
3393 5084 3612 5126 amur:

2027 5122 2310 5246 ξιιέἰξδέαδι.
2349 5122 2447 5197 par
2473 5122 2587 5184 Mre
2617 5122 2862 5189 LJEllies
2897 5134 2969 5190 du
2990 5135 3110 5194 Pin.
3144 5122 3274 5196 ea.
3299 5122 3600 5209 γιιζξίξῇζ

2099 5261 2174 5330 (g)
2213 5261 2294 5330 Cf.
2339 5263 2532 5323 Thom.
2572 5268 2776 5326 Moore.
2812 5269 2849 5325 l.
2889 5271 2927 5326 l.

2097 5331 2175 5474 ἑή)
2216 5329 2297 5387 Cf.
2339 5336 2528 5391 Thom.
2573 5339 2774 5394 Moore.
2813 5340 2850 5396 l.
2890 5341 2926 5395 Ι.

2132 5401 2180 5472 ι)
2219 5403 2300 5474 Cf.
2343 5404 2535 5462 Thom.
2579 5408 2779 5465 Moore.
2820 5410 2926 5474 1.,1.

2097 5401 2180 5474 (ἱ)
2219 5403 2300 5458 Cf.
2343 5404 2535 5462 Thom.
2579 5408 2779 5465 Moore.
2820 5410 2935 5474 1.,1.
2988 5409 3112 5479 (hoc
3158 5411 3278 5465 loco
3322 5409 3394 5468 cf.
3421 5411 3604 5473 Bedae

2038 5467 2225 5550 y_e_ner.
2257 5471 2394 5530 Hist.
2421 5477 2616 5535 eccles.
2643 5480 2820 5547 gentis
2838 5477 2993 5547 Augl.
3023 5477 3064 5545 l,
3095 5479 3174 5550 l),
3199 5481 3300 5537 174
3321 5498 3441 5550 sqq.
3472 5486 3594 5544 180.

2381 5515 2394 5530 .
2421 5494 2616 5535 ecctes.
2643 5494 2820 5547 genus
2838 5494 2993 5547 augt.
3023 5494 3064 5545 ι,
3095 5494 3115 5532 ι
3129 5494 3174 5550 ),
3199 5494 3300 5537 ιη
3321 5498 3441 5557 sqq.
3472 5494 3594 5544 180.

923 5535 1196 5602 praedest.
1213 5535 1310 5592 Dei
1329 5545 1386 5594 et
1403 5537 1470 5592 de
1489 5536 1660 5596 libero
1691 5537 1920 5598 arbitrio
1947 5532 2000 5592 D
2022 5539 2147 5596 275.

397 5639 431 5669 ⁸
478 5640 694 5700 Prostat
730 5643 953 5704 Bonnae
995 5651 1136 5719 apud
1187 5651 1489 5724 Adolphum
1551 5653 1790 5712 Marcum
1867 5671 2198 5714 uncccxxxv.

646 5737 928 5807 ΡΑτιοι..
947 5739 1207 5808 CXXI].

3170 5765 3199 5825 1
