4152 6276
512 380 573 436 τε
612 398 623 403 -

1660 377 1831 432 DE~J~.
1871 375 2093 432 SGO’I'O
2134 376 2271 431 (ὶοΜ
2279 373 2650 431 ΜΕΝἝΑΉΘ.
2862 406 2867 407 ί
3056 408 3061 411 -
3350 416 3361 421 ς
3596 404 3603 411 -
3766 380 3825 435 4t

538 501 821 567 praeterea
856 498 1067 546 retento
1097 490 1446 567 propriosuo
1467 480 1750 543 Scotorum
1783 487 1998 567 nomine
2033 488 2116 541 in-
2146 491 2192 549 Α
2224 501 2371 541 mum
2401 487 2641 542 tribuere
2663 487 2855 567 solent.
2882 487 3118 542 Thomas
3148 488 3366 558 quidem
3409 487 3656 547 Mooreus
3684 501 3805 550 taa-

541 554 624 639 ἱει-
651 584 832 638 Pictos
858 554 1383 653 habitaverintaNec
1415 588 1712 648 temporum
1746 554 1995 633 ratioﬁhis
2022 592 2120 632 no-

543 675 671 730 stris
710 672 1010 727 rationibus
1050 671 1223 724 aliena
1254 678 1339 723 est
1382 684 1395 722 :
1444 669 1576 723 haec
1621 669 1764 721 enim
1805 666 1946 721 facta
1997 678 2121 721 sunt

541 765 759 819 circiter
791 761 895 816 DC.
931 771 1050 831 post
1078 761 1279 815 Christ.
1310 769 1421 813 nat.
1449 775 1647 813 annum
1674 759 1774 829 (α),
1800 768 1859 812 et
1881 758 2120 814 Joannes

543 865 746 917 noster,
798 871 905 909 non
952 838 1192 917 mutatis,
1224 860 1483 920 quantum
1540 852 1859 922 reperimus,
1912 866 2010 921 per
2057 865 2122 906 ea

524 954 785 1015 tempora
808 944 1034 998 Walliae
1078 942 1288 1007 incolis,
1319 941 1537 996 circiter
1569 940 1739 996 DCCC
1767 949 1888 1010 post
1916 940 2119 994 Christ.

542 1052 656 1097 nat.
689 1056 887 1095 annum
918 1040 970 1095 in
1000 1040 1140 1095 hanc
1170 1037 1344 1092 lucem
1382 1044 1665 1105 susceptus
1692 1044 1795 1090 est.
1822 1035 2032 1097 Restat,
2062 1042 2123 1088 ut

543 1131 920 1186 auctoritatem
951 1128 1187 1182 Tbomae
1216 1126 1365 1183 Galei
1399 1124 1703 1189 afferamus,
1754 1126 1869 1194 qui,
1895 1124 2121 1179 eandem
2156 1116 2163 1121 ’

544 1221 821 1276 nobiscum
864 1234 977 1273 rem
1011 1219 1356 1288 probaturus,
1388 1217 1586 1271 diserte
1616 1217 1710 1280 ait,
1756 1234 1774 1266 ι
1807 1215 2001 1283 Scotoc
2027 1214 2126 1269 ali-

542 1309 757 1381 quando
797 1309 1097 1365 Wallorum
1136 1307 1274 1361 lines
1314 1321 1608 1376 occupasse
1646 1305 1720 1376 (b)
1772 1325 1819 1371 ι,
1862 1316 1922 1360 ut
1959 1306 2030 1360 sit
2068 1306 2124 1361 in

544 1399 683 1456 libro
702 1399 981 1469 ecclesiae
1009 1396 1377 1451 Landavensis
1418 1404 1471 1465 et
1498 1394 1638 1465 apud
1661 1392 1938 1451 Giraidum
1961 1393 2123 1449 Cam-

545 1491 814 1546 brcnsem.

615 1601 824 1669 Quibus
850 1600 924 1655 ita
960 1599 1219 1668 expositis
1247 1606 1492 1669 apparet,
1521 1610 1675 1667 posse
1707 1604 1814 1650 tam
1847 1594 1987 1660 illos,
2031 1594 2123 1665 qui

544 1692 880 1755 Hiberniam,
920 1706 1081 1759 quam
1106 1688 1212 1759 qui
1248 1686 1521 1749 Scotiam,
1558 1685 1643 1740 vel
1681 1685 1910 1754 denique
1953 1684 2123 1756 ipsam

542 1785 788 1855 Angliam
820 1782 998 1838 Nostri
1035 1782 1262 1852 patriam
1302 1779 1467 1834 fuisse
1502 1779 1851 1843 contendunt,
1889 1778 1989 1832 etsi
2029 1792 2126 1831 na-

2224 589 2336 634 tum
2365 579 2419 635 in
2450 596 2514 635 eo
2540 580 2655 634 vult
2701 582 2902 645 inesse,
2929 590 2989 637 ut
3014 581 3217 641 nullum
3249 597 3417 655 prope
3458 598 3808 654 argumento-

2226 686 2342 723 rum
2364 671 2574 739 pondus
2598 673 2813 727 vincere
2844 689 2952 727 non
2979 683 3159 743 queat.
3191 674 3256 728 Et
3285 660 3347 730 C.
3375 674 3434 728 B.
3460 677 3812 737 Schlueterus

2224 759 2301 812 ait
2326 761 2449 830 (9).:
2479 761 2742 819 Thomam
2769 762 3041 818 Mooreum
3073 764 3125 818 in
3156 781 3214 819 re
3242 779 3340 820 sua
3377 784 3397 816 ι
3431 765 3807 824 confirmanda

2225 852 2546 907 certissimis
2583 873 2601 904 ι
2632 855 2785 909 inniti
2826 872 2843 905 ι
2890 857 3222 926 argumentis
3253 877 3295 911 ι.

2296 942 2359 995 Hi
2408 943 2571 1014 igitur
2625 946 2696 998 ita
2754 947 3131 1001 contendunt:
3170 966 3188 998 ‹
3228 947 3538 1004 Hiberniam
3581 952 3807 1010 Joannis

2225 1034 2395 1088 nostri
2428 1035 2662 1105 patriam
2694 1053 2837 1106 esse,
2887 1049 3173 1109 propterea
3218 1043 3362 1109 quod
3413 1043 3558 1099 nulla
3608 1045 3709 1099 alia
3742 1048 3809 1101 de

2214 1130 2391 1178 causa
2423 1124 2537 1179 ﬁeri
2584 1129 2840 1195 potuerit,
2869 1138 2927 1182 ut
2953 1140 3491 1201 cognomen'gereret
3522 1134 3807 1205 Erigonae,

2226 1215 2369 1283 quod
2403 1224 2475 1270 stt
2494 1215 2548 1269 in
2580 1216 2708 1271 Erin
2734 1218 2869 1288 (sive
2891 1219 3170 1291 Hibernia)
3200 1223 3309 1277 nati
3345 1242 3389 1276 ι.

2296 1305 2484 1376 Itaque
2511 1306 2578 1360 ad
2608 1308 2836 1363 alterum
2860 1307 3088 1365 Joannis
3128 1313 3295 1366 nostri
3324 1328 3646 1383 cognomen,
3680 1333 3803 1386 quo,

2226 1394 2281 1449 id
2307 1397 2449 1465 quod
2492 1412 2652 1466 supra
2678 1396 2791 1466 jam
2824 1401 3154 1469 monuimus,
3185 1404 3363 1473 patria
3392 1402 3507 1472 ejus
3532 1405 3807 1476 signiﬁce-

2229 1491 2339 1547 tur,
2380 1496 2695 1554 perventum
2727 1497 2831 1543 est.

2297 1573 2412 1631 Hoc
2441 1576 2988 1646 cognomen'Joanni,
3042 1596 3167 1638 cum
3208 1596 3401 1639 omnes
3435 1585 3659 1642 omnino
3706 1589 3806 1645 viri

2226 1662 2372 1719 docti
2400 1680 2570 1733 usque
2598 1667 2666 1721 ab
2695 1668 2932 1739 antiquis
2981 1670 3313 1739 temporibus
3354 1673 3455 1728 hac
3478 1674 3545 1727 de
3586 1691 3646 1731 re
3676 1693 3804 1733 con-

2228 1754 2523 1820 senserint,
2551 1770 2579 1807 a
2614 1757 2790 1825 patria
2842 1758 3068 1814 inditum
3102 1760 3271 1816 videri
3323 1764 3709 1833 concedimus;
3742 1771 3809 1824 ab

544 1843 691 1943 tione
720 1874 912 1930 Scotus
957 1870 1075 1935 fuit,
1111 1860 1254 1927 recte
1294 1870 1557 1942 judicare.
1608 1868 1727 1939 Jatn
1759 1883 1884 1924 vero
1914 1867 1979 1923 de
2013 1866 2124 1922 sin-

2229 1843 2357 1897 Erin
2386 1845 2560 1913 patria
2610 1846 2660 1900 id
2697 1847 2915 1903 ductum
2943 1850 3114 1904 videri
3158 1867 3417 1923 negamus
3448 1880 3460 1908 ι
3489 1855 3596 1911 imo
3643 1875 3807 1926 quum

544 1967 681 2040 gulis
707 1966 996 2020 videndum
1024 1969 1125 2016 est.

616 2053 717 2121 Qui
770 2054 821 2106 in
875 2046 1129 2105 Hibernia
1160 2047 1423 2103 Joannem
1472 2056 1717 2101 nostrum
1774 2053 1958 2101 natum
2003 2060 2125 2099 esse

548 2134 1058 2211 volunt,‘pluribus
1113 2146 1336 2192 utuntur
1381 2136 1713 2206 argumentis
1758 2134 1849 2206 (c),
1895 2149 2124 2204 quorum

547 2248 815 2289 summam
861 2229 1050 2284 ordine
1101 2242 1486 2299 proponemus,
1531 2225 1799 2295 simulque
1842 2224 2128 2293 diligenter

548 2323 998 2382 exannnabbnus.

618 2416 768 2483 Quod
802 2415 963 2484 igitur
986 2412 1217 2483 primum
1243 2409 1478 2466 Joannes
1505 2408 1668 2464 fuerit
1690 2423 1886 2479 genere
1910 2408 2124 2477 Seotus,

548 2500 808 2576 Hibernia
849 2512 1030 2557 autem
1070 2501 1174 2555 illis
1217 2502 1551 2571 temporibus
1593 2500 1809 2571 propria
1843 2499 2126 2555 Scotorum

547 2597 724 2662 sedes,
754 2595 857 2649 hoc
893 2599 1264 2663 argumentum
1310 2590 1625 2653 conciderit,
1652 2590 1939 2644 dummodo
1985 2591 2127 2660 cogi-

548 2687 769 2749 taveris,
796 2684 959 2738 etiam
992 2682 1044 2736 in
1074 2681 1253 2738 Scotia
1281 2690 1336 2736 et
1365 2681 1417 2735 in
1441 2680 1636 2736 Wallia
1665 2680 1769 2737 illis
1796 2680 2128 2752 temporibus

546 2774 872 2832 habitavisse
904 2772 1115 2828 Scotos.

616 2865 819 2919 Deinde
851 2863 1054 2918 habent
1087 2860 1145 2917 S.
1172 2859 1545 2928 Prudentium,
1574 2862 1884 2933 episcopum
1914 2860 2127 2916 Tricas-

544 2957 720 3013 sinum
771 2944 909 3027 (sive
931 2950 1301 3020 Trecensem),
1349 2952 1441 3022 qui
1491 2968 1615 3008 cum
1638 2949 1846 3007 Joanne
1890 2951 2044 3015 vixit,
2073 2959 2129 3007 et

546 3051 613 3105 de
641 3062 706 3101 eo
733 3046 959 3114 loquens
993 3060 1011 3092 ι
1041 3042 1116 3096 Te
1142 3042 1316 3097 solum
1343 3061 1392 3107 ι,
1422 3042 1517 3108 ait,
1559 3061 1576 3091 ι
1602 3042 1843 3095 omnium
1874 3039 2125 3094 acutissi-

546 3155 695 3195 mum
722 3114 930 3193 Galliae
958 3133 1255 3187 transmisit
1289 3131 1543 3185 Hibernia
1566 3132 1642 3203 (ά)
1668 3152 1710 3185 ι.
1740 3128 1942 3186 Verum
1970 3146 2036 3187 ne
2060 3144 2128 3186 ex

546 3228 652 3281 hoc
703 3224 922 3294 quidem
974 3221 1268 3290 quidquam
1313 3219 1582 3288 sequitur,
1629 3220 1732 3274 nisi
1759 3217 2021 3273 Joannem
2064 3235 2132 3274 ex

550 3313 808 3370 Hibernia
841 3313 892 3367 in
922 3310 1155 3367 Galliam
1187 3311 1428 3377 venisse;
1479 3310 1623 3365 nullo
1653 3312 1814 3366 modo
1856 3311 1979 3366 inde
2020 3309 2132 3365 elli-

547 3406 721 3469 citur,
758 3412 818 3458 ut
843 3403 1006 3458 etiam
1040 3402 1093 3455 in
1121 3400 1374 3455 Hibernia
1407 3411 1566 3457 natus
1594 3401 1684 3457 sit.
1722 3401 1828 3455 Sed
1859 3401 2132 3471 putaveris

549 3497 798 3560 forsitan,
845 3510 945 3549 nos
985 3490 1346 3549 S.Prudentii
1390 3493 1552 3547 verba
1604 3493 1765 3548 nimis
1813 3493 1878 3547 ad
1923 3495 2130 3563 apicem

544 3603 666 3643 esse
702 3587 1085 3656 interpretatos
1113 3603 1126 3639 :
1164 3600 1263 3638 nec
1289 3584 1442 3655 plura
1470 3585 1767 3640 concedere
1796 3599 2127 3640 recusamus.

544 3680 680 3735 Nam
724 3693 845 3733 esse
882 3687 1083 3748 potest,
1125 3685 1187 3731 ut
1220 3675 1458 3732 Joannes
1509 3676 1562 3731 in
1596 3676 1851 3733 Hibernia
1900 3675 2133 3733 fortasse

543 3773 762 3839 longum
786 3785 883 3838 per
912 3778 1121 3837 tempus
1145 3766 1340 3822 litteris
1364 3781 1583 3835 operam
1611 3768 1840 3832 dederit,
1868 3776 2029 3837 atque
2054 3768 2131 3822 ita

546 3864 615 3918 ab
642 3859 896 3914 Hibernis
926 3858 1175 3911 eruditus
1203 3856 1256 3909 in
1283 3856 1509 3911 Galliam
1551 3872 1607 3911 se
1636 3856 1942 3911 contulerit.
1977 3855 2131 3923 Quod

546 3966 738 4008 revera
790 3949 988 4019 factum
1036 3948 1227 4013 videri,
1277 3947 1417 4003 infra
1458 3946 1528 4020 (e)
1575 3949 1939 4013 ostendemus.
1985 3946 2129 4004 Haec

545 4051 728 4098 autent
764 4034 1041 4095 concessio
1085 4046 1270 4093 nostra
1296 4038 1516 4092 omnino
1563 4037 1621 4093 S.
1645 4036 1920 4095 Prudentii
1950 4036 2129 4092 verbis

545 4131 863 4187 satisfaciet.
899 4126 1058 4183 Certe
1097 4125 1309 4182 Marcus
1349 4128 1568 4197 quidam
1619 4141 2004 4198 saepenumero
2049 4126 2129 4183 di-

546 4222 772 4277 cebatur
798 4218 1095 4283 Hibernos,
1125 4233 1246 4272 cum
1283 4228 1429 4283 esset
1459 4218 1720 4273 educatus
1768 4218 1822 4271 in
1848 4218 2125 4285 Hibernia,

545 4315 764 4371 natione
797 4311 989 4375 Britto,
1040 4317 1097 4364 nt
1137 4310 1204 4365 de
1247 4324 1310 4366 eo
1352 4310 1543 4367 scribit
1573 4310 1765 4364 Ericus
1792 4307 2129 4364 Antissiodo-

544 4405 717 4462 rensis
749 4405 802 4458 in
829 4402 935 4457 ﬁne
964 4400 1055 4455 lib.
1087 4401 1127 4454 I.
1156 4386 1519 4456 deMiraculis
1551 4399 1610 4453 S.
1633 4398 1889 4453 Germani
1921 4398 1995 4468 (f)

614 4492 805 4549 Restat
844 4489 1063 4544 tertium
1098 4497 1495 4557 argumentum,
1560 4486 1644 4540 cui
1687 4492 1939 4539 auctores
1964 4485 2127 4554 pluri-

620 4642 697 4716 (ᾳ)
735 4643 818 4716 Cl".
858 4642 1053 4716 Ibem.
1096 4640 1299 4716 h_lo_o‘re1
1337 4641 1378 4716 l._
1412 4642 1448 4696 l.

568 4734 571 4739 ·
619 4709 692 4781 (b)
728 4710 814 4766 Cf.
858 4711 1052 4781 Thom.
1091 4709 1244 4781 Gale.
1282 4710 1318 4762 1.
1366 4712 1421 4770 Ι..
1466 4709 1632 4781 μμ).

619 4727 692 4781 ψ)
728 4727 814 4766 u.
858 4727 1052 4765 Ilion).
1091 4727 1244 4764 uate.
1288 4727 1318 4762 I.
1366 4727 1421 4770 ι..
1466 4727 1632 4831 w.

619 4786 689 4865 με)
720 4781 812 4867 εει
1101 4780 1354 4867 eteae
1379 4781 1442 4867 ιιε
1468 4797 1520 4867 ,τι
1541 4779 2002 4867 compede
2024 4781 2131 4837 Re-

547 4849 748 4923 ἐρίεὶιε
770 4851 1099 4923 “inﬂicti.”
1121 4853 1188 4923 ea.
1208 4849 1265 4901 ια
1278 4849 1658 4923 ςρηρνέρςξέριι
1677 4849 2126 4923 desum-Mm,

551 4918 682 4978 tom.
706 4921 771 4981 V,
799 4921 1003 4990 p.416;
1031 4918 1252 4990 DuPin,
1280 4919 1453 4990 Noun.
1478 4918 1727 4990 Biblioth.
1747 4921 1786 4973 1.
1811 4920 1856 4990 1.
1875 4920 1975 4990 (sc.
1993 4932 2126 4977 tom.

550 4993 663 5061 VH)
686 5007 738 5061 pa
762 4988 863 5062 '_7_7;
886 4989 1307 5062 Tim:_bi_oore.
1341 4989 1375 5041 ι.
1403 4988 1438 5042 1.
1471 4989 1586 5045 Vol.
1611 4989 1651 5053 l,
1672 4988 1901 5062 “p.13.
1924 4992 2127 5062 lnterp.

547 5058 735 5119 Genti.
770 5060 881 5114 Vol.
904 5059 945 5121 l,
970 5074 1028 5128 p.
1056 5058 1182 5113 554.
1207 5068 1315 5114 cet.
1340 5067 1446 5114 cet.

622 5146 811 5225 (ὀλεῖ.
870 5148 1064 5225 Thom.
1094 5147 1244 5225 Gale.
1278 5147 1385 5225 l_.__l.
1419 5157 1644 5225 testup.
1677 5148 1729 5225 5,
1762 5150 1853 5219 qui
1880 5151 2025 5225 hunc
2052 5150 2133 5204 ιο-

546 5218 870 5279 ςυιίἱὶιπὺρῑ
900 5234 963 5273 ex
1011 5219 1067 5289 S.
1098 5218 1269 5289 Prud.
1292 5218 1429 5289 libro
1470 5221 1536 5273 de
1559 5218 1835 5289 Praedest.
1874 5221 2134 5276 adversus

549 5293 795 5354 Scotum,
823 5305 939 5358 cap.
970 5288 1055 5341 M.
1090 5288 1172 5343 Cf.
1204 5288 1431 5358 Maxima
1463 5288 1709 5342 biblioth.
1746 5298 1852 5346 vet.
1887 5288 2131 5353 Patrum,

547 5363 678 5432 edit.
724 5355 1101 5432 Lugdunensis
1153 5366 1282 5432 tom.
1313 5355 1503 5432 X_V_p.
1539 5359 1642 5413 554
1678 5360 1736 5413 Ε.
1775 5360 1896 5432 Hoc
1924 5360 2042 5432 loco
2072 5359 2130 5412 S.

548 5426 873 5485 Prudentius
926 5447 944 5479 ‹
999 5426 1304 5484 Hibernicis
1344 5426 1610 5499 Erigenae
1657 5429 2050 5485 eruditionibus
2099 5447 2118 5480 ι

618 5563 651 5598 ’⁸
681 5560 911 5630 Erigena
957 5562 1170 5633 nonnisi
1216 5562 1562 5632 depravatum
1624 5579 1818 5619 nomen
1866 5562 2134 5633 Jerugena

548 5641 651 5698 est,
684 5633 826 5699 quod
865 5641 948 5685 est
984 5632 1239 5686 oriundus
1267 5650 1331 5687 ea:
1354 5634 1529 5688 insula
1568 5643 1900 5694 sanctorum,
1933 5633 2139 5688 scilicet

549 5699 943 5772 Hibernia.Qna
952 5716 1009 5756 re
1021 5717 1105 5768 ea,
1120 5717 1257 5772 quae
1271 5704 1371 5759 hoc
1384 5705 1501 5758 loco
1514 5705 1579 5757 de
1590 5703 1906 5772 cognomine
1914 5701 1961 5772 Ε
1963 5700 2139 5771 rigens

551 5770 822 5843 copiosius
847 5770 1212 5844 disputantur,
1237 5784 1444 5829 utvana
1467 5770 1689 5843 prorsus
1713 5770 2000 5840 rejicienda
2012 5770 2143 5828 esse

2155 4558 2211 4618 Β

2187 5293 2501 5359 .recogm'ta
2575 5301 2623 5345 et
2692 5291 2984 5345 emendata.

2227 1936 2334 1989 duo
2356 1938 2537 2005 priora
2562 1950 2878 2008 argumenta
2906 1956 3011 1995 non
3056 1945 3430 2010 osrendcrent,
3460 1945 3724 2011 Joannem
3755 1953 3807 2003 in

2228 2023 2484 2080 Hibernia
2525 2043 2645 2082 esse
2679 2038 2887 2095 natum,
2920 2032 3024 2085 hoc
3053 2033 3233 2101 potius
3282 2035 3490 2090 ostendi
3535 2047 3805 2106 putamus,

2228 2133 2351 2171 eum
2395 2133 2499 2171 non
2549 2119 2601 2172 in
2651 2117 2907 2175 Hiberma
2942 2136 3061 2176 esse
3105 2131 3289 2177 natum
3319 2123 3368 2178 ⁸.
3400 2124 3533 2180 Nam
3573 2129 3803 2197 primum

2222 2209 2344 2277 jure
2396 2208 2631 2274 mireris,
2686 2212 2776 2281 qui
2832 2208 3034 2267 factum
3069 2214 3159 2278 sit,
3213 2224 3271 2269 ut
3316 2216 3495 2285 potius
3543 2219 3802 2273 vocabulo

2228 2299 2599 2355 semibarbaro
2650 2301 2879 2373 Erigena
2936 2304 3236 2373 appellatus
3288 2307 3390 2370 sit,
3449 2322 3606 2376 quam
3656 2324 3804 2362 mere

2229 2390 2398 2444 latino
2426 2390 2803 2459 Hibernigeua.
2840 2394 3061 2458 Deinde,
3092 2394 3280 2464 utjam
3309 2396 3500 2453 Petrus
3525 2401 3589 2454 de
3604 2399 3806 2468 Marca,

2230 2480 2313 2534 vir
2358 2481 2737 2546 doctissimus,
2794 2486 3235 2556 archiepiscopus
3282 2487 3640 2556 l’arisiensis,
3694 2491 3810 2545 ani-

2231 2569 2538 2634 madvertit,
2594 2571 2662 2625 ab
2702 2570 2829 2625 Erin
2889 2574 3114 2628 formari
3165 2574 3348 2631 debuit
3399 2594 3502 2631 non
3554 2579 3809 2649 Erigena,

2230 2658 2324 2713 sed
2353 2658 2658 2728 Erinigena.
2705 2661 2843 2715 Sunt
2889 2664 3128 2733 quidem,
3177 2667 3266 2735 qni
3316 2668 3517 2732 dicunt,
3543 2665 3810 2724 Joannem

2228 2750 2391 2805 etiam
2423 2752 2745 2826 Eringenam
2786 2754 3107 2826 appellatum
3162 2769 3302 2823 esse,
3352 2758 3445 2813 sed
3497 2758 3688 2813 borum
3718 2761 3814 2816 de-

2230 2848 2439 2893 cretum
2482 2845 2628 2896 omni
2675 2844 2999 2898 auctoritate
3028 2855 3202 2909 caret,
3233 2860 3393 2915 quum
3425 2853 3552 2901 ante
3586 2846 3809 2904 Tritbe—

2232 2929 2422 2995 mium,
2480 2934 2621 3002 quod
2675 2949 2773 2989 nos
2831 2934 3046 3004 quidem
3102 2936 3483 3001 invenerimus,
3537 2952 3697 2994 nemo
3742 2940 3813 2994 de

2233 3020 2499 3093 Eringena
2551 3023 2763 3080 locutus
2826 3025 2918 3090 sit,
2978 3033 3034 3079 et
3087 3041 3154 3080 ex
3208 3025 3415 3081 Thoma
3465 3024 3631 3083 Galeo
3680 3031 3814 3083 satis

2233 3121 2464 3179 constet,
2531 3113 2797 3171 Joannem
2864 3117 3260 3188 antiquissimis
3327 3118 3656 3189 temporibus
3709 3120 3811 3175 nisi

2162 3189 2205 3249 C
2237 3202 2523 3273 Erigenam
2577 3205 2661 3259 vel
2708 3206 2871 3262 etiam
2937 3206 3263 3277 Eriugenam
3326 3209 3651 3279 appellatum
3704 3225 3811 3265 non

2235 3316 2353 3356 esse
2385 3300 2483 3373 (ἡ).
2513 3302 2649 3358 Nam
2695 3304 2934 3360 Thomas
2978 3304 3176 3360 Galeus
3222 3304 3259 3360 1.
3320 3305 3358 3359 l.
3420 3308 3554 3363 haec
3600 3308 3810 3363 habet:

2239 3410 2260 3444 ‹
2300 3390 2502 3451 Omnes
2545 3397 2762 3453 codices
2811 3415 2938 3454 mss.
2996 3415 3104 3453 uno
3147 3400 3302 3470 quasi
3335 3416 3431 3456 ore
3472 3410 3528 3456 et
3556 3412 3815 3472 perpetuo

2235 3497 2364 3551 prae
2385 3498 2442 3538 se
2471 3482 2649 3538 ferunt
2674 3495 2768 3540 aut
2794 3486 3079 3558 Erigenam
3110 3497 3203 3541 aut
3230 3486 3554 3561 Eriugenam
3588 3510 3607 3544 ι
3640 3490 3708 3526 *⁸
3735 3501 3814 3557 et,

2243 3592 2261 3623 ι
2296 3570 2510 3643 saepius
2536 3576 2587 3629 in
2619 3576 2853 3646 antiquis
2894 3578 3047 3633 libris
3083 3578 3348 3649 Eriugena
3399 3579 3619 3645 dicitur,
3651 3596 3814 3653 quam

2234 3663 2501 3736 Erigena;
2548 3680 2697 3722 certe
2746 3669 2800 3722 in
2848 3670 3033 3725 codice
3061 3668 3280 3724 ultimae
3332 3672 3692 3741 antiquitatis,
3722 3673 3815 3743 qui

2234 3770 2376 3808 nunc
2423 3764 2675 3810 servatur
2730 3756 2782 3811 in
2857 3757 3106 3813 biblioth.
3160 3758 3371 3829 collegii
3424 3759 3481 3814 S.
3534 3759 3817 3817 Trinitatis

2232 3842 2512 3910 Cantabr.,
2572 3862 2679 3917 quo
2746 3864 2875 3903 usus
2922 3859 3005 3904 est
3059 3848 3313 3905 Usserius
3362 3851 3739 3907 Armacbanus
3763 3861 3821 3907 et.

2231 3952 2332 4008 ego
2369 3953 2605 4008 quoque,
2651 3940 2907 3996 scribitur
2954 3943 3245 4013 Eriugena,
3297 3959 3403 4000 non
3458 3943 3710 4016 Erigena.
3738 3946 3817 4001 Ita

2232 4042 2444 4100 quoque
2470 4029 2737 4087 Suﬂ‘ridus
2778 4031 2942 4099 Petri,
2978 4034 3049 4088 ita
3083 4037 3135 4089 in
3170 4036 3281 4092 suis
3310 4036 3506 4106 reperit
3531 4038 3813 4110 Dionysius

2231 4119 2503 4185 Petavius,
2528 4123 2600 4176 ita
2632 4120 2905 4195 Philippus
2930 4124 3180 4182 Labbeus
3219 4147 3262 4181 ι.
3304 4128 3531 4184 Constat
3579 4127 3811 4197 denique

2230 4211 2373 4266 inter
2394 4229 2603 4277 onmes,
2627 4214 2804 4270 Nostri
2832 4217 3159 4285 temporibus
3183 4218 3443 4287 plurimos
3464 4234 3529 4273 ex
3555 4217 3813 4274 Hibernia

2224 4302 2283 4355 in
2314 4300 2541 4357 Galliam
2590 4306 2806 4361 venisse
2832 4305 2992 4369 viros,
3034 4292 3310 4363 det-trinae
3336 4307 3494 4363 laude
3520 4308 3812 4362 admodum

2228 4390 2501 4460 ﬂorentes,
2525 4412 2625 4451 nec
2662 4407 2839 4452 tamen
2882 4398 3045 4453 ullum
3098 4400 3355 4469 reperies,
3393 4401 3483 4470 qui
3516 4398 3817 4471 appellatus

2231 4488 2303 4542 sit
2339 4488 2603 4562 Erigena;
2636 4505 2827 4545 omnes
2872 4493 2986 4549 sive
3035 4491 3205 4559 Scoti,
3252 4492 3363 4548 sive
3407 4490 3653 4556 Hiberni,
3699 4492 3817 4546 sive

2231 4643 2453 4713 opponit
2501 4661 2518 4693 ‹
2556 4658 2710 4714 suam
2743 4644 2910 4714 ipsius
2942 4645 3304 4714 eloquentiam
3332 4640 3587 4698 Celticam
3622 4660 3673 4706 ι,
3716 4642 3814 4711 qui

2234 4719 2433 4777 tamen,
2462 4721 2524 4767 ut
2552 4713 2669 4782 ipse
2694 4713 2849 4769 deT-se
2870 4715 2973 4777 ait,
3004 4713 3107 4770 fuit

2434 4791 2676 4853 Hesperia
2700 4797 2915 4856 genitus,
2937 4793 3099 4846 Celtas
3129 4794 3373 4844 deductus
3394 4798 3449 4842 et
3470 4790 3611 4843 dtus.

2231 4870 2315 4928 Cf.
2344 4869 2489 4943 Hist.
2508 4871 2608 4925 tiu.
2634 4873 2698 4926 de
2725 4873 2777 4926 la
2802 4872 3027 4935 France,
3056 4884 3190 4928 tom.
3224 4875 3285 4939 V,
3323 4887 3377 4943 p.
3401 4872 3509 4928 240
3532 4880 3590 4928 et
3610 4871 3815 4928 ﬂebili.

2231 4942 2426 5013 Annal:
2459 4941 2661 5013 Bened.
2695 4952 2824 5000 tom.
2853 4943 2941 5008 HI,
2969 4959 3024 5013 ιτ.
3055 4944 3111 4998 6.

2309 5009 2377 5083 (ε)
2406 5011 2462 5065 In
2491 5013 2620 5082 Cap.
2648 5012 2715 5083 n.-

2307 5081 2381 5153 (f)
2412 5083 2493 5153 Cf.
2524 5081 2799 5153 '1‘h.Gale.
2830 5081 2865 5137 l.
2899 5083 2937 5137 l.
2963 5091 3089 5138 test.
3123 5099 3177 5153 p.
3208 5084 3267 5138 6.
3292 5084 3439 5138 Erici
3473 5082 3615 5138 liber
3634 5088 3819 5136 exstat

2237 5152 2288 5205 in
2323 5152 2380 5205 Ρ.
2409 5152 2617 5213 Labbei,
2642 5152 2894 5207 Bibliotb.
2933 5153 3061 5213 MSS.
3098 5152 3229 5211 tom.
3264 5154 3303 5206 l.
3450 5194 3465 5209 ρ

2307 5222 2381 5292 (g)
2410 5221 2492 5276 Cf.
2523 5222 2580 5275 J.
2617 5221 2759 5276 Scoti
2803 5220 2950 5292 Erig.
2977 5223 3041 5275 de
3068 5223 3173 5292 diu.
3210 5221 3338 5276 Nat.
3384 5223 3505 5292 libri
3545 5218 3604 5274 ν.
3641 5219 3820 5292 Editio

3074 5291 3285 5347 Mouast
3297 5333 3308 5346 .
3372 5290 3818 5362 Gueuphalorum

2240 5374 2639 5430 locccsxxvm,
2669 5375 2722 5430 p.
2751 5362 2803 5414 5.
3180 5390 3189 5399 -

2241 5440 2247 5445 '
2313 5430 2388 5499 (It)
2412 5428 2497 5483 Cf.
2532 5428 2728 5483 Thom.
2761 5430 2915 5484 Gate.
2947 5430 2983 5483 l.
3013 5430 3049 5483 l.
3080 5439 3205 5486 test.
3235 5447 3290 5501 p.
3323 5432 3378 5486 9.

2200 5542 2203 5547 I
2240 5564 2506 5619 videntur.
2536 5565 2618 5621 Cf.
2661 5558 2991 5622 Prooemium
3036 5578 3301 5624 nostrum.
3346 5568 3616 5623 Annum.
3656 5567 3816 5622 Enn.

2313 5636 2378 5669 *⁸
2414 5635 2518 5710 Yis
2539 5637 2880 5710 crediderim,
2929 5640 3205 5710 codicibus
3229 5639 3469 5710 antiquis
3495 5635 3821 5710 lcgi‘Eﬂ'gc-

2250 5721 2389 5779 narrt.
2420 5705 2556 5779 Quid
2590 5706 2825 5773 codices,
2870 5722 3005 5777 quos
3034 5708 3134 5779 ipsi
3164 5705 3485 5779 evolvimus,
3510 5705 3816 5779 proferant,

2251 5774 2387 5844 legis
2424 5777 2475 5829 in
2509 5772 2785 5831 Prooemio
2808 5772 3019 5833 nostro.-
3053 5772 3318 5833 λιωιλυν.
3344 5772 3502 5833 Eutr.
