4152 6276
491 387 526 442 ’1
1617 372 1706 428 Dte.
1741 398 1790 428 ..
1828 373 2086 441 sco'io

2189 367 2618 426 MMENTATIO.
3095 412 3097 414 -
3726 373 3762 430 8

497 521 596 577 per
621 501 851 560 Galliam
881 506 1067 554 notum
1091 494 1276 559 fuisse,
1303 501 1364 548 ut
1389 492 1444 548 in
1473 507 1807 550 summorum
1831 491 2068 545 virorum
2096 492 2147 551 Α
2172 489 2316 543 omni
2347 489 2624 544 doctrinae
2651 501 2848 558 genere
2877 488 3201 544 instructum
3225 528 3240 554 ,
3276 488 3329 544 in
3367 486 3601 565 Calliam
3639 503 3762 560 per-

495 596 563 651 de
581 589 1075 666 praedestinatione
1099 584 1467 642 controversia
1491 581 1834 646 Hincmarus,
1859 580 2074 636 archie-

496 685 752 755 piscopus
781 679 1095 743 Remensis,
1131 684 1184 732 et
1207 674 1505 738 Pardulus,
1537 673 1822 742 episcopus
1857 671 2076 725 Laudu-

497 776 702 840 nensis,
734 787 880 834 eum,
911 771 1002 840 qui
1027 783 1180 824 suam
1211 779 1422 835 quoque
1451 765 1552 819 hac
1574 765 1639 818 de
1664 780 1724 818 re
1751 761 2075 818 sententiam

498 865 694 922 litteris
740 864 1066 923 illustraret,
1119 856 1431 926 impulerint
1480 856 1577 926 (η).
1633 855 1780 909 Scoti
1833 853 1969 907 liber
2011 853 2076 906 de

494 952 989 1026 praedestinatione
1010 947 1208 1019 prodiit
1241 961 1382 1000 anno
1412 944 1647 1000 DCCCLI
1665 945 1762 1013 (ὁ).
1789 943 1906 998 Hoc
1924 956 2077 999 accc-

497 1047 596 1109 dit,
621 1043 763 1112 quod
786 1041 981 1096 Scotus
1003 1040 1118 1092 sine
1135 1035 1246 1089 ulla
1271 1034 1627 1098 dubitatione,
1652 1041 1713 1086 ut
1733 1034 1785 1086 in
1817 1032 1990 1101 capite
2013 1030 2077 1085 Ill

495 1133 878 1194 ostendemus,
925 1128 1038 1197 jam
1086 1135 1211 1180 ante
1261 1122 1476 1178 DCCCL
1503 1122 1685 1178 Caroli
1731 1121 1880 1176 Calvi
1921 1120 2077 1188 jussu

495 1217 981 1290 Pseudo-Dionysii
1019 1213 1379 1283 Areopagitae
1419 1211 1586 1265 libros
1625 1224 1691 1264 ex
1724 1224 1924 1280 graeco
1963 1223 2078 1262 ser-

497 1327 659 1369 mone
704 1313 760 1365 in
805 1310 1031 1362 latinum
1091 1303 1384 1359 transtulit.
1437 1300 1636 1356 Verum
1678 1301 1724 1354 si
1771 1301 1895 1369 quis
1936 1299 2078 1354 hanc

499 1404 672 1474 ipsam
702 1415 816 1456 rem
844 1404 1096 1452 accurate
1142 1391 1487 1463 perpenderit
1506 1429 1521 1454 ,
1551 1389 1742 1454 facile,
1767 1388 2075 1458 opinamur,

499 1490 790 1549 concedet,
816 1486 1080 1543 Joannem
1118 1484 1228 1554 jam
1271 1481 1476 1550 aliquot
1509 1478 1739 1534 fortasse
1771 1477 1927 1548 annis
1956 1485 2078 1530 ante

499 1596 701 1638 annum
749 1575 969 1636 DCCCL
1015 1576 1069 1629 in
1115 1572 1286 1629 Callia
1335 1571 1522 1626 fuisse.
1565 1569 1712 1636 Quae
1750 1583 1840 1623 res
1879 1567 2078 1621 mirum

500 1679 760 1741 quantum
793 1683 856 1722 eo
893 1665 1166 1728 firmatur,
1208 1661 1350 1730 quod
1383 1658 1440 1714 S.
1473 1657 1834 1721 Prudentius,
1863 1655 2077 1726 episco-

501 1781 601 1834 pus
648 1759 1018 1820 Tr-icassinus,
1067 1764 1125 1810 ut
1169 1750 1358 1824 procul
1402 1749 1564 1806 dubio
1613 1746 1880 1803 afﬁrmare
1921 1759 2077 1816 posse

2176 578 2383 633 rexisse
2405 580 2470 633 ad
2492 579 2746 634 Carolum
2768 577 3011 643 Calvum,
3032 581 3123 650 qui
3145 581 3215 636 ob
3236 595 3356 635 eam
3382 581 3577 651 ipsam,
3599 595 3763 651 quam

2174 669 2370 724 miram
2420 669 2474 723 in
2523 669 2741 724 homine
2785 671 2962 725 inesse
2991 671 3214 736 viderit,
3244 671 3547 725 litterarqu
3589 668 3765 726 scien-

2177 759 2346 824 tiam,
2377 773 2500 814 eum
2533 759 2654 813 aula
2695 775 2790 813 sua
2819 759 3204 832 benignissime
3244 763 3538 832 exceperit.
3578 761 3765 832 Neque

2176 847 2456 912 habemus,
2490 864 2588 903 cur
2615 850 2718 904 hac
2745 849 2799 904 in
2827 866 2910 916 re,
2939 852 2992 906 id
3018 852 3161 920 quod
3193 852 3331 905 infra
3364 853 3419 907 in
3455 853 3576 908 aliis
3601 854 3766 908 rebus

2176 952 2277 994 usu
2305 939 2502 1004 veniet,
2531 939 2798 996 Guilelmo
2824 942 2895 996 sit
2919 942 3286 997 difﬁdendum.

2247 1030 2380 1085 Cum
2410 1040 2641 1101 utroque
2667 1032 2784 1086 loco
2807 1033 2996 1088 iisdem
3017 1031 3136 1088 fere
3155 1033 3334 1088 verbis
3358 1047 3489 1088 usus
3514 1034 3607 1100 sit,
3629 1034 3765 1088 alte-

2177 1136 2297 1174 rum
2327 1128 2536 1176 tantum
2555 1162 2569 1186 ,
2603 1137 2836 1193 eumque
2867 1124 3103 1179 maxime
3130 1127 3474 1194 perspicuum
3517 1127 3620 1180 huc
3666 1141 3762 1194 ap-

2176 1227 2440 1283 ponemus
2464 1212 2526 1282 (il
2558 1231 2572 1266 :
2604 1232 2624 1264 ‹
2648 1213 3036 1286 llic(Erigena)
3062 1216 3247 1271 relicta
3271 1217 3563 1288 patria(in)
3588 1215 3764 1272 Fran-

2178 1303 2317 1358 ciam
2345 1303 2412 1358 ad
2438 1303 2688 1358 Carolum
2708 1303 2931 1360 Calvum
2957 1307 3125 1372 venit,
3151 1323 3180 1361 a
3211 1323 3318 1376 quo
3356 1324 3548 1378 magna
3575 1309 3764 1379 digna-

2179 1393 2324 1447 tione
2373 1402 2695 1464 susceptus,
2745 1394 3090 1451 familiarium
3148 1398 3383 1466 partium
3441 1398 3760 1462 habebatur,

2179 1484 2618 1554 transigebatque
2637 1499 2760 1538 cum
2787 1500 2852 1540 eo
2881 1493 2988 1539 tam
3013 1485 3177 1548 seria,
3208 1502 3369 1555 quam
3395 1485 3608 1554 joca,...
3635 1487 3763 1556 quia

2177 1573 2442 1629 miraculo
2469 1574 2730 1628 scientiae
2757 1573 2878 1642 ejus
2906 1589 3000 1629 rex
3025 1585 3216 1646 captus
3244 1595 3264 1629 ι
3298 1585 3458 1631 esset.

2251 1660 2309 1714 Si
2339 1661 2505 1731 igitur
2532 1661 2846 1718 accuratius
2877 1661 3095 1716 tandem
3138 1677 3261 1716 eum
3285 1702 3304 1729 ,
3342 1678 3500 1731 quem
3549 1663 3764 1733 quaeﬁ-

2179 1766 2321 1816 mus,
2350 1769 2550 1808 annum
2580 1755 2911 1810 constituere
2940 1754 3198 1817 velimus,
3250 1756 3382 1808 haec
3423 1755 3534 1808 sint
3572 1756 3761 1809 obser-

503 1855 771 1916 videmur,
795 1851 909 1921 jam
935 1854 1063 1902 ante
1104 1859 1303 1899 annum
1334 1837 1692 1896 DCCCXLVII
1736 1839 1788 1892 in
1832 1837 2076 1891 intimam
2108 1835 2154 1894 Β
2181 1842 2356 1897 vanda
2381 1861 2392 1896 :
2421 1844 2654 1912 primum
2677 1883 2693 1910 ,
2740 1845 2954 1900 ostendi
3000 1845 3181 1914 potius
3216 1860 3405 1915 posse,
3441 1845 3763 1916 Erigonam,

501 1963 623 2002 cum
641 1944 849 2000 Joanne
873 1948 1058 1995 nostro
1075 1935 1504 1992 familiaritatem
1525 1931 1811 2003 pervenit;
1840 1928 2000 1998 idque
2023 1927 2078 1981 in

504 2040 618 2105 ipsa
649 2033 826 2090 Caroli
864 2029 1013 2084 Calvi
1056 2027 1204 2097 regia
1234 2038 1479 2079 versans.
1517 2019 1818 2090 Compellat
1841 2017 1984 2073 enim
2017 2015 2075 2070 S.

503 2125 831 2183 Prudentius
877 2123 929 2175 in
957 2119 1097 2172 libro
1139 2130 1262 2178 suo,
1295 2114 1386 2183 qui
1415 2112 1730 2167 inscribitur
1761 2127 1780 2159 ι
1813 2109 1887 2162 De
1922 2119 2080 2176 prae-

501 2215 866 2275 destinatione
897 2217 1085 2266 contra
1125 2205 1173 2261 J.
1209 2206 1430 2260 Scotum
1461 2223 1481 2256 ι
1503 2198 1858 2273 (Erigonam),
1881 2197 2081 2266 quique

502 2309 641 2363 liber
683 2320 752 2359 eo
795 2305 942 2372 ipso,
987 2289 1145 2365 cujus
1185 2294 1514 2350 mentionem
1557 2289 1822 2352 fecimus,
1855 2285 2082 2341 Joannis

503 2397 652 2454 Scoti
681 2399 747 2452 de
771 2387 1264 2464 praedestinatione
1291 2385 1428 2438 libro
1449 2389 1774 2452 provocatus
1791 2385 1931 2442 erat,
1955 2391 2079 2431 eum

504 2499 566 2544 ut
587 2487 885 2548 hominem,
919 2481 1139 2549 antiqua
1165 2478 1279 2548 jam
1322 2473 1688 2528 familiaritate
1720 2470 1822 2524 sibi
1861 2465 2082 2534 conjun-

501 2579 836 2634 ctissimum.
864 2573 920 2627 ln
945 2572 1062 2640 ipso
1101 2567 1221 2624 libri
1255 2564 1478 2621 exordio
1505 2562 1575 2634 (c)
1603 2579 1616 2614 :
1648 2581 1667 2612 ι
1710 2557 2080 2628 Blasphemias

504 2682 626 2728 tuas
664 2689 711 2733 ι,
747 2668 851 2731 ait,
899 2684 917 2715 ι
952 2662 1214 2723 Joannes,
1259 2670 1516 2728 percurso
1540 2651 1915 2723 perversitatis
1957 2657 2080 2701 tuae

501 2763 642 2816 libro
666 2775 732 2815 eo
764 2755 1046 2812 molestius
1073 2750 1287 2820 accepi,
1316 2762 1424 2817 quo
1451 2755 1504 2801 te
1531 2742 1851 2800 familiarius
1878 2739 2078 2810 ample-

500 2851 708 2912 rtebar,
739 2843 1062 2916 peculiarius
1100 2838 1385 2909 diligebam
1420 2854 1464 2900 ι,
1496 2841 1552 2890 et
1590 2833 1645 2898 in
1685 2830 1790 2886 fine
1835 2828 2075 2899 ejusdem

501 2943 619 2996 libri
661 2940 738 3010 (ά)
767 2940 898 2993 haec
921 2935 1121 2989 habet:
1155 2949 1173 2982 ι
1203 2928 1300 2984 His
1333 2929 1388 2982 in
1426 2925 1640 2981 nomine
1669 2921 1759 2978 Dci
1793 2937 1890 2992 pro
1917 2926 2078 2989 captu

502 3048 658 3087 meae
688 3027 997 3101 pusillitatis
1017 3065 1033 3090 ,
1079 3031 1203 3076 tuae
1227 3034 1442 3090 quoque
1474 3015 1856 3078 correctionis,
1885 3013 2081 3069 Frater

501 3123 764 3185 Joannes,
796 3117 970 3189 gratia
1001 3113 1241 3168 exaratis
1277 3109 1407 3164 libet
1438 3111 1714 3163 succincte
1744 3105 1953 3174 singula
1985 3105 2078 3159 ad-

2183 1935 2283 1990 etsi
2310 1935 2410 1990 sub
2437 1937 2599 1990 linem
2641 1937 2768 1990 anni
2799 1935 3161 1991 DCCCLXXII
3193 1937 3370 1991 adhuc
3397 1936 3557 2000 vixit,
3585 1946 3767 1992 tamen

2181 2031 2307 2078 ante
2331 2039 2534 2078 annum
2574 2023 2937 2080 DCCCLXXV
2965 2032 3238 2080 mortuum
3267 2039 3419 2090 esse,
3447 2039 3607 2093 quam
3641 2040 3765 2079 eum

2179 2123 2302 2185 post
2328 2115 2470 2170 hunc
2496 2115 2670 2184 ipsum
2699 2130 2902 2169 annum
2932 2115 3168 2181 vixisse;
3191 2116 3404 2181 deinde,
3441 2131 3567 2171 eum
3609 2117 3763 2172 circi-

2184 2219 2264 2264 ter
2291 2225 2491 2264 annum
2524 2209 2836 2266 DCCCXLV
2860 2211 3046 2264 adulta
3075 2209 3188 2277 jam
3215 2210 3380 2265 fuisse
3398 2218 3578 2265 aetate
3603 2220 3760 2279 atque

2181 2301 2249 2355 ab
2265 2301 2415 2356 omni
2443 2302 2723 2355 doctrinae
2750 2315 2950 2371 genere
2992 2300 3338 2354 instructum.
3382 2301 3558 2370 Atque
3601 2300 3753 2364 hinc,

2181 2392 2306 2446 dum
2339 2390 2548 2446 illorum
2579 2399 2906 2460 temporum,
2931 2389 3129 2459 quibus
3156 2389 3299 2443 haud
3327 2389 3483 2444 facile
3509 2399 3634 2443 ante
3661 2390 3760 2443 tri-

2181 2481 2441 2536 cesimum
2469 2481 2613 2534 vitae
2636 2495 2838 2535 annum
2869 2480 3154 2550 qui-squam
3179 2479 3342 2534 talem
3365 2480 3466 2533 sibi
3487 2478 3766 2540 doctrinae

2179 2570 2403 2641 gloriam
2444 2585 2639 2640 parare
2685 2569 2904 2640 potuit,
2958 2568 3226 2623 rationem
3269 2569 3560 2631 habueris,
3611 2567 3768 2624 facile

2180 2664 2460 2718 uobiscum
2475 2661 2712 2734 colliges,
2732 2670 2918 2716 natum
2934 2661 3102 2716 videri
3127 2661 3406 2731 Erigenam
3431 2660 3573 2713 inter
3593 2658 3769 2714 DCCC

2180 2766 2234 2813 et
2258 2755 2524 2812 DCCCXV
2558 2755 2672 2810 fere
2700 2769 2755 2824 p.
2782 2753 2913 2810 Chr.
2939 2762 3052 2808 nat.
3081 2766 3270 2807 arrnos.

2252 2845 2456 2901 Verum
2477 2854 2753 2914 utcunque
2786 2859 2874 2899 res
2905 2857 2962 2898 se
2995 2844 3188 2907 habet,
3226 2844 3324 2896 hoc
3351 2847 3497 2895 certe
3534 2854 3638 2894 non
3667 2855 3767 2895 ve-

2189 2953 2395 3001 remur,
2416 2953 2484 2990 ne
2505 2935 2627 3004 quis
2643 2934 2795 2990 nobis
2815 2944 3050 3004 opponat
3070 2930 3598 2993 Staudenmaierum,
3619 2943 3771 2984 eum-

2183 3044 2319 3098 que,
2370 3028 2462 3097 qui
2517 3027 2660 3082 hunc
2703 3035 2922 3079 secutus
2967 3034 3081 3089 cst,
3132 3025 3505 3079 Schlueterum
3535 3021 3640 3092 (j),
3678 3022 3769 3091 qui

2181 3117 2469 3188 Erigenam
2499 3115 2716 3170 circiter
2761 3130 2959 3170 annum
2995 3113 3378 3170 DCCCXXVlll
3418 3121 3602 3168 natum
3653 3129 3774 3170 esse

797 3172 1053 3274 j’ttquiS.
1079 3199 1426 3262 Prudentius,
1452 3196 1711 3266 puerulus
1735 3211 1802 3249 ex
1826 3172 2078 3264 liispania

2189 3172 2376 3263 volunt
2402 3247 2417 3270 ,
2468 3207 2552 3261 his
2611 3206 2690 3260 usi
2745 3207 3042 3261 rationibus
3087 3205 3205 3275 (lc):
3249 3224 3268 3256 ς
3303 3204 3532 3260 Circiter
3574 3219 3772 3259 annum

504 3305 683 3378 patria
715 3303 768 3356 in
797 3299 1028 3356 Galliam
1077 3294 1341 3350 deductus
1382 3291 1566 3358 ibique
1605 3290 1896 3352 educatus,
1939 3301 2087 3341 com-

506 3395 690 3467 plures
729 3405 901 3446 annos
943 3395 1070 3442 ante
1100 3382 1369 3441 dioecesin
1403 3380 1764 3436 Tricassinam
1803 3379 1902 3448 ipsi
1935 3394 2088 3432 man-

508 3488 689 3542 datam
711 3479 1152 3540 mandandamve
1177 3477 1230 3530 in
1259 3473 1434 3529 Caroli
1463 3471 1611 3526 Calvi
1660 3470 1782 3525 aula
1826 3470 1959 3524 vixit
1991 3467 2088 3540 (ε),

509 3581 818 3635 litterarum
869 3572 1064 3629 studiis
1133 3568 1292 3623 unice
1354 3565 1567 3622 deditus
1619 3581 1632 3617 :
1693 3579 1834 3618 anno
1907 3570 2088 3618 autem

513 3665 870 3726 DCCCXLVll
903 3679 1026 3720 eum
1061 3661 1172 3730 jam
1205 3658 1504 3728 suscepisse
1537 3655 1842 3710 invenimus
1883 3655 2093 3708 dioece-

510 3767 594 3822 sin
627 3762 990 3817 Tricassinam
1026 3757 1121 3828 (ί).
1160 3755 1308 3822 Quae
1350 3768 1473 3808 cum
1503 3751 1581 3806 ita
1611 3750 1756 3815 sint,
1796 3765 1958 3805 nemo
1987 3764 2093 3803 non

509 3858 740 3912 libenter
779 3850 1113 3906 adsentietur
1140 3846 1382 3901 Tbomae
1423 3842 1671 3904 blooreo,
1711 3843 1764 3896 in
1809 3841 1894 3896 his
1937 3840 2096 3896 rebus

508 3947 846 4016 Lauiganum
906 3938 1184 4009 sequenti,
1247 3935 1340 4005 qui
1403 3941 1588 4004 putat,
1633 3931 1851 4014 circiter
1894 3945 2096 3985 annum

510 4009 826 4094 DCCCXLV
854 4032 1140 4103 Erigenam
1171 4029 1235 4083 ad
1259 4026 1440 4082 Gallos
1463 4025 1678 4078 venisse
1705 4009 1822 4093 (9)..

583 4127 806 4196 Quodsi,
831 4138 970 4194 quae
993 4123 1170 4177 adlmc
1192 4121 1258 4175 de
1279 4117 1426 4174 Scoti
1448 4125 1628 4172 aetate
1647 4116 1919 4186 disputata
1945 4122 2094 4179 sunt,

509 4221 566 4278 id
590 4219 733 4291 «μιθιί
764 4216 923 4272 facile
955 4213 1350 4269 crediderimus
1367 4251 1384 4272 .
1410 4227 1442 4266 a
1466 4225 1596 4266 vero
1623 4224 1727 4264 non
1769 4209 2095 4271 abhorrent,

509 4312 774 4369 Guilelmo
822 4306 1300 4364 Halmesburiense
1321 4305 1586 4360 accersito
1608 4301 1808 4358 certius
1836 4301 2100 4368 quodam-

507 4402 668 4458 modo
699 4399 892 4455 natalis
920 4397 1038 4467 ejus
1087 4410 1262 4451 annus
1312 4393 1565 4448 constitui
1611 4398 1808 4460 potest.
1849 4387 1898 4441 ls
1940 4387 2103 4456 igitur

511 4488 944 4558 antiquissimus,
975 4493 1236 4553 quantum
1260 4483 1582 4550 reperimus,
1611 4489 1824 4543 auctor,
1853 4479 1942 4546 qui
1973 4477 2097 4529 data
2130 4510 2177 4570 Β

511 4597 672 4652 opera
705 4581 770 4634 de
796 4564 1057 4646 Erigenae
1075 4575 1298 4628 historia
1322 4573 1452 4641 egit,
1477 4585 1745 4640 quemque
1773 4567 2101 4636 posteriores

513 4670 890 4728 'chronicorum
917 4665 1215 4734 scriptores
1244 4664 1345 4716 hac
1370 4663 1420 4715 in
1457 4676 1514 4714 re
1534 4701 1549 4724 ,
1582 4669 1642 4712 ut
1667 4659 1754 4722 lit,
1783 4658 1849 4710 ad
1873 4658 2096 4712 verbum

514 4759 629 4813 fere
671 4756 838 4810 secuti
872 4763 1030 4815 sunt,
1063 4751 1267 4807 duobus
1307 4750 1472 4814 locis,
1502 4763 1637 4818 quos
1668 4764 1733 4802 ex
1769 4767 1786 4798 ‹
1826 4747 2039 4801 ineditis
2073 4767 2090 4799 ι

515 4851 632 4918 ejus
665 4848 818 4904 libris
840 4847 1078 4900 Thomas
1097 4843 1294 4897 Galeus
1321 4842 1560 4910 integros
1585 4837 1873 4906 exscripsit
1891 4837 1989 4908 (Ir),
2013 4853 2100 4892 sa-

518 4940 594 4998 tis
628 4946 814 4997 auerte
841 4936 1018 5000 docet,
1041 4934 1328 5004 Erigonam
1362 4930 1542 4986 adulta
1564 4928 1675 4998 jam
1708 4938 1908 4995 aetate,
1937 4937 2098 4998 atque

587 5068 664 5136 (a)
699 5062 784 5136 Cf.
814 5078 933 5136 sup.
1103 5061 1297 5136 l,_n_ot.
1331 5077 1378 5112 c.

590 5125 664 5205 (‘0')
703 5133 795 5205 Cf.
824 5125 945 5205 Plat.
978 5131 1131 5205 Alex.
1169 5128 1527 5205 llist._eccles.
1559 5141 1700 5182 saec.
1745 5125 1898 5205 ιΧ-ξζ
1921 5167 1936 5191 ,
1969 5125 2100 5205 (ηεξζ

515 5209 558 5264 ν
589 5195 818 5279 θἫΛῚ.
843 5201 966 5279 XII;
992 5201 1133 5256 Hist.
1164 5199 1356 5279 littt‘de
1376 5199 1426 5251 la
1445 5197 1680 5279 _l"rance,
1700 5205 1830 5252 tom.
1860 5195 1898 5251 V
1927 5213 1978 5266 p.
1997 5195 2104 5250 422

515 5269 686 5343 med,
717 5291 769 5343 p.
793 5275 899 5329 ‘248
927 5283 1094 5343 extra,
1117 5269 1306 5343 p.299
1339 5271 1477 5322 med.

823 5343 1054 5398 Maxima
1083 5335 1330 5396 biblioth.
1373 5346 1482 5393 vet.
1525 5337 1767 5402 Patrum,
1815 5345 1947 5390 tom.
1981 5335 2098 5398 XV,

517 5433 575 5487 Ρ·
718 5454 793 5487 _-'
821 5485 830 5487 -
882 5483 896 5487 _
1043 5480 1138 5487 -.η
1173 5479 1210 5487 _.

588 5487 667 5552 (ά)
707 5482 790 5538 cr.
819 5483 920 5536 1.1.
953 5498 1008 5552 p.
1040 5480 1144 5536 592
1173 5479 1234 5534 Β.

613 5546 661 5622 e)'
677 5553 740 5622 In
757 5546 1103 5622 quaEri'gena
1119 5564 1329 5622 quoque
1344 5547 1587 5603 frrit.Vid.
1605 5564 1723 5622 sup.
1739 5546 1849 5622 col.
1856 5547 1908 5622 _l_,
1919 5552 2037 5622 pot.
2054 5561 2104 5596 ε.

613 5559 661 5622 e)
677 5559 734 5607 In
757 5568 860 5620 qua
878 5559 1103 5620 Erigena
1119 5564 1329 5620 quoque
1344 5559 1459 5603 fuit.
1473 5559 1587 5603 για.
1605 5564 1723 5617 sup.
1739 5559 1841 5601 θοι.
1861 5559 1881 5598 1
1895 5585 1908 5606 ,
1928 5559 2037 5596 nor.
2054 5561 2100 5596 c.

589 5559 689 5695 ξω
707 5620 795 5695 Cf.
822 5621 964 5695 (fiat.
989 5622 1089 5675 litt.
1109 5621 1175 5676 de
1195 5622 1248 5676 la
1271 5619 1497 5683 France,
1525 5628 1656 5674 tom.
1685 5617 1746 5682 Υ,
1761 5631 1814 5684 p.
1840 5613 2100 5682 240seq.,

519 5706 576 5750 et
603 5691 695 5763 qui
719 5691 799 5763 ibi
830 5691 1116 5763 laudantur
1140 5701 1411 5763 auctores.

573 5754 667 5838 ,(ῤ)
705 5759 790 5818 Cf.
832 5761 1067 5818 Historia
1109 5761 1226 5830 ejus
1272 5760 1393 5815 Hib.
1423 5757 1542 5814 Vol.
1588 5757 1642 5823 l,
1671 5771 1790 5827 cap.
1830 5755 1912 5812 l5.
1942 5754 2098 5810 Vers.

2189 3296 2475 3351 DCCCLlll
2503 3296 2732 3366 Erigena
2755 3298 2867 3366 jam
2896 3295 3038 3350 fama
3059 3297 3192 3350 satis
3216 3310 3409 3366 magna
3432 3294 3727 3350 excellebat
3749 3313 3771 3345 ι

2193 3387 2466 3456 (vidimus,
2487 3389 2588 3442 hoc
2608 3389 2706 3458 ipsi
2719 3387 2831 3456 jam
2847 3388 3090 3458 pluribus
3102 3388 3259 3441 annis
3281 3396 3406 3441 ante
3427 3401 3550 3440 eum
3573 3402 3776 3442 annum

2194 3481 2514 3551 contigisse)
2545 3499 2558 3535 :
2593 3499 2611 3532 ι
2643 3481 2843 3549 scripta
2873 3478 2992 3548 ejus
3023 3479 3320 3549 iuvenilem
3363 3479 3574 3548 spirant
3611 3480 3776 3534 animi

2195 3573 2442 3628 ardorem
2499 3571 2647 3632 (talia
2694 3579 3009 3640 argumenta
3065 3569 3180 3638 jam
3242 3583 3339 3637 per
3390 3582 3448 3622 se
3491 3569 3776 3623 admodum

2197 3676 2318 3717 esse
2363 3660 2542 3716 solent
2569 3660 2816 3725 infirma;
2853 3667 3131 3728 praeterea
3152 3697 3168 3722 ,
3197 3657 3242 3712 si
3277 3655 3478 3711 Hockio
3514 3656 3576 3727 (Ι)
3605 3656 3778 3711 credi-

2195 3769 2347 3817 mus,
2382 3753 2562 3807 omnia
2609 3751 2714 3805 alia
2757 3750 3096 3820 invenimus)
3133 3767 3147 3802 :
3181 3750 3363 3818 itaque
3410 3750 3777 3810 confidenter,

2196 3848 2485 3919 Erigenam
2509 3847 2622 3910 illo,
2654 3847 2722 3900 de
2745 3860 2852 3914 quo
2882 3844 3140 3909 diximus,
3166 3853 3428 3912 tempore,
3463 3841 3778 3896 vicesimum

2197 3940 2445 4010 quintum
2475 3938 2618 3992 vitae
2648 3951 2848 3990 annum
2878 3935 3077 4004 egisse,
3101 3933 3268 3990 statui
3297 3941 3475 4004 potest
3503 3951 3548 3986 ι.

2818 4107 3046 4164 CAPUT
3093 4106 3158 4161 ll.

2203 4247 2349 4313 Quae
2389 4246 2442 4300 in
2480 4245 2684 4300 Joanne
2713 4239 2868 4313 Scoto
2906 4241 3100 4310 fuerint
3130 4237 3355 4313 eruditio
3378 4244 3529 4305 atque
3555 4231 3777 4296 litterae,

2674 4322 2720 4366 et
2745 4312 2882 4365 unde
2905 4309 2994 4364 eas
3021 4309 3323 4378 perceperit.

2274 4468 2804 4540 Recognoscentibus
2827 4466 2983 4520 nobis
3015 4463 3386 4519 tantummodo
3407 4475 3495 4526 ea,
3516 4473 3655 4526 quae
3669 4455 3782 4524 jam

2203 4562 2452 4632 proximo
2483 4560 2660 4628 capite
2690 4558 2756 4611 de
2790 4555 2954 4611 Scoto
2981 4557 3252 4625 disputata
3281 4559 3442 4611 suntr
3469 4555 3780 4617 promptum

2203 4651 2650 4720 propositumque
2679 4647 2785 4700 erit
2805 4686 2821 4710 ,
2851 4647 2994 4700 haud
3027 4645 3233 4716 vulgari
3281 4640 3429 4696 illum
3473 4636 3784 4701 hominem,

2204 4753 2344 4807 quae
2388 4736 2505 4805 ejus
2554 4737 2746 4789 aetatis
2795 4743 2877 4788 est
2921 4733 3093 4799 ratio,
3139 4732 3384 4787 doctrina
3429 4725 3785 4788 excelluisse,

2206 4838 2370 4896 atque
2403 4827 2538 4880 adeo
2571 4825 2712 4880 inter
2740 4824 2909 4893 ipsius
2938 4823 3226 4894 aequales,
3260 4821 3352 4891 qui
3386 4821 3490 4874 hac
3517 4818 3571 4872 iu
3597 4833 3656 4872 re
3685 4817 3788 4886 ipsi

2205 4925 2636 4988 compararetur,
2672 4916 2760 4971 vix
2790 4915 3071 4972 inventum
3107 4930 3229 4971 esse
3266 4925 3612 4983 quemquam.
3640 4908 3789 4975 Quae
3898 4967 3909 4978 _

2204 5050 2464 5109 German.
2499 5047 2618 5102 Vol.
2642 5048 2662 5103 l
2691 5047 2894 5120 p.335}.

2302 5122 2356 5190 It)
2396 5111 2708 5184 Cfg'l'hom.’
2733 5117 2885 5172 Gale.
2918 5117 2955 5170 1.
2987 5115 3024 5170 l.
3053 5115 3256 5170 testim.
3285 5128 3339 5183 p.
3382 5111 3437 5166 5.
3466 5111 3521 5166 7.

2505 5188 2720 5272 Caleni;
2754 5188 2790 5240 Ι.
2821 5202 2878 5255 p.
3006 5270 3015 5272 ξ
3119 5271 3128 5272 7
3178 5269 3200 5272 ﬂ
3288 5252 3358 5272 μ’
3415 5251 3434 5272 Ι
3487 5267 3515 5272 _

2280 5187 2348 5272 (si
2382 5190 2465 5243 cr.
2505 5189 2656 5272 dare.
2677 5188 2720 5268 .1.
2754 5188 2790 5240 ι.
2821 5202 2878 5255 p.
2909 5187 2961 5240 7.

2209 5259 2474 5386 ὼε,
2505 5258 2878 5386 gjulsillmrum,
2919 5270 3079 5325 quem
3109 5269 3230 5324 sup.
3277 5252 3382 5309 col.
3405 5251 3460 5317 4,
3487 5258 3603 5304 not.
3624 5263 3659 5317 ς
3679 5238 3794 5300 lano

2247 5349 2474 5388 avnnus,
2505 5349 2560 5388 ν.
2589 5349 2673 5382 ΙΙΙ.

2283 5400 2356 5469 (Ic)
2394 5400 2478 5453 Cf.
2508 5393 2922 5453 Staudenmaier
2959 5393 3082 5450 Joh.
3117 5393 3267 5450 Scot.
3298 5393 3528 5462 Erigena
3569 5393 3678 5442 und
3708 5393 3796 5441 die

2209 5467 2811 5547 yisscltschaft‘seiner
2839 5463 2976 5547 Zeit.
3002 5465 3190 5547 lirster
3209 5463 3383 5547 :fbcil.
3415 5456 3709 5547 ranblygt

2209 5541 2280 5596 Μ.
2313 5537 2447 5594 1854
2475 5553 2528 5607 p.
2579 5537 2682 5592 126
2711 5552 2850 5605 seq.,
2882 5537 2971 5591 ubi
3003 5545 3182 5590 tamen
3214 5533 3398 5608 iniqua
3427 5546 3552 5608 pag.
3581 5525 3704 5590 126,
3735 5531 3798 5608 ut

2207 5626 2277 5666 ex
2311 5611 2395 5674 iis,
2419 5599 2572 5687 quae
2577 5599 2904 5687 sequuntur,
2934 5615 3100 5676 patet,
3125 5618 3224 5674 pro
3245 5602 3352 5657 853
3378 5599 3638 5656 mendose
3660 5599 3798 5651 scri-

2205 5690 2364 5752 ptum
2391 5676 2475 5735 est
2505 5676 2629 5732 858.

2275 5750 2338 5823 (Ι)
2376 5748 2459 5806 Cf.
2493 5747 2690 5803 librum
2717 5747 2822 5805 col.
2853 5747 2908 5814 6,
2934 5755 3046 5802 not.
3067 5761 3102 5817 g
3129 5741 3274 5796 laud.

3499 5405 3528 5442 a
3569 5387 3678 5442 und
3708 5384 3796 5441 die
