4152 6276
385 444 422 502 9
1216 441 1302 497 DE
1345 442 1500 499 Vl'l‘A
1536 443 1626 498 ET
1665 433 2075 497 PRECEPTIS
2103 435 2156 491 J.
2194 435 2411 492 SCOTl.
2452 467 2520 480 -
2559 436 2740 492 PARS
2777 435 2817 491 1.
3599 429 3673 490 ιο

389 555 549 612 Secti
575 553 820 612 doctrina
843 553 932 608 hic
957 553 1116 622 paulo
1141 556 1452 610 accuratius
1473 563 1557 610 est
1582 549 1974 625 persequenda.
2001 549 2055 610 Α
2078 550 2228 604 locos
2253 549 2492 619 ablegari
2541 550 2830 620 possimus.
2869 547 2932 602 lli
2963 561 3092 602 vero
3125 546 3252 613 loci,
3294 562 3455 617 quam
3478 563 3672 618 parum

393 645 583 701 Semel
613 655 788 716 tamen
818 653 980 712 atque
1003 644 1257 700 universe
1287 644 1360 699 ita
1387 646 1654 699 monitum
1689 657 1812 698 esse
1830 639 1983 694 volu-

297 768 308 772 ν
396 752 550 794 mus.
594 733 853 804 quidquid
900 733 1003 787 hoc
1043 731 1164 788 loco
1209 735 1309 804 ipsi
1350 735 1524 790 laudis
1572 735 1863 797 tribuatur,
1897 731 1981 796 id,

400 825 502 880 nisi
516 825 629 894 ejus
645 824 840 879 aetatis
862 821 987 878 balii
998 833 1050 878 ta
1071 824 1298 888 ratione,
1319 825 1417 894 ipsi
1443 825 1706 880 tributum
1721 840 1826 878 non
1841 839 1980 879 esse.

463 915 706 970 Primum
757 915 927 986 igitur
964 915 1100 970 satis
1145 930 1396 986 magnam
1435 916 1493 970 in
1527 929 1591 970 eo
1628 914 1988 984 deprehendi-

393 1018 514 1057 mus
535 1004 830 1058 latinarum
871 1003 1172 1058 litterarum
1197 1004 1584 1074 cognitionem.
1618 1002 1985 1058 LaudatBoe—

401 1094 600 1160 thium,
632 1093 890 1159 Piinium,
919 1094 1224 1165 Virgilium,
1257 1095 1601 1162 Ciceronem,
1645 1097 1814 1162 alios;
1849 1112 1987 1166 quos

398 1199 658 1255 magnam
686 1193 904 1254 partem
957 1184 1070 1253 ipse
1103 1183 1233 1254 legit
1260 1184 1359 1257 (τι).
1388 1185 1626 1240 Plurima
1655 1186 1816 1240 latine
1851 1185 1988 1240 scri-

394 1278 552 1352 psit,
608 1275 835 1346 ejusque
883 1277 1061 1330 oratio
1107 1285 1214 1330 tam
1261 1279 1469 1346 poetica
1499 1293 1662 1346 quam
1700 1293 1859 1347 prosa
1905 1284 1989 1332 est

397 1369 718 1441 perspicua,
749 1365 908 1436 plena
929 1407 942 1427 ,
976 1364 1088 1420 fere
1119 1365 1354 1435 elegans.
1390 1366 1506 1432 Quo
1543 1366 1740 1420 factum
1773 1375 1892 1430 est,
1929 1373 1991 1420 ut

400 1460 540 1514 adeo
565 1456 931 1527 Chrysostomi
957 1471 1082 1509 eum
1109 1457 1428 1523 cognomine
1456 1456 1863 1510 honestaverint
1891 1455 1986 1526 (ὁ).

400 1551 606 1606 Deinde
634 1551 821 1615 etiam,
854 1549 906 1604 id
938 1551 1080 1618 quod
1111 1559 1261 1604 certe
1283 1551 1656 1606 admirandum
1683 1559 1788 1616 est,
1828 1566 1989 1620 grae-

401 1655 500 1696 cae
550 1641 764 1708 linguae
805 1639 1088 1694 scientiam
1125 1639 1229 1693 sibi
1267 1647 1712 1708 comparaverat;
1739 1655 1841 1694 nec
1871 1654 1990 1694 eam

397 1729 750 1784 mediocrem.
790 1726 888 1782 Est
929 1726 1149 1796 quidem
1175 1768 1191 1793 ,
1243 1736 1304 1782 ut
1344 1743 1411 1782 ex
1459 1729 1699 1798 antiquis
1731 1728 1993 1784 Graeciae

394 1815 760 1886 scriptoribus
809 1815 1054 1870 classicis
1100 1815 1189 1869 vix
1244 1815 1414 1870 ullum
1455 1817 1651 1888 legisse
1697 1818 1987 1872 videatur:

2086 643 2339 714 ponderis
2369 643 2473 698 soli
2498 658 2596 711 per
2629 657 2688 696 se
2725 640 2990 706 habeant,
3035 641 3154 695 luce
3201 647 3289 695 est
3334 640 3536 695 clarius
3584 643 3669 710 (ὅ).

2087 731 2198 787 Nec
2237 733 2432 786 desunt
2470 731 2560 786 alii
2596 731 2721 795 loci,
2749 730 2850 785 ubi
2896 729 3129 800 Erigena
3175 728 3495 784 manifestos
3527 729 3674 784 LXX.

2085 823 2446 892 interpretum
2461 833 2518 877 et
2537 822 2786 892 vulgatae
2810 822 3075 876 versionis
3114 835 3332 875 errores
3368 819 3669 890 amplexus,

2095 934 2114 967 ι
2140 915 2208 970 de
2231 914 2481 970 bebraica
2517 915 2743 969 veritate
2779 933 2796 964 ι
2837 913 2970 967 nihil
2991 912 3194 981 cogitat
3218 910 3318 984 (ι’).
3345 911 3507 965 Libro
3535 909 3578 963 V
3607 909 3681 965 de

2088 1006 2207 1062 Div.
2238 1004 2358 1059 Nat.
2388 1021 2506 1074 cap.
2531 1003 2690 1058 58ita
2723 1003 2914 1060 scribit
2941 1020 2995 1058 ι(
3015 1000 3276 1074 Jcsaphat
3312 1001 3673 1072 compositum

2088 1104 2173 1152 est
2203 1110 2268 1150 ex
2298 1099 2392 1152 ἰαὼ
2419 1105 2474 1149 et
2504 1094 2698 1167 (Σαφάτ.
2723 1095 2790 1149 Ει
2819 1099 2913 1150 ῖαὼ
2943 1093 3163 1164 quidem
3194 1093 3388 1147 multas
3411 1093 3678 1159 interpre-

2091 1189 2324 1244 tationes
2351 1186 2543 1252 habet;
2577 1187 2966 1256 interpretatur
2988 1185 3134 1240 enim
3164 1183 3412 1247 visibilis,
3445 1191 3537 1236 aut
3565 1181 3676 1236 Do-

2091 1279 2294 1343 minus,
2325 1287 2419 1332 aut
2448 1277 2638 1346 gloria,
2666 1285 2758 1331 aut
2785 1275 3048 1340 existens,
3086 1283 3181 1329 aut
3207 1282 3344 1336 erat,
3373 1279 3469 1326 aut
3495 1279 3600 1335 est,
3623 1279 3679 1326 et

2091 1369 2307 1424 futurus
2356 1377 2475 1432 est;
2518 1366 2695 1438 (Σαφάτ-
2742 1375 2921 1424 autem
2973 1365 3202 1420 vertitur
3243 1364 3293 1417 in
3333 1362 3617 1431 judicium.
3653 1381 3686 1414 ο-

2091 1459 2246 1527 Quod
2281 1467 2430 1513 certe
2460 1459 2758 1526 scripturus
2788 1471 2893 1511 non
2923 1455 3121 1520 fuerat,
3158 1454 3203 1509 si
3235 1469 3340 1507 non
3371 1468 3440 1506 ex
3467 1451 3679 1507 Graeco

2093 1550 2276 1620 aliquo
2300 1549 2562 1604 Hebraica
2599 1563 2694 1603 sua
2733 1547 3059 1612 sustulisset,
3089 1547 3184 1602 sed
3218 1546 3334 1615 ipse
3362 1544 3676 1599 hebraicum

2092 1655 2373 1696 sacrorum
2408 1639 2698 1694 bibliorum
2726 1638 2968 1694 codicem
2995 1637 3286 1692 evolvisset
3322 1634 3415 1706 (lt).
3447 1634 3563 1689 Huc
3587 1649 3679 1690 ac-

2094 1731 2254 1795 cedit,
2287 1731 2430 1801 quod
2479 1730 2592 1800 ipse
2624 1730 2690 1784 de
2723 1728 2880 1784 divis.
2931 1727 3054 1782 Nat.
3095 1725 3161 1793 V,
3194 1726 3229 1780 2
3266 1726 3431 1788 med.,
3464 1725 3555 1779 ubi
3591 1725 3676 1778 in-

2096 1822 2537 1894 terpretationem
2569 1820 2804 1875 nominis
2842 1838 2860 1872 ι
2881 1818 3176 1874 Cberubim
3205 1837 3222 1868 ι
3258 1815 3531 1886 proponit,
3559 1813 3676 1884 ejus

395 1917 586 1955 verum
628 1902 772 1955 inter
817 1899 1012 1956 Patres
1054 1900 1364 1967 Ecclesiae,
1409 1918 1548 1973 quos
1577 1911 1804 1966 vocant,
1837 1903 1989 1972 longe

2096 1915 2562 1986 interpretationis
2605 1923 2856 1969 auctores
2896 1912 3082 1966 laudat
3124 1908 3678 1978 Pseudo-Dionysium

391 1992 592 2047 melius
617 1992 768 2046 novit
808 2006 1033 2062 graecos
1061 2007 1221 2061 quam
1249 1992 1466 2048 latinos.
1499 1993 1621 2048 Illos
1650 1993 1843 2048 saltem
1871 2007 1992 2048 sae-

388 2083 619 2154 pissime
649 2093 814 2139 testes
837 2081 1060 2152 profert,
1097 2081 1216 2138 illos
1241 2083 1476 2154 plurima
1509 2084 1668 2140 laude
1698 2085 1990 2155 prosequi-

392 2188 486 2232 tur
507 2176 601 2247 (c).
634 2176 868 2245 Scriptis
905 2176 1039 2240 suis,
1070 2176 1362 2246 praecipue
1383 2193 1524 2246 quae
1552 2186 1678 2232 sunt
1702 2178 1769 2232 de
1791 2191 1994 2248 genere

393 2268 642 2337 poetico,
688 2266 856 2320 multa
895 2265 1085 2321 Graeca
1125 2267 1385 2332 inseruit;
1420 2267 1474 2322 in
1504 2269 1845 2323 carminibus
1877 2266 1993 2334 ejus

397 2357 595 2428 integri
629 2373 821 2412 versus
861 2357 1042 2427 graeci
1091 2359 1434 2427 reperiuntur
1469 2358 1546 2429 (ά)
1581 2359 1632 2411 ⁸⁸.
1685 2357 1992 2413 Nonnullos

403 2461 622 2514 quoque
647 2445 1129 2516 Pseudo-Dionysii
1159 2446 1518 2518 Areopagitae
1545 2447 1710 2502 libros
1733 2455 1790 2501 et
1821 2445 1994 2501 Scho-

404 2534 480 2589 lia
505 2533 723 2589 Maximi
746 2535 1022 2602 cujusdam
1041 2575 1056 2599 ,
1086 2549 1221 2604 quae
1245 2545 1302 2590 et
1343 2538 1460 2605 ipsa
1496 2538 1775 2593 subdititia
1805 2538 1996 2594 dicun-

408 2630 520 2688 tur,
557 2637 684 2694 rege
713 2621 909 2677 Carolo
935 2621 1100 2677 Calvo
1127 2624 1436 2692 postulante
1465 2625 1534 2695 te)
1571 2640 1602 2680 e
1641 2640 1839 2695 graeco
1880 2641 1994 2682 ser-

405 2727 571 2768 mone
597 2713 652 2766 ia
679 2712 912 2766 latinum
942 2713 1230 2767 convertit.

469 2799 627 2866 Quod
656 2815 790 2856 vero
833 2800 1078 2866 fuerunt,
1108 2801 1198 2872 qui
1236 2800 1326 2858 vel
1367 2802 1626 2858 hebraiee
1689 2812 1746 2858 et
1785 2805 1994 2876 syriaco

404 2891 694 2962 Erigenam
731 2891 958 2946 selvisse
995 2893 1409 2961 suspicarentur
1441 2894 1542 2963 (ι’),
1570 2910 1662 2950 eos
1694 2906 1842 2951 certe
1875 2897 1992 2966 opi-

406 2983 498 3037 nio
518 2982 712 3036 fefellit
736 2997 751 3036 :
785 2983 923 3038 satis
947 2983 1095 3038 enim
1116 2994 1366 3053 apertum
1390 2995 1496 3053 est,
1519 2988 1618 3042 nisi
1640 2989 1988 3058 paucissima,

412 3086 516 3126 nec
544 3086 607 3124 ea
643 3079 757 3124 tam
807 3071 1065 3126 hebraica
1098 3082 1192 3127 aut
1225 3074 1435 3144 syriaea
1457 3115 1472 3140 ,
1508 3091 1664 3144 quam
1701 3091 1866 3148 super
1897 3078 1995 3132 be-

418 3159 625 3214 braicis
663 3169 716 3213 et
741 3160 990 3229 syriacis,
1019 3161 1192 3230 ipsum
1219 3179 1327 3218 non
1359 3165 1608 3220 tenuisse.
1637 3167 1757 3222 Uno
1781 3177 1993 3222 tantum

2091 2007 2472 2077 Areopagitam
2507 2013 2559 2060 et
2602 2004 2984 2074 Epiphanium,
3022 2000 3175 2072 cuius
3201 2001 3400 2056 librum
3433 2018 3453 2050 ι
3481 1998 3548 2054 de
3570 1998 3679 2054 He-

2091 2096 2294 2152 braicis
2335 2094 2656 2150 Nominibus
2683 2113 2701 2146 ›
2730 2095 2883 2150 citat.
3387 2122 3390 2124 η
3583 2097 3585 2099 ’

2093 2198 2096 2202 '
2164 2184 2305 2240 Cave
2332 2193 2509 2240 tamen
2537 2183 2756 2249 credas,
2788 2197 2886 2238 nos
2906 2182 3011 2236 hac
3054 2179 3417 2251 disputatione
3439 2179 3507 2235 de
3530 2178 3680 2235 Secti

2093 2276 2254 2331 laude
2301 2274 2594 2344 quidquam
2643 2273 2944 2329 detractum
2989 2271 3146 2328 velle.
3170 2269 3369 2326 Verum
3412 2284 3590 2341 neque
3626 2269 3679 2322 in

2094 2365 2386 2420 virtutibus
2413 2365 2495 2420 eis
2533 2363 2951 2419 commemorari
2982 2361 3270 2427 voluimus,
3290 2375 3431 2430 quae
3457 2374 3564 2414 non
3595 2373 3682 2414 es—

2094 2463 2233 2522 sent,
2266 2462 2322 2512 et
2351 2455 2499 2510 brevi
2530 2455 2754 2524 patebit,
2782 2468 2944 2523 quam
2977 2453 3110 2508 haec
3135 2453 3250 2523 ipsa
3279 2450 3574 2521 disputatio
3612 2450 3682 2506 ad

2095 2547 2256 2602 aliam
2286 2547 2352 2602 de
2378 2546 2541 2602 Scuto
2568 2545 2940 2616 quaestionem
2961 2541 3358 2612 dijudicandam
3383 2540 3680 2611 pertineat.

2165 2638 2434 2707 Quidquid
2457 2636 2606 2713 εφοιί
2639 2636 2971 2706 temporibus
2997 2642 3215 2706 praeter
3243 2647 3435 2687 sacras
3466 2631 3680 2684 litteras

2095 2729 2149 2784 in
2181 2728 2383 2785 scholis
2409 2729 2726 2792 docebatur,
2759 2725 3062 2782 liberalium
3099 2724 3294 2779 artium
3341 2723 3455 2778 fere
3486 2721 3684 2777 finibus

2093 2821 2572 2889 circumscriptum
2606 2829 2741 2874 erat.
2785 2817 2975 2887 Neque
3002 2818 3144 2872 inter
3171 2815 3288 2884 ejus
3322 2814 3574 2884 aequales
3603 2815 3682 2867 in-

2093 2919 2287 2965 ventus
2329 2919 2436 2976 est,
2475 2909 2568 2980 qui
2607 2909 2802 2964 harum
2847 2909 3048 2962 artium
3089 2906 3202 2960 fere
3242 2906 3376 2959 fines
3414 2905 3555 2959 ultra
3595 2920 3712 2970 ea“

2094 3017 2234 3071 quae
2261 3009 2372 3054 tum
2404 3000 2456 3053 in
2485 3000 2762 3054 hominum
2795 2997 3046 3052 manibus
3087 3011 3209 3050 esse
3236 2994 3504 3059 solebant,
3535 3010 3683 3049 com.

2095 3090 2312 3162 pendia,
2341 3090 2448 3145 ullo
2477 3091 2634 3145 modo
2661 3089 2951 3160 proferret.
2980 3086 3110 3142 lure
3137 3086 3300 3158 igitur
3317 3086 3430 3156 jam
3457 3085 3684 3140 laudano

2097 3184 2200 3237 dus
2241 3190 2327 3236 est
2363 3177 2618 3246 Joannes,
2649 3180 2741 3251 qui
2780 3187 2984 3234 tantam
3021 3192 3146 3232 cum
3195 3177 3344 3232 bisce
3375 3174 3530 3230 libris
3550 3190 3686 3230 con-

411 3248 534 3351 loco
559 3248 633 3321 (g)
656 3250 872 3352 syriaci
904 3253 1165 3352 quaedam
1193 3252 1370 3318 affert,
1402 3257 1495 3310 sed
1526 3258 1623 3322 ita,
1669 3265 1730 3310 ut
1767 3258 1883 3328 ipse
1911 3259 1989 3313 in-

2102 3271 2332 3326 traxisse
2387 3270 2636 3326 videatur
2688 3269 3138 3335 familiaritatem.
3177 3275 3234 3323 ut
3271 3267 3493 3322 omnino
3533 3267 3586 3321 in
3613 3266 3683 3321 iis

408 3339 571 3404 dicet,
598 3355 720 3395 sese
745 3338 802 3393 S.
830 3338 1030 3396 Basilio
1047 3352 1109 3394 ea
1132 3343 1344 3399 debere.
1372 3344 1765 3402 llebraicorum
1779 3348 1989 3417 saepiu

2101 3360 2445 3416 habitaverit.
2482 3359 2640 3416 Certe
2667 3359 2812 3414 enim
2837 3399 2852 3426 ,
2875 3359 2975 3414 etsi
3013 3358 3131 3413 illos
3159 3357 3327 3413 libros
3354 3372 3684 3414 non.omnes

404 3431 623 3500 quidem
648 3432 978 3488 mentionem
1003 3434 1153 3502 facit,
1178 3451 1280 3491 nec
1314 3445 1494 3492 tamen
1522 3438 1772 3506 doctius;
1799 3441 1998 3511 quippe

401 3535 546 3592 quae
575 3530 630 3575 et
669 3521 784 3590 ipsa
814 3524 927 3578 suis
951 3525 1125 3581 oculis
1161 3527 1384 3582 minime
1414 3527 1727 3598 inspexerit.
1760 3529 1995 3601 Ablega-

403 3626 529 3690 mur
559 3612 638 3683 (It)
684 3614 753 3666 ad
783 3612 958 3668 locum
988 3615 1045 3669 in
1090 3615 1227 3672 libro
1255 3617 1330 3682 ll,
1362 3633 1482 3689 cap.
1522 3619 1594 3674 20
1623 3621 1690 3674 de
1729 3619 1997 3677 divisione

403 3701 662 3768 Naturae,
693 3703 783 3758 ubi
812 3703 1010 3774 legitur
1041 3723 1055 3759 :
1095 3724 1114 3757 ι
1153 3715 1295 3761 terra
1325 3717 1505 3764 autem
1554 3718 1673 3764 erat
1711 3710 1998 3767 invisibilis

403 3805 461 3851 et
485 3797 842 3866 incomposita
870 3815 916 3864 ις
944 3799 1024 3854 sic
1046 3799 1436 3856 transtulerunt
1463 3800 1606 3856 LXX
1631 3802 1991 3872 lnterpretes;

407 3902 502 3943 seu
541 3889 838 3943 secundum
875 3889 1183 3945 hebraicam
1235 3891 1546 3958 veritatem,
1581 3909 1602 3943 ι
1637 3903 1782 3948 terra
1813 3903 1994 3949 autem

407 3987 532 4034 erat
557 3979 732 4034 inanis
769 3988 826 4034 et
851 3993 1021 4035 vacua
1043 3999 1091 4034 ›.
1123 3981 1326 4037 Eodem
1344 3981 1470 4052 jure
1509 3984 1572 4039 ad
1604 3985 1788 4054 plures
1827 3986 1992 4040 etiam

477 4132 554 4202 (α)
590 4131 672 4205 Cf.
701 4132 766 4188 de
791 4133 899 4205 div.
929 4132 1051 4188 Nat.
1078 4151 1117 4199 ι,
1149 4134 1252 4201 56;
1285 4151 1367 4200 ιιι,
1411 4136 1508 4201 ll;
1543 4153 1625 4201 tv,
1659 4138 1720 4205 7;
1771 4155 1853 4204 Ill,
1893 4142 1994 4202 54-

403 4201 508 4277 §6;
533 4218 572 4267 ι,
606 4202 708 4277 l6;
740 4218 779 4267 t,
812 4203 919 4277 33;
949 4219 1012 4268 ll,
1044 4205 1142 4268 i7;
1170 4221 1254 4271 tu,
1285 4205 1386 4274 55;
1419 4222 1457 4274 ι,
1487 4207 1576 4273 45,
1613 4201 1905 4277 45,8,1'0,
1936 4213 1990 4277 7,

403 4271 474 4327 59
492 4281 629 4342 cet._
645 4271 721 4342 De
740 4275 1018 4342 praedest.
1042 4290 1195 4328 xvm.

409 4425 449 4478 Ρ
480 4341 574 4463 (2;,
594 4339 679 4395 Cf.
727 4339 1232 4399 Staudcnmaierum
1289 4361 1344 4418 p.
1394 4346 1538 4414 206,
1584 4347 1737 4404 Gale.
1786 4350 1987 4406 testim.

410 4548 424 4565 !
474 4478 556 4565 (ε)
594 4478 870 4565 Platonem
907 4486 1126 4565 saepius
1154 4485 1319 4565 citat}
1352 4501 1453 4565 nec
1479 4489 1797 4565 tamenejus
1823 4489 1992 4546 libros

407 4551 526 4618 ipse
561 4551 776 4627 videtur
804 4551 1148 4627 excussisse:
1174 4551 1248 4610 cf.
1271 4555 1338 4627 de
1366 4557 1474 4610 div.
1503 4573 1585 4620 Ill,
1607 4551 1783 4613 56.Ἐὶ
1807 4575 1989 4627 quem-

2099 3451 2349 3506 omnibus
2398 3450 2531 3505 locis
2571 3451 2834 3513 nominat,
2889 3463 2997 3515 res,
3023 3463 3158 3519 quas
3201 3448 3498 3514 continent,
3548 3449 3684 3504 satis

2097 3538 2201 3596 sibi
2244 3539 2492 3611 cognitas
2535 3540 2722 3604 fuisse,
2767 3539 2964 3610 ubique
3007 3539 3229 3608 scriptis
3264 3539 3383 3595 suis
3417 3538 3679 3594 declarat.

2098 3632 2264 3703 Cujus
2292 3632 2370 3687 rei
2393 3639 2710 3702 argumento
2757 3630 3001 3701 singulos
3023 3630 3170 3686 locos
3199 3629 3434 3700 allegare
3462 3629 3684 3700 longum

2097 3732 2199 3787 est,
2230 3738 2404 3792 neque
2445 3722 2811 3777 necessarium
2854 3723 3185 3778 arbitramur
3214 3721 3298 3793 (ι).
3340 3720 3474 3775 Nam
3516 3737 3686 3791 supra

2092 3813 2206 3885 jam
2239 3813 2772 3870 Malmesburiensem
2801 3813 3128 3880 audivimus,
3159 3827 3282 3868 cum
3310 3811 3385 3868 ita
3406 3823 3680 3877 narraret,

2096 3903 2348 3960 Carolum
2381 3904 2602 3961 Calvum
2634 3923 2653 3957 σ
2679 3905 2938 3963 miraculo
2980 3905 3239 3960 scientiae
3274 3924 3332 3973 ι,
3359 3921 3463 3976 qua
3490 3905 3682 3962 fuisset

2098 3994 2318 4064 Scotus,
2348 4004 2585 4069 captum,
2624 3997 2680 4052 in
2707 3995 3153 4054 ornuibusrebus
3181 3995 3231 4051 ei
3263 3997 3555 4068 plurimum
3595 3997 3678 4050 in-

2097 4145 2239 4271 ﬁniti;
2265 4157 2446 4204 autem
2484 4147 2687 4220 Hegelii
2726 4150 2793 4206 de
2833 4147 2996 4208 Scuto
3027 4156 3107 4204 tot
3129 4146 3252 4207 fere
3276 4161 3510 4216 errores,
3548 4158 3688 4220 quot.

2134 4233 2183 4271 te
2250 4255 2263 4269 .

2134 4233 2239 4272 lCla
2250 4255 2263 4269 .

2168 4286 2244 4356 (9)
2270 4285 2353 4356 (ΞΕ
2472 4286 2581 4340 div.
2609 4286 2734 4356 _Nat.
2763 4286 2835 4350 11,-
2853 4286 3042 4341 19-20:

2191 4353 2246 4425 ἦ)
2278 4353 2361 4425 cr.
2396 4354 2568 4425 Hiort.
2608 4354 2717 4412 1.1.,

2191 4360 2246 4425 ἡ)
2278 4360 2361 4408 cr.
2396 4360 2568 4409 Hiort.
2608 4360 2717 4412 1.1.

2165 4360 2229 4498 2i)
2281 4423 2364 4498 Cf.
2395 4423 2819 4498 Staudenmaier,
2844 4438 2901 4498 p._
2924 4422 3030 4478 206
3070 4434 3224 4498 seqq.
3263 4431 3379 4475 not.
3416 4422 3475 4498 5ἶ
3502 4424 3684 4498 Atque

2093 4491 2314 4564 ea'i’psa
2353 4495 2554 4550 locutio
2591 4513 2604 4548 :
2643 4513 2662 4546 ι
2708 4491 2971 4550 Hebraica
3000 4491 3200 4547 veritas
3239 4511 3258 4545 ι
3290 4491 3478 4562 procul
3513 4491 3678 4548 dubio

2094 4569 2163 4622 ad
2213 4565 2272 4621 S.
2326 4564 2649 4635 Hieronymi
2686 4565 2991 4620 versionem
3041 4571 3295 4632 spectat;
3328 4559 3488 4634 hujus
3533 4565 3681 4620 enim

405 4635 569 4700 quam
592 4659 607 4682 ,
654 4620 995 4700 Aristotelem
1037 4625 1151 4700 suis
1190 4625 1361 4680 oculis
1387 4627 1636 4700 _viderit;
1669 4627 1744 4700 cf.
1789 4620 1986 4700 R'oger.
2020 4631 2068 4690 D
2097 4620 2240 4692 illud
2263 4651 2459 4690 nomen
2491 4620 2612 4690 fuit.

402 4687 573 4768 §aco._
617 4691 757 4768 apud
804 4689 1001 4768 “food.
1044 4692 1254 4768 Hister.
1308 4695 1457 4768 univ.
1485 4687 1682 4768 Oxon.
1730 4697 1768 4761 l,
1809 4687 1982 4768 p.15.

404 4757 700 4834 Einded.
725 4761 791 4814 de
811 4761 921 4834 div.
951 4761 1074 4816 Nat.
1101 4779 1162 4828 rt,
1193 4765 1295 4830 29;
1329 4781 1410 4827 ut,
1433 4766 1524 4830 2|,
1547 4768 1636 4830 26,
1663 4757 1870 4829 27,731).
1895 4769 1984 4834 52,

403 4827 506 4905 ﬁt,
560 4828 664 4894 54;
713 4845 798 4894 tv,
845 4830 952 4895 16;
1009 4848 1084 4900 tv,
1137 4835 1200 4900 1;
1250 4827 1313 4900 tt,
1361 4835 1464 4901 28;
1512 4827 1682 4903 iv,3;
1724 4827 1778 4904 v,
1812 4827 1984 4905 25H,

403 4898 492 4962 10,
525 4907 631 4952 cet.
667 4908 775 4954 cet.

497 4967 660 5044 d)_Cf.
681 4969 1135 5044 edit.§e_hlueteri
1161 4989 1212 5044 p.
1247 4973 1373 5039 597,
1402 4973 1526 5040 601,
1559 4974 1684 5041 602,
1704 4977 1832 5042 603,
1858 4977 1984 5041 604,

512 5032 1146 5117 .'(-A_r_tgel.oﬁbla.i_.plass.‘
1161 5032 1322 5100 Ἁιωι.
1362 5032 1592 5117 ιοιιι.’Ϋ,
1621 5032 1831 5117 ηξιίὸιξ

557 5105 690 5181 ᾹᾹΙᾸ
723 5107 852 5181 442,
879 5109 1204 5181 έῦολίηῐιοα
1260 5129 1502 5181 carmen,
1543 5105 1708 5171 “TV.
1757 5105 1844 5172 Vl.
1882 5105 1988 5172 νιιζ

403 5175 537 5250 Vill.
567 5177 848 5250 dirimatis.
879 5176 1054 5250 ῌάίι.)

487 5246 548 5306 [ei
582 5246 663 5300 Cl'.
695 5247 835 5301 infra
868 5247 1000 5306 Cat).
1030 5246 1117 5306 lll.

475 5257 548 5386 δὲ
1161 5321 1418 5401 Erige-na,
1442 5327 1575 5401 oder
1602 5341 1704 5382 von
1739 5326 1867 5401 dem
1888 5327 1991 5384 Ur-

399 5400 606 5467 sprung
653 5390 1218 5467 einernchristlichen
1251 5390 1772 5467 Philosophiedund‘
1811 5397 1998 5453 ihrem.

398 5455 632 5538 beyigen
671 5455 857 5538 ﬁeruf.
905 5457 1021 5538 Xon
1053 5462 1344 5538 pr:_Peter
1380 5455 1553 5538 Hiort.
1580 5465 1988 5538 fKoppeuhagen

578 5542 632 5597 p.
659 5526 733 5581 44
900 5527 1116 5606 liegel’s
1141 5531 1350 5590 Vorles.
1375 5537 1621 5606 uberidie
1652 5524 1847 5594 Gesch.
1883 5524 1988 5593 der

392 5542 538 5650 ἓξ.)
578 5542 632 5597 p.
659 5542 733 5581 44
903 5542 1116 5600 ueget's
1147 5542 1350 5616 Vorl'es.
1375 5542 1512 5591 uber
1537 5542 1621 5590 die
1652 5542 1847 5594 Gesch.
1893 5542 1984 5593 der

478 5596 596 5653 llos.
627 5607 762 5654 tom.
792 5596 838 5652 ll
893 5599 1086 5671 (opera
1132 5617 1316 5662 omnia
1345 5605 1464 5662 Vol.
1489 5605 1607 5677 XV)
1634 5622 1689 5677 p.
1729 5607 1984 5664 160-161.

460 5750 492 5783 "
535 5751 727 5827 immo;
753 5749 989 5827 integra
1021 5759 1263 5813 carmina
1300 5758 1505 5815 Graeca
1543 5762 1868 5827 composuit,
1903 5762 1986 5817 in-

391 5831 599 5893 compta
631 5821 862 5894 «pridem
882 5821 946 5880 et
980 5826 1222 5896 horrida,
1258 5845 1360 5886 nec
1402 5830 1458 5886 in
1491 5821 1777 5889 Franciam
1804 5821 1983 5890 Caroli

2166 4707 2241 4777 (ί)
2298 4705 2584 4777 Vclut__de
2629 4703 3022 4777 div._Nat._Jl,
3052 4703 3144 4777 29,
3196 4705 3295 4762 ubi
3321 4705 3497 4763 locum
3528 4707 3680 4764 illum

2096 4773 2289 4847 psalm.
2334 4791 2420 4848 sic
2453 4773 2633 4844 (Vulg.
2663 4774 2774 4843 cur)
2803 4789 2857 4829 v.
2888 4774 2922 4829 '5
2942 4775 3183 4831 omnino
3211 4791 3497 4848 perperam
3553 4794 3683 4835 con-

2096 4845 2311 4901 versum
2336 4845 2517 4898 habet.

2168 4914 2248 4986 (k)_
2273 4913 2701 4986 Saltem-enim,
2741 4914 3067 4986 opinamur,
3103 4914 3427 4972 Hebraicum
3481 4933 3678 4974 nomen

2339 4981 2793 5054 (laboscliaphatf
2817 4999 2924 5039 non
2967 4985 3275 5056 scripsisset
3309 4986 3590 5059 losapliat,
3623 4999 3682 5043 ut

2093 5089 2338 5153 Graecis,
2359 5089 2558 5164 quippe
2593 5090 2787 5160 quibus
2824 5090 3004 5147 littera
3036 5093 3071 5146 Ιι
3104 5093 3263 5160 desit,
3293 5101 3351 5150 et
3390 5093 3516 5149 inde
3551 5091 3679 5164 Vul-

2095 5170 2274 5231 gatae,
2303 5163 2879 5242 quam-vocantninps
2915 5172 3031 5242 est;
3074 5181 3251 5234 neque
3291 5164 3539 5242 solvisset
3576 5163 3682 5242 h'oe

2093 5229 2290 5304 nomen
2321 5229 2373 5304 in
2414 5234 2513 5304 (ad!
2538 5231 2701 5304 (quod
2731 5229 3055 5304 Hebraicum
3106 5229 3212 5288 non
3255 5235 3362 5304 est)
3386 5241 3454 5304 et
3485 5231 3674 5299 ικφάτ,

2092 5301 2187 5356 sed
2213 5300 2266 5354 in
2448 5299 2614 5371 (lc/to
2644 5299 2823 5373 [vah])
2850 5311 2904 5357 et
2936 5307 3078 5387 ωξιῤ
3107 5300 3424 5373 (scliapltat).

2167 5406 2230 5477 (Ι)
2269 5403 2371 5470 Qui
2405 5415 2590 5477 tamen
2633 5406 2876 5477 singulos
2914 5407 3061 5477 locos
3117 5401 3673 5477 inspicereyolnerit,

2097 5471 2255 5531 adeat
2283 5477 2350 5530 de
2383 5476 2494 5530 div.
2525 5476 2643 5531 Nat.
2676 5471 2839 5541 l,"l6,
2869 5477 2964 5541 22,
2990 5471 3215 5543 29,7752.
3245 5471 3334 5538 33,
3362 5471 3554 5538 59,46,
3581 5475 3671 5543 55;

2092 5545 2194 5685 ita!"
2214 5547 2413 5672 δί
2445 5547 2508 5615 4;
2546 5547 2834 5616 praecipue
2861 5545 2948 5612 ιιι,
2999 5541 3165 5598 54-56
3212 5551 3268 5597 et
3305 5543 3374 5600 de
3397 5541 3669 5616 praedest.

2090 5764 2240 5821 Calvi
2276 5778 2392 5820 aevo
2422 5764 2687 5836 migrasse
2710 5760 2953 5836 Athenas
2980 5765 3252 5829 testantia,
3284 5779 3424 5836 quae
3452 5761 3590 5822 infra
3638 5775 3668 5811 τι

2091 5836 2247 5892 nobis
2264 5836 2409 5892 edita
2437 5834 2707 5906 leguntur.
2747 5834 3014 5893 Amunv.
3047 5837 3206 5895 Eon.
