4152 6276
516 400 578 454 11
1661 390 1747 444 ne
1779 389 1828 445 1.
1867 388 2088 444 scoro
2112 382 2650 446 'COMMENTATIO.
3726 354 3789 443 r2

506 505 773 565 dulsisse.
804 502 980 559 Unum
1013 509 1194 557 tamen
1221 502 1325 556 hoc
1350 500 1471 556 loco
1490 500 1814 555 monendum
1854 514 1976 555 esse
2002 512 2094 569 pu-
2128 504 2169 560 Α
2203 499 2342 569 apud
2384 514 2482 554 nos
2510 497 2767 570 ponderis
2791 500 2909 553 esse
2938 497 3095 553 debet
3121 497 3212 569 (e).
3236 499 3414 569 Atque
3434 497 3501 555 de
3522 499 3788 557 industria

517 608 721 664 utrius,
751 596 975 657 Scotum
1010 600 1252 649 nostrum
1278 593 1347 647 de
1389 592 1549 648 rebus
1577 592 1977 646 mathematicis
2012 591 2094 645 di-

516 696 853 760 sputantem,
886 685 1081 740 mirum
1121 690 1385 753 quantum
1412 698 1444 737 a
1473 683 1857 737 mathematica
1891 682 2101 737 subtili-

514 789 632 835 tate
683 779 875 833 abesse
928 774 1257 845 deprehendi
1291 792 1306 826 :
1345 775 1489 844 quod
1524 788 1646 829 eum
1687 773 1822 828 alias
1864 774 1962 844 ipsi
2000 789 2100 829 usu

521 871 692 935 venit,
722 879 834 924 tum
866 874 995 924 vero
1023 867 1114 941 (de
1150 868 1261 922 div.
1287 866 1410 921 Nat.
1452 867 1549 932 111,
1574 867 1835 938 54--56),
1872 867 1959 922 ubi
1981 867 2101 937 plu-

518 963 674 1019 ribus
696 961 949 1032 explicat,
975 976 1115 1030 quae
1155 960 1257 1016 sibi
1293 961 1361 1013 de
1398 974 1653 1014 mensura
1692 967 1893 1021 terrae,
1922 957 2100 1026 lunae,

524 1062 632 1108 eet.
667 1061 773 1107 cet.
805 1050 1196 1105 verisimillima
1223 1050 1510 1105 videantur
1535 1049 1632 1121 (τε).

590 1145 775 1213 itaque
797 1158 862 1198 eo
894 1144 1211 1212 perventum
1240 1154 1343 1207 est,
1372 1151 1451 1205 ut,
1475 1157 1615 1210 quae
1639 1142 1691 1195 in
1713 1140 1920 1197 Joanne
1943 1141 2102 1197 fuerit

514 1233 894 1303 philosophiae
921 1241 977 1285 ct
1004 1231 1305 1302 theologiae
1340 1231 1591 1296 scientia,
1623 1231 2101 1286 demonstrandum

518 1325 617 1379 sit.
1314 1342 1342 1374 λ.

593 1416 813 1470 Certum
859 1414 1021 1485 igitur
1062 1412 1508 1483 exploratumque
1552 1412 1828 1475 habemus,
1863 1411 2103 1466 omnium

524 1523 720 1564 eat-tun
753 1522 954 1569 rerum,
982 1521 1120 1576 quae
1152 1506 1239 1560 illa
1265 1513 1442 1560 aetate
1472 1521 1501 1559 a
1531 1504 1792 1574 theologis
1824 1504 2104 1558 disceban-

522 1607 633 1659 tur,
671 1597 846 1666 ipSum
876 1595 1009 1649 satis
1038 1609 1265 1665 gnarum
1296 1593 1482 1648 fuisse.
1514 1594 1858 1664 Quantopere
1892 1592 2107 1664 graecis

523 1688 771 1743 ecclesiae
796 1686 1047 1742 Patribus
1066 1698 1187 1741 sese
1211 1685 1439 1750 dederit,
1471 1685 1583 1754 jam
1608 1700 1769 1755 supra
1804 1686 2106 1756 CXPOSillIm

2202 608 2296 647 eos
2326 601 2534 647 tantum
2569 593 2671 648 hoc
2715 592 2834 648 loco
2866 600 3030 647 testes
3073 591 3444 658 adhibuimus,
3477 592 3569 664 qui
3617 593 3789 663 ipsam

2203 685 2469 756 Erigonae
2513 685 2910 756 philosophiam
2960 699 3173 739 summo
3208 698 3381 753 opere
3425 683 3788 739 detestantur.

2200 776 2319 844 Qua
2348 779 2414 833 de
2454 794 2515 833 re
2553 778 2749 832 iterum
2794 775 3053 831 Bruckeri
3109 778 3271 831 verba
3332 777 3698 832 transcribere
3729 778 3813 831 li-.

2204 877 2322 923 ceat
2341 886 2353 921 :
2374 868 2694 937 praesertim
2717 883 2879 937 quum
2903 866 3081 930 simul,
3100 867 3152 921 id
3168 867 3309 936 quod
3338 868 3389 921 in
3422 876 3663 922 extrema
3692 870 3791 922 lm-

2200 960 2287 1030 jus
2298 963 2491 1033 capitis
2507 971 2659 1033 parte
2674 963 2827 1017 nobis
2848 962 2966 1016 usui
2990 962 3116 1027 erit,
3133 961 3474 1031 apertissime
3492 962 3788 1027 declarent,

2206 1054 2379 1124 qualis
2409 1054 2544 1110 haec
2586 1055 2700 1125 ipsa
2738 1054 3077 1127 philosophia
3118 1053 3299 1109 fuerit.
3331 1052 3422 1109 Ait
3453 1054 3617 1125 igitur
3656 1055 3787 1108 Bru-

2206 1146 2402 1202 ckerus
2429 1146 2522 1218 (Γ),
2562 1162 2777 1201 omnem
2809 1147 2954 1201 Scoti
2984 1145 3377 1216 philosophiam
3427 1147 3533 1201 huc
3562 1147 3740 1201 redire
3773 1165 3788 1199 :

2212 1258 2230 1290 ι
2261 1238 2477 1303 Omnia,
2507 1252 2861 1309 quaecunque
2909 1244 3056 1301 sunt,
3108 1252 3216 1291 non
3277 1236 3584 1290 radicaiiter
3631 1239 3791 1292 modo

2207 1338 2261 1385 et
2294 1328 2617 1396 rirtualiter,
2650 1329 2741 1383 sed
2778 1337 2832 1383 et
2874 1327 3237 1382 essentialiter
3273 1328 3325 1382 in
3356 1326 3466 1381 Deo
3501 1330 3789 1393 contineri,

2208 1431 2370 1490 atque
2398 1420 2531 1475 adeo
2562 1420 2745 1477 omnia
2780 1436 2845 1473 ex
2876 1420 2984 1473 Deo
3009 1420 3074 1473 ab
3103 1429 3325 1473 aeterno
3352 1435 3637 1493 progressa
3671 1420 3791 1475 esse

2208 1520 2263 1565 et
2292 1509 2533 1575 ﬂuxisse,
2564 1509 2729 1579 inque
2761 1508 2939 1563 varias
2969 1507 3173 1563 classes
3199 1508 3514 1562 inferiorum
3540 1518 3595 1564 et
3634 1524 3792 1579 supe-

2211 1600 2437 1666 riorum,
2480 1599 2809 1655 deteriorum
2840 1599 3229 1667 meliorumque
3275 1599 3476 1653 cntium
3509 1599 3790 1665 distincta,

2211 1696 2429 1750 tandem
2488 1694 2540 1749 in
2603 1692 2805 1748 fontem
2868 1691 3241 1762 originemque
3286 1708 3437 1747 suam
3488 1692 3563 1762 (id
3615 1702 3698 1747 cst
3738 1693 3791 1747 in

520 1788 626 1844 est,
652 1792 753 1833 nec
788 1777 983 1832 iterum
1011 1776 1304 1831 decantare
1331 1775 1463 1830 libet
1495 1792 1509 1828 :
1535 1783 1592 1829 et
1629 1774 1848 1838 latinos,
1878 1773 1980 1828 etsi
2022 1787 2108 1827 ra-

2215 1785 2404 1857 Deum)
2454 1785 2689 1841 reditura
2736 1800 2854 1839 esse
2891 1804 2933 1838 1.
2974 1782 3104 1837 Jure
3162 1784 3228 1837 de
3284 1782 3473 1837 eadem
3526 1782 3794 1854 Erigonae

521 1869 635 1923 rius
658 1881 847 1923 eorum
886 1865 1200 1921 testimonia
1241 1862 1466 1935 profert,
1505 1872 1684 1919 tamen
1719 1864 1840 1917 ideo
1879 1878 1984 1918 non
2014 1878 2109 1918 ne-

2215 1849 2550 1947 philosophia
2579 1870 2679 1930 hoc
2705 1889 2917 1944 quoque
2943 1872 3140 1942 legitur
3163 1871 3303 1942 apud
3326 1849 3654 1927 Bruckerum
3675 1872 3752 1944 (g)
3777 1892 3789 1925 :

519 1960 707 2028 giexit.
738 1956 1097 2029 Augustinum
1128 1955 1347 2024 quidem
1380 1955 1552 2023 pluris
1587 1953 1702 2008 fere
1735 1955 2030 2009 aestimare
2056 1960 2112 2006 et

530 2050 841 2121 diligentius
900 2049 1094 2118 legisse
1144 2048 1394 2111 videtur,
1444 2061 1609 2116 quam
1662 2045 1830 2100 ullum
1870 2046 1936 2101 de
1972 2059 2110 2111 grte-

523 2142 607 2198 cis
643 2141 744 2211 (ὁ).

597 2227 1042 2287 Sacram‘deinde
1079 2227 1437 2297 Scripturam,
1471 2240 1579 2295 quo
1608 2224 1787 2280 studio
1810 2222 2114 2293 pervoluta-

528 2325 605 2379 vit
625 2324 649 2378 ἓ
673 2323 845 2390 Quam
867 2322 1110 2377 omnium
1143 2322 1337 2375 virium
1379 2320 1675 2375 intentione
1706 2318 2115 2373 accuratissime

523 2411 799 2483 etplicare
831 2419 1062 2466 conatus
1110 2408 1237 2463 est?
1270 2408 1557 2463 lnoumera
1611 2406 1772 2475 hujus
1803 2404 2115 2477 diligentiae

526 2514 845 2573 argumenta
867 2501 950 2557 rel
976 2501 1105 2558 solis
1124 2502 1193 2557 de
1215 2500 1478 2556 dirtsione
1499 2499 1737 2553 Naturae
1760 2497 1910 2552 libris
1940 2499 2115 2552 inesse

526 2594 792 2649 ridemus.
840 2592 950 2648 Nec
984 2593 1216 2662 denique
1250 2592 1354 2645 alia
1389 2591 1454 2645 de
1479 2605 1642 2645 causa
1672 2591 1786 2644 fieri
1821 2590 2018 2658 potuit,
2059 2599 2116 2642 ut

527 2685 613 2740 bis
650 2685 703 2738 iu
735 2683 1168 2739 doctissimorum
1208 2682 1487 2737 hominum
1518 2681 1586 2735 de
1614 2682 1775 2734 rebus
1803 2679 2115 2750 theologicis

526 2774 885 2839 dissensione,
928 2774 980 2827 id
1000 2774 1145 2843 quod
1165 2786 1287 2828 mox
1314 2770 1574 2842 peculiari
1603 2770 1968 2839 disputatione
1999 2783 2115 2839 per-

524 2878 817 2934 sequemur
845 2865 940 2934 (c),
972 2880 1002 2918 a
1042 2863 1374 2935 gravissimis
1398 2861 1529 2916 viris
1551 2869 1606 2916 et
1627 2862 1744 2932 ipse
1775 2862 1841 2917 ad
1870 2860 2112 2917 scriben-

524 2954 653 3010 dum
683 2955 756 3009 sit.
778 2954 1062 3025 impulsus.

597 3047 750 3113 Quod
777 3055 955 3100 autem
988 3045 1043 3099 in
1071 3043 1371 3113 theologiae
1398 3045 1534 3096 lines
1563 3042 1781 3111 ingenio
1809 3057 1909 3097 suo
1938 3041 2116 3111 philo-

529 3136 700 3206 sopho
724 3136 888 3189 nimis
914 3148 1040 3188 aere
1073 3132 1383 3201 permisisse
1412 3132 1608 3185 dicitur
1636 3126 1921 3200 imperium
1940 3172 1955 3195 ,
1987 3131 2116 3186 licet

2220 1988 2236 2018 1
2262 1966 2412 2033 Quae
2448 1966 2696 2035 quamvis
2741 1973 2964 2019 externa
3017 1961 3334 2018 dialecticae
3382 1962 3637 2018 methodo
3680 1972 3790 2017 tra-

2216 2056 2507 2125 ctandique
2532 2054 2724 2109 ordine
2749 2052 3095 2107 Aristotelem
3135 2051 3355 2118 referat,
3384 2069 3544 2121 quem
3576 2053 3794 2120 Scelus,

2215 2142 2455 2199 Graecae
2498 2144 2710 2214 linguae
2751 2151 3005 2197 accurate
3053 2158 3273 2212 gnarus,
3328 2140 3519 2211 legisse
3559 2142 3793 2207 videtur,

2217 2242 2327 2289 tota
2360 2244 2539 2291 tamen
2564 2233 2985 2288 Alexandrinum
3006 2232 3407 2288 Platonicorum
3435 2234 3789 2288 recentiorum

2217 2338 2450 2397 systema
2506 2325 2792 2395 exprimit,
2854 2333 3209 2394 apertumque
3261 2323 3410 2388 facit,
3462 2330 3621 2376 totam
3666 2337 3793 2377 eum

2218 2415 2485 2485 (Scotum)
2528 2415 2948 2485 metaphysicam
2996 2428 3147 2466 suam
3196 2428 3261 2466 ex
3308 2410 3799 2481 Pseudo—Dionysio

2217 2504 2584 2576 (Aeropagita)
2632 2504 2897 2567 hausisse,
2945 2512 3000 2556 et
3024 2502 3177 2571 juxta
3229 2502 3422 2556 horum
3453 2501 3798 2573 philosopho-

2219 2593 2554 2665 rumplacita
2587 2593 2956 2664 philosophari
2989 2612 3037 2646 1.

2286 2730 2463 2799 Atque
2487 2730 2554 2783 de
2578 2727 2726 2784 Scoti
2752 2727 2995 2782 doctrina
3026 2727 3163 2781 satis
3184 2726 3381 2780 dictum
3405 2735 3508 2779 est.
3534 2724 3801 2779 Venimus

2218 2835 2359 2877 nunc
2398 2821 2468 2875 ad
2494 2820 2569 2884 id,
2602 2817 2756 2886 cujus
2790 2817 2961 2888 gratia
2992 2824 3160 2869 totam
3192 2817 3337 2870 illam
3377 2810 3800 2884 disputationem

2218 2912 2321 2966 hoc
2348 2910 2468 2965 loco
2496 2910 2826 2967 inseruimus
2846 2948 2862 2973 ,
2908 2908 3051 2963 unde
3086 2907 3282 2963 Scotus
3313 2907 3611 2963 doctrinam
3640 2914 3799 2961 suam

2216 3002 2537 3072 perceperit.
2980 3004 2987 3011 ‘

2287 3112 2626 3181 Quamquam
2653 3124 2716 3165 ea
2746 3119 2946 3173 aetate,
2985 3124 3089 3179 qua
3121 3118 3307 3163 nostro
3331 3102 3533 3176 judicio
3567 3106 3798 3176 Erigena

527 3241 719 3282 verum
749 3224 855 3288 sit,
896 3224 1038 3277 hanc
1069 3231 1247 3277 unnen
1281 3222 1605 3276 sententiam
1636 3229 1877 3276 uestram
1902 3222 2112 3275 irritam

2220 3212 2381 3258 natus
2403 3213 2508 3267 est,
2555 3201 2737 3256 seculo
2789 3214 2932 3255 nono
2974 3200 3213 3264 ineunte,
3242 3213 3339 3269 per
3363 3207 3528 3253 totam
3560 3198 3797 3253 Seotiam

532 3332 641 3371 non
674 3313 826 3368 facit.

602 3407 723 3463 1am
749 3421 881 3461 vero
909 3407 962 3460 in
996 3404 1356 3474 philosophia,
1406 3405 1712 3475 quicunque
1739 3404 1914 3460 idonei
1956 3402 2117 3474 hujus

543 3498 619 3553 rei
642 3497 855 3566 judices
882 3503 1049 3559 sunt,
1080 3494 1244 3549 Seoto
1272 3509 1404 3565 prae
1452 3496 1705 3550 omnibus
1732 3496 1849 3565 ejus
1875 3495 2117 3565 aequali-

532 3591 635 3643 bus
656 3585 890 3656 palmam
922 3583 1135 3640 deferre
1172 3600 1279 3639 non
1320 3585 1583 3639 dubitant.
1616 3586 1845 3639 Prodeat
1865 3587 1948 3640 rir
1970 3585 2116 3641 cele-

533 3677 824 3740 berrimus,
847 3674 898 3730 .l.
929 3672 1252 3737 Bruclterus,
1296 3675 1386 3743 qui
1434 3676 1486 3728 in
1526 3676 1712 3729 critica
1749 3676 2120 3745 philosophiae

533 3767 761 3820 historia
802 3767 882 3837 (τι)
930 3767 1005 3821 ita
1042 3765 1309 3835 Scripsit:
1355 3786 1374 3817 ι
1404 3766 1574 3820 Nemo
1638 3766 1741 3820 hoc
1786 3766 1970 3820 seculo
2018 3768 2118 3835 (Ix)

532 3855 904 3925 philosOphiae
929 3855 1085 3909 laude
1108 3855 1279 3925 magis
1302 3856 1549 3919 erninuit,
1585 3871 1746 3925 quam
1776 3855 1823 3909 J.
1856 3857 2050 3909 Scelus
2070 3874 2116 3907 1.

532 3948 600 4002 ει
627 3948 823 4003 deinde
852 3965 864 4000 :
896 3964 916 3997 l
947 3946 1228 4016 Sapientis
1253 3962 1446 4001 nomen
1481 3947 1552 4000 ob
1579 3947 1953 4016 philosophiae
1982 3947 2121 3999 uoti-

535 4039 664 4091 tiam
691 4052 915 4106 prorsus
938 4035 1265 4106 singularem
1296 4037 1605 4105 acccpit.-—
1619 4035 1673 4090 In
1699 4037 1892 4105 pusillo
1922 4036 2117 4105 (Scoti)

532 4144 763 4199 cerpore
805 4143 1055 4198 magnum
1086 4126 1351 4181 habitarit
1398 4126 1671 4197 ingenium
1705 4158 1772 4166 —-
1805 4143 1965 4196 supra
1999 4144 2117 4183 mo-

538 4222 665 4276 dum
705 4229 922 4274 acutum
961 4228 1016 4273 et
1046 4219 1338 4285 excellens,
1362 4220 1461 4284 sic,
1497 4228 1558 4272 ut
1588 4233 1748 4273 nemo
1777 4219 1850 4273 illi
1887 4219 1987 4274 ista
2029 4234 2119 4274 ae-

534 4320 641 4367 tate
688 4311 740 4365 in
786 4310 1123 4381 philosophia
1161 4311 1495 4379 praestiterit
1530 4330 1576 4363 ι.
1608 4308 1703 4365 llis
1742 4309 1998 4364 Bruekeri
2039 4311 2120 4364 di-

532 4403 655 4467 ctis,
693 4403 887 4472 quibus
929 4403 1081 4473 plura
1128 4402 1370 4470 ejusdem
1413 4402 1651 4455 auctoris
1692 4402 1893 4455 addere
1933 4417 2119 4470 posse-

531 4509 654 4551 mus
689 4508 795 4546 non
832 4493 1009 4547 minus
1069 4494 1235 4546 Scoto
1274 4488 1600 4553 honorifica,
1632 4491 1854 4544 omnino
1892 4506 2119 4545 consen-

536 4582 678 4634 tiunt
716 4579 806 4632 alii
852 4580 978 4642 viri,
1020 4594 1248 4646 quorum
1285 4577 1547 4645 judicium
1591 4589 1646 4632 et
1689 4580 1861 4649 ipsum
1898 4578 2115 4648 plurimi

566 4702 683 4784 uta)
725 4713 902 4779 Quare
927 4712 1302 4784 Schlueterum
1335 4712 1502 4784 etiam
1529 4715 1580 4767 in
1604 4729 1669 4768 eo
1694 4729 1910 4769 errasse
1941 4719 2116 4771 credi-

537 4782 676 4848 mus,
708 4784 848 4851 quod
887 4790 960 4852 (p.
998 4782 1083 4851 Ill)
1132 4783 1262 4837 dicit
1297 4802 1314 4833 ι
1349 4783 1574 4838 Carolus
1610 4783 1805 4839 Calvus
1857 4801 1949 4839 rex
1981 4786 2115 4841 Sco-

538 4865 648 4909 tum
698 4853 938 4908 Parisios
981 4854 1196 4907 vocavit
1231 4862 1284 4907 et
1333 4855 1651 4922 magistrum
1712 4855 1765 4908 in
1813 4856 2113 4911 mathesi...

535 4926 882 4979 constituit».
907 4922 1195 4980 (Σειθιθτιιιη
1224 4924 1275 4979 id
1303 4940 1519 4993 quoque
1546 4925 1819 4979 fatendum
1854 4936 1960 4990 est,
1992 4926 2113 4988 nul—

537 4996 644 5048 lum
680 4993 902 5047 omnino
931 5010 966 5064 a
986 4996 1353 5064 nobistcstcnt
1378 5005 1646 5063 repertum
1669 5011 1811 5057 esse,
1835 4996 1987 5064 cujus
2016 5012 2117 5049 au-

535 5066 791 5119 ctoritate
838 5062 1077 5118 conlisus
1123 5062 1476 5120 Schlucturus
1537 5066 1640 5121 hoc
1687 5062 1910 5120 dixisse
1939 5066 2115 5135 putari

533 5145 692 5189 tttteal
703 5175 716 5187 .

550 5152 803 5276 Niger.
835 5204 906 5276 de
932 5203 1040 5276 div.
1070 5203 1192 5258 Nat.
1227 5202 1267 5267 Ι,
1289 5204 1387 5266 43;
1422 5202 1508 5266 IV,
1544 5204 1609 5258 Η
1634 5203 1745 5275 (ubi
1779 5223 1798 5255 t
1818 5204 2117 5260 scientissi-

535 5275 680 5331 mum
738 5275 1245 5344 (ﬁrmissimumque
1294 5276 1602 5346 theologum
1656 5294 1672 5326 1
1734 5292 1782 5346 1
1820 5283 2025 5328 tanwtn
2062 5283 2117 5329 et

537 5356 647 5399 tam
673 5361 933 5417 maguum
962 5346 1139 5403 virum
1184 5365 1203 5398 ι
1238 5361 1359 5400 eum
1395 5344 1663 5417 appellat,
1697 5344 1925 5417 aliisque
1960 5359 2115 5417 prae-

539 5424 683 5471 terea
731 5413 981 5471 laudibus
1008 5426 1184 5475 ornat,
1216 5431 1316 5469 nec
1360 5430 1465 5468 non
1504 5414 1974 5482 diligentissimam
2001 5413 2119 5479 ejus

542 5485 830 5551 lectionum
856 5486 1139 5551 ostendit),
1173 5485 1212 5550 Ι,
1251 5485 1357 5549 45;
1390 5484 1453 5550 ll,
1496 5483 1582 5550 l5,
1610 5484 1704 5550 ΞΟ,
1760 5483 1851 5547 ‘25,
1888 5483 1983 5548 28,
2010 5484 2114 5545 29:

534 5550 624 5615 111,
654 5553 707 5617 8,
737 5554 827 5616 16,
855 5563 961 5606 cet.
1002 5550 1106 5608 cet.

608 5622 680 5692 (ε)
702 5622 852 5692 Cap.
882 5621 971 5676 ιν.

613 5693 690 5765 (ά)
722 5691 813 5765 et.
841 5693 1261 5765 laudaretur.
1302 5695 1565 5765 Lipsiens.
1600 5693 1834 5765 mnu.
1864 5691 1965 5746 ou
1998 5708 2114 5762 seq.

613 5704 666 5763 td
725 5704 807 5747 ω.
853 5704 983 5747 tom.
1016 5704 1076 5748 Ill
1102 5704 1255 5755 (edit.
1302 5704 1565 5765 Lipsieus.
1600 5704 1753 5763 litt)
1782 5710 1834 5762 υ.
1864 5704 1965 5746 tiu
1998 5708 2112 5762 seq.

611 5704 690 5835 (ei
709 5758 791 5817 Cf.
841 5758 933 5816 Dr.
978 5762 1145 5821 llock.
1182 5762 1215 5815 l.
1251 5762 1287 5817 l.
1318 5783 1391 5834 p-
1418 5764 1487 5821 55
1534 5782 1707 5837 seqq.,
1741 5764 2112 5823 Tennetnaun.

2220 3302 2384 3363 atque
2404 3291 2649 3363 Angliam
2672 3290 2976 3345 litterarum
3000 3290 3175 3344 stadia
3197 3289 3419 3343 omnino
3442 3288 3799 3343 intermortua

2214 3386 2495 3454 jaeebant,
2532 3392 2733 3449 tamen,
2768 3384 2882 3438 sive
2914 3384 2965 3437 in
2998 3381 3181 3437 Scotia
3223 3382 3456 3436 natalem
3499 3378 3675 3436 locum
3706 3378 3805 3435 haé

2220 3476 2354 3542 bttit,
2378 3475 2511 3539 sive,
2534 3475 2590 3529 id
2622 3474 2766 3545 quod
2804 3473 2960 3528 nobis
2987 3464 3351 3526 certissimum
3386 3473 3562 3524 visum
3603 3478 3707 3534 est,
3747 3471 3802 3524 in

2218 3565 2435 3635 Anglia,
2480 3573 2711 3634 utroque
2740 3572 2891 3618 certe
2921 3560 3041 3616 loco
3069 3562 3240 3631 prima
3275 3561 3598 3615 eruditionis
3640 3570 3803 3631 atque

2220 3658 2503 3711 doctrinae
2532 3672 2663 3711 suae
2690 3656 3040 3709 fundamenta
3072 3653 3326 3707 facillime
3349 3650 3449 3707 sibi
3475 3652 3803 3706 constituere

2222 3751 2415 3818 potuit.
2450 3749 2682 3803 Asscrus
2707 3749 2946 3818 quidem,
2992 3748 3076 3801 vir
3124 3742 3211 3801 ille
3254 3746 3619 3808 doctissimus,
3651 3744 3805 3814 cujus
3888 3799 3894 3806 ,

2222 3838 2535 3892 ﬁdelissima
2593 3850 2757 3905 opera
2795 3836 2848 3889 in
2898 3836 3205 3890 excitandis
3251 3833 3557 3888 litterarum
3613 3832 3805 3886 studiis

2220 3928 2474 3983 Alfredus
2502 3943 2735 3998 magnus
2761 3929 3034 3991 utebatur,
3087 3926 3139 3981 in
3171 3940 3234 3981 ea
3280 3926 3394 3995 ipsa
3439 3925 3659 3995 regione
3691 3924 3804 3993 (Ii),

2220 4033 2324 4086 qua
2368 4018 2652 4087 Erigonam
2710 4026 2895 4071 natum
2965 4016 3128 4071 rideri
3178 4016 3430 4080 diximus,
3477 4015 3803 4069 nonsulnnl

2206 4113 2502 4179 educatus.
2523 4127 2707 4165 verum
2729 4111 2891 4164 etiam
2912 4110 3157 4165 eruditus
3172 4117 3278 4163 est.
3304 4107 3411 4162 Nec
3428 4107 3594 4162 nutlto
3615 4115 3819 4173 postoa'

2221 4206 2322 4260 hoc
2351 4204 2551 4259 factum
2586 4219 2704 4258 esse
2731 4210 2965 4257 constat.

2290 4315 2709 4371 Considerantes
2773 4325 2950 4369 autem
2979 4354 2994 4379 ,
3045 4320 3304 4382 quantam
3356 4325 3539 4365 rerum
3592 4308 3803 4378 copiam

2221 4423 2382 4476 quam
2414 4416 2663 4461 accurate
2689 4407 2963 4475 cognitam
2989 4404 3238 4459 habuerit
3266 4403 3517 4471 Erigena,
3548 4400 3665 4454 sine
3695 4396 3801 4451 ulla

2223 4496 2561 4549 dubitatione
2588 4495 2867 4564 rejicimut‘
2885 4493 2948 4546 ad
2970 4492 3301 4554 lliberniam,
3318 4505 3454 4559 quae
3470 4488 3574 4543 illis
3590 4496 3693 4539 tem
3702 4499 3792 4557 po.

2226 4585 2374 4640 ribus
2396 4594 2449 4638 et
2477 4584 2855 4639 ﬂorentissima
2885 4584 3209 4657 optimarum
3239 4579 3431 4636 artium
3461 4577 3614 4648 quasi
3644 4575 3802 4631 sedes

2224 4716 2358 4770 llist.
2401 4714 2599 4769 Philus.
2643 4714 2761 4767 Vol.
2796 4714 2930 4777 Vlll.
2975 4730 3100 4784 pars
3128 4713 3170 4777 Ι,
3200 4729 3251 4782 p.
3273 4712 3341 4767 65
3372 4725 3551 4784 semp,
3580 4707 3805 4784 doctis-

2223 4786 2343 4838 simi
2375 4784 2707 4839 Benedictini
2748 4800 2778 4837 e
2823 4778 3240 4853 congregatione
3272 4783 3330 4838 S.
3378 4778 3548 4835 Mauri
3580 4780 3634 4832 in
3661 4778 3801 4833 llist.

2221 4854 2349 4924 Litt.
2380 4864 2515 4924 tom.
2544 4853 2607 4916 V,
2645 4870 2696 4924 p.
2729 4854 2851 4924 417,
2885 4864 2988 4908 cet.
3020 4862 3123 4908 cet.

2294 4923 2369 4996 (ι’)
2397 4923 2475 4978 Cf.
2506 4923 2540 4996 l.
2576 4924 2609 4996 ΙΪ
2641 4917 2693 4993 p.
2724 4923 2847 4996 62L
2880 4924 3057 4996 Quare
3107 4924 3193 4996 hic
3233 4922 3299 4996 ad
3333 4922 3597 4996 Erigonae
3634 4917 3806 4996 philo—

2222 4990 2466 5066 sophian]
2495 4990 3148 5066 declarandamBrut-lteri
3179 4992 3359 5066 potius
3379 4990 3560 5066 verbis
3584 4991 3657 5040 uti
3690 5004 3805 5041 nta-

2221 5061 2497 5134 luerimus,
2531 5079 2691 5134 quam
2724 5065 2942 5126 nostris,
2974 5068 3081 5126 est,
3103 5063 3410 5134 opinamur,
3444 5061 3494 5114 in
3529 5067 3801 5134 promptu.

2222 5133 2405 5205 Neque
2434 5128 2629 5203 mag-no
2663 5149 2826 5204 opere
2865 5149 2963 5188 nos
2998 5128 3196 5196 movet,
3236 5132 3379 5205 quod
3424 5128 3563 5183 unus
3593 5136 3647 5205 et
3679 5128 3804 5205 item

2223 5196 2380 5280 alter,
2426 5196 2890 5280 qui'sxllabarum
2936 5196 3384 5280 attettpent_rclit_
3408 5214 3590 5280 agere,
3630 5199 3682 5251 iu
3725 5196 3807 5277 his

2221 5267 2483 5329 Bruckerl
2519 5267 2716 5340 vei'his,
2748 5287 2888 5342 quae
2924 5267 3308 5343 reprehendat,
3356 5267 3503 5324 facili
3535 5281 3698 5338 opera
3728 5267 3809 5320 in-

2222 5346 2405 5399 venire
2439 5347 2626 5411 possit.

2296 5417 2372 5485 (gl
2402 5414 2483 5485 et.
2520 5415 2555 5467 1.
2586 5415 2619 5466 1.
2653 5431 2705 5485 ρ.
2728 5412 2859 5468 620.

2294 5478 2373 5556 (71)
2399 5484 2460 5556 in
2486 5478 2767 5556 parteiut
2813 5482 3044 5556 traditur
3070 5481 3183 5556 _(ef.
3215 5478 3550 5556 ἕψω-ϐιῳ.
3587 5479 3629 5548 1)
3661 5479 3806 5556 ιιίοθ;

2222 5546 2730 5617 εοέῑέΜρῖιρνοηείε
2756 5572 2768 5607 :
2799 5564 2962 5622 atque
2989 5553 3039 5606 in
3069 5546 3185 5622 ipsa
3212 5546 3724 5622 Me'neviajsserus
3736 5546 3811 5622 ad

2221 5625 2434 5680 litteras
2489 5624 2749 5677 incubuit.
2810 5618 2893 5679 Cf.
2955 5618 3154 5678 Mabill.
3211 5621 3393 5675 annal.
3450 5619 3653 5675 Bcned.
3712 5618 3810 5674 lib.

2222 5700 2451 5759 xurttt',
2486 5710 2539 5746 11.
2572 5692 2657 5746 7t.
