4152 6276
367 352 436 410 l3
1203 345 1292 406 DE
1333 349 1489 406 Vl'l‘A
1525 351 1613 406 ΕΤ
1651 349 1964 408 1δῆΕοΕυῖ

2094 351 2142 406 J.
2185 349 2403 408 SGOTl.
2439 379 2512 410 -,-
2545 351 2722 408 PARS
2766 351 2806 408 l.
3579 355 3654 410 ιι

364 477 490 526 erat.
535 466 734 539 (a-),‘et
770 464 838 520 ab
883 462 1166 538 innumera
1207 463 1594 532 pmpemodmn
1651 473 1955 520 exterarum
1993 469 2030 524 Α

367 559 677 621 hominum,
705 556 794 626 qui
837 556 906 610 ad
945 555 1252 610 litterarum
1281 556 1466 614 studia
1499 571 1558 610 se
1585 557 1950 625 applicahaut,

369 637 712 705 multitudine
751 646 1039 715 petebatur
1083 645 1182 718 (ὁ).
1229 645 1522 702 Hiberniae
1575 647 1742 716 igitur
1791 647 1954 700 etiam

373 741 566 796 Scotus
593 749 793 802 noster,
841 745 904 792 ut
931 737 1246 805 conjectura
1273 737 1360 792 illa
1390 737 1633 806 quidem,
1667 745 1726 792 at
1753 738 1948 792 certis-
2031 787 2034 790 .

2033 822 2182 878 .rimi
2223 831 2475 878 auctores
2523 825 2589 880 de
2633 824 2940 894 longinquis
2971 827 3272 900 itineribus.
3299 831 3500 898 quibus
3523 830 3616 884 Eri
3637 861 3664 870 -

2039 929 2215 984 ,gcua,
2239 923 2528 984 antequam
2552 915 2604 970 in
2626 915 2852 970 Galliam
2877 917 3150 988 profectus
3169 920 3258 983 sit,
3289 929 3344 991 et
3363 919 3648 976 Graeciam

367 833 500 887 sima
519 871 534 894 ,
557 830 764 898 assequi
797 844 1106 900 possumus,
1137 828 1334 884 saltem
1362 829 1631 898 politioris
1656 828 1820 892 illius,
1849 843 1954 897 qua

365 921 550 984 valuit,
599 920 882 974 doctrinae
930 935 1194 973 summam
1227 919 1498 974 debebat:
1527 919 1616 973 hic
1645 919 1850 974 latinae
1897 928 1955 976 et

357 1026 590 1082 graecae
642 1011 714 1082 (ρ)
761 1011 977 1078 linguae
1009 1019 1392 1081 praeceptores
1433 1011 1672 1066 nancisci
1721 1019 1954 1079 poterat,

361 1101 454 1155 hic
485 1101 756 1156 bonarum
790 1099 986 1152 artium
1017 1139 1034 1163 ,
1081 1100 1172 1154 hic
1217 1099 1520 1169 theologiae
1549 1109 1604 1154 et
1633 1101 1952 1156 nominatim

361 1188 691 1244 dialecticae
721 1189 1074 1258 philosolihae
1099 1186 1198 1257 (ά).

441 1281 596 1336 Haec
626 1280 936 1350 conjectura
965 1280 1186 1334 omnino
1215 1294 1340 1332 vera
1371 1294 1492 1334 esse
1533 1280 1836 1334 declaratur
1863 1280 1954 1335 illo

371 1374 436 1428 S.
465 1373 769 1438 Prudentii,
798 1373 1036 1443 episcopi
1072 1373 1362 1428 Tricassini
1383 1413 1398 1436 ,
1429 1373 1570 1442 loco,
1603 1390 1763 1443 quem
1793 1391 1952 1444 supra

373 1463 676 1528 attulimus,
727 1477 943 1532 quoque
992 1464 1080 1517 hic
1127 1463 1476 1518 doctissimus
1529 1464 1650 1530 vir,
1702 1464 1850 1518 Seoti
1901 1475 1956 1520 et

372 1554 614 1622 aequalis
647 1563 702 1608 et
745 1571 812 1608 ex
858 1555 1033 1610 amico
1090 1555 1470 1620 adversarius,
1523 1555 1623 1624 ipsi
1676 1557 1748 1624 (e)
1785 1574 1798 1608 :
1831 1575 1848 1606 ι
1882 1556 1958 1611 Te

365 1644 542 1720 solum
571 1643 820 1698 omnium
859 1664 904 1709 i,
939 1645 1046 1710 ait,
1086 1662 1104 1696 ι
1135 1645 1512 1716 acutissimum
1545 1643 1754 1699 Galliae
1785 1655 1956 1706 trans,-

363 1731 513 1786 misit
560 1733 856 1806 Hibernia,
905 1742 1004 1800 ut,
1058 1749 1200 1803 quae
1231 1733 1410 1788 nullus
1458 1735 1664 1804 absque
1715 1743 1768 1814 te
1819 1735 1958 1792 scire

359 1833 596 1894 poterat,
629 1825 738 1879 tuis
761 1824 1162 1880 eruditionibus
1199 1826 1506 1890 obtineret;
1543 1826 1638 1880 sed
1686 1827 1844 1890 absit,
1896 1835 1953 1880 ut
1986 1841 2033 1899 Β

359 1913 567 1967 Celtica
633 1914 940 1984 eloquentia
1010 1925 1130 1970 tuas
1193 1915 1554 1970 nubilationes
1613 1916 1862 1970 admittat
1899 1936 1948 1972 ι.

361 2003 504 2073 Quid
536 2007 641 2061 hoc
672 2006 790 2061 loco
817 2007 1099 2076 apertius?
1129 2008 1417 2078 Expressis
1469 2007 1580 2062 fere
1611 2008 1792 2062 verbis
1833 2008 1953 2068 Erie

361 2111 556 2168 genam
599 2097 653 2151 in
703 2097 958 2151 Hibernia
985 2099 1284 2164 eruditum,
1327 2107 1491 2168 atque
1523 2099 1600 2154 ita
1639 2099 1697 2162 in
1725 2097 1954 2154 Galliam

259 2199 268 2204 '
357 2187 662 2258 profectum
689 2203 809 2244 esse
834 2189 1141 2243 continuat.

443 2281 692 2336 Diximus
711 2282 870 2337 modo
893 2299 912 2332 ι
931 2281 1272 2338 dialecticam
1289 2282 1664 2353 philosophum
1690 2301 1709 2334 ι
1737 2297 1767 2335 a
1791 2281 1958 2338 Scoto

369 2371 425 2425 in
453 2371 711 2428 Hibernia
739 2374 872 2430 disci
909 2375 1168 2444 potuisse,
1201 2375 1372 2446 ipsam
1408 2375 1806 2446 philosophiam
1849 2389 1958 2430 non

373 2472 878 2528 commemorantes,
919 2479 1083 2532 quum
1111 2469 1420 2528 tamen,'ut
1466 2467 1522 2520 in
1566 2466 1752 2535 priore
1795 2463 1957 2532 hujus

376 2553 572 2620 capitis
591 2562 744 2622 parte
764 2551 1194 2620 vidimus,etiam
1219 2553 1362 2608 illius
1383 2555 1518 2610 satis
1543 2557 1747 2625 peritus
1771 2555 1954 2608 fuerit.

371 2641 486 2697 lloc
535 2644 660 2698 ideo
705 2643 910 2698 factum
940 2653 1046 2708 est,
1079 2645 1222 2714 quod
1269 2644 1382 2699 sola
1423 2645 1510 2698 illa
1560 2645 1860 2709 dialectica,
1904 2645 1956 2698 in

369 2753 476 2807 qua
505 2747 733 2794 externa
777 2738 1140 2810 Erigenianae
1169 2737 1548 2807 philosophiae
1577 2736 1752 2796 forma.
1789 2737 1962 2792 cerni.

369 2837 484 2894 tur,
517 2845 584 2884 ex
613 2829 870 2884 llibernia
895 2829 996 2898 ipsi
1023 2829 1263 2897 profecta
1291 2843 1414 2886 esse
1454 2834 1632 2898 potest
1657 2845 1670 2880 :
1705 2828 1814 2896 ipsa
1843 2827 1960 2898 ejus

369 2919 712 2988 philosophia
735 2960 748 2982 ,
792 2920 848 2974 id
875 2919 1020 2988 quod
1043 2918 1158 2986 iam
1193 2933 1260 2972 ex
1291 2916 1552 2972 Bruckeri
1581 2917 1780 2982 verbis,
1821 2933 1961 2987 quae

377 3020 544 3074 supra
571 3006 650 3076 (Ι)
681 3007 873 3060 ultimo
893 3007 1010 3062 loco
1035 3009 1332 3078 posuimus,
1363 3008 1578 3077 planum
1607 3015 1708 3071 est,
1737 3007 1957 3066 aliunde

379 3095 544 3149 venit.
599 3094 767 3166 llujus
815 3098 892 3150 rei
943 3097 1420 3152 luculentissimum
1467 3097 1630 3166 ipsius
1691 3098 1960 3168 Erigonae

383 3183 753 3240 testimonium
785 3202 1168 3256 properiemus,
1201 3187 1340 3257 quod
1373 3197 1548 3242 exstat
1579 3189 1632 3242 iu
1679 3189 1960 3258 prooemio
1990 3193 2032 3252 ί]

373 3274 440 3328 ad
465 3294 482 3324 ι
505 3275 721 3330 Scholia
744 3275 800 3329 S.
829 3277 1042 3330 Maximi
1069 3279 1120 3330 in
1143 3278 1456 3348 Gregorium
1481 3279 1792 3348 theologum
1820 3279 1894 3350 (g)
1911 3299 1956 3350 r.

369 3363 448 3418 Eo
477 3364 642 3434 igitur
671 3364 788 3419 loco
815 3367 1004 3436 paucis
1027 3367 1212 3422 verbis
1245 3367 1404 3420 totius
1431 3367 1808 3438 phil050phiac
1831 3383 1964 3424 suae

369 3457 606 3512 indolem
659 3467 912 3512 accurate
961 3459 1246 3523 describit,
1305 3461 1430 3514 huic
1479 3461 1834 3532 descriptioni
1887 3463 1962 3520 ita

365 3548 646 3616 praefatus
684 3565 699 3602 :
737 3567 756 3598 ‹
796 3549 1134 3605 Fortassis...
1166 3567 1272 3606 non
1307 3561 1415 3604 tam
1459 3554 1656 3607 densas
1701 3553 1962 3608 subierim

367 3637 628 3705 caligines
653 3637 735 3706 (S.
765 3639 1044 3708 Maximi),
1097 3641 1198 3696 nisi
1249 3643 1492 3698 viderem
1545 3643 1848 3713 praefatunjt
1899 3645 1960 3700 B.

367 3725 737 3782 Maximum...
780 3728 830 3782 in
879 3745 1136 3800 processu
1185 3732 1266 3786 sui
1315 3734 1496 3802 operis
1543 3733 1962 3792 obscurissimas

367 3817 428 3870 S.
461 3817 706 3890 Dionysii
733 3819 1092 3892 Areopagitae
1115 3825 1430 3890 sententias,
1455 3824 1608 3893 cujus
1629 3827 1960 3896 symbolicos

369 3907 805 3978 theologieosque
851 3927 1042 3966 sensus
1089 3929 1260 3982 nuper
1289 3915 1440 3968 vobis
1477 3917 1553 3986 (Ιι)
1588 3907 1946 3984 similiterju-

373 3997 624 4054 bentibus
673 4001 946 4068 transtuli,
999 4003 1388 4070 iutroduxisse,
1431 3999 1960 4076 mirabiliquemodo

371 4086 728 4154 dilueidasse,
767 4091 818 4142 in
851 4101 1058 4146 tantum
1082 4133 1096 4156 ,
1129 4103 1190 4148 ut
1235 4095 1384 4148 nullo
1429 4099 1588 4150 modo
1631 4097 1958 4164 dubitarem,

369 4175 610 4232 divinam
661 4179 1025 4246 clementiam,
1059 4199 1198 4252 quae
1241 4186 1510 4240 illuminat
1539 4188 1854 4244 abscondita
1887 4196 1964 4242 te-

375 4265 694 4331 nebrarum,
723 4284 816 4321 sua
848 4268 1100 4324 ineffabili
1125 4273 1462 4340 providentia
1489 4275 1590 4330 hoc
1613 4277 1966 4344 dispOSIIissc,

379 4361 442 4404 ut
462 4367 528 4406 ea
551 4355 786 4419 quidem,
817 4372 952 4426 quae
979 4361 1134 4416 nobis
1164 4361 1396 4416 maxime
1437 4363 1682 4418 abstrusa
1730 4367 1782 4418 in
1815 4381 1967 4432 prae-

378 4441 540 4495 dictis
588 4443 647 4496 B.
699 4445 933 4516 Dionysii
982 4450 1136 4504 libris
1173 4460 1265 4506 aut
1305 4453 1390 4506 vix
1435 4455 1618 4522 pervia
1667 4471 1967 4526 sensusque

2133 463 2272 519 llinc
2289 463 2404 532 jam
2433 465 2566 520 satis
2587 465 2890 520 existimari
2919 466 3064 532 licet,
3091 469 3288 536 quibus
3311 483 3380 526 ex
3411 470 3650 528 fontibus

2061 556 2325 626 Erigenae
2357 557 2696 626 philosophia
2745 559 3077 627 provenerit,
3113 562 3434 630 eumquein
3473 562 3651 617 Gallia

2059 647 2293 714 primum
2325 645 2445 700 illos
2475 644 2958 716 Pseudo—Diouysii
2986 647 3149 702 libros
3175 652 3512 720 cognovisse.

2129 735 2304 804 Atque
2329 735 2434 790 hoc
2455 735 2576 792 loco
2609 753 2714 791 non
2745 747 2828 792 est
2857 741 3333 807 praetereundum,
3362 743 3506 810 quod
3535 741 3624 812 plu
3644 773 3668 784 -

2059 1015 2114 1060 ct
2156 1005 2432 1062 Orientem
2481 1006 2784 1062 studiorum-
2831 1023 2993 1062 causa
3053 1009 3494 1077 perlustraverit,
3527 1027 3650 1081 par—

2045 1096 2156 1158 tim
2187 1095 2565 1160 confidentius,
2595 1097 2792 1166 partim
2841 1098 3082 1152 timidius
3111 1101 3436 1156 mentionem
3469 1101 3652 1157 facere
3687 1103 3696 1114 '

2060 1183 2289 1239 soleant.
2326 1184 2532 1250 Quibus
2580 1175 2922 1241 sermonibus
2972 1188 3174 1242 nullam
3221 1207 3446 1259 prorsus
3491 1192 3648 1264 fidem

2059 1275 2423 1344 adhibendam
2450 1289 2570 1330 esse
2592 1290 2898 1334 censemus.
2929 1279 3164 1334 Tantum
3205 1283 3348 1336 enim
3378 1283 3550 1348 abest,
3593 1295 3653 1338 ut

2061 1365 2168 1419 ulla
2191 1366 2324 1421 satis
2351 1365 2506 1420 ﬁrma
2533 1367 2858 1424 auctoritate
2885 1378 2980 1423 aut
3007 1370 3112 1426 alia
3143 1373 3352 1428 ratione
3379 1374 3647 1440 nitantur,

2059 1465 2138 1522 ut,
2165 1456 2362 1526 quibus
2385 1459 2606 1514 omnino
2643 1472 3044 1540 expugnentur,
3070 1465 3122 1520 in
3151 1467 3388 1522 medium
3419 1469 3650 1538 proferri

2059 1555 2286 1616 queant.
2314 1547 2512 1603 Balcus
2541 1550 2702 1620 igitur
2725 1562 2778 1607 et
2803 1553 3036 1620 Pitseus,
3074 1557 3166 1626 qui
3201 1575 3218 1608 ι
3253 1557 3532 1614 historiam
3565 1559 3650 1614 lit-

2062 1635 2322 1690 terariam
2379 1638 2762 1696 Britannorum
2799 1663 2818 1694 ι
2869 1657 3327 1714 composuerunt,
3385 1659 3648 1718 quantum

2061 1740 2162 1780 nos
2197 1725 2414 1796 quidem
2447 1727 2648 1782 scimus
2671 1731 2756 1800 (ἰ),
2798 1731 2957 1800 primi
3002 1733 3068 1789 de
3110 1735 3214 1790 illis
3255 1737 3648 1806 peregrinatio-

2061 1811 2219 1867 nibus
2245 1814 2530 1882 scripsere.
2565 1815 2766 1872 Verum
2793 1819 2993 1876 frustra
3025 1822 3170 1892 ipsos
3201 1824 3266 1880 iis
3295 1825 3664 1884 defendendis

2061 1913 2224 1975 atque
2251 1905 2578 1963 ailirmandis
2609 1917 2830 1968 conatos
2873 1928 3014 1978 esse,
3053 1914 3166 1984 jam
3200 1931 3266 1970 ex
3303 1917 3574 1974 Bruekero
3597 1931 3654 1976 et

2061 1996 2268 2052 Thoma
2298 1997 2466 2054 Galeo
2497 1997 2574 2070 (j)
2607 2001 2978 2073 intelligimus.
3027 2005 3250 2061 Multum
3299 2009 3494 2066 deinde
3549 2013 3648 2068 tri—

2061 2085 2232 2140 buunt
2283 2087 2350 2144 iis
2403 2091 2604 2154 verbis,
2639 2107 2778 2162 quae
2821 2103 2880 2148 ut
2911 2113 2929 2145 ‹
2965 2096 3136 2166 ipsius
3183 2098 3446 2169 Erigonae
3487 2105 3652 2158 verba

2061 2179 2342 2252 Rogerum
2395 2183 2664 2240 Baconem
2721 2189 3014 2246 memoriae
3061 2193 3364 2260 prodidisse
3411 2194 3651 2264 legamus

2061 2273 2200 2342 apud
2246 2273 2374 2328 Ant.
2408 2274 2582 2332 Wood
2625 2277 2716 2348 (k),
2773 2279 3062 2359 duimuodo
3109 2281 3356 2352 liogerus
3401 2285 3542 2340 Baco
3585 2286 3651 2340 de

2060 2379 2248 2418 eorum
2302 2375 2522 2422 auctore
2567 2383 2672 2423 non
2723 2371 2990 2428 erraverit
3027 2370 3087 2442 (1)
3121 2391 3164 2425 ι.
3202 2372 3313 2428 Nos
3357 2383 3559 2440 autem,
3603 2376 3648 2429 si

2062 2453 2190 2524 quid
2215 2453 2482 2520 videmus,
2513 2457 2676 2522 etiam
2722 2457 2826 2512 hoc
2855 2459 3130 2514 fatendum
3155 2477 3272 2518 esse
3296 2463 3648 2530 arbitramur,

2061 2560 2128 2600 ne
2157 2546 2354 2600 Baconi
2384 2547 2598 2616 quidem
2627 2547 2714 2602 illa
2747 2549 2908 2602 verba
2941 2552 3254 2606 necessario
3289 2554 3649 2610 adscribeuda

2061 2652 2201 2692 esse.
2235 2636 2310 2692 ita
2357 2639 2502 2694 enim
2545 2638 2636 2693 illo
2671 2639 2792 2696 loco
2839 2643 3102 2709 scriptum
3136 2650 3255 2696 est:
3285 2663 3302 2696 ι
3332 2644 3582 2714 Roget-us.

2062 2727 2278 2798 quidem
2323 2726 2636 2780 Baconus...
2691 2743 2788 2794 pro
2829 2727 3090 2790 fidissimo
3143 2746 3268 2786 eum
3309 2731 3648 2804 (Scotum)...

2063 2817 2367 2886 linguarum
2401 2817 2766 2885 interprete...
2797 2819 3146 2888 depracdicat
3171 2823 3248 2892 (in
3275 2823 3470 2892 glossis
3491 2839 3653 2894 super

2063 2908 2260 2964 librum
2277 2907 2583 2963 Aristotelis
2603 2911 2670 2964 dc
2685 2913 2909 2964 secretis
2923 2923 3260 2968 secretorum
3277 2944 3346 2954 ——
3367 2931 3442 2970 ιιι.
3463 2917 3650 2986 script.

2065 3017 2114 3072 p.
2141 3001 2232 3071 4);
2261 2999 2348 3054 cui
2380 3000 2722 3055 tribuendum
2749 3016 2912 3072 porro
2937 3011 3140 3068 censet,
3184 3006 3328 3074 quod
3357 3004 3512 3062 libris
3533 3009 3652 3076 qui»

2067 3092 2291 3146 busdam
2319 3091 2682 3147 Aristotelieis
2713 3094 2858 3148 veris
2887 3109 2954 3150 ac
2977 3095 3230 3165 genuinis
3255 3097 3510 3152 fruimur.
3535 3096 3654 3154 Non

2067 3182 2256 3251 reliqui
2287 3181 2482 3248 locum,
2529 3183 2702 3251 inquit
2747 3183 2836 3240 ille
2861 3185 3250 3252 Joannes,ncc
3277 3189 3562 3260 templum,
3595 3189 3650 3248 in

2065 3273 2260 3342 quibus
2305 3273 2610 3342 philosophi
2641 3287 3038 3330 consueverunt
3067 3292 3392 3346 componere
3419 3288 3476 3333 et
3493 3295 3654 3348 repo.

2065 3379 2194 3418 nere
2227 3380 2322 3418 sua
2361 3379 2526 3434 opera
2547 3376 2780 3430 secreta,
2805 3383 2944 3436 quae
2977 3383 3080 3424 non
3105 3369 3346 3435 visitavi,
3405 3385 3508 3426 nec
3555 3371 3655 3426 alit-

2063 3469 2222 3522 quem
2239 3455 2816 3526 peritissimum,quem
2831 3459 3034 3514 credidi
3066 3460 3268 3514 habere
3293 3459 3530 3530 aliquam
3557 3478 3654 3518 nov

2066 3544 2236 3597 titiam
2269 3545 2332 3600 de
2345 3545 2564 3614 scriptis
2587 3546 2992 3617 philosophieis,
3015 3565 3174 3618 quem
3201 3565 3306 3604 non
3327 3551 3650 3621 exquisivi»

2136 3632 2286 3699 Quae
2312 3634 2476 3702 igitur
2502 3635 2684 3702 verba,
2732 3636 2778 3691 si
2814 3652 2879 3691 ne
2905 3637 3136 3694 Bac-onis
3170 3641 3386 3708 quidem
3416 3642 3652 3706 sint,.in~

2067 3726 2266 3780 certius
2280 3727 2443 3784 etiam
2464 3735 2566 3790 est,
2593 3744 2720 3782 num
2739 3730 2848 3783 sint
2865 3730 3148 3800 Erigenae.
3167 3731 3326 3798 Esto;
3351 3732 3655 3790 habeantur

2066 3826 2120 3871 et
2145 3817 2375 3874 Baconis
2419 3828 2472 3874 et
2503 3819 2792 3891 Erigonae.
2827 3821 2966 3888 Quid
2999 3823 3157 3878 inde?
3185 3823 3322 3884 Num
3355 3825 3422 3880 de
3449 3841 3514 3880 ea
3559 3841 3654 3894 pe-

2067 3911 2440 3977 regrinatione
2476 3910 2794 3980 loquuntur,
2825 3928 2988 3981 quam
3019 3929 3180 3984 supra
3208 3915 3492 3970 diximus?
3521 3915 3656 3970 Cor.-

2067 4001 2297 4066 ruerint,
2331 4001 2448 4068 ubi,
2477 4003 2622 4072 quod
2659 4002 3008 4066 moxfaoturi
3043 4021 3252 4071 sumus,
3297 4007 3550 4076 graviora
3582 4022 3648 4060 ac

2065 4089 2302 4144 certiora
2331 4091 2463 4158 ipsis
2498 4095 2914 4162 apposuerimus
2945 4095 3061 4166 (m).
3089 4095 3228 4152 Sunt
3257 4096 3492 4166 denique
3513 4137 3528 4160 ,
3561 4099 3653 4166 qui

2065 4189 2252 4248 putent.
2275 4222 2289 4244 ,
2339 4183 2424 4234 vel
2457 4198 2520 4236 ea
2554 4187 2620 4236 de
2651 4201 2813 4244 causa
2845 4186 2994 4242 Seoti
3025 4187 3155 4240 illm]
3187 4188 3290 4241 iter
3333 4189 3386 4242 in
3437 4189 3652 4242 dubita-

2069 4273 2268 4326 tionem
2300 4273 2600 4326 vocandum
2653 4288 2758 4336 non
2809 4288 2952 4338 esse,
3006 4275 3150 4341 quod
3201 4283 3312 4328 tam
3361 4277 3654 4331 multarum

2067 4378 2248 4417 rerum
2281 4360 2568 4416 scientiam
2623 4361 2676 4414 in
2725 4377 2790 4416 eo
2839 4361 3326 4431 deprehendamus,
3359 4379 3518 4432 quas,
3550 4368 3652 4421 nisi

2069 4457 2124 4510 in
2155 4453 2399 4517 Oriente,
2425 4469 2690 4524 nusquam
2717 4455 2926 4510 discere
2949 4454 3206 4524 potuerit.
3226 4454 3324 4512 llis
3343 4465 3524 4510 autem
3549 4458 3654 4514 hoc

372 4539 594 4586 nostros
623 4533 807 4604 fugere
835 4537 1178 4604 videbantur,
1229 4543 1501 4611 aperiret,
1558 4545 1960 4614 sapientissimo
1997 4541 2040 4600 Ι)
2071 4547 2188 4616 ipso
2215 4547 2393 4615 rapite
2422 4545 2536 4616 jam
2569 4545 2904 4604 satisfactum
2929 4560 3051 4602 esse
3087 4555 3358 4616 putamus.
3391 4548 3656 4606 llebraice

367 4625 616 4691 praefato
665 4627 900 4684 Maximo
941 4629 1272 4686 lucidissime
1327 4635 1671 4702 explanante.
1722 4637 1960 4706 Exempli

369 4731 554 4780 causa,
589 4729 648 4772 ut
689 4725 854 4774 unum
897 4721 963 4776 de
989 4723 1234 4792 pluribus
1263 4725 1461 4794 dicam,
1502 4731 1770 4798 quomodo
1801 4747 1962 4786 causa

367 4821 682 4862 omnium...
713 4831 729 4861 Ι
743 4851 754 4863 .

442 4914 522 4985 (α)
549 4915 630 4998 gf.
663 4919 858 4998 Thom.
887 4919 1091 4998 Moore.
1115 4925 1290 4998 ,__hist.
1335 4925 1457 4981 llib.
1493 4929 1608 4981 Vol.
1639 4929 1680 4994 Ι,
1709 4945 1831 4998 cap.
1877 4931 1958 4996 i5,

369 4985 528 5061 Vere.
560 4986 742 5061 Germ.
778 4989 817 5054 l,
849 5008 902 5061 p.
938 4985 1198 5048 ait-534.

656 5055 869 5134 _'lihom'.
897 5062 1096 5134 bloorc.
1135 5066 1168 5134 Ι.
1203 5065 1236 5117 Ι.
1270 5081 1321 5134 p.
1351 5065 1474 5130 53L
1509 5067 1637 5122 551.

405 5125 519 5206 “(e)
655 5128 851 5206 Thom.
901 5131 1104 5206 Moore.
1139 5133 1171 5187 Ι.
1201 5134 1238 5188 l.
1271 5125 1336 5206 'p.
1368 5125 1505 5200 550,
1553 5146 1637 5202 et,
1669 5152 1828 5206 quem
1875 5139 1962 5194 iile

369 5196 529 5268 citat,
566 5196 746 5268 lisser.
779 5200 830 5253 iu
861 5202 1020 5268 epist.
1051 5202 1174 5258 llib.

453 5263 532 5345 (Δ)
663 5267 860 5345 'ijho_m.
893 5263 1092 5345 Moore.
1133 5273 1166 5326 l.
1195 5273 1232 5328 l.
1259 5291 1312 5345 p.
1339 5275 1463 5330 559...

449 5334 728 5414 t'€)_Gf.__S.
768 5339 1054 5414 l’rud._dc
1099 5334 1371 5414 pracd'est.
1427 5354 1611 5398 contra
1637 5345 1684 5400 .I.
1738 5345 1958 5404 Scotum

369 5417 490 5488 cap.
527 5407 876 5488 liLMavilna
905 5407 1152 5488 hihlioth.
1179 5425 1282 5470 vet.
1317 5425 1531 5485 patrum
1557 5418 1684 5471 edit.
1713 5417 1956 5488 Lugdnn.

371 5465 509 5546 tom.
537 5474 652 5546 XV,
689 5493 742 5546 p.
778 5465 902 5546 554.
935 5481 997 5535 Ε.

441 5543 521 5625 (Γ)
659 5543 793 5625 gap.
833 5545 1032 5625 "icui.
1063 5551 1151 5625 12,
1175 5563 1286 5609 not.
1313 5573 1364 5625 g.

441 5617 518 5695 lg)
542 5615 630 5695 gr.
661 5615 857 5695 Thom.
892 5615 1334 5695 Gale.Appeml.'
1353 5641 1406 5695 p.
1437 5627 1498 5680 ll.

441 5685 630 5770 φρει
661 5690 998 5770 ςριμςῖηιυιρ
1032 5685 1214 5770 Gal-vo.
1251 5685 1500 5770 Gi'.__'iul'_1:a
1529 5715 1648 5770 cap.
1691 5699 1774 5770 ill.

442 5757 502 5818 in
545 5757 628 5810 cr.
664 5759 928 5814 Bt'ttcluu'.
981 5761 1017 5814 1.
1069 5762 1103 5814 1.
1151 5779 1201 5831 ι).
1255 5767 1387 5832 eis;
1439 5757 1643 5824 Tironi.
1681 5769 1814 5826 Galc
1853 5770 1955 5824 1.1.

2071 4645 2163 4690 aut
2215 4636 2423 4706 syriace
2485 4635 2682 4692 Scotus
2737 4637 3016 4692 nescivit:
3068 4651 3294 4708 graecas
3347 4638 3556 4696 litteras
3601 4641 3654 4695 iu

2071 4727 2328 4782 l‘llliel‘llla
2353 4728 2563 4784 discere
2583 4731 2794 4798 potuit:
2823 4730 2988 4784 etiam
3011 4731 3114 4786 hoc
3139 4731 3654 4800 demonstravimus,

2071 4835 2176 4887 quo
2207 4819 2270 4872 de
2299 4819 2448 4874 fonte
2484 4818 2601 4889 ejus
2632 4820 2972 4890 philoSOphia
3003 4823 3328 4877 manaverit.
3351 4821 3472 4878 Nec
3521 4824 3656 4880 illud

2073 4931 2270 4984 leslint.
2304 4946 2358 4998 ι).
2388 4931 2440 4986 9.

2141 4997 2216 5068 (j)
2243 4997 2323 5054 Cf.
2351 5001 2454 5056 loc.
2483 5001 2625 5062 laud.

2065 5069 2325 5192 ΜΗίῆαὲ
2363 5073 2564 5192 Ιέξὲιοικ
2615 5082 2670 5128 et
2723 5076 2892 5146 antiq.
2945 5077 3106 5132 Univ.
3161 5075 3335 5134 Oxon.
3388 5077 3528 5132 1674
3559 5077 3654 5180 fol.

2113 5141 2182 5192 il).
2221 5141 2258 5204 Ι,
2292 5157 2344 5204 p.
2377 5143 2464 5194 15.
2857 5141 2874 5146 ’
3583 5161 3608 5180 ‘~

2139 5157 2199 5292 ξὶ)
2217 5157 2516 5292 vita.
2550 5227 2602 5282 p.
2621 5212 2708 5292 ξε.
2729 5213 2828 5292 ὅθὲς
2863 5215 3294 5292 Staudeumaier.
3317 5231 3368 5282 p.
3393 5177 3650 5292 -t_45-l_£_i.

2137 5279 2234 5348 (ιη)
2271 5279 2520 5334 Ceterum
2550 5279 2744 5338 etiam
2795 5285 2886 5338 Dr.
2939 5285 3232 5346 [let-bium,
3267 5279 3331 5334 vf
3377 5283 3448 5336 cl.
3473 5319 3487 5344 ,
3533 5283 3651 5347 his,

2067 5365 2207 5418 quae
2239 5349 2514 5423 dicuntur,
2548 5353 2810 5423 Erigenae
2841 5357 3036 5413 verbis,
3059 5362 3306 5423 inlotum
3327 5365 3450 5423 esse
3479 5367 3652 5422 appa-

2073 5429 2194 5492 ret;
2222 5422 2540 5492 concedens
2585 5421 2730 5478 enim
2762 5425 2881 5492 (1.1.
2911 5438 2966 5491 p.
2999 5421 3206 5492 55)_7de
3250 5421 3538 5478 itineribus
3579 5426 3656 5479 ita

2071 5490 2262 5544 scribit
2294 5508 2307 5542 :
2344 5510 2360 5541 ι
2393 5490 2463 5544 Er
2488 5491 2611 5546 kam
2653 5489 2790 5547 nach
2833 5489 3286 5560 grosscuqlieisen
3311 5531 3325 5556 ,
3356 5492 3444 5549 die
3467 5509 3530 5548 er
3555 5512 3666 5550 zur-

2069 5558 2911 5636 A1_1l‘suc|11_1_ng_pliilosopltisrlier
2935 5558 3134 5614 Werke
3155 5563 3273 5636 und
3287 5563 3358 5616 im
3378 5563 3656 5636 Umgango

2071 5631 2170 5684 mit
2193 5632 2293 5682 den
2323 5628 2541 5684 weiseu
2572 5631 2752 5698 sciner
2779 5628 2900 5698 Zeit
2921 5632 3236 5686 verwendet
3261 5634 3429 5698 ltatte,
3453 5628 3522 5689 ait
3553 5628 3653 5688 .15..

2073 5699 2181 5772 llof
2207 5699 2362 5772 Caris
2395 5699 2488 5772 des
2535 5697 2820 5772 li:ililcn_i_
2841 5697 2970 5766 (hoc
2989 5711 3074 5756 est
3105 5720 3115 5754 τ
3147 5702 3357 5772 Magnis
3382 5697 3656 5758 itineribus

2071 5771 2139 5822 ad
2162 5767 2507 5838 perquirenda
2521 5782 2688 5848 epam
2705 5767 3068 5842 philosophica
3091 5781 3142 5828 ct
3161 5773 3228 5826 ad
3243 5767 3649 5845 sapientissime:
