4152 6276
520 341 590 396 l5
1641 340 1727 395 DE
1763 340 1811 398 J.
1857 339 2078 398 SCOTO
2113 338 2632 397 COMMENTATIO.
3713 345 3781 395 lt)

519 457 816 528 quidquam
841 453 1004 517 valet,
1035 454 1178 524 quod
1209 469 1240 507 a
1269 453 1401 508 viris
1430 453 1605 508 doctis
1643 454 1721 526 (α)
1749 455 2098 510 animadver-
2125 457 2173 514 A
2201 455 2446 524 epistola,
2488 454 2556 508 ad
2605 454 2778 522 ipsum
2830 452 3080 508 Carolum
3113 453 3334 511 Calvum
3366 455 3577 528 scripta.
3609 459 3779 512 conti-

518 563 640 603 sum
669 556 773 613 est,
813 546 1141 603 simillimam
1166 561 1288 602 esse
1327 545 1591 617 Erigonae
1625 546 2016 616 philosophiam
2045 556 2101 602 et
2200 554 2413 609 nentur,
2447 559 2776 615 magnopere
2799 543 3028 610 diflidas,
3062 554 3346 616 propterea
3378 549 3545 616 quod,
3577 549 3779 618 quilms

519 637 796 702 ludorum,
825 652 964 706 quae
991 636 1293 707 Sanbbyiea
1315 645 1542 690 vocatur
1574 645 1630 691 et
1661 637 1880 707 Yogica.
1915 637 2098 707 Neque

517 729 666 784 enim
691 743 891 783 novum
921 736 1017 782 aut
1045 728 1342 782 inauditum
1372 726 1532 790 foret,
1563 728 1606 780 si
1637 737 1691 781 et
1718 728 1912 783 Scotns
1940 737 1994 782 et
2014 729 2097 782 ln-

519 821 674 875 dicae
703 821 846 875 illius
870 820 1243 890 philosophiae
1269 829 1520 874 auctores
1544 835 1642 874 suo
1668 820 1897 890 quisque
1925 820 2096 876 Marte

517 911 622 967 sibi
669 928 768 966 ova
817 911 1096 982 pullosque
1151 911 1380 966 fecerlnt
1410 927 1424 962 :
1455 919 1510 964 et
1537 927 1632 966 eos
1664 912 1808 982 ipsos
1853 913 2092 982 philoso—

515 1005 683 1072 phos,
715 1019 851 1072 quos
889 1003 1117 1073 Erigena
1148 1003 1252 1057 sibi
1288 1003 1455 1058 duces
1493 1003 1655 1074 elegit
1685 1017 1748 1058 ac
1795 1013 2092 1074 praecepto-

435 1097 438 1100 ’
517 1112 626 1158 res,
647 1096 935 1166 plurimum
960 1097 1214 1151 Indorum
1236 1096 1679 1167 philosophorum
1709 1097 1910 1152 scrinia
1940 1113 2091 1152 com-

511 1187 708 1257 pilasse
735 1187 956 1241 scimus.

578 1277 698 1331 Jam
727 1292 857 1332 vero
882 1277 1132 1345 exposito
1154 1317 1169 1344 ,
1217 1292 1380 1346 quam
1410 1274 1555 1331 nulla
1587 1276 1848 1347 probabili
1881 1277 2091 1331 ratione

509 1367 752 1423 adhibita
777 1382 1024 1422 rumores
1049 1367 1123 1422 illi
1148 1369 1214 1423 de
1235 1365 1458 1422 Joannis
1481 1367 1650 1422 nostri
1675 1367 1960 1421 itincribus
1984 1367 2092 1422 cir-

513 1458 729 1513 cumlati
757 1457 993 1522 fuerint,
1016 1458 1208 1528 paucis
1232 1457 1315 1520 id,
1339 1466 1559 1527 propter
1583 1457 1722 1526 quod
1748 1458 2087 1526 potissimum

509 1567 573 1605 ea
609 1552 830 1605 omnino
876 1550 1023 1604 nulla
1051 1563 1172 1604 esse
1211 1557 1462 1618 putemus
1483 1589 1498 1614 ,
1531 1547 1938 1617 explicabimus.
1973 1547 2090 1602 Pri-

489 1656 678 1695 ‘mum-
705 1641 870 1711 igitur
913 1640 1172 1695 habemus
1201 1639 1562 1710 fragmentum
1591 1639 1884 1708 epistolae,
1925 1655 2086 1708 quam

505 1733 825 1788 Anastasius
845 1732 1166 1788 bibliotheca
1176 1733 1307 1795 rius,
1333 1731 1480 1786 Scoti
1505 1731 1743 1801 aequalis
1762 1739 1817 1785 et
1837 1747 2083 1787 summus

2198 635 2402 689 firmari
2432 642 2669 704 queant,
2702 635 2836 690 satis
2879 636 3044 689 multa
3079 636 3338 691 habemus
3367 638 3464 708 (ι’).
3497 638 3587 693 Ille
3615 639 3778 708 igitur

2196 727 2415 782 Ericus:
2439 744 2456 778 ι
2480 727 2572 780 Vel
2595 728 2881 790 maxime»,
2899 726 3095 796 inquit,
3118 746 3136 778 ι
3154 727 3315 782 Vobis
3330 738 3603 783 aeternam
3626 741 3779 797 parat

2198 819 2509 874 memoriam
2529 859 2542 882 ,
2575 819 2715 889 quod
2748 818 3082 872 famatissimi
3111 819 3194 873 avi
3229 820 3405 874 Vestri
3451 821 3630 875 Caroli
3658 832 3773 876 stu-

2195 909 2341 963 dium
2367 923 2494 977 erga
2519 908 2852 963 immortales
2873 908 3187 979 disciplinas
3209 926 3312 963 non
3336 911 3494 965 modo
3515 928 3577 965 ex
3604 927 3776 980 aequo

2195 999 2652 1067 repraesentatis,
2685 1013 2870 1052 verum
2902 999 3066 1053 etiam
3116 999 3523 1068 incomparabili
3566 1001 3776 1058 fervore

2194 1090 2609 1155 transcenditis;
2635 1089 2762 1142 dum
2783 1130 2797 1155 ,
2825 1090 2969 1158 quod
2998 1089 3085 1144 ille
3111 1091 3302 1160 sopitis
3343 1091 3530 1145 eduxit
3581 1093 3776 1146 cineri-

2193 1183 2324 1246 bus,
2379 1183 2488 1237 Vos
2528 1182 2770 1235 fomento
2815 1180 3136 1251 multiplici,
3183 1190 3295 1236 tum
3353 1183 3772 1248 beneficiorum,

2194 1283 2306 1329 tum
2360 1274 2731 1338 auctoritatis,
2790 1288 2964 1342 usque
3013 1288 3225 1344 quaque
3266 1277 3582 1344 provehitis.
3718 1279 3772 1332 id

2191 1367 2346 1421 vobis
2373 1367 2642 1435 singulare
2663 1367 2896 1421 studium
2920 1366 3193 1429 effecistis,
3223 1377 3281 1420 ut
3307 1368 3478 1422 sicubi
3508 1377 3770 1424 terrarum

2193 1457 2435 1527 magistri
2466 1456 2722 1510 florerent
2749 1458 2946 1510 artium
2967 1497 2979 1520 ,
3007 1472 3237 1527 quarum
3266 1458 3618 1528 principalem
3647 1476 3774 1529 ope-

2191 1562 2307 1601 ram
2340 1546 2680 1616 philosophia
2715 1547 3022 1616 pollicetur,
3067 1549 3171 1604 hoc
3197 1549 3263 1603 ad
3290 1550 3559 1619 publicam
3588 1553 3770 1606 erudi-

2192 1638 2392 1692 tionem
2447 1639 2806 1707 undecunqne
2858 1639 3047 1696 Vestra
3095 1640 3378 1696 celsitudo.
3406 1643 3772 1709 conduceret,

2190 1731 2418 1784 comitas
2487 1729 2785 1784 attraheret
2804 1771 2818 1793 ,
2877 1729 3154 1800 dapsilitas
3215 1742 3556 1801 provocaret.
3579 1772 3595 1788 .
3615 1773 3630 1786 .
3650 1773 3664 1788 .
3687 1774 3701 1787 .
3721 1775 3736 1788 .
3753 1775 3768 1790 .

505 1825 825 1890 admirator,
862 1827 928 1880 de
955 1840 1021 1880 eo
1049 1825 1116 1880 ad
1148 1823 1399 1880 Carolum
1427 1823 1649 1879 Calvum
1688 1825 1868 1886 misit,
1903 1840 2008 1894 qua
2039 1825 2085 1880 is
2115 1813 2161 1873 Β
2189 1822 2326 1890 Quid
2354 1821 2665 1877 Hiberniam
2688 1837 2980 1878 memorem
3002 1865 3016 1887 ,
3041 1832 3352 1894 contempto
3375 1826 3545 1896 pelagi
3574 1827 3770 1881 discri-

502 1915 720 1984 quidem
750 1916 1090 1986 apertissime
1117 1915 1481 1980 demonstrat,
1509 1930 1568 1970 se
1595 1915 1727 1970 nihil
1753 1931 1988 1985 unquam
2022 1917 2088 1970 de

505 2007 609 2060 nlla
641 2007 929 2076 longinqua
955 2007 1072 2076 ejus
1103 2007 1540 2076 peregrinatione
1570 2006 1860 2060 audivisse.
1886 2005 2088 2060 Scribit

501 2096 648 2150 enim
677 2097 756 2165 (li)
785 2113 797 2148 :
837 2115 857 2146 σ
893 2095 1194 2150 Mirandum
1224 2110 1440 2165 quoque
1462 2104 1541 2149 est
1565 2135 1581 2159 ,
1603 2095 1873 2164 quomodo
1897 2095 1983 2149 ille
2007 2095 2088 2149 vir

505 2189 788 2250 barbarus,
820 2186 1079 2241 Joannem
1111 2188 1261 2247 dico,
1298 2187 1416 2253 ille,
1447 2187 1541 2256 qui
1582 2188 1633 2240 in
1680 2187 1874 2240 finibus
1902 2187 2085 2241 mundi

501 2277 730 2347 positus,
762 2285 967 2345 quanto
989 2275 1066 2330 ab
1096 2275 1494 2330 hominibus
1521 2277 2084 2340 conversatione,

504 2375 655 2421 tanto
677 2366 824 2421 credi
873 2367 1046 2436 potuit
1087 2367 1312 2422 alterius
1356 2367 1570 2435 linguae
1609 2367 1844 2421 dictione
1871 2366 2083 2436 longin-

500 2475 673 2530 quus,
705 2460 835 2514 talia
875 2459 1151 2514 intellectu
1183 2475 1376 2528 capere
1423 2459 1474 2513 in
1525 2459 1795 2527 aliamque
1843 2459 2082 2527 linguam

502 2550 798 2606 transferre
847 2549 1077 2604 valuerit
1122 2549 1191 2619 (c)
1249 2569 1293 2602 ι.
1346 2549 1548 2603 Deinde
1606 2547 1663 2603 S.
1723 2547 2081 2612 Prudentius,

496 2657 660 2711 quem
686 2641 940 2710 ot'ipsum
971 2641 1118 2696 Scoti
1147 2639 1427 2710 aequalem
1457 2647 1508 2695 et
1536 2655 1602 2695 ex
1631 2640 1805 2694 amico
1828 2641 2082 2718 adversa-

498 2733 636 2786 rium
668 2730 871 2786 factum
903 2746 1023 2785 esse
1055 2730 1391 2788 audivimus.
1429 2745 1536 2798 quo
1568 2729 1686 2784 loco
1721 2730 1786 2783 de
1821 2729 2080 2783 Hibernia

495 2831 556 2876 ut
575 2822 838 2889 Erigonae
859 2822 1117 2893 magistra
1142 2821 1387 2891 loquitur
1402 2820 1502 2890 (d),
1530 2830 1678 2875 certe
1701 2820 1865 2875 etiam
1888 2819 2083 2875 Orien-

494 2913 566 2968 tis
583 2921 677 2966 aut
693 2912 955 2967 Graeciae
979 2911 1308 2966 mentionem
1327 2910 1616 2979 injeeisset,
1637 2911 1762 2964 dum
1785 2909 2080 2979 quidquam

493 3003 560 3057 de
584 3002 670 3057 his
688 3000 1064 3070 comperisset.
1087 2998 1204 3053 Huc
1230 2999 1470 3062 accedit,
1493 3000 1636 3068 quod
1658 2998 1837 3054 nullus
1859 3001 2080 3054 omnino

491 3110 560 3149 ex
589 3094 854 3163 Erigonae
883 3090 1102 3158 scriptis
1131 3089 1282 3143 locus
1305 3086 1485 3142 afferri
1509 3095 1717 3157 potest,
1750 3089 1840 3142 ubi
1871 3089 1988 3158 ipse
2013 3089 2080 3143 de

2187 1913 2331 1968 mine
2353 1928 2522 1984 paene
2549 1922 2662 1968 toto
2688 1929 2810 1968 cum
2842 1930 3002 1984 grege
3029 1915 3474 1986 philosophorum
3499 1919 3562 1972 ad
3589 1917 3770 1974 littora

2186 2013 2369 2058 nostra
2417 2004 2776 2073 migrantem?
2819 1999 3057 2072 Quonim
3105 2008 3349 2077 quisquis
3394 2011 3617 2078 peritior
3657 2021 3764 2075 est,

2185 2092 2328 2148 ultro
2352 2093 2453 2148 sibi
2478 2094 2664 2149 indicit
2693 2094 2912 2148 exilium
2933 2136 2947 2160 ,
2981 2105 3039 2150 ut
3066 2095 3341 2152 Salomoni
3369 2100 3766 2169 sapientissimo

2187 2183 2477 2239 famuletur
2500 2185 2567 2240 ad
2595 2194 2891 2240 votum.....
2925 2205 2944 2238 ι

2254 2274 2434 2344 Atque
2453 2276 2594 2330 inter
2617 2276 2714 2330 hos
2737 2276 2904 2341 vims,
2933 2277 3214 2332 doctrinae
3237 2276 3392 2333 laude
3423 2281 3763 2348 conspicuos,

2183 2382 2413 2438 quorum
2459 2368 2655 2438 partim
2702 2379 2954 2434 vocatos,
2994 2371 3192 2439 partim
3244 2372 3386 2427 ultro
3415 2373 3479 2426 ad
3509 2372 3762 2429 Carolum

2183 2457 2399 2513 venisse
2428 2473 2493 2511 ex
2525 2458 2686 2512 Erico
2719 2457 2994 2522 videmus,
3041 2459 3180 2513 fama
3230 2462 3297 2514 ad
3345 2470 3588 2531 posteros
3621 2471 3767 2518 certe

2182 2563 2316 2619 prae
2363 2549 2617 2604 omnibus
2645 2550 2845 2604 ceteris
2873 2551 3103 2605 eminuit
3126 2550 3359 2607 Joannes
3403 2553 3617 2607 Scotns.
3650 2552 3769 2620 Quo

2183 2646 2362 2693 autem
2391 2637 2516 2708 jure
2547 2640 2911 2694 recentiorum
2942 2639 3159 2709 plurimi
3209 2641 3282 2711 (g)
3323 2656 3443 2696 eum
3491 2657 3522 2696 a
3571 2642 3766 2699 Carolo
3808 2675 3813 2682 -

2181 2728 2347 2783 Calvo
2372 2729 2694 2783 arcessitum
2727 2729 2929 2793 dicant,
2981 2747 3079 2784 nos
3125 2731 3338 2799 quidem
3380 2730 3626 2800 profecto
3656 2748 3764 2788 non

2184 2819 2552 2890 intelligimus.
2571 2819 2868 2875 Guilelmus
2896 2822 3040 2875 enim
3069 2821 3578 2886 Malmesbnriensis,
3594 2837 3759 2891 quem

2182 2913 2416 2983 primum
2441 2915 2544 2967 hac
2568 2913 2633 2967 de
2657 2928 2716 2967 re
2741 2913 3025 2982 scripsisse
3042 2913 3152 2982 jam
3179 2931 3246 2969 ex
3269 2914 3310 2968 Τ
3316 2915 3468 2968 homa
3491 2913 3659 2970 Galeo
3683 2917 3764 2985 (Ii)

2182 3003 2434 3072 colligas,
2489 3013 2757 3073 quemque
2787 3003 3004 3060 Simeon
3061 3005 3462 3070 Durielmensis,
3510 3005 3764 3060 Matthias

2184 3095 2822 3163 Westmonasteriensis,
2855 3095 2945 3150 alii
2971 3097 3038 3151 ad
3065 3096 3287 3151 verbum
3318 3097 3431 3152 fere
3463 3099 3762 3167 descripse—

494 3183 697 3237 exteris
743 3179 1117 3250 philosophis,
1171 3177 1493 3245 quibuscum
1537 3191 1722 3232 coram
1770 3176 1873 3231 sibi
1921 3177 2081 3231 collo-
2107 3190 2152 3251 C
2187 3195 2342 3246 runt;
2367 3187 2461 3241 sed
2493 3184 2792 3241 Guilelmus
2815 3186 3312 3242 Malmesburicnsis
3350 3188 3520 3243 tribus
3546 3189 3761 3259 locis(i)

493 3275 695 3344 quendi
725 3271 954 3326 facultas
998 3269 1190 3330 fuerit,
1232 3283 1536 3324 sermonem
1568 3268 1765 3332 faciat,
1797 3277 1893 3323 aut
1921 3268 2081 3324 ullius

495 3363 948 3436 peregrinationis
978 3361 1280 3417 studiorum
1311 3375 1470 3415 causa
1513 3368 1792 3430 susceptae
1821 3362 2081 3416 memine-

494 3459 600 3523 rit;
641 3472 808 3527 quum
839 3470 1056 3525 semper
1098 3469 1192 3508 eos
1225 3461 1474 3508 auctores
1503 3454 1726 3525 alleget,
1758 3470 1987 3523 quorum
2017 3455 2080 3509 li-

500 3551 628 3602 bros
657 3549 710 3602 in
743 3547 1000 3601 Hibernia
1034 3555 1129 3602 aut
1151 3546 1204 3600 in
1228 3545 1399 3600 Gal-lia
1433 3558 1690 3600 excutere
1718 3547 1911 3615 potuit.
1941 3547 2078 3614 Quid

497 3639 729 3708 denique
758 3637 849 3692 illa
876 3645 1196 3707 tempestate
1223 3636 1310 3691 vel
1339 3637 1392 3690 in
1419 3635 1647 3692 Graecia
1679 3637 1962 3692 doctrinae
1991 3653 2081 3691 ac-

497 3729 640 3798 quiri
685 3727 959 3797 potuerit,
991 3743 1095 3781 non
1123 3725 1306 3782 hercle
1336 3726 1686 3796 intelligimus
1715 3743 1728 3781 :
1761 3741 1830 3781 ne
1857 3727 1928 3780 ibi
1956 3726 2078 3796 qui-

497 3818 618 3872 dem
650 3816 980 3885 splendidam
1011 3826 1125 3870 tum
1171 3815 1540 3886 philosophiae
1582 3815 1946 3871 conditionem
1992 3815 2076 3869 in-
2136 3875 2145 3882 ,

496 3909 781 3962 venimus:
811 3907 1052 3963 Athenae
1077 3907 1456 3962 obmutuerant
1485 3907 1576 3978 (ε).

567 4001 744 4071 Atque
768 4001 904 4055 haec
927 3999 995 4054 de
1021 4015 1080 4055 re
1108 4008 1216 4054 tam
1244 3999 1384 4054 futili
1415 4000 1616 4056 dixisse
1645 4001 1876 4079 sufﬁciat
1909 4020 1922 4056 :
1954 4017 2080 4074 pro-

497 4090 805 4161 grediamur
830 4091 898 4144 ad
929 4090 1153 4163 reliqua.

1109 4179 1337 4236 CAPUT
1373 4181 1459 4236 111.

567 4272 713 4336 Quae
733 4271 888 4340 fuerit
912 4272 1058 4328 Scoti
1079 4273 1308 4329 conditio
1327 4274 1470 4343 apud
1491 4273 1737 4329 Carolum
1761 4275 2000 4330 Calvum.

560 4364 784 4420 Carolus
805 4366 1020 4430 Calvus,
1045 4383 1211 4436 quum
1239 4367 1431 4433 multa,
1454 4383 1593 4437 quae
1613 4369 1737 4422 boni
1765 4369 1904 4436 regis
1926 4377 2069 4434 sunt,

493 4457 546 4508 in
573 4471 631 4510 se
659 4455 1014 4509 desideranda
1044 4458 1264 4520 faceret,
1289 4457 1524 4524 optimas
1551 4465 1730 4510 tamen
1773 4469 1919 4511 artes
1947 4472 2072 4526 pro—

2184 3277 2373 3330 ii‘sdem
2399 3279 2787 3346 propemodum
2817 3279 3001 3332 verbis
3031 3297 3045 3332 :
3076 3299 3093 3329 ι
3125 3280 3367 3351 (Scotus)
3387 3321 3400 3344 ,
3433 3280 3544 3345 ait,
3578 3282 3762 3337 relicta

2180 3367 2352 3435 patria
2387 3367 2669 3422 Franciam
2699 3367 2765 3422 ad
2788 3367 3036 3423 Carolum
3060 3367 3281 3422 Calvum
3323 3371 3564 3431 transiit,
3596 3387 3624 3422 a
3656 3386 3761 3439 quo

2180 3473 2376 3529 magna
2427 3458 2737 3527 dignatione
2795 3467 3075 3527 susceptus
3130 3458 3478 3512 familiarium
3527 3461 3759 3529 partium

2181 3550 2545 3605 habebatur...
2588 3567 2632 3604 ι.
2672 3549 2836 3605 Addit
2879 3560 3160 3618 praeterea
3202 3551 3254 3603 in
3297 3551 3448 3604 libris
3496 3551 3562 3604 de
3593 3552 3759 3620 gestis

2182 3654 2365 3709 regum
2387 3641 2703 3711 Anglorum,
2727 3657 2746 3690 ε
2766 3640 3220 3708 concrepantibus
3242 3641 3479 3710 undique
3495 3642 3758 3697 bellorum

2182 3731 2486 3803 fragoribus
2521 3751 2540 3784 ο
2577 3732 2750 3799 ipsum
2782 3732 2834 3784 in
2862 3730 3090 3786 Galliam
3141 3731 3359 3785 abiisse.

2253 3825 2370 3891 Quo
2399 3831 2640 3892 tempore
2669 3823 2736 3876 ad
2776 3821 3029 3876 Carolum
3073 3822 3362 3876 secessisse
3407 3822 3671 3887 vidmtur,
3704 3824 3757 3876 in

2180 3915 2357 3984 primo
2375 3913 2553 3983 capite
2573 3912 2941 3982 exposuimus,
2956 3913 3176 3966 circiter
3193 3929 3394 3966 annum
3419 3912 3754 3968 DCCCXLV.

2255 4005 2406 4060 Hunc
2425 4046 2438 4068 ,
2477 4005 2520 4059 si
2550 4007 2834 4074 quisquam
2855 4045 2869 4069 ,
2899 4020 3086 4058 verum
3131 4005 3232 4058 sibi
3264 4005 3628 4061 Maecenatem
3659 4007 3754 4063 de-

2180 4098 2372 4153 vinxit.
2403 4098 2585 4167 anue
2607 4095 2782 4152 Caroli
2814 4095 3072 4152 facilitate
3100 4097 3172 4151 ita
3204 4111 3336 4152 usus
3364 4096 3529 4154 fuisse
3561 4114 3753 4150 narra-

2182 4198 2291 4255 tur,
2323 4196 2509 4242 utnon
2543 4203 2870 4258 magnopere
2896 4196 3080 4257 ageret
3107 4186 3384 4242 lloralium
3403 4230 3417 4250 ,
3443 4188 3526 4242 cui
3554 4188 3619 4239 ab
3646 4187 3754 4238 Au-

2179 4287 2334 4348 gusto
2363 4278 2621 4348 scriptum
2655 4277 2862 4342 ferunt,
2909 4296 2926 4327 ι
2960 4285 3199 4331 sumeret
3242 4277 3341 4330 sibi
3389 4274 3590 4345 aliquid
3616 4273 3756 4342 juris

2178 4371 2316 4438 apud
2367 4386 2466 4434 se,
2510 4379 2764 4438 tanquam
2803 4369 2846 4424 si
2888 4370 3170 4424 convictor
3211 4367 3310 4424 sibi
3348 4369 3510 4423 fuerit
3547 4389 3592 4423 ι.
3623 4367 3754 4421 Mal—

2178 4460 2562 4514 mcsburiensis
2588 4459 2802 4528 quidem
2844 4460 2917 4528 (j)
2947 4473 2962 4512 :
2993 4477 3011 4508 (
3049 4459 3310 4530 (Scotus),
3343 4459 3545 4525 inquit,
3581 4467 3752 4512 trans-

490 4555 672 4614 ptcrea
694 4559 800 4598 non
832 4545 1086 4612 neglexit.
1118 4545 1312 4598 Ericus
1334 4544 1552 4612 quidem
1581 4544 2070 4610 Altissiodorensis,
2107 4550 2153 4607 1)
2180 4549 2360 4619 igebat
2404 4564 2527 4602 cum
2554 4563 2620 4602 eo
2659 4548 2894 4619 (Carolo)
2932 4559 3038 4603 tam
3069 4553 3210 4606 seria
3235 4592 3249 4616 ,
3277 4565 3436 4622 quam
3471 4546 3593 4614 joca
3613 4591 3627 4614 ,
3664 4551 3745 4601 inv

493 4637 584 4704 qui
642 4635 759 4699 ejus
808 4635 1051 4704 aequalis
1105 4635 1243 4701 fuit,
1310 4638 1539 4692 summis
1583 4653 1706 4692 eum
1755 4639 1857 4695 hac
1906 4640 1973 4696 de
2020 4658 2078 4696 re

495 4723 746 4778 laudibus
773 4733 934 4778 ornat
967 4743 978 4777 :
1013 4740 1111 4778 nec
1139 4734 1253 4791 est,
1283 4739 1382 4779 cur
1406 4724 1568 4797 hujus
1591 4726 1868 4793 laudibus,
1897 4731 1997 4786 etsi
2023 4732 2074 4785 in

489 4869 719 4925 quosque
746 4855 840 4925 sui
868 4854 984 4925 aevi
1002 4856 1376 4910 conveniendus
1404 4859 1655 4925 susceptis
1677 4860 1744 4917 ad
1768 4859 1944 4914 aulam
1965 4861 2072 4916 Ca-

489 4921 588 4994 roli
610 4921 755 4994 Calui
777 4925 930 4994 uenit.
960 4924 1226 4994 Amnnv.
1252 4926 1436 4994 Eutr.)

560 4992 638 5064 (α)
669 4991 749 5064 Cf.
785 4991 956 5064 Hock.
991 4993 1026 5046 l.
1059 4995 1114 5058 1,
1143 5010 1194 5063 p.
1227 4997 1298 5050 55
1323 5038 1337 5063 ,
1367 4991 1480 5050 net.
1513 4995 1592 5058 Ως·
1619 4995 1812 5052 Ritter.
1843 4999 2067 5054 Geschi-

487 5061 758 5187 ξιξῖσιάθι
789 5061 1157 5133 Ρὴὶιθεοριιίθζ
1210 5061 1504 5136 llamburg.
1539 5067 1656 5121 Vol.
1689 5067 1779 5135 IV,
1827 5085 1880 5140 p.
1928 5068 2063 5130 561,

487 5143 597 5189 not.
628 5143 682 5187 4.

557 5203 633 5274 (b)
671 5203 758 5258 Cf.
791 5203 986 5259 Thom.
1019 5204 1172 5260 Gale.
1205 5206 1402 5260 testim.
1441 5221 1495 5274 p.
1531 5208 1584 5259 8.

555 5277 628 5343 (c)
669 5277 863 5330 Sermo
885 5285 966 5331 est
992 5278 1058 5331 de
1081 5276 1558 5348 PseudofDionysii
1587 5277 1758 5340 libris,
1784 5294 1920 5348 quos
1947 5278 2058 5348 Eri.

485 5357 620 5424 gena
653 5360 685 5398 e
721 5361 972 5426 graeca
1016 5346 1281 5426 oratione
1309 5347 1373 5426 in.
1402 5346 1624 5426 latinam
1666 5346 1953 5426 convortit.
1986 5347 2064 5426 Εξο

488 5412 664 5487 minus
720 5412 884 5487 igitur
943 5417 1097 5487 nobis
1150 5415 1498 5470 dubitationis
1564 5417 1680 5470 dari
1745 5425 1956 5487 potest,
2011 5416 2062 5467 in

485 5480 529 5533 G
549 5480 779 5555 raegia
807 5500 929 5536 eum
962 5484 1128 5539 fuisse
1151 5488 1489 5555 neganti-bus.

556 5548 636 5617 (ά)
665 5551 747 5621 Cf.
771 5568 944 5621 supra
974 5555 1080 5608 col.
1114 5556 1199 5621 15,
1224 5548 1349 5612 ἲιοι.
1382 5575 1429 5611 e.

559 5621 628 5696 (ς)
769 5620 1023 5696 Brucker.
1059 5626 1090 5677 Ι.
1131 5620 1258 5696 1,]1.
1289 5629 1411 5680 lilii.

555 5688 636 5754 (fol
675 5691 754 5770 (2f.
792 5688 1226 5770 $taudemnaier',
1251 5699 1357 5770 l.7l-,
1388 5714 1438 5767 p.
1475 5695 1736 5770 Εἰς-159,
1770 5692 1860 5761 (ἰαί
1894 5693 2062 5770 "’“li'

486 5772 630 5813 tuam
699 5761 1129 5824 testimoniorum
1197 5761 1412 5824 turbam
1478 5765 1716 5833 undique
1765 5761 2055 5833 congessit.

2177 4639 2532 4705 dividuusque
2551 4654 2735 4694 comes
2763 4649 2818 4693 et
2849 4655 3067 4694 mensae
3095 4651 3149 4695 et
3178 4640 3408 4696 cubiculi
3433 4648 3584 4703 erat,
3617 4639 3749 4691 mul-

2179 4739 2263 4784 tae
2317 4729 2545 4783 facetiae
2596 4729 2924 4801 ingenuique
2971 4732 3199 4802 leporis,
3232 4749 3462 4803 quorum
3506 4733 3752 4803 exempla

2173 4861 2228 4935 l_n
2260 4863 2566 4935 hoe_autem
2591 4864 2732 4918 Eriei
2767 4864 2884 4918 loco
2905 4867 3263 4922 describendo
3289 4867 3503 4935 saepius
3531 4882 3558 4918 a
3592 4865 3752 4919 Slau-

2175 4930 2484 5005 i‘lenmaiero
2561 4935 2914 5005 recessionis,
2963 4951 3129 5005 qutun
3196 4930 3395 5005 potius
3439 4935 3756 4991 linllandum‘

2180 4999 2324 5077 (dulii
2357 5017 2525 5077 mens.
2559 5013 2688 5056 tom.
2727 5004 2845 5067 νη,
2884 5023 2936 5074 p.
2975 4999 3365 5077 ἐᾞἘ-ῖ-Ξῖὶ
3412 5005 3481 5077 Α)
3530 5020 3755 5074 sequen-

2179 5070 2313 5143 dum
2337 5085 2457 5143 esse
2485 5073 2830 5143 duceremus,
2859 5070 3021 5143 quam
3066 5075 3236 5129 illum.

2249 5140 2324 5213 lg)
2355 5140 2436 5193 Cf.
2489 5141 2659 5195 Hiort.
2695 5159 2746 5210 p.
2795 5140 2996 5206 59340,
3044 5144 3474 5198 Staudenmaier.
3521 5160 3572 5213 p.
3630 5143 3749 5198 151.

2177 5207 2524 5280 Sclrlueterus
2553 5207 2744 5268 saltein
2789 5215 2890 5266 hoc
2937 5216 3130 5275 habet,
3183 5214 3402 5267 Scotum
3425 5254 3440 5276 ,
3473 5207 3750 5280 postquam

2176 5278 2228 5330 in
2255 5278 2482 5332 Galliam
2509 5298 2568 5336 se
2589 5283 2936 5349 contulisset,
2961 5300 2989 5335 a
3019 5300 3141 5352 rege
3165 5283 3358 5338 Carolo
3393 5278 3631 5339 Parisios
3661 5297 3750 5336 vo-

2173 5357 2353 5401 catum
2383 5364 2522 5401 (3559.

2243 5417 2633 5490 (fi)_Cl‘.___'l‘hom
2664 5419 2814 5476 Gale.
2844 5423 2880 5474 l.
2910 5421 2946 5474 l.
2981 5422 3179 5474 testim.
3209 5438 3260 5490 p.
3295 5421 3348 5474 5.

2241 5488 2302 5560 (ig),
2333 5486 2561 5560 ln_|ibro
2594 5491 2633 5544 V
2664 5493 2728 5544 de
2774 5491 3122 5549 Pontilicibus
3160 5486 3362 5546 inedita
3407 5490 3578 5560 (Gale.
3621 5499 3745 5542 test.

2170 5569 2229 5630 p.
2255 5557 2342 5624 5),
2393 5557 2444 5608 in
2477 5559 2706 5630 epistola
2747 5563 2812 5614 ad
2855 5562 3072 5614 Petrum
3105 5560 3373 5630 quendam
3417 5557 3508 5628 '(ex
3559 5561 3748 5630 codice

2170 5625 2429 5700 ]'_littalteo
2476 5625 2586 5700 MS_.
2621 5633 2760 5698 apud
2817 5632 3078 5686 Thomam
3115 5625 3263 5700 Gale.
3300 5629 3334 5681 Ι.
3393 5625 3438 5682 Ι.
3470 5645 3523 5700 p.
3572 5629 3666 5700 Ἰ),
3691 5629 3746 5684 in

2170 5694 2320 5768 libris
2443 5696 2608 5768 gestis
2637 5694 2821 5768 regum
2871 5700 3088 5768 Anglur.
3130 5698 3198 5763 Il,
3229 5698 3280 5750 -i.

2241 5765 2315 5831 (il
2344 5763 2426 5818 Cf.
2459 5761 2606 5819 Gale.
2637 5765 2672 5820 1.
2699 5761 2743 5822 ’1.
2777 5787 2828 5827 υ.
2865 5761 2983 5824 5-6ῖ
