  <div class='ocr_page' id='page_1' title='image "/cluster/home/n/w/nwhite01/storage/ocr_20150623/122/pst.000018028355/046.png"; bbox 0 0 4152 6276; ppageno 0'>
   <div class='ocr_carea' id='block_1_1' title="bbox 299 337 3584 410">
    <p class='ocr_par' dir='ltr' id='par_1_1' title="bbox 299 337 3584 410">
     <span class='ocr_line' id='line_1_1' title="bbox 299 337 3584 410; baseline 0.004 -13"><span class='ocrx_word' id='word_1_1' title='bbox 299 341 372 397; x_wconf 83' lang='lat' dir='ltr'><strong>l7</strong></span> <span class='ocrx_word' id='word_1_2' title='bbox 1139 338 1224 395; x_wconf 83' lang='lat' dir='ltr'><strong>DE</strong></span> <span class='ocrx_word' id='word_1_3' title='bbox 1263 337 1420 395; x_wconf 82' lang='lat' dir='ltr'><strong>VITA</strong></span> <span class='ocrx_word' id='word_1_4' title='bbox 1457 340 1548 400; x_wconf 81' lang='lat' dir='ltr'><strong>ET</strong></span> <span class='ocrx_word' id='word_1_5' title='bbox 1579 339 1984 398; x_wconf 66' lang='lat' dir='ltr'><strong>PREme</strong></span> <span class='ocrx_word' id='word_1_6' title='bbox 2019 337 2069 397; x_wconf 72' lang='grc' dir='ltr'><strong>Ι.</strong></span> <span class='ocrx_word' id='word_1_7' title='bbox 2113 339 2330 399; x_wconf 76' lang='lat' dir='ltr'><strong>SCO&#39;i&#39;I.</strong></span> <span class='ocrx_word' id='word_1_8' title='bbox 2371 373 2444 388; x_wconf 83' lang='lat'><strong>--</strong></span> <span class='ocrx_word' id='word_1_9' title='bbox 2475 343 2658 401; x_wconf 78' lang='lat' dir='ltr'><strong>PARS</strong></span> <span class='ocrx_word' id='word_1_10' title='bbox 2697 345 2736 402; x_wconf 87' lang='lat' dir='ltr'><strong>i.</strong></span> <span class='ocrx_word' id='word_1_11' title='bbox 3515 347 3584 410; x_wconf 68' lang='lat'><strong>{8</strong></span> 
     </span>
    </p>
   </div>
   <div class='ocr_carea' id='block_1_2' title="bbox 297 447 3586 536">
    <p class='ocr_par' dir='ltr' id='par_1_2' title="bbox 297 447 3586 536">
     <span class='ocr_line' id='line_1_2' title="bbox 297 447 3586 536; baseline 0.005 -32"><span class='ocrx_word' id='word_1_12' title='bbox 297 449 582 520; x_wconf 73' lang='lat' dir='ltr'><strong>hodieque</strong></span> <span class='ocrx_word' id='word_1_13' title='bbox 607 457 861 506; x_wconf 87' lang='lat' dir='ltr'><strong>constant</strong></span> <span class='ocrx_word' id='word_1_14' title='bbox 889 447 998 520; x_wconf 72' lang='lat' dir='ltr'><strong>(a),</strong></span> <span class='ocrx_word' id='word_1_15' title='bbox 1043 458 1100 502; x_wconf 89' lang='lat' dir='ltr'><strong>ut</strong></span> <span class='ocrx_word' id='word_1_16' title='bbox 1139 459 1266 506; x_wconf 88' lang='lat' dir='ltr'><strong>sunt</strong></span> <span class='ocrx_word' id='word_1_17' title='bbox 1299 452 1402 506; x_wconf 88' lang='lat' dir='ltr'><strong>ista</strong></span> <span class='ocrx_word' id='word_1_18' title='bbox 1429 469 1444 504; x_wconf 89' lang='lat'><strong>:</strong></span> <span class='ocrx_word' id='word_1_19' title='bbox 1483 451 1778 508; x_wconf 81' lang='lat' dir='ltr'><strong>Assederat</strong></span> <span class='ocrx_word' id='word_1_20' title='bbox 1823 453 1892 508; x_wconf 88' lang='lat' dir='ltr'><strong>ad</strong></span> <span class='ocrx_word' id='word_1_21' title='bbox 1919 458 1967 514; x_wconf 80' lang='grc' dir='ltr'><strong>Α</strong></span> <span class='ocrx_word' id='word_1_22' title='bbox 1995 467 2168 508; x_wconf 78' lang='lat' dir='ltr'><strong>annos</strong></span> <span class='ocrx_word' id='word_1_23' title='bbox 2187 453 2487 523; x_wconf 72' lang='lat' dir='ltr'><strong>praefuisse</strong></span> <span class='ocrx_word' id='word_1_24' title='bbox 2519 458 2768 512; x_wconf 86' lang='lat' dir='ltr'><strong>traditur.</strong></span> <span class='ocrx_word' id='word_1_25' title='bbox 2801 455 3070 515; x_wconf 77' lang='lat' dir='ltr'><strong>Plurimos</strong></span> <span class='ocrx_word' id='word_1_26' title='bbox 3114 461 3379 519; x_wconf 83' lang='lat' dir='ltr'><strong>habemus</strong></span> <span class='ocrx_word' id='word_1_27' title='bbox 3423 465 3586 536; x_wconf 80' lang='lat' dir='ltr'><strong>hujus</strong></span> 
     </span>
    </p>
   </div>
   <div class='ocr_carea' id='block_1_3' title="bbox 301 544 1888 616">
    <p class='ocr_par' dir='ltr' id='par_1_3' title="bbox 301 544 1888 616">
     <span class='ocr_line' id='line_1_3' title="bbox 301 544 1888 616; baseline 0 -16"><span class='ocrx_word' id='word_1_28' title='bbox 301 558 561 604; x_wconf 77' lang='lat' dir='ltr'><strong>mensam</strong></span> <span class='ocrx_word' id='word_1_29' title='bbox 593 553 780 600; x_wconf 86' lang='lat' dir='ltr'><strong>contra</strong></span> <span class='ocrx_word' id='word_1_30' title='bbox 827 559 1006 614; x_wconf 84' lang='lat' dir='ltr'><strong>regem</strong></span> <span class='ocrx_word' id='word_1_31' title='bbox 1055 545 1126 598; x_wconf 90' lang='lat' dir='ltr'><strong>ad</strong></span> <span class='ocrx_word' id='word_1_32' title='bbox 1171 544 1336 608; x_wconf 82' lang='lat' dir='ltr'><strong>aliam</strong></span> <span class='ocrx_word' id='word_1_33' title='bbox 1385 546 1600 601; x_wconf 86' lang='lat' dir='ltr'><strong>tabulae</strong></span> <span class='ocrx_word' id='word_1_34' title='bbox 1645 555 1888 616; x_wconf 87' lang='lat' dir='ltr'><strong>partem:</strong></span> 
     </span>
    </p>
   </div>
   <div class='ocr_carea' id='block_1_4' title="bbox 305 633 1894 708">
    <p class='ocr_par' dir='ltr' id='par_1_4' title="bbox 305 633 1894 708">
     <span class='ocr_line' id='line_1_4' title="bbox 305 633 1894 708; baseline 0.001 -19"><span class='ocrx_word' id='word_1_35' title='bbox 305 634 730 708; x_wconf 86' lang='lat' dir='ltr'><strong>procedentibus</strong></span> <span class='ocrx_word' id='word_1_36' title='bbox 787 633 1087 704; x_wconf 91' lang='lat' dir='ltr'><strong>poculis....</strong></span> <span class='ocrx_word' id='word_1_37' title='bbox 1133 633 1366 690; x_wconf 80' lang='lat' dir='ltr'><strong>Carolus</strong></span> <span class='ocrx_word' id='word_1_38' title='bbox 1415 635 1596 690; x_wconf 89' lang='lat' dir='ltr'><strong>fronte</strong></span> <span class='ocrx_word' id='word_1_39' title='bbox 1647 637 1894 692; x_wconf 85' lang='lat' dir='ltr'><strong>hilariori</strong></span> 
     </span>
    </p>
   </div>
   <div class='ocr_carea' id='block_1_5' title="bbox 315 723 1892 796">
    <p class='ocr_par' dir='ltr' id='par_1_5' title="bbox 315 723 1892 796">
     <span class='ocr_line' id='line_1_5' title="bbox 315 723 1892 796; baseline 0.002 -19"><span class='ocrx_word' id='word_1_40' title='bbox 315 734 439 794; x_wconf 84' lang='lat' dir='ltr'><strong>post</strong></span> <span class='ocrx_word' id='word_1_41' title='bbox 478 723 738 794; x_wconf 79' lang='lat' dir='ltr'><strong>quaedam</strong></span> <span class='ocrx_word' id='word_1_42' title='bbox 773 723 900 790; x_wconf 87' lang='lat' dir='ltr'><strong>alia,</strong></span> <span class='ocrx_word' id='word_1_43' title='bbox 923 739 1048 778; x_wconf 88' lang='lat' dir='ltr'><strong>cum</strong></span> <span class='ocrx_word' id='word_1_44' title='bbox 1079 723 1304 780; x_wconf 85' lang='lat' dir='ltr'><strong>vidisset</strong></span> <span class='ocrx_word' id='word_1_45' title='bbox 1337 723 1600 782; x_wconf 82' lang='lat' dir='ltr'><strong>Joannem</strong></span> <span class='ocrx_word' id='word_1_46' title='bbox 1635 727 1892 796; x_wconf 81' lang='lat' dir='ltr'><strong>quiddam</strong></span> 
     </span>
    </p>
   </div>
   <div class='ocr_carea' id='block_1_6' title="bbox 317 813 1896 882">
    <p class='ocr_par' dir='ltr' id='par_1_6' title="bbox 317 813 1896 882">
     <span class='ocr_line' id='line_1_6' title="bbox 317 813 1896 882; baseline 0.003 -16"><span class='ocrx_word' id='word_1_47' title='bbox 317 813 536 878; x_wconf 83' lang='lat' dir='ltr'><strong>fecisse,</strong></span> <span class='ocrx_word' id='word_1_48' title='bbox 561 815 704 882; x_wconf 84' lang='lat' dir='ltr'><strong>quod</strong></span> <span class='ocrx_word' id='word_1_49' title='bbox 733 813 1068 868; x_wconf 81' lang='lat' dir='ltr'><strong>Gallicanam</strong></span> <span class='ocrx_word' id='word_1_50' title='bbox 1105 816 1416 870; x_wconf 74' lang='lat' dir='ltr'><strong>mmitatem</strong></span> <span class='ocrx_word' id='word_1_51' title='bbox 1443 816 1774 880; x_wconf 74' lang='lat' dir='ltr'><strong>offenderet,</strong></span> <span class='ocrx_word' id='word_1_52' title='bbox 1805 833 1896 870; x_wconf 82' lang='lat' dir='ltr'><strong>ur-</strong></span> 
     </span>
    </p>
   </div>
   <div class='ocr_carea' id='block_1_7' title="bbox 311 907 1894 977">
    <p class='ocr_par' dir='ltr' id='par_1_7' title="bbox 311 907 1894 977">
     <span class='ocr_line' id='line_1_7' title="bbox 311 907 1894 977; baseline 0.001 -15"><span class='ocrx_word' id='word_1_53' title='bbox 311 909 446 962; x_wconf 84' lang='lat' dir='ltr'><strong>bane</strong></span> <span class='ocrx_word' id='word_1_54' title='bbox 475 908 746 977; x_wconf 83' lang='lat' dir='ltr'><strong>increpuit</strong></span> <span class='ocrx_word' id='word_1_55' title='bbox 780 917 836 964; x_wconf 88' lang='lat' dir='ltr'><strong>et</strong></span> <span class='ocrx_word' id='word_1_56' title='bbox 863 908 1001 964; x_wconf 88' lang='lat' dir='ltr'><strong>dixit</strong></span> <span class='ocrx_word' id='word_1_57' title='bbox 1035 925 1048 962; x_wconf 92' lang='lat'><strong>:</strong></span> <span class='ocrx_word' id='word_1_58' title='bbox 1097 907 1238 975; x_wconf 82' lang='lat' dir='ltr'><strong>Quid</strong></span> <span class='ocrx_word' id='word_1_59' title='bbox 1287 910 1454 964; x_wconf 87' lang='lat' dir='ltr'><strong>distat</strong></span> <span class='ocrx_word' id='word_1_60' title='bbox 1503 909 1648 964; x_wconf 89' lang='lat' dir='ltr'><strong>inter</strong></span> <span class='ocrx_word' id='word_1_61' title='bbox 1677 907 1894 964; x_wconf 88' lang='lat' dir='ltr'><strong>Sottum</strong></span> 
     </span>
    </p>
   </div>
   <div class='ocr_carea' id='block_1_8' title="bbox 305 999 1896 1056">
    <p class='ocr_par' dir='ltr' id='par_1_8' title="bbox 305 999 1896 1056">
     <span class='ocr_line' id='line_1_8' title="bbox 305 999 1896 1056; baseline 0.001 -2"><span class='ocrx_word' id='word_1_62' title='bbox 305 1009 362 1054; x_wconf 87' lang='lat' dir='ltr'><strong>et</strong></span> <span class='ocrx_word' id='word_1_63' title='bbox 387 999 669 1054; x_wconf 77' lang='lat' dir='ltr'><strong>Seottum‘!</strong></span> <span class='ocrx_word' id='word_1_64' title='bbox 695 999 903 1056; x_wconf 83' lang='lat' dir='ltr'><strong>Retulit</strong></span> <span class='ocrx_word' id='word_1_65' title='bbox 937 1000 1026 1055; x_wconf 89' lang='lat' dir='ltr'><strong>ille</strong></span> <span class='ocrx_word' id='word_1_66' title='bbox 1057 1001 1276 1056; x_wconf 85' lang='lat' dir='ltr'><strong>solenne</strong></span> <span class='ocrx_word' id='word_1_67' title='bbox 1305 1001 1600 1056; x_wconf 83' lang='lat' dir='ltr'><strong>convitium</strong></span> <span class='ocrx_word' id='word_1_68' title='bbox 1627 1003 1684 1055; x_wconf 88' lang='lat' dir='ltr'><strong>in</strong></span> <span class='ocrx_word' id='word_1_69' title='bbox 1709 1009 1896 1056; x_wconf 85' lang='lat' dir='ltr'><strong>aucto-</strong></span> 
     </span>
    </p>
   </div>
   <div class='ocr_carea' id='block_1_9' title="bbox 307 1090 1894 1160">
    <p class='ocr_par' dir='ltr' id='par_1_9' title="bbox 307 1090 1894 1160">
     <span class='ocr_line' id='line_1_9' title="bbox 307 1090 1894 1160; baseline 0 -16"><span class='ocrx_word' id='word_1_70' title='bbox 307 1107 420 1146; x_wconf 88' lang='lat' dir='ltr'><strong>rem</strong></span> <span class='ocrx_word' id='word_1_71' title='bbox 443 1101 502 1145; x_wconf 91' lang='lat' dir='ltr'><strong>et</strong></span> <span class='ocrx_word' id='word_1_72' title='bbox 532 1091 814 1160; x_wconf 83' lang='lat' dir='ltr'><strong>respondit</strong></span> <span class='ocrx_word' id='word_1_73' title='bbox 839 1108 854 1144; x_wconf 87' lang='lat'><strong>:</strong></span> <span class='ocrx_word' id='word_1_74' title='bbox 892 1090 1094 1144; x_wconf 84' lang='lat' dir='ltr'><strong>Tabula</strong></span> <span class='ocrx_word' id='word_1_75' title='bbox 1125 1093 1460 1146; x_wconf 84' lang='lat' dir='ltr'><strong>tantum!....</strong></span> <span class='ocrx_word' id='word_1_76' title='bbox 1497 1091 1610 1146; x_wconf 84' lang='lat' dir='ltr'><strong>Nec</strong></span> <span class='ocrx_word' id='word_1_77' title='bbox 1640 1107 1770 1148; x_wconf 89' lang='lat' dir='ltr'><strong>vero</strong></span> <span class='ocrx_word' id='word_1_78' title='bbox 1795 1105 1894 1145; x_wconf 81' lang='lat' dir='ltr'><strong>rex</strong></span> 
     </span>
    </p>
   </div>
   <div class='ocr_carea' id='block_1_10' title="bbox 307 1183 1896 1254">
    <p class='ocr_par' dir='ltr' id='par_1_10' title="bbox 307 1183 1896 1254">
     <span class='ocr_line' id='line_1_10' title="bbox 307 1183 1896 1254; baseline -0.003 -14"><span class='ocrx_word' id='word_1_79' title='bbox 307 1193 620 1240; x_wconf 88' lang='lat' dir='ltr'><strong>commotus</strong></span> <span class='ocrx_word' id='word_1_80' title='bbox 641 1191 730 1238; x_wconf 90' lang='lat' dir='ltr'><strong>est</strong></span> <span class='ocrx_word' id='word_1_81' title='bbox 745 1221 762 1248; x_wconf 92' lang='lat'><strong>,</strong></span> <span class='ocrx_word' id='word_1_82' title='bbox 785 1183 928 1254; x_wconf 91' lang='lat' dir='ltr'><strong>quod</strong></span> <span class='ocrx_word' id='word_1_83' title='bbox 953 1183 1212 1238; x_wconf 87' lang='lat' dir='ltr'><strong>miraculo</strong></span> <span class='ocrx_word' id='word_1_84' title='bbox 1233 1183 1494 1238; x_wconf 85' lang='lat' dir='ltr'><strong>scientiae</strong></span> <span class='ocrx_word' id='word_1_85' title='bbox 1517 1183 1684 1252; x_wconf 88' lang='lat' dir='ltr'><strong>ipsius</strong></span> <span class='ocrx_word' id='word_1_86' title='bbox 1705 1190 1896 1250; x_wconf 85' lang='lat' dir='ltr'><strong>captus</strong></span> 
     </span>
    </p>
   </div>
   <div class='ocr_carea' id='block_1_11' title="bbox 309 1273 1894 1344">
    <p class='ocr_par' dir='ltr' id='par_1_11' title="bbox 309 1273 1894 1344">
     <span class='ocr_line' id='line_1_11' title="bbox 309 1273 1894 1344; baseline -0.004 -12"><span class='ocrx_word' id='word_1_87' title='bbox 309 1277 582 1332; x_wconf 84' lang='lat' dir='ltr'><strong>adversus</strong></span> <span class='ocrx_word' id='word_1_88' title='bbox 625 1275 940 1342; x_wconf 75' lang='lat' dir='ltr'><strong>Magistrum</strong></span> <span class='ocrx_word' id='word_1_89' title='bbox 987 1290 1090 1330; x_wconf 89' lang='lat' dir='ltr'><strong>nec</strong></span> <span class='ocrx_word' id='word_1_90' title='bbox 1116 1275 1260 1330; x_wconf 84' lang='lat' dir='ltr'><strong>dicto</strong></span> <span class='ocrx_word' id='word_1_91' title='bbox 1283 1275 1565 1344; x_wconf 76' lang='lat' dir='ltr'><strong>insurgere</strong></span> <span class='ocrx_word' id='word_1_92' title='bbox 1597 1273 1772 1329; x_wconf 79' lang='lat' dir='ltr'><strong>vellet.</strong></span> <span class='ocrx_word' id='word_1_93' title='bbox 1801 1273 1894 1327; x_wconf 85' lang='lat' dir='ltr'><strong>Sic</strong></span> 
     </span>
    </p>
   </div>
   <div class='ocr_carea' id='block_1_12' title="bbox 311 1363 1891 1436">
    <p class='ocr_par' dir='ltr' id='par_1_12' title="bbox 311 1363 1891 1436">
     <span class='ocr_line' id='line_1_12' title="bbox 311 1363 1891 1436; baseline -0.003 -14"><span class='ocrx_word' id='word_1_94' title='bbox 311 1385 442 1424; x_wconf 87' lang='lat' dir='ltr'><strong>eum</strong></span> <span class='ocrx_word' id='word_1_95' title='bbox 471 1369 670 1422; x_wconf 89' lang='lat' dir='ltr'><strong>usitate</strong></span> <span class='ocrx_word' id='word_1_96' title='bbox 692 1367 940 1420; x_wconf 86' lang='lat' dir='ltr'><strong>vocabat.</strong></span> <span class='ocrx_word' id='word_1_97' title='bbox 967 1366 1100 1420; x_wconf 87' lang='lat' dir='ltr'><strong>item</strong></span> <span class='ocrx_word' id='word_1_98' title='bbox 1136 1381 1258 1422; x_wconf 88' lang='lat' dir='ltr'><strong>cum</strong></span> <span class='ocrx_word' id='word_1_99' title='bbox 1305 1366 1418 1436; x_wconf 86' lang='lat' dir='ltr'><strong>regi</strong></span> <span class='ocrx_word' id='word_1_100' title='bbox 1447 1365 1756 1420; x_wconf 86' lang='lat' dir='ltr'><strong>convivanti</strong></span> <span class='ocrx_word' id='word_1_101' title='bbox 1787 1363 1891 1418; x_wconf 81' lang='lat' dir='ltr'><strong>mi-</strong></span> 
     </span>
    </p>
   </div>
   <div class='ocr_carea' id='block_1_13' title="bbox 315 1453 1896 1524">
    <p class='ocr_par' dir='ltr' id='par_1_13' title="bbox 315 1453 1896 1524">
     <span class='ocr_line' id='line_1_13' title="bbox 315 1453 1896 1524; baseline -0.004 -12"><span class='ocrx_word' id='word_1_102' title='bbox 315 1458 490 1512; x_wconf 87' lang='lat' dir='ltr'><strong>nister</strong></span> <span class='ocrx_word' id='word_1_103' title='bbox 534 1455 770 1524; x_wconf 84' lang='lat' dir='ltr'><strong>patinam</strong></span> <span class='ocrx_word' id='word_1_104' title='bbox 813 1453 1129 1520; x_wconf 84' lang='lat' dir='ltr'><strong>obtulisset,</strong></span> <span class='ocrx_word' id='word_1_105' title='bbox 1159 1469 1298 1524; x_wconf 86' lang='lat' dir='ltr'><strong>quae</strong></span> <span class='ocrx_word' id='word_1_106' title='bbox 1343 1455 1478 1510; x_wconf 90' lang='lat' dir='ltr'><strong>duos</strong></span> <span class='ocrx_word' id='word_1_107' title='bbox 1519 1454 1698 1523; x_wconf 86' lang='lat' dir='ltr'><strong>pisces</strong></span> <span class='ocrx_word' id='word_1_108' title='bbox 1737 1467 1896 1523; x_wconf 85' lang='lat' dir='ltr'><strong>prae-</strong></span> 
     </span>
    </p>
   </div>
   <div class='ocr_carea' id='block_1_14' title="bbox 315 1544 1896 1618">
    <p class='ocr_par' dir='ltr' id='par_1_14' title="bbox 315 1544 1896 1618">
     <span class='ocr_line' id='line_1_14' title="bbox 315 1544 1896 1618; baseline -0.003 -16"><span class='ocrx_word' id='word_1_109' title='bbox 315 1548 546 1618; x_wconf 88' lang='lat' dir='ltr'><strong>grandes</strong></span> <span class='ocrx_word' id='word_1_110' title='bbox 589 1545 802 1616; x_wconf 87' lang='lat' dir='ltr'><strong>adjecto</strong></span> <span class='ocrx_word' id='word_1_111' title='bbox 850 1561 958 1600; x_wconf 84' lang='lat' dir='ltr'><strong>uno</strong></span> <span class='ocrx_word' id='word_1_112' title='bbox 1004 1545 1306 1601; x_wconf 88' lang='lat' dir='ltr'><strong>minusculo</strong></span> <span class='ocrx_word' id='word_1_113' title='bbox 1359 1547 1700 1609; x_wconf 85' lang='lat' dir='ltr'><strong>contineret,</strong></span> <span class='ocrx_word' id='word_1_114' title='bbox 1743 1544 1896 1600; x_wconf 83' lang='lat' dir='ltr'><strong>dedit</strong></span> 
     </span>
    </p>
   </div>
   <div class='ocr_carea' id='block_1_15' title="bbox 313 1634 1896 1708">
    <p class='ocr_par' dir='ltr' id='par_1_15' title="bbox 313 1634 1896 1708">
     <span class='ocr_line' id='line_1_15' title="bbox 313 1634 1896 1708; baseline -0.003 -16"><span class='ocrx_word' id='word_1_115' title='bbox 313 1638 402 1692; x_wconf 89' lang='lat' dir='ltr'><strong>ille</strong></span> <span class='ocrx_word' id='word_1_116' title='bbox 450 1635 738 1708; x_wconf 73' lang='lat' dir='ltr'><strong>Magistro,</strong></span> <span class='ocrx_word' id='word_1_117' title='bbox 785 1643 846 1690; x_wconf 89' lang='lat' dir='ltr'><strong>ut</strong></span> <span class='ocrx_word' id='word_1_118' title='bbox 889 1635 1336 1690; x_wconf 88' lang='lat' dir='ltr'><strong>accumbentibus</strong></span> <span class='ocrx_word' id='word_1_119' title='bbox 1383 1634 1595 1690; x_wconf 89' lang='lat' dir='ltr'><strong>duobus</strong></span> <span class='ocrx_word' id='word_1_120' title='bbox 1637 1635 1794 1704; x_wconf 79' lang='lat' dir='ltr'><strong>juxta</strong></span> <span class='ocrx_word' id='word_1_121' title='bbox 1837 1647 1896 1688; x_wconf 91' lang='lat' dir='ltr'><strong>se</strong></span> 
     </span>
    </p>
   </div>
   <div class='ocr_carea' id='block_1_16' title="bbox 309 1724 1894 1796">
    <p class='ocr_par' dir='ltr' id='par_1_16' title="bbox 309 1724 1894 1796">
     <span class='ocr_line' id='line_1_16' title="bbox 309 1724 1894 1796; baseline -0.003 -14"><span class='ocrx_word' id='word_1_122' title='bbox 309 1727 524 1784; x_wconf 81' lang='lat' dir='ltr'><strong>clericis</strong></span> <span class='ocrx_word' id='word_1_123' title='bbox 549 1727 936 1796; x_wconf 85' lang='lat' dir='ltr'><strong>departiretur.</strong></span> <span class='ocrx_word' id='word_1_124' title='bbox 959 1725 1132 1780; x_wconf 86' lang='lat' dir='ltr'><strong>Erant</strong></span> <span class='ocrx_word' id='word_1_125' title='bbox 1158 1725 1232 1779; x_wconf 90' lang='lat' dir='ltr'><strong>illi</strong></span> <span class='ocrx_word' id='word_1_126' title='bbox 1256 1725 1540 1795; x_wconf 81' lang='lat' dir='ltr'><strong>giganteae</strong></span> <span class='ocrx_word' id='word_1_127' title='bbox 1563 1724 1754 1790; x_wconf 89' lang='lat' dir='ltr'><strong>molis;</strong></span> <span class='ocrx_word' id='word_1_128' title='bbox 1779 1725 1894 1794; x_wconf 83' lang='lat' dir='ltr'><strong>ipse</strong></span> 
     </span>
    </p>
   </div>
   <div class='ocr_carea' id='block_1_17' title="bbox 1971 546 3581 626">
    <p class='ocr_par' dir='ltr' id='par_1_17' title="bbox 1971 546 3581 626">
     <span class='ocr_line' id='line_1_17' title="bbox 1971 546 3581 626; baseline 0.008 -28"><span class='ocrx_word' id='word_1_129' title='bbox 1971 546 2074 600; x_wconf 89' lang='lat' dir='ltr'><strong>-rei</strong></span> <span class='ocrx_word' id='word_1_130' title='bbox 2126 555 2408 613; x_wconf 87' lang='lat' dir='ltr'><strong>auctores;</strong></span> <span class='ocrx_word' id='word_1_131' title='bbox 2461 563 2662 614; x_wconf 83' lang='lat' dir='ltr'><strong>unum,</strong></span> <span class='ocrx_word' id='word_1_132' title='bbox 2714 565 2875 620; x_wconf 85' lang='lat' dir='ltr'><strong>quem</strong></span> <span class='ocrx_word' id='word_1_133' title='bbox 2941 551 3134 621; x_wconf 83' lang='lat' dir='ltr'><strong>reliqui</strong></span> <span class='ocrx_word' id='word_1_134' title='bbox 3187 557 3364 610; x_wconf 88' lang='lat' dir='ltr'><strong>secuti</strong></span> <span class='ocrx_word' id='word_1_135' title='bbox 3409 569 3537 612; x_wconf 88' lang='lat' dir='ltr'><strong>sunt</strong></span> <span class='ocrx_word' id='word_1_136' title='bbox 3564 601 3581 626; x_wconf 83' lang='lat'><strong>,</strong></span> 
     </span>
    </p>
   </div>
   <div class='ocr_carea' id='block_1_18' title="bbox 1993 637 3583 709">
    <p class='ocr_par' dir='ltr' id='par_1_18' title="bbox 1993 637 3583 709">
     <span class='ocr_line' id='line_1_18' title="bbox 1993 637 3583 709; baseline 0.009 -22"><span class='ocrx_word' id='word_1_137' title='bbox 1993 649 2264 706; x_wconf 85' lang='lat' dir='ltr'><strong>quemque</strong></span> <span class='ocrx_word' id='word_1_138' title='bbox 2303 637 2428 705; x_wconf 82' lang='lat' dir='ltr'><strong>jure</strong></span> <span class='ocrx_word' id='word_1_139' title='bbox 2471 639 2622 708; x_wconf 89' lang='lat' dir='ltr'><strong>sequi</strong></span> <span class='ocrx_word' id='word_1_140' title='bbox 2655 650 2981 709; x_wconf 88' lang='lat' dir='ltr'><strong>potuerunt,</strong></span> <span class='ocrx_word' id='word_1_141' title='bbox 3011 644 3054 697; x_wconf 88' lang='lat' dir='ltr'><strong>si</strong></span> <span class='ocrx_word' id='word_1_142' title='bbox 3089 659 3146 698; x_wconf 90' lang='lat' dir='ltr'><strong>re</strong></span> <span class='ocrx_word' id='word_1_143' title='bbox 3172 659 3298 698; x_wconf 87' lang='lat' dir='ltr'><strong>vera</strong></span> <span class='ocrx_word' id='word_1_144' title='bbox 3328 645 3472 701; x_wconf 90' lang='lat' dir='ltr'><strong>illius</strong></span> <span class='ocrx_word' id='word_1_145' title='bbox 3498 657 3583 704; x_wconf 89' lang='lat' dir='ltr'><strong>est</strong></span> 
     </span>
    </p>
   </div>
   <div class='ocr_carea' id='block_1_19' title="bbox 1995 726 3580 800">
    <p class='ocr_par' dir='ltr' id='par_1_19' title="bbox 1995 726 3580 800">
     <span class='ocr_line' id='line_1_19' title="bbox 1995 726 3580 800; baseline 0.01 -23"><span class='ocrx_word' id='word_1_146' title='bbox 1995 726 2364 780; x_wconf 86' lang='lat' dir='ltr'><strong>testimonium</strong></span> <span class='ocrx_word' id='word_1_147' title='bbox 2415 727 2520 798; x_wconf 72' lang='grc' dir='ltr'><strong>(ε),</strong></span> <span class='ocrx_word' id='word_1_148' title='bbox 2591 729 2696 784; x_wconf 89' lang='lat' dir='ltr'><strong>huc</strong></span> <span class='ocrx_word' id='word_1_149' title='bbox 2746 729 3120 800; x_wconf 72' lang='lat' dir='ltr'><strong>allegabimus.</strong></span> <span class='ocrx_word' id='word_1_150' title='bbox 3182 733 3376 790; x_wconf 81' lang='lat' dir='ltr'><strong>Exstat</strong></span> <span class='ocrx_word' id='word_1_151' title='bbox 3429 737 3580 792; x_wconf 87' lang='lat' dir='ltr'><strong>locus</strong></span> 
     </span>
    </p>
   </div>
   <div class='ocr_carea' id='block_1_20' title="bbox 1993 815 3579 882">
    <p class='ocr_par' dir='ltr' id='par_1_20' title="bbox 1993 815 3579 882">
     <span class='ocr_line' id='line_1_20' title="bbox 1993 815 3579 882; baseline 0.009 -14"><span class='ocrx_word' id='word_1_152' title='bbox 1993 815 2254 882; x_wconf 82' lang='lat' dir='ltr'><strong>epistolae</strong></span> <span class='ocrx_word' id='word_1_153' title='bbox 2285 815 2488 872; x_wconf 82' lang='lat' dir='ltr'><strong>Nicolai</strong></span> <span class='ocrx_word' id='word_1_154' title='bbox 2535 817 2555 871; x_wconf 95' lang='lat' dir='ltr'><strong>i</strong></span> <span class='ocrx_word' id='word_1_155' title='bbox 2588 815 2745 873; x_wconf 81' lang='lat' dir='ltr'><strong>Pent.</strong></span> <span class='ocrx_word' id='word_1_156' title='bbox 2793 819 2934 874; x_wconf 83' lang='lat' dir='ltr'><strong>Max.</strong></span> <span class='ocrx_word' id='word_1_157' title='bbox 2977 822 3044 876; x_wconf 89' lang='lat' dir='ltr'><strong>ad</strong></span> <span class='ocrx_word' id='word_1_158' title='bbox 3076 821 3327 880; x_wconf 89' lang='lat' dir='ltr'><strong>Caroium</strong></span> <span class='ocrx_word' id='word_1_159' title='bbox 3359 826 3579 882; x_wconf 77' lang='lat' dir='ltr'><strong>Calvum</strong></span> 
     </span>
    </p>
   </div>
   <div class='ocr_carea' id='block_1_21' title="bbox 1995 905 3580 986">
    <p class='ocr_par' dir='ltr' id='par_1_21' title="bbox 1995 905 3580 986">
     <span class='ocr_line' id='line_1_21' title="bbox 1995 905 3580 986; baseline 0.011 -26"><span class='ocrx_word' id='word_1_160' title='bbox 1995 905 2260 974; x_wconf 85' lang='lat' dir='ltr'><strong>scriptae,</strong></span> <span class='ocrx_word' id='word_1_161' title='bbox 2311 921 2420 976; x_wconf 88' lang='lat' dir='ltr'><strong>quo</strong></span> <span class='ocrx_word' id='word_1_162' title='bbox 2469 909 2620 974; x_wconf 90' lang='lat' dir='ltr'><strong>loco,</strong></span> <span class='ocrx_word' id='word_1_163' title='bbox 2666 921 2726 964; x_wconf 88' lang='lat' dir='ltr'><strong>ut</strong></span> <span class='ocrx_word' id='word_1_164' title='bbox 2769 911 2986 981; x_wconf 87' lang='lat' dir='ltr'><strong>plurimi</strong></span> <span class='ocrx_word' id='word_1_165' title='bbox 3033 917 3398 986; x_wconf 88' lang='lat' dir='ltr'><strong>contendunt,</strong></span> <span class='ocrx_word' id='word_1_166' title='bbox 3445 921 3580 977; x_wconf 83' lang='lat' dir='ltr'><strong>haec</strong></span> 
     </span>
    </p>
   </div>
   <div class='ocr_carea' id='block_1_22' title="bbox 1995 998 3594 1074">
    <p class='ocr_par' dir='ltr' id='par_1_22' title="bbox 1995 998 3594 1074">
     <span class='ocr_line' id='line_1_22' title="bbox 1995 998 3594 1074; baseline 0.011 -24"><span class='ocrx_word' id='word_1_167' title='bbox 1995 1004 2123 1051; x_wconf 85' lang='lat' dir='ltr'><strong>sunt</strong></span> <span class='ocrx_word' id='word_1_168' title='bbox 2171 998 2396 1068; x_wconf 85' lang='lat' dir='ltr'><strong>legenda</strong></span> <span class='ocrx_word' id='word_1_169' title='bbox 2427 1017 2441 1053; x_wconf 89' lang='lat'><strong>:</strong></span> <span class='ocrx_word' id='word_1_170' title='bbox 2477 1017 2496 1050; x_wconf 76' lang='grc' dir='ltr'><strong>ι</strong></span> <span class='ocrx_word' id='word_1_171' title='bbox 2531 1000 2674 1056; x_wconf 87' lang='lat' dir='ltr'><strong>iiinc</strong></span> <span class='ocrx_word' id='word_1_172' title='bbox 2715 1011 2831 1068; x_wconf 86' lang='lat' dir='ltr'><strong>est,</strong></span> <span class='ocrx_word' id='word_1_173' title='bbox 2876 1006 3020 1074; x_wconf 90' lang='lat' dir='ltr'><strong>quod</strong></span> <span class='ocrx_word' id='word_1_174' title='bbox 3049 1007 3322 1065; x_wconf 88' lang='lat' dir='ltr'><strong>dilectioni</strong></span> <span class='ocrx_word' id='word_1_175' title='bbox 3363 1021 3594 1068; x_wconf 27' lang='lat' dir='ltr'><strong>vestrae.</strong></span> 
     </span>
    </p>
   </div>
   <div class='ocr_carea' id='block_1_23' title="bbox 1993 1091 3579 1171">
    <p class='ocr_par' dir='ltr' id='par_1_23' title="bbox 1993 1091 3579 1171">
     <span class='ocr_line' id='line_1_23' title="bbox 1993 1091 3579 1171; baseline 0.011 -30"><span class='ocrx_word' id='word_1_176' title='bbox 1993 1091 2342 1144; x_wconf 79' lang='lat' dir='ltr'><strong>vehementer</strong></span> <span class='ocrx_word' id='word_1_177' title='bbox 2372 1101 2625 1160; x_wconf 79' lang='lat' dir='ltr'><strong>rogantes</strong></span> <span class='ocrx_word' id='word_1_178' title='bbox 2672 1094 3024 1162; x_wconf 86' lang='lat' dir='ltr'><strong>mandamus,</strong></span> <span class='ocrx_word' id='word_1_179' title='bbox 3055 1106 3322 1167; x_wconf 82' lang='lat' dir='ltr'><strong>quatenus</strong></span> <span class='ocrx_word' id='word_1_180' title='bbox 3345 1101 3579 1171; x_wconf 66' lang='lat' dir='ltr'><strong>Aposto«</strong></span> 
     </span>
    </p>
   </div>
   <div class='ocr_carea' id='block_1_24' title="bbox 1993 1178 3582 1259">
    <p class='ocr_par' dir='ltr' id='par_1_24' title="bbox 1993 1178 3582 1259">
     <span class='ocr_line' id='line_1_24' title="bbox 1993 1178 3582 1259; baseline 0.01 -29"><span class='ocrx_word' id='word_1_181' title='bbox 1993 1178 2124 1232; x_wconf 88' lang='lat' dir='ltr'><strong>iatui</strong></span> <span class='ocrx_word' id='word_1_182' title='bbox 2156 1189 2342 1234; x_wconf 88' lang='lat' dir='ltr'><strong>nostro</strong></span> <span class='ocrx_word' id='word_1_183' title='bbox 2385 1183 2723 1250; x_wconf 88' lang='lat' dir='ltr'><strong>praedictum</strong></span> <span class='ocrx_word' id='word_1_184' title='bbox 2768 1183 3032 1239; x_wconf 75' lang='lat' dir='ltr'><strong>Joannem</strong></span> <span class='ocrx_word' id='word_1_185' title='bbox 3083 1193 3480 1259; x_wconf 82' lang='lat' dir='ltr'><strong>repraesentari</strong></span> <span class='ocrx_word' id='word_1_186' title='bbox 3507 1193 3582 1246; x_wconf 87' lang='lat' dir='ltr'><strong>fa-</strong></span> 
     </span>
    </p>
   </div>
   <div class='ocr_carea' id='block_1_25' title="bbox 1994 1269 3577 1354">
    <p class='ocr_par' dir='ltr' id='par_1_25' title="bbox 1994 1269 3577 1354">
     <span class='ocr_line' id='line_1_25' title="bbox 1994 1269 3577 1354; baseline 0.008 -30"><span class='ocrx_word' id='word_1_187' title='bbox 1994 1269 2174 1336; x_wconf 85' lang='lat' dir='ltr'><strong>ciatis,</strong></span> <span class='ocrx_word' id='word_1_188' title='bbox 2203 1281 2298 1324; x_wconf 86' lang='lat' dir='ltr'><strong>aut</strong></span> <span class='ocrx_word' id='word_1_189' title='bbox 2343 1283 2490 1327; x_wconf 88' lang='lat' dir='ltr'><strong>certe</strong></span> <span class='ocrx_word' id='word_1_190' title='bbox 2517 1273 2743 1329; x_wconf 85' lang='lat' dir='ltr'><strong>Parisiis</strong></span> <span class='ocrx_word' id='word_1_191' title='bbox 2771 1275 2824 1330; x_wconf 90' lang='lat' dir='ltr'><strong>in</strong></span> <span class='ocrx_word' id='word_1_192' title='bbox 2853 1275 3047 1332; x_wconf 87' lang='lat' dir='ltr'><strong>Studio</strong></span> <span class='ocrx_word' id='word_1_193' title='bbox 3069 1299 3088 1330; x_wconf 74' lang='grc' dir='ltr'><strong>ι</strong></span> <span class='ocrx_word' id='word_1_194' title='bbox 3121 1280 3198 1349; x_wconf 91' lang='lat' dir='ltr'><strong>(id</strong></span> <span class='ocrx_word' id='word_1_195' title='bbox 3226 1291 3308 1336; x_wconf 85' lang='lat' dir='ltr'><strong>est</strong></span> <span class='ocrx_word' id='word_1_196' title='bbox 3343 1285 3577 1354; x_wconf 80' lang='lat' dir='ltr'><strong>schola),</strong></span> 
     </span>
    </p>
   </div>
   <div class='ocr_carea' id='block_1_26' title="bbox 1999 1359 3580 1443">
    <p class='ocr_par' dir='ltr' id='par_1_26' title="bbox 1999 1359 3580 1443">
     <span class='ocr_line' id='line_1_26' title="bbox 1999 1359 3580 1443; baseline 0.01 -31"><span class='ocrx_word' id='word_1_197' title='bbox 1999 1377 2022 1412; x_wconf 71' lang='grc' dir='ltr'><em>ς</em></span> <span class='ocrx_word' id='word_1_198' title='bbox 2051 1359 2207 1428; x_wconf 87' lang='lat' dir='ltr'><strong>cujus</strong></span> <span class='ocrx_word' id='word_1_199' title='bbox 2235 1363 2430 1431; x_wconf 88' lang='lat' dir='ltr'><strong>capital</strong></span> <span class='ocrx_word' id='word_1_200' title='bbox 2460 1383 2478 1415; x_wconf 76' lang='grc' dir='ltr'><strong>ι</strong></span> <span class='ocrx_word' id='word_1_201' title='bbox 2505 1365 2583 1432; x_wconf 86' lang='lat' dir='ltr'><strong>(id</strong></span> <span class='ocrx_word' id='word_1_202' title='bbox 2607 1373 2688 1419; x_wconf 88' lang='lat' dir='ltr'><strong>cst</strong></span> <span class='ocrx_word' id='word_1_203' title='bbox 2711 1367 2894 1436; x_wconf 83' lang='lat' dir='ltr'><strong>caput)</strong></span> <span class='ocrx_word' id='word_1_204' title='bbox 2935 1385 2956 1418; x_wconf 70' lang='grc' dir='ltr'><strong>ι</strong></span> <span class='ocrx_word' id='word_1_205' title='bbox 2979 1368 3092 1438; x_wconf 84' lang='lat' dir='ltr'><strong>jam</strong></span> <span class='ocrx_word' id='word_1_206' title='bbox 3113 1369 3240 1424; x_wconf 89' lang='lat' dir='ltr'><strong>olim</strong></span> <span class='ocrx_word' id='word_1_207' title='bbox 3271 1371 3436 1428; x_wconf 88' lang='lat' dir='ltr'><strong>fuisse</strong></span> <span class='ocrx_word' id='word_1_208' title='bbox 3455 1389 3580 1443; x_wconf 86' lang='lat' dir='ltr'><strong>per—</strong></span> 
     </span>
    </p>
   </div>
   <div class='ocr_carea' id='block_1_27' title="bbox 1995 1452 3580 1534">
    <p class='ocr_par' dir='ltr' id='par_1_27' title="bbox 1995 1452 3580 1534">
     <span class='ocr_line' id='line_1_27' title="bbox 1995 1452 3580 1534; baseline 0.009 -28"><span class='ocrx_word' id='word_1_209' title='bbox 1995 1452 2230 1518; x_wconf 79' lang='lat' dir='ltr'><strong>hibetur,</strong></span> <span class='ocrx_word' id='word_1_210' title='bbox 2255 1456 2456 1509; x_wconf 88' lang='lat' dir='ltr'><strong>morari</strong></span> <span class='ocrx_word' id='word_1_211' title='bbox 2483 1469 2588 1508; x_wconf 90' lang='lat' dir='ltr'><strong>non</strong></span> <span class='ocrx_word' id='word_1_212' title='bbox 2616 1457 2876 1513; x_wconf 87' lang='lat' dir='ltr'><strong>sinatis...</strong></span> <span class='ocrx_word' id='word_1_213' title='bbox 2904 1459 2980 1528; x_wconf 83' lang='lat' dir='ltr'><strong>(f)</strong></span> <span class='ocrx_word' id='word_1_214' title='bbox 3013 1479 3058 1513; x_wconf 76' lang='grc' dir='ltr'>ι.</span> <span class='ocrx_word' id='word_1_215' title='bbox 3085 1461 3160 1516; x_wconf 90' lang='lat' dir='ltr'><strong>De</strong></span> <span class='ocrx_word' id='word_1_216' title='bbox 3185 1472 3446 1532; x_wconf 88' lang='lat' dir='ltr'><strong>tempore,</strong></span> <span class='ocrx_word' id='word_1_217' title='bbox 3472 1481 3580 1534; x_wconf 86' lang='lat' dir='ltr'><strong>quo</strong></span> 
     </span>
    </p>
   </div>
   <div class='ocr_carea' id='block_1_28' title="bbox 1996 1543 3579 1620">
    <p class='ocr_par' dir='ltr' id='par_1_28' title="bbox 1996 1543 3579 1620">
     <span class='ocr_line' id='line_1_28' title="bbox 1996 1543 3579 1620; baseline 0.008 -24"><span class='ocrx_word' id='word_1_218' title='bbox 1996 1543 2132 1598; x_wconf 84' lang='lat' dir='ltr'><strong>haec</strong></span> <span class='ocrx_word' id='word_1_219' title='bbox 2177 1544 2404 1611; x_wconf 84' lang='lat' dir='ltr'><strong>epistola</strong></span> <span class='ocrx_word' id='word_1_220' title='bbox 2451 1547 2649 1615; x_wconf 88' lang='lat' dir='ltr'><strong>scripta</strong></span> <span class='ocrx_word' id='word_1_221' title='bbox 2699 1547 2802 1611; x_wconf 89' lang='lat' dir='ltr'><strong>sit,</strong></span> <span class='ocrx_word' id='word_1_222' title='bbox 2851 1547 3048 1619; x_wconf 83' lang='lat' dir='ltr'><strong>legitur</strong></span> <span class='ocrx_word' id='word_1_223' title='bbox 3094 1553 3238 1620; x_wconf 90' lang='lat' dir='ltr'><strong>apud</strong></span> <span class='ocrx_word' id='word_1_224' title='bbox 3278 1553 3579 1609; x_wconf 87' lang='lat' dir='ltr'><strong>Bulaeum:</strong></span> 
     </span>
    </p>
   </div>
   <div class='ocr_carea' id='block_1_29' title="bbox 2003 1633 3584 1711">
    <p class='ocr_par' dir='ltr' id='par_1_29' title="bbox 2003 1633 3584 1711">
     <span class='ocr_line' id='line_1_29' title="bbox 2003 1633 3584 1711; baseline 0.008 -25"><span class='ocrx_word' id='word_1_225' title='bbox 2003 1653 2024 1686; x_wconf 76' lang='grc' dir='ltr'><strong>ι</strong></span> <span class='ocrx_word' id='word_1_226' title='bbox 2057 1633 2253 1688; x_wconf 85' lang='lat' dir='ltr'><strong>Datum</strong></span> <span class='ocrx_word' id='word_1_227' title='bbox 2298 1649 2440 1690; x_wconf 89' lang='lat' dir='ltr'><strong>anno</strong></span> <span class='ocrx_word' id='word_1_228' title='bbox 2481 1636 2672 1706; x_wconf 83' lang='lat' dir='ltr'><strong>Apost.</strong></span> <span class='ocrx_word' id='word_1_229' title='bbox 2719 1639 2892 1694; x_wconf 86' lang='lat' dir='ltr'><strong>nostri</strong></span> <span class='ocrx_word' id='word_1_230' title='bbox 2942 1639 3036 1702; x_wconf 89' lang='lat' dir='ltr'><strong>ill,</strong></span> <span class='ocrx_word' id='word_1_231' title='bbox 3077 1660 3096 1692; x_wconf 73' lang='grc' dir='ltr'><strong>ι</strong></span> <span class='ocrx_word' id='word_1_232' title='bbox 3142 1643 3234 1711; x_wconf 89' lang='lat' dir='ltr'><strong>qui</strong></span> <span class='ocrx_word' id='word_1_233' title='bbox 3281 1652 3365 1697; x_wconf 89' lang='lat' dir='ltr'><strong>est</strong></span> <span class='ocrx_word' id='word_1_234' title='bbox 3411 1659 3584 1700; x_wconf 88' lang='lat' dir='ltr'><strong>annus</strong></span> 
     </span>
    </p>
   </div>
   <div class='ocr_carea' id='block_1_30' title="bbox 1999 1721 3588 1803">
    <p class='ocr_par' dir='ltr' id='par_1_30' title="bbox 1999 1721 3588 1803">
     <span class='ocr_line' id='line_1_30' title="bbox 1999 1721 3588 1803; baseline 0.005 -25"><span class='ocrx_word' id='word_1_235' title='bbox 1999 1721 2311 1780; x_wconf 81' lang='lat' dir='ltr'><strong>DCCCLX:</strong></span> <span class='ocrx_word' id='word_1_236' title='bbox 2353 1723 2446 1778; x_wconf 89' lang='lat' dir='ltr'><strong>alii</strong></span> <span class='ocrx_word' id='word_1_237' title='bbox 2473 1724 2694 1790; x_wconf 88' lang='lat' dir='ltr'><strong>dicunt,</strong></span> <span class='ocrx_word' id='word_1_238' title='bbox 2738 1727 2958 1783; x_wconf 85' lang='lat' dir='ltr'><strong>circiter</strong></span> <span class='ocrx_word' id='word_1_239' title='bbox 2983 1729 3221 1800; x_wconf 86' lang='lat' dir='ltr'><strong>quinque</strong></span> <span class='ocrx_word' id='word_1_240' title='bbox 3265 1731 3422 1787; x_wconf 85' lang='lat' dir='ltr'><strong>annis</strong></span> <span class='ocrx_word' id='word_1_241' title='bbox 3462 1741 3588 1803; x_wconf 91' lang='lat' dir='ltr'><strong>post</strong></span> 
     </span>
    </p>
   </div>
   <div class='ocr_carea' id='block_1_31' title="bbox 309 1807 3583 1891">
    <p class='ocr_par' dir='ltr' id='par_1_31' title="bbox 309 1807 3583 1891">
     <span class='ocr_line' id='line_1_31' title="bbox 309 1807 3583 1891; baseline 0 -17"><span class='ocrx_word' id='word_1_242' title='bbox 309 1819 566 1891; x_wconf 86' lang='lat' dir='ltr'><strong>perexilis</strong></span> <span class='ocrx_word' id='word_1_243' title='bbox 593 1819 862 1888; x_wconf 84' lang='lat' dir='ltr'><strong>corporis.</strong></span> <span class='ocrx_word' id='word_1_244' title='bbox 893 1816 1062 1884; x_wconf 88' lang='lat' dir='ltr'><strong>Tum,</strong></span> <span class='ocrx_word' id='word_1_245' title='bbox 1087 1818 1178 1888; x_wconf 88' lang='lat' dir='ltr'><strong>qui</strong></span> <span class='ocrx_word' id='word_1_246' title='bbox 1209 1831 1426 1886; x_wconf 82' lang='lat' dir='ltr'><strong>semper</strong></span> <span class='ocrx_word' id='word_1_247' title='bbox 1453 1816 1655 1886; x_wconf 85' lang='lat' dir='ltr'><strong>aliquid</strong></span> <span class='ocrx_word' id='word_1_248' title='bbox 1681 1815 1894 1872; x_wconf 89' lang='lat' dir='ltr'><strong>honesti</strong></span> <span class='ocrx_word' id='word_1_249' title='bbox 1927 1807 1968 1865; x_wconf 83' lang='grc' dir='ltr'><strong>Β</strong></span> <span class='ocrx_word' id='word_1_250' title='bbox 1995 1826 2114 1866; x_wconf 70' lang='lat' dir='ltr'><strong>eauti</strong></span> <span class='ocrx_word' id='word_1_251' title='bbox 2159 1825 2280 1866; x_wconf 88' lang='lat' dir='ltr'><strong>esse</strong></span> <span class='ocrx_word' id='word_1_252' title='bbox 2309 1811 2511 1866; x_wconf 85' lang='lat' dir='ltr'><strong>datam.</strong></span> <span class='ocrx_word' id='word_1_253' title='bbox 2542 1813 2695 1881; x_wconf 85' lang='lat' dir='ltr'><strong>Quod</strong></span> <span class='ocrx_word' id='word_1_254' title='bbox 2718 1816 2762 1869; x_wconf 91' lang='lat' dir='ltr'><strong>si</strong></span> <span class='ocrx_word' id='word_1_255' title='bbox 2806 1815 2896 1870; x_wconf 90' lang='lat' dir='ltr'><strong>hic</strong></span> <span class='ocrx_word' id='word_1_256' title='bbox 2923 1817 3068 1872; x_wconf 88' lang='lat' dir='ltr'><strong>illius</strong></span> <span class='ocrx_word' id='word_1_257' title='bbox 3107 1819 3368 1888; x_wconf 83' lang='lat' dir='ltr'><strong>epistolae</strong></span> <span class='ocrx_word' id='word_1_258' title='bbox 3396 1820 3548 1874; x_wconf 91' lang='lat' dir='ltr'><strong>locus</strong></span> <span class='ocrx_word' id='word_1_259' title='bbox 3567 1863 3583 1888; x_wconf 92' lang='lat'><strong>,</strong></span> 
     </span>
    </p>
   </div>
   <div class='ocr_carea' id='block_1_32' title="bbox 311 1909 1896 1974">
    <p class='ocr_par' dir='ltr' id='par_1_32' title="bbox 311 1909 1896 1974">
     <span class='ocr_line' id='line_1_32' title="bbox 311 1909 1896 1974; baseline -0.001 -9"><span class='ocrx_word' id='word_1_260' title='bbox 311 1911 648 1974; x_wconf 78' lang='lat' dir='ltr'><strong>inveniebat,</strong></span> <span class='ocrx_word' id='word_1_261' title='bbox 671 1918 729 1964; x_wconf 92' lang='lat' dir='ltr'><strong>ut</strong></span> <span class='ocrx_word' id='word_1_262' title='bbox 765 1909 1028 1964; x_wconf 89' lang='lat' dir='ltr'><strong>laetitiam</strong></span> <span class='ocrx_word' id='word_1_263' title='bbox 1047 1909 1452 1964; x_wconf 86' lang='lat' dir='ltr'><strong>convivantium</strong></span> <span class='ocrx_word' id='word_1_264' title='bbox 1479 1909 1768 1974; x_wconf 79' lang='lat' dir='ltr'><strong>excitaret,</strong></span> <span class='ocrx_word' id='word_1_265' title='bbox 1811 1923 1896 1963; x_wconf 81' lang='lat' dir='ltr'><strong>re-</strong></span> 
     </span>
    </p>
   </div>
   <div class='ocr_carea' id='block_1_33' title="bbox 310 1998 1894 2071">
    <p class='ocr_par' dir='ltr' id='par_1_33' title="bbox 310 1998 1894 2071">
     <span class='ocr_line' id='line_1_33' title="bbox 310 1998 1894 2071; baseline -0.001 -15"><span class='ocrx_word' id='word_1_266' title='bbox 310 2003 476 2056; x_wconf 87' lang='lat' dir='ltr'><strong>tentis</strong></span> <span class='ocrx_word' id='word_1_267' title='bbox 501 2002 608 2058; x_wconf 87' lang='lat' dir='ltr'><strong>sibi</strong></span> <span class='ocrx_word' id='word_1_268' title='bbox 636 2001 848 2056; x_wconf 88' lang='lat' dir='ltr'><strong>duobus</strong></span> <span class='ocrx_word' id='word_1_269' title='bbox 891 1999 1218 2071; x_wconf 78' lang='lat' dir='ltr'><strong>majoribus,</strong></span> <span class='ocrx_word' id='word_1_270' title='bbox 1259 2015 1426 2054; x_wconf 89' lang='lat' dir='ltr'><strong>unum</strong></span> <span class='ocrx_word' id='word_1_271' title='bbox 1465 1999 1732 2054; x_wconf 83' lang='lat' dir='ltr'><strong>minorem</strong></span> <span class='ocrx_word' id='word_1_272' title='bbox 1762 1998 1894 2054; x_wconf 89' lang='lat' dir='ltr'><strong>duo-</strong></span> 
     </span>
    </p>
   </div>
   <div class='ocr_carea' id='block_1_34' title="bbox 309 2087 1890 2160">
    <p class='ocr_par' dir='ltr' id='par_1_34' title="bbox 309 2087 1890 2160">
     <span class='ocr_line' id='line_1_34' title="bbox 309 2087 1890 2160; baseline -0.002 -16"><span class='ocrx_word' id='word_1_273' title='bbox 309 2091 412 2146; x_wconf 87' lang='lat' dir='ltr'><strong>bus</strong></span> <span class='ocrx_word' id='word_1_274' title='bbox 429 2091 726 2146; x_wconf 88' lang='lat' dir='ltr'><strong>distribuit.</strong></span> <span class='ocrx_word' id='word_1_275' title='bbox 751 2089 1012 2160; x_wconf 84' lang='lat' dir='ltr'><strong>Argnenti</strong></span> <span class='ocrx_word' id='word_1_276' title='bbox 1042 2089 1380 2157; x_wconf 87' lang='lat' dir='ltr'><strong>iniquitatem</strong></span> <span class='ocrx_word' id='word_1_277' title='bbox 1399 2089 1712 2159; x_wconf 85' lang='lat' dir='ltr'><strong>partitionis</strong></span> <span class='ocrx_word' id='word_1_278' title='bbox 1733 2087 1852 2158; x_wconf 83' lang='lat' dir='ltr'><strong>regi</strong></span> <span class='ocrx_word' id='word_1_279' title='bbox 1877 2105 1890 2141; x_wconf 94' lang='lat'><strong>:</strong></span> 
     </span>
    </p>
   </div>
   <div class='ocr_carea' id='block_1_35' title="bbox 309 2180 1896 2252">
    <p class='ocr_par' dir='ltr' id='par_1_35' title="bbox 309 2180 1896 2252">
     <span class='ocr_line' id='line_1_35' title="bbox 309 2180 1896 2252; baseline -0.004 -14"><span class='ocrx_word' id='word_1_280' title='bbox 309 2181 442 2249; x_wconf 91' lang='lat' dir='ltr'><strong>imo,</strong></span> <span class='ocrx_word' id='word_1_281' title='bbox 461 2183 659 2252; x_wconf 88' lang='lat' dir='ltr'><strong>inquit,</strong></span> <span class='ocrx_word' id='word_1_282' title='bbox 677 2183 812 2238; x_wconf 90' lang='lat' dir='ltr'><strong>bene</strong></span> <span class='ocrx_word' id='word_1_283' title='bbox 832 2181 938 2237; x_wconf 87' lang='lat' dir='ltr'><strong>feci</strong></span> <span class='ocrx_word' id='word_1_284' title='bbox 962 2189 1018 2244; x_wconf 84' lang='lat' dir='ltr'><strong>et</strong></span> <span class='ocrx_word' id='word_1_285' title='bbox 1039 2195 1230 2252; x_wconf 83' lang='lat' dir='ltr'><strong>aeque,</strong></span> <span class='ocrx_word' id='word_1_286' title='bbox 1250 2195 1376 2234; x_wconf 85' lang='lat' dir='ltr'><strong>nam</strong></span> <span class='ocrx_word' id='word_1_287' title='bbox 1391 2180 1484 2236; x_wconf 89' lang='lat' dir='ltr'><strong>hic</strong></span> <span class='ocrx_word' id='word_1_288' title='bbox 1497 2188 1584 2234; x_wconf 86' lang='lat' dir='ltr'><strong>est</strong></span> <span class='ocrx_word' id='word_1_289' title='bbox 1603 2194 1746 2236; x_wconf 89' lang='lat' dir='ltr'><strong>unus</strong></span> <span class='ocrx_word' id='word_1_290' title='bbox 1757 2193 1896 2248; x_wconf 85' lang='lat' dir='ltr'><strong>par-</strong></span> 
     </span>
    </p>
   </div>
   <div class='ocr_carea' id='block_1_36' title="bbox 313 2272 1898 2344">
    <p class='ocr_par' dir='ltr' id='par_1_36' title="bbox 313 2272 1898 2344">
     <span class='ocr_line' id='line_1_36' title="bbox 313 2272 1898 2344; baseline -0.001 -16"><span class='ocrx_word' id='word_1_291' title='bbox 313 2289 434 2340; x_wconf 87' lang='lat' dir='ltr'><strong>vus,</strong></span> <span class='ocrx_word' id='word_1_292' title='bbox 447 2276 513 2330; x_wconf 90' lang='lat' dir='ltr'><strong>de</strong></span> <span class='ocrx_word' id='word_1_293' title='bbox 531 2290 592 2330; x_wconf 85' lang='lat' dir='ltr'><strong>se</strong></span> <span class='ocrx_word' id='word_1_294' title='bbox 603 2275 809 2340; x_wconf 86' lang='lat' dir='ltr'><strong>dicens,</strong></span> <span class='ocrx_word' id='word_1_295' title='bbox 823 2283 880 2330; x_wconf 86' lang='lat' dir='ltr'><strong>et</strong></span> <span class='ocrx_word' id='word_1_296' title='bbox 893 2273 998 2329; x_wconf 91' lang='lat' dir='ltr'><strong>duo</strong></span> <span class='ocrx_word' id='word_1_297' title='bbox 1009 2273 1256 2344; x_wconf 68' lang='lat' dir='ltr'><strong>grandes,</strong></span> <span class='ocrx_word' id='word_1_298' title='bbox 1273 2273 1452 2343; x_wconf 84' lang='lat' dir='ltr'><strong>pisces</strong></span> <span class='ocrx_word' id='word_1_299' title='bbox 1467 2281 1695 2343; x_wconf 86' lang='lat' dir='ltr'><strong>tangens</strong></span> <span class='ocrx_word' id='word_1_300' title='bbox 1711 2290 1726 2326; x_wconf 89' lang='lat'><strong>:</strong></span> <span class='ocrx_word' id='word_1_301' title='bbox 1743 2272 1898 2328; x_wconf 84' lang='lat' dir='ltr'><strong>item-</strong></span> 
     </span>
    </p>
   </div>
   <div class='ocr_carea' id='block_1_37' title="bbox 317 2361 1898 2434">
    <p class='ocr_par' dir='ltr' id='par_1_37' title="bbox 317 2361 1898 2434">
     <span class='ocr_line' id='line_1_37' title="bbox 317 2361 1898 2434; baseline 0 -18"><span class='ocrx_word' id='word_1_302' title='bbox 317 2377 422 2432; x_wconf 87' lang='lat' dir='ltr'><strong>que</strong></span> <span class='ocrx_word' id='word_1_303' title='bbox 443 2364 512 2418; x_wconf 90' lang='lat' dir='ltr'><strong>ad</strong></span> <span class='ocrx_word' id='word_1_304' title='bbox 532 2379 626 2420; x_wconf 89' lang='lat' dir='ltr'><strong>eos</strong></span> <span class='ocrx_word' id='word_1_305' title='bbox 647 2379 960 2428; x_wconf 87' lang='lat' dir='ltr'><strong>conversus,</strong></span> <span class='ocrx_word' id='word_1_306' title='bbox 976 2365 1064 2418; x_wconf 86' lang='lat' dir='ltr'><strong>hic</strong></span> <span class='ocrx_word' id='word_1_307' title='bbox 1095 2373 1221 2418; x_wconf 89' lang='lat' dir='ltr'><strong>sunt</strong></span> <span class='ocrx_word' id='word_1_308' title='bbox 1242 2364 1350 2418; x_wconf 86' lang='lat' dir='ltr'><strong>duo</strong></span> <span class='ocrx_word' id='word_1_309' title='bbox 1378 2363 1562 2434; x_wconf 87' lang='lat' dir='ltr'><strong>magni</strong></span> <span class='ocrx_word' id='word_1_310' title='bbox 1584 2361 1771 2418; x_wconf 90' lang='lat' dir='ltr'><strong>clerici</strong></span> <span class='ocrx_word' id='word_1_311' title='bbox 1793 2362 1898 2416; x_wconf 83' lang='lat' dir='ltr'><strong>im-</strong></span> 
     </span>
    </p>
   </div>
   <div class='ocr_carea' id='block_1_38' title="bbox 323 2455 1898 2526">
    <p class='ocr_par' dir='ltr' id='par_1_38' title="bbox 323 2455 1898 2526">
     <span class='ocr_line' id='line_1_38' title="bbox 323 2455 1898 2526; baseline -0.002 -17"><span class='ocrx_word' id='word_1_312' title='bbox 323 2455 496 2509; x_wconf 84' lang='lat' dir='ltr'><strong>mensi</strong></span> <span class='ocrx_word' id='word_1_313' title='bbox 518 2463 575 2508; x_wconf 89' lang='lat' dir='ltr'><strong>et</strong></span> <span class='ocrx_word' id='word_1_314' title='bbox 594 2470 736 2509; x_wconf 87' lang='lat' dir='ltr'><strong>unus</strong></span> <span class='ocrx_word' id='word_1_315' title='bbox 753 2455 1206 2524; x_wconf 82' lang='lat' dir='ltr'><strong>exiguus,piseem</strong></span> <span class='ocrx_word' id='word_1_316' title='bbox 1227 2455 1580 2510; x_wconf 86' lang='lat' dir='ltr'><strong>nihilominus</strong></span> <span class='ocrx_word' id='word_1_317' title='bbox 1601 2463 1828 2526; x_wconf 86' lang='lat' dir='ltr'><strong>tangens</strong></span> <span class='ocrx_word' id='word_1_318' title='bbox 1847 2474 1866 2506; x_wconf 71' lang='grc' dir='ltr'><strong>ι</strong></span> <span class='ocrx_word' id='word_1_319' title='bbox 1879 2491 1898 2506; x_wconf 92' lang='grc'><strong><em>.</em></strong></span> 
     </span>
    </p>
   </div>
   <div class='ocr_carea' id='block_1_39' title="bbox 392 2541 1902 2612">
    <p class='ocr_par' dir='ltr' id='par_1_39' title="bbox 392 2541 1902 2612">
     <span class='ocr_line' id='line_1_39' title="bbox 392 2541 1902 2612; baseline -0.001 -14"><span class='ocrx_word' id='word_1_320' title='bbox 392 2543 582 2612; x_wconf 85' lang='lat' dir='ltr'><strong>itaque</strong></span> <span class='ocrx_word' id='word_1_321' title='bbox 609 2543 846 2598; x_wconf 82' lang='lat' dir='ltr'><strong>Joannes</strong></span> <span class='ocrx_word' id='word_1_322' title='bbox 871 2552 1074 2606; x_wconf 89' lang='lat' dir='ltr'><strong>noster,</strong></span> <span class='ocrx_word' id='word_1_323' title='bbox 1101 2553 1162 2596; x_wconf 88' lang='lat' dir='ltr'><strong>ut</strong></span> <span class='ocrx_word' id='word_1_324' title='bbox 1182 2543 1454 2606; x_wconf 85' lang='lat' dir='ltr'><strong>videmus,</strong></span> <span class='ocrx_word' id='word_1_325' title='bbox 1483 2543 1676 2598; x_wconf 86' lang='lat' dir='ltr'><strong>intima</strong></span> <span class='ocrx_word' id='word_1_326' title='bbox 1703 2541 1902 2598; x_wconf 84' lang='lat' dir='ltr'><strong>Carolo</strong></span> 
     </span>
    </p>
   </div>
   <div class='ocr_carea' id='block_1_40' title="bbox 313 2635 1900 2706">
    <p class='ocr_par' dir='ltr' id='par_1_40' title="bbox 313 2635 1900 2706">
     <span class='ocr_line' id='line_1_40' title="bbox 313 2635 1900 2706; baseline -0.001 -14"><span class='ocrx_word' id='word_1_327' title='bbox 313 2637 692 2692; x_wconf 76' lang='lat' dir='ltr'><strong>familiaritate</strong></span> <span class='ocrx_word' id='word_1_328' title='bbox 707 2637 1032 2706; x_wconf 81' lang='lat' dir='ltr'><strong>conjunctus</strong></span> <span class='ocrx_word' id='word_1_329' title='bbox 1051 2635 1108 2689; x_wconf 88' lang='lat' dir='ltr'><strong>in</strong></span> <span class='ocrx_word' id='word_1_330' title='bbox 1128 2636 1242 2703; x_wconf 87' lang='lat' dir='ltr'><strong>ipsa</strong></span> <span class='ocrx_word' id='word_1_331' title='bbox 1269 2636 1414 2704; x_wconf 82' lang='lat' dir='ltr'><strong>regia</strong></span> <span class='ocrx_word' id='word_1_332' title='bbox 1435 2635 1670 2703; x_wconf 86' lang='lat' dir='ltr'><strong>atquein</strong></span> <span class='ocrx_word' id='word_1_333' title='bbox 1691 2649 1900 2690; x_wconf 85' lang='lat' dir='ltr'><strong>summa</strong></span> 
     </span>
    </p>
   </div>
   <div class='ocr_carea' id='block_1_41' title="bbox 314 2722 1904 2790">
    <p class='ocr_par' dir='ltr' id='par_1_41' title="bbox 314 2722 1904 2790">
     <span class='ocr_line' id='line_1_41' title="bbox 314 2722 1904 2790; baseline -0.003 -8"><span class='ocrx_word' id='word_1_334' title='bbox 314 2727 595 2782; x_wconf 82' lang='lat' dir='ltr'><strong>hominum</strong></span> <span class='ocrx_word' id='word_1_335' title='bbox 623 2725 942 2782; x_wconf 88' lang='lat' dir='ltr'><strong>celebritate</strong></span> <span class='ocrx_word' id='word_1_336' title='bbox 970 2725 1307 2782; x_wconf 76' lang='lat' dir='ltr'><strong>versabatur.</strong></span> <span class='ocrx_word' id='word_1_337' title='bbox 1353 2724 1510 2790; x_wconf 84' lang='lat' dir='ltr'><strong>Quod</strong></span> <span class='ocrx_word' id='word_1_338' title='bbox 1541 2724 1670 2778; x_wconf 86' lang='lat' dir='ltr'><strong>item</strong></span> <span class='ocrx_word' id='word_1_339' title='bbox 1699 2722 1904 2778; x_wconf 86' lang='lat' dir='ltr'><strong>Pardu-</strong></span> 
     </span>
    </p>
   </div>
   <div class='ocr_carea' id='block_1_42' title="bbox 311 2813 1900 2886">
    <p class='ocr_par' dir='ltr' id='par_1_42' title="bbox 311 2813 1900 2886">
     <span class='ocr_line' id='line_1_42' title="bbox 311 2813 1900 2886; baseline -0.001 -18"><span class='ocrx_word' id='word_1_340' title='bbox 311 2816 398 2870; x_wconf 87' lang='lat' dir='ltr'><strong>lus</strong></span> <span class='ocrx_word' id='word_1_341' title='bbox 425 2817 714 2886; x_wconf 85' lang='lat' dir='ltr'><strong>episcopus</strong></span> <span class='ocrx_word' id='word_1_342' title='bbox 737 2813 1110 2870; x_wconf 88' lang='lat' dir='ltr'><strong>Laudunensis</strong></span> <span class='ocrx_word' id='word_1_343' title='bbox 1155 2821 1410 2878; x_wconf 88' lang='lat' dir='ltr'><strong>testatur,</strong></span> <span class='ocrx_word' id='word_1_344' title='bbox 1435 2814 1528 2880; x_wconf 91' lang='lat' dir='ltr'><strong>qui</strong></span> <span class='ocrx_word' id='word_1_345' title='bbox 1557 2813 1772 2867; x_wconf 87' lang='lat' dir='ltr'><strong>circiter</strong></span> <span class='ocrx_word' id='word_1_346' title='bbox 1805 2827 1900 2867; x_wconf 86' lang='lat' dir='ltr'><strong>an-</strong></span> 
     </span>
    </p>
   </div>
   <div class='ocr_carea' id='block_1_43' title="bbox 315 2902 1898 2973">
    <p class='ocr_par' dir='ltr' id='par_1_43' title="bbox 315 2902 1898 2973">
     <span class='ocr_line' id='line_1_43' title="bbox 315 2902 1898 2973; baseline -0.001 -13"><span class='ocrx_word' id='word_1_347' title='bbox 315 2923 444 2960; x_wconf 90' lang='lat' dir='ltr'><strong>num</strong></span> <span class='ocrx_word' id='word_1_348' title='bbox 475 2904 762 2960; x_wconf 89' lang='lat' dir='ltr'><strong>DCCCLlll</strong></span> <span class='ocrx_word' id='word_1_349' title='bbox 785 2906 860 2960; x_wconf 87' lang='lat' dir='ltr'><strong>ita</strong></span> <span class='ocrx_word' id='word_1_350' title='bbox 887 2907 955 2959; x_wconf 90' lang='lat' dir='ltr'><strong>de</strong></span> <span class='ocrx_word' id='word_1_351' title='bbox 983 2919 1050 2958; x_wconf 88' lang='lat' dir='ltr'><strong>eo</strong></span> <span class='ocrx_word' id='word_1_352' title='bbox 1074 2905 1298 2973; x_wconf 87' lang='lat' dir='ltr'><strong>scripsit</strong></span> <span class='ocrx_word' id='word_1_353' title='bbox 1327 2921 1344 2958; x_wconf 89' lang='lat'><strong>:</strong></span> <span class='ocrx_word' id='word_1_354' title='bbox 1379 2922 1398 2954; x_wconf 74' lang='grc' dir='ltr'><strong>ε</strong></span> <span class='ocrx_word' id='word_1_355' title='bbox 1436 2902 1628 2958; x_wconf 84' lang='lat' dir='ltr'><strong>Seotus</strong></span> <span class='ocrx_word' id='word_1_356' title='bbox 1657 2903 1772 2967; x_wconf 89' lang='lat' dir='ltr'><strong>ille,</strong></span> <span class='ocrx_word' id='word_1_357' title='bbox 1803 2903 1898 2972; x_wconf 85' lang='lat' dir='ltr'><strong>qui</strong></span> 
     </span>
    </p>
   </div>
   <div class='ocr_carea' id='block_1_44' title="bbox 319 2989 1900 3062">
    <p class='ocr_par' dir='ltr' id='par_1_44' title="bbox 319 2989 1900 3062">
     <span class='ocr_line' id='line_1_44' title="bbox 319 2989 1900 3062; baseline -0.003 -12"><span class='ocrx_word' id='word_1_358' title='bbox 319 3003 410 3050; x_wconf 87' lang='lat' dir='ltr'><strong>est</strong></span> <span class='ocrx_word' id='word_1_359' title='bbox 453 2995 510 3048; x_wconf 91' lang='lat' dir='ltr'><strong>in</strong></span> <span class='ocrx_word' id='word_1_360' title='bbox 563 2993 762 3061; x_wconf 85' lang='lat' dir='ltr'><strong>palatio</strong></span> <span class='ocrx_word' id='word_1_361' title='bbox 820 2992 960 3062; x_wconf 84' lang='lat' dir='ltr'><strong>regis</strong></span> <span class='ocrx_word' id='word_1_362' title='bbox 1009 2991 1212 3062; x_wconf 85' lang='lat' dir='ltr'><strong>(Caroli</strong></span> <span class='ocrx_word' id='word_1_363' title='bbox 1261 2990 1468 3062; x_wconf 88' lang='lat' dir='ltr'><strong>Calvi),</strong></span> <span class='ocrx_word' id='word_1_364' title='bbox 1519 2989 1754 3046; x_wconf 83' lang='lat' dir='ltr'><strong>Joannes</strong></span> <span class='ocrx_word' id='word_1_365' title='bbox 1802 3007 1900 3046; x_wconf 83' lang='lat' dir='ltr'><strong>no-</strong></span> 
     </span>
    </p>
   </div>
   <div class='ocr_carea' id='block_1_45' title="bbox 323 3079 1900 3150">
    <p class='ocr_par' dir='ltr' id='par_1_45' title="bbox 323 3079 1900 3150">
     <span class='ocr_line' id='line_1_45' title="bbox 323 3079 1900 3150; baseline -0.001 -13"><span class='ocrx_word' id='word_1_366' title='bbox 323 3083 474 3137; x_wconf 85' lang='lat' dir='ltr'><strong>mine</strong></span> <span class='ocrx_word' id='word_1_367' title='bbox 512 3081 588 3150; x_wconf 87' lang='lat' dir='ltr'><strong>(b)</strong></span> <span class='ocrx_word' id='word_1_368' title='bbox 625 3100 672 3134; x_wconf 76' lang='grc' dir='ltr'>ι.</span> <span class='ocrx_word' id='word_1_369' title='bbox 704 3079 822 3134; x_wconf 89' lang='lat' dir='ltr'><strong>Jam</strong></span> <span class='ocrx_word' id='word_1_370' title='bbox 856 3095 920 3134; x_wconf 82' lang='lat' dir='ltr'><strong>ex</strong></span> <span class='ocrx_word' id='word_1_371' title='bbox 969 3079 1058 3134; x_wconf 87' lang='lat' dir='ltr'><strong>bis</strong></span> <span class='ocrx_word' id='word_1_372' title='bbox 1103 3079 1388 3148; x_wconf 88' lang='lat' dir='ltr'><strong>conjicias,</strong></span> <span class='ocrx_word' id='word_1_373' title='bbox 1439 3093 1561 3134; x_wconf 89' lang='lat' dir='ltr'><strong>eum</strong></span> <span class='ocrx_word' id='word_1_374' title='bbox 1609 3093 1782 3149; x_wconf 86' lang='lat' dir='ltr'><strong>usque</strong></span> <span class='ocrx_word' id='word_1_375' title='bbox 1829 3080 1900 3136; x_wconf 86' lang='lat' dir='ltr'><strong>ab</strong></span> 
     </span>
    </p>
   </div>
   <div class='ocr_carea' id='block_1_46' title="bbox 321 3141 1972 3240">
    <p class='ocr_par' dir='ltr' id='par_1_46' title="bbox 321 3141 1972 3240">
     <span class='ocr_line' id='line_1_46' title="bbox 321 3141 1972 3240; baseline -0.001 -14"><span class='ocrx_word' id='word_1_376' title='bbox 321 3172 418 3226; x_wconf 90' lang='lat' dir='ltr'><strong>illo</strong></span> <span class='ocrx_word' id='word_1_377' title='bbox 449 3141 685 3240; x_wconf 80' lang='lat' dir='ltr'><strong>tempore</strong></span> <span class='ocrx_word' id='word_1_378' title='bbox 702 3211 718 3232; x_wconf 92' lang='lat'><strong>,</strong></span> <span class='ocrx_word' id='word_1_379' title='bbox 740 3185 848 3239; x_wconf 86' lang='lat' dir='ltr'><strong>quo</strong></span> <span class='ocrx_word' id='word_1_380' title='bbox 865 3169 934 3224; x_wconf 86' lang='lat' dir='ltr'><strong>ad</strong></span> <span class='ocrx_word' id='word_1_381' title='bbox 952 3141 1219 3225; x_wconf 44' lang='lat' dir='ltr'><strong>Carolum&#39;</strong></span> <span class='ocrx_word' id='word_1_382' title='bbox 1234 3141 1406 3235; x_wconf 83' lang='lat' dir='ltr'><strong>venit,</strong></span> <span class='ocrx_word' id='word_1_383' title='bbox 1431 3141 1708 3238; x_wconf 70' lang='lat' dir='ltr'><strong>plurimos</strong></span> <span class='ocrx_word' id='word_1_384' title='bbox 1725 3184 1900 3224; x_wconf 84' lang='lat' dir='ltr'><strong>annos</strong></span> <span class='ocrx_word' id='word_1_385' title='bbox 1925 3141 1972 3203; x_wconf 64' lang='grc' dir='ltr'><strong>δ</strong></span> 
     </span>
    </p>
   </div>
   <div class='ocr_carea' id='block_1_47' title="bbox 319 3258 1896 3330">
    <p class='ocr_par' dir='ltr' id='par_1_47' title="bbox 319 3258 1896 3330">
     <span class='ocr_line' id='line_1_47' title="bbox 319 3258 1896 3330; baseline -0.001 -14"><span class='ocrx_word' id='word_1_386' title='bbox 319 3261 572 3330; x_wconf 84' lang='lat' dir='ltr'><strong>deinceps</strong></span> <span class='ocrx_word' id='word_1_387' title='bbox 597 3261 648 3314; x_wconf 91' lang='lat' dir='ltr'><strong>in</strong></span> <span class='ocrx_word' id='word_1_388' title='bbox 674 3259 792 3329; x_wconf 83' lang='lat' dir='ltr'><strong>ejus</strong></span> <span class='ocrx_word' id='word_1_389' title='bbox 818 3261 964 3330; x_wconf 83' lang='lat' dir='ltr'><strong>regia</strong></span> <span class='ocrx_word' id='word_1_390' title='bbox 991 3259 1208 3314; x_wconf 78' lang='lat' dir='ltr'><strong>vixisse.</strong></span> <span class='ocrx_word' id='word_1_391' title='bbox 1241 3258 1352 3314; x_wconf 83' lang='lat' dir='ltr'><strong>Hoc</strong></span> <span class='ocrx_word' id='word_1_392' title='bbox 1379 3267 1560 3314; x_wconf 90' lang='lat' dir='ltr'><strong>autem</strong></span> <span class='ocrx_word' id='word_1_393' title='bbox 1595 3259 1896 3322; x_wconf 86' lang='lat' dir='ltr'><strong>nescimus,</strong></span> 
     </span>
    </p>
   </div>
   <div class='ocr_carea' id='block_1_48' title="bbox 315 3349 1900 3422">
    <p class='ocr_par' dir='ltr' id='par_1_48' title="bbox 315 3349 1900 3422">
     <span class='ocr_line' id='line_1_48' title="bbox 315 3349 1900 3422; baseline -0.002 -15"><span class='ocrx_word' id='word_1_394' title='bbox 315 3369 384 3407; x_wconf 86' lang='lat' dir='ltr'><strong>an</strong></span> <span class='ocrx_word' id='word_1_395' title='bbox 417 3352 624 3422; x_wconf 79' lang='lat' dir='ltr'><strong>certius</strong></span> <span class='ocrx_word' id='word_1_396' title='bbox 655 3354 819 3406; x_wconf 86' lang='lat' dir='ltr'><strong>etiam</strong></span> <span class='ocrx_word' id='word_1_397' title='bbox 853 3351 1030 3421; x_wconf 86' lang='lat' dir='ltr'><strong>colligi</strong></span> <span class='ocrx_word' id='word_1_398' title='bbox 1057 3361 1222 3420; x_wconf 87' lang='lat' dir='ltr'><strong>queat</strong></span> <span class='ocrx_word' id='word_1_399' title='bbox 1249 3365 1314 3404; x_wconf 85' lang='lat' dir='ltr'><strong>ex</strong></span> <span class='ocrx_word' id='word_1_400' title='bbox 1349 3351 1458 3404; x_wconf 89' lang='lat' dir='ltr'><strong>illis</strong></span> <span class='ocrx_word' id='word_1_401' title='bbox 1489 3350 1640 3404; x_wconf 88' lang='lat' dir='ltr'><strong>Scoti</strong></span> <span class='ocrx_word' id='word_1_402' title='bbox 1693 3349 1900 3404; x_wconf 87' lang='lat' dir='ltr'><strong>carmi-</strong></span> 
     </span>
    </p>
   </div>
   <div class='ocr_carea' id='block_1_49' title="bbox 311 3439 1902 3513">
    <p class='ocr_par' dir='ltr' id='par_1_49' title="bbox 311 3439 1902 3513">
     <span class='ocr_line' id='line_1_49' title="bbox 311 3439 1902 3513; baseline -0.003 -15"><span class='ocrx_word' id='word_1_403' title='bbox 311 3443 508 3508; x_wconf 87' lang='lat' dir='ltr'><strong>nibus,</strong></span> <span class='ocrx_word' id='word_1_404' title='bbox 537 3457 676 3513; x_wconf 89' lang='lat' dir='ltr'><strong>quae</strong></span> <span class='ocrx_word' id='word_1_405' title='bbox 705 3440 1054 3496; x_wconf 86' lang='lat' dir='ltr'><strong>Schiueterus</strong></span> <span class='ocrx_word' id='word_1_406' title='bbox 1083 3455 1214 3496; x_wconf 91' lang='lat' dir='ltr'><strong>suae</strong></span> <span class='ocrx_word' id='word_1_407' title='bbox 1258 3440 1484 3495; x_wconf 85' lang='lat' dir='ltr'><strong>editioni</strong></span> <span class='ocrx_word' id='word_1_408' title='bbox 1529 3439 1794 3494; x_wconf 88' lang='lat' dir='ltr'><strong>librorum</strong></span> <span class='ocrx_word' id='word_1_409' title='bbox 1835 3439 1902 3494; x_wconf 86' lang='lat' dir='ltr'><strong>de</strong></span> 
     </span>
    </p>
   </div>
   <div class='ocr_carea' id='block_1_50' title="bbox 312 3530 1904 3602">
    <p class='ocr_par' dir='ltr' id='par_1_50' title="bbox 312 3530 1904 3602">
     <span class='ocr_line' id='line_1_50' title="bbox 312 3530 1904 3602; baseline -0.004 -12"><span class='ocrx_word' id='word_1_410' title='bbox 312 3536 580 3590; x_wconf 76' lang='lat' dir='ltr'><strong>divisione</strong></span> <span class='ocrx_word' id='word_1_411' title='bbox 621 3532 858 3588; x_wconf 83' lang='lat' dir='ltr'><strong>Naturae</strong></span> <span class='ocrx_word' id='word_1_412' title='bbox 885 3530 1120 3600; x_wconf 83' lang='lat' dir='ltr'><strong>adjecit;</strong></span> <span class='ocrx_word' id='word_1_413' title='bbox 1166 3547 1288 3602; x_wconf 74' lang='lat' dir='ltr'><strong>qua:</strong></span> <span class='ocrx_word' id='word_1_414' title='bbox 1323 3541 1474 3588; x_wconf 92' lang='lat' dir='ltr'><strong>certe</strong></span> <span class='ocrx_word' id='word_1_415' title='bbox 1503 3531 1736 3586; x_wconf 88' lang='lat' dir='ltr'><strong>diversis</strong></span> <span class='ocrx_word' id='word_1_416' title='bbox 1765 3539 1904 3584; x_wconf 85' lang='lat' dir='ltr'><strong>tem-</strong></span> 
     </span>
    </p>
   </div>
   <div class='ocr_carea' id='block_1_51' title="bbox 313 3619 1902 3694">
    <p class='ocr_par' dir='ltr' id='par_1_51' title="bbox 313 3619 1902 3694">
     <span class='ocr_line' id='line_1_51' title="bbox 313 3619 1902 3694; baseline -0.003 -16"><span class='ocrx_word' id='word_1_417' title='bbox 313 3625 540 3694; x_wconf 86' lang='lat' dir='ltr'><strong>poribus</strong></span> <span class='ocrx_word' id='word_1_418' title='bbox 566 3625 864 3693; x_wconf 87' lang='lat' dir='ltr'><strong>composita</strong></span> <span class='ocrx_word' id='word_1_419' title='bbox 907 3631 1068 3690; x_wconf 86' lang='lat' dir='ltr'><strong>sunt,</strong></span> <span class='ocrx_word' id='word_1_420' title='bbox 1100 3638 1164 3678; x_wconf 89' lang='lat' dir='ltr'><strong>ac</strong></span> <span class='ocrx_word' id='word_1_421' title='bbox 1203 3622 1407 3693; x_wconf 89' lang='lat' dir='ltr'><strong>passim</strong></span> <span class='ocrx_word' id='word_1_422' title='bbox 1457 3619 1902 3678; x_wconf 85' lang='lat' dir='ltr'><strong>manifestissime</strong></span> 
     </span>
    </p>
   </div>
   <div class='ocr_carea' id='block_1_52' title="bbox 317 3708 1906 3780">
    <p class='ocr_par' dir='ltr' id='par_1_52' title="bbox 317 3708 1906 3780">
     <span class='ocr_line' id='line_1_52' title="bbox 317 3708 1906 3780; baseline -0.005 -10"><span class='ocrx_word' id='word_1_423' title='bbox 317 3717 549 3778; x_wconf 88' lang='lat' dir='ltr'><strong>docent,</strong></span> <span class='ocrx_word' id='word_1_424' title='bbox 575 3729 700 3768; x_wconf 87' lang='lat' dir='ltr'><strong>eum</strong></span> <span class='ocrx_word' id='word_1_425' title='bbox 727 3713 832 3768; x_wconf 88' lang='lat' dir='ltr'><strong>sibi</strong></span> <span class='ocrx_word' id='word_1_426' title='bbox 865 3712 1032 3767; x_wconf 88' lang='lat' dir='ltr'><strong>fuisse</strong></span> <span class='ocrx_word' id='word_1_427' title='bbox 1057 3720 1336 3766; x_wconf 84' lang='lat' dir='ltr'><strong>auctorem</strong></span> <span class='ocrx_word' id='word_1_428' title='bbox 1357 3751 1373 3776; x_wconf 95' lang='lat'><strong>,</strong></span> <span class='ocrx_word' id='word_1_429' title='bbox 1401 3710 1493 3780; x_wconf 86' lang='lat' dir='ltr'><strong>qui</strong></span> <span class='ocrx_word' id='word_1_430' title='bbox 1520 3724 1552 3764; x_wconf 91' lang='lat' dir='ltr'><strong>a</strong></span> <span class='ocrx_word' id='word_1_431' title='bbox 1575 3709 1768 3764; x_wconf 86' lang='lat' dir='ltr'><strong>Carolo</strong></span> <span class='ocrx_word' id='word_1_432' title='bbox 1796 3708 1906 3762; x_wconf 87' lang='lat' dir='ltr'><strong>ale-</strong></span> 
     </span>
    </p>
   </div>
   <div class='ocr_carea' id='block_1_53' title="bbox 317 3799 1904 3875">
    <p class='ocr_par' dir='ltr' id='par_1_53' title="bbox 317 3799 1904 3875">
     <span class='ocr_line' id='line_1_53' title="bbox 317 3799 1904 3875; baseline -0.005 -17"><span class='ocrx_word' id='word_1_433' title='bbox 317 3813 469 3858; x_wconf 88' lang='lat' dir='ltr'><strong>retur</strong></span> <span class='ocrx_word' id='word_1_434' title='bbox 497 3802 588 3875; x_wconf 87' lang='lat' dir='ltr'><strong>(c).</strong></span> <span class='ocrx_word' id='word_1_435' title='bbox 615 3801 747 3868; x_wconf 64' lang='lat' dir='ltr'><strong>Quae</strong></span> <span class='ocrx_word' id='word_1_436' title='bbox 767 3816 857 3856; x_wconf 89' lang='lat' dir='ltr'><strong>res</strong></span> <span class='ocrx_word' id='word_1_437' title='bbox 882 3802 1049 3856; x_wconf 89' lang='lat' dir='ltr'><strong>etiam</strong></span> <span class='ocrx_word' id='word_1_438' title='bbox 1070 3815 1136 3856; x_wconf 93' lang='lat' dir='ltr'><strong>eo</strong></span> <span class='ocrx_word' id='word_1_439' title='bbox 1165 3815 1509 3870; x_wconf 83' lang='lat' dir='ltr'><strong>summOpere</strong></span> <span class='ocrx_word' id='word_1_440' title='bbox 1537 3799 1749 3853; x_wconf 89' lang='lat' dir='ltr'><strong>videtur</strong></span> <span class='ocrx_word' id='word_1_441' title='bbox 1773 3812 1904 3852; x_wconf 86' lang='lat' dir='ltr'><strong>eon-</strong></span> 
     </span>
    </p>
   </div>
   <div class='ocr_carea' id='block_1_54' title="bbox 320 3885 1906 3963">
    <p class='ocr_par' dir='ltr' id='par_1_54' title="bbox 320 3885 1906 3963">
     <span class='ocr_line' id='line_1_54' title="bbox 320 3885 1906 3963; baseline -0.004 -15"><span class='ocrx_word' id='word_1_442' title='bbox 320 3895 562 3958; x_wconf 79' lang='lat' dir='ltr'><strong>firmari,</strong></span> <span class='ocrx_word' id='word_1_443' title='bbox 599 3893 740 3963; x_wconf 88' lang='lat' dir='ltr'><strong>quod</strong></span> <span class='ocrx_word' id='word_1_444' title='bbox 769 3893 884 3963; x_wconf 91' lang='lat' dir='ltr'><strong>ipse</strong></span> <span class='ocrx_word' id='word_1_445' title='bbox 915 3891 1110 3946; x_wconf 87' lang='lat' dir='ltr'><strong>Scotus</strong></span> <span class='ocrx_word' id='word_1_446' title='bbox 1141 3891 1194 3944; x_wconf 88' lang='lat' dir='ltr'><strong>in</strong></span> <span class='ocrx_word' id='word_1_447' title='bbox 1225 3890 1506 3961; x_wconf 89' lang='lat' dir='ltr'><strong>prooemio</strong></span> <span class='ocrx_word' id='word_1_448' title='bbox 1531 3887 1658 3942; x_wconf 91' lang='lat' dir='ltr'><strong>libri</strong></span> <span class='ocrx_word' id='word_1_449' title='bbox 1705 3885 1790 3940; x_wconf 88' lang='lat' dir='ltr'><strong>sui</strong></span> <span class='ocrx_word' id='word_1_450' title='bbox 1837 3887 1906 3942; x_wconf 84' lang='lat' dir='ltr'><strong>de</strong></span> 
     </span>
    </p>
   </div>
   <div class='ocr_carea' id='block_1_55' title="bbox 318 3979 1904 4040">
    <p class='ocr_par' dir='ltr' id='par_1_55' title="bbox 318 3979 1904 4040">
     <span class='ocr_line' id='line_1_55' title="bbox 318 3979 1904 4040; baseline -0.005 0"><span class='ocrx_word' id='word_1_451' title='bbox 318 3985 818 4040; x_wconf 80' lang='lat' dir='ltr'><strong>Praedestinatione</strong></span> <span class='ocrx_word' id='word_1_452' title='bbox 851 3984 1028 4040; x_wconf 87' lang='lat' dir='ltr'><strong>Caroli</strong></span> <span class='ocrx_word' id='word_1_453' title='bbox 1066 3982 1439 4038; x_wconf 86' lang='lat' dir='ltr'><strong>benevolentia</strong></span> <span class='ocrx_word' id='word_1_454' title='bbox 1485 3997 1550 4036; x_wconf 89' lang='lat' dir='ltr'><strong>ac</strong></span> <span class='ocrx_word' id='word_1_455' title='bbox 1582 3979 1904 4034; x_wconf 86' lang='lat' dir='ltr'><strong>liberalitate</strong></span> 
     </span>
    </p>
   </div>
   <div class='ocr_carea' id='block_1_56' title="bbox 317 4070 1904 4148">
    <p class='ocr_par' dir='ltr' id='par_1_56' title="bbox 317 4070 1904 4148">
     <span class='ocr_line' id='line_1_56' title="bbox 317 4070 1904 4148; baseline -0.004 -16"><span class='ocrx_word' id='word_1_456' title='bbox 317 4077 420 4134; x_wconf 84' lang='lat' dir='ltr'><strong>sibi</strong></span> <span class='ocrx_word' id='word_1_457' title='bbox 449 4077 708 4148; x_wconf 73' lang='lat' dir='ltr'><strong>obtigisse</strong></span> <span class='ocrx_word' id='word_1_458' title='bbox 729 4079 830 4144; x_wconf 88' lang='lat' dir='ltr'><strong>ait,</strong></span> <span class='ocrx_word' id='word_1_459' title='bbox 855 4086 932 4140; x_wconf 91' lang='lat' dir='ltr'><strong>ut,</strong></span> <span class='ocrx_word' id='word_1_460' title='bbox 951 4076 1094 4145; x_wconf 87' lang='lat' dir='ltr'><strong>quod</strong></span> <span class='ocrx_word' id='word_1_461' title='bbox 1117 4086 1328 4146; x_wconf 88' lang='lat' dir='ltr'><strong>tem-pus</strong></span> <span class='ocrx_word' id='word_1_462' title='bbox 1349 4075 1442 4128; x_wconf 89' lang='lat' dir='ltr'><strong>alii</strong></span> <span class='ocrx_word' id='word_1_463' title='bbox 1467 4074 1630 4128; x_wconf 86' lang='lat' dir='ltr'><strong>rebus</strong></span> <span class='ocrx_word' id='word_1_464' title='bbox 1649 4070 1904 4142; x_wconf 76' lang='lat' dir='ltr'><strong>gerendis</strong></span> 
     </span>
    </p>
   </div>
   <div class='ocr_carea' id='block_1_57' title="bbox 318 4163 1906 4232">
    <p class='ocr_par' dir='ltr' id='par_1_57' title="bbox 318 4163 1906 4232">
     <span class='ocr_line' id='line_1_57' title="bbox 318 4163 1906 4232; baseline -0.005 -10"><span class='ocrx_word' id='word_1_465' title='bbox 318 4169 597 4224; x_wconf 87' lang='lat' dir='ltr'><strong>insumere</strong></span> <span class='ocrx_word' id='word_1_466' title='bbox 625 4169 892 4231; x_wconf 85' lang='lat' dir='ltr'><strong>debeant,</strong></span> <span class='ocrx_word' id='word_1_467' title='bbox 922 4168 974 4222; x_wconf 92' lang='lat' dir='ltr'><strong>id</strong></span> <span class='ocrx_word' id='word_1_468' title='bbox 999 4184 1032 4222; x_wconf 91' lang='lat' dir='ltr'><strong>a</strong></span> <span class='ocrx_word' id='word_1_469' title='bbox 1057 4182 1116 4222; x_wconf 90' lang='lat' dir='ltr'><strong>se</strong></span> <span class='ocrx_word' id='word_1_470' title='bbox 1139 4167 1442 4220; x_wconf 86' lang='lat' dir='ltr'><strong>litterarum</strong></span> <span class='ocrx_word' id='word_1_471' title='bbox 1474 4165 1668 4219; x_wconf 89' lang='lat' dir='ltr'><strong>studiis</strong></span> <span class='ocrx_word' id='word_1_472' title='bbox 1693 4163 1906 4232; x_wconf 86' lang='lat' dir='ltr'><strong>impen-</strong></span> 
     </span>
    </p>
   </div>
   <div class='ocr_carea' id='block_1_58' title="bbox 321 4251 1900 4330">
    <p class='ocr_par' dir='ltr' id='par_1_58' title="bbox 321 4251 1900 4330">
     <span class='ocr_line' id='line_1_58' title="bbox 321 4251 1900 4330; baseline -0.004 -16"><span class='ocrx_word' id='word_1_473' title='bbox 321 4261 504 4314; x_wconf 87' lang='lat' dir='ltr'><strong>datur.</strong></span> <span class='ocrx_word' id='word_1_474' title='bbox 521 4259 706 4326; x_wconf 87' lang='lat' dir='ltr'><strong>Quoad</strong></span> <span class='ocrx_word' id='word_1_475' title='bbox 727 4261 816 4315; x_wconf 90' lang='lat' dir='ltr'><strong>hic</strong></span> <span class='ocrx_word' id='word_1_476' title='bbox 836 4261 1098 4316; x_wconf 87' lang='lat' dir='ltr'><strong>mansisse</strong></span> <span class='ocrx_word' id='word_1_477' title='bbox 1121 4259 1422 4314; x_wconf 88' lang='lat' dir='ltr'><strong>existimari</strong></span> <span class='ocrx_word' id='word_1_478' title='bbox 1455 4259 1647 4330; x_wconf 88' lang='lat' dir='ltr'><strong>possit,</strong></span> <span class='ocrx_word' id='word_1_479' title='bbox 1673 4271 1800 4310; x_wconf 80' lang='lat' dir='ltr'><strong>mox</strong></span> <span class='ocrx_word' id='word_1_480' title='bbox 1822 4251 1900 4326; x_wconf 70' lang='grc' dir='ltr'><strong>(ά)</strong></span> 
     </span>
    </p>
   </div>
   <div class='ocr_carea' id='block_1_59' title="bbox 321 4346 1902 4420">
    <p class='ocr_par' dir='ltr' id='par_1_59' title="bbox 321 4346 1902 4420">
     <span class='ocr_line' id='line_1_59' title="bbox 321 4346 1902 4420; baseline -0.004 -16"><span class='ocrx_word' id='word_1_481' title='bbox 321 4351 634 4406; x_wconf 77' lang='lat' dir='ltr'><strong>videbimus</strong></span> <span class='ocrx_word' id='word_1_482' title='bbox 653 4391 670 4416; x_wconf 87' lang='lat'><strong>,</strong></span> <span class='ocrx_word' id='word_1_483' title='bbox 705 4367 866 4420; x_wconf 89' lang='lat' dir='ltr'><strong>quum</strong></span> <span class='ocrx_word' id='word_1_484' title='bbox 891 4354 958 4406; x_wconf 92' lang='lat' dir='ltr'><strong>de</strong></span> <span class='ocrx_word' id='word_1_485' title='bbox 980 4351 1186 4406; x_wconf 88' lang='lat' dir='ltr'><strong>ultimis</strong></span> <span class='ocrx_word' id='word_1_486' title='bbox 1212 4348 1328 4419; x_wconf 73' lang='lat' dir='ltr'><strong>ejus</strong></span> <span class='ocrx_word' id='word_1_487' title='bbox 1369 4349 1497 4402; x_wconf 90' lang='lat' dir='ltr'><strong>fatis</strong></span> <span class='ocrx_word' id='word_1_488' title='bbox 1519 4346 1902 4418; x_wconf 87' lang='lat' dir='ltr'><strong>disputabitur.</strong></span> 
     </span>
    </p>
   </div>
   <div class='ocr_carea' id='block_1_60' title="bbox 400 4437 1908 4510">
    <p class='ocr_par' dir='ltr' id='par_1_60' title="bbox 400 4437 1908 4510">
     <span class='ocr_line' id='line_1_60' title="bbox 400 4437 1908 4510; baseline -0.003 -14"><span class='ocrx_word' id='word_1_489' title='bbox 400 4439 594 4510; x_wconf 82' lang='lat' dir='ltr'><strong>Neque</strong></span> <span class='ocrx_word' id='word_1_490' title='bbox 633 4440 796 4496; x_wconf 86' lang='lat' dir='ltr'><strong>solius</strong></span> <span class='ocrx_word' id='word_1_491' title='bbox 819 4441 1024 4506; x_wconf 87' lang='lat' dir='ltr'><strong>Caroli,</strong></span> <span class='ocrx_word' id='word_1_492' title='bbox 1057 4441 1112 4496; x_wconf 88' lang='lat' dir='ltr'><strong>id</strong></span> <span class='ocrx_word' id='word_1_493' title='bbox 1143 4440 1288 4510; x_wconf 89' lang='lat' dir='ltr'><strong>quod</strong></span> <span class='ocrx_word' id='word_1_494' title='bbox 1317 4448 1468 4510; x_wconf 88' lang='lat' dir='ltr'><strong>patet</strong></span> <span class='ocrx_word' id='word_1_495' title='bbox 1491 4455 1560 4494; x_wconf 85' lang='lat' dir='ltr'><strong>ex</strong></span> <span class='ocrx_word' id='word_1_496' title='bbox 1585 4437 1908 4494; x_wconf 85' lang='lat' dir='ltr'><strong>Malmesbu-</strong></span> 
     </span>
    </p>
   </div>
   <div class='ocr_carea' id='block_1_61' title="bbox 321 4529 1902 4602">
    <p class='ocr_par' dir='ltr' id='par_1_61' title="bbox 321 4529 1902 4602">
     <span class='ocr_line' id='line_1_61' title="bbox 321 4529 1902 4602; baseline -0.003 -16"><span class='ocrx_word' id='word_1_497' title='bbox 321 4533 538 4597; x_wconf 64' lang='lat' dir='ltr'><strong>rit-rise,</strong></span> <span class='ocrx_word' id='word_1_498' title='bbox 569 4531 881 4602; x_wconf 75' lang='lat' dir='ltr'><strong>Magistrum</strong></span> <span class='ocrx_word' id='word_1_499' title='bbox 905 4533 1116 4586; x_wconf 82' lang='lat' dir='ltr'><strong>dicunt</strong></span> <span class='ocrx_word' id='word_1_500' title='bbox 1143 4530 1406 4586; x_wconf 88' lang='lat' dir='ltr'><strong>Joannem</strong></span> <span class='ocrx_word' id='word_1_501' title='bbox 1441 4548 1454 4584; x_wconf 93' lang='lat'><strong>:</strong></span> <span class='ocrx_word' id='word_1_502' title='bbox 1504 4544 1691 4585; x_wconf 88' lang='lat' dir='ltr'><strong>verum</strong></span> <span class='ocrx_word' id='word_1_503' title='bbox 1739 4529 1902 4583; x_wconf 88' lang='lat' dir='ltr'><strong>etiam</strong></span> 
     </span>
    </p>
   </div>
   <div class='ocr_carea' id='block_1_62' title="bbox 320 4620 1908 4690">
    <p class='ocr_par' dir='ltr' id='par_1_62' title="bbox 320 4620 1908 4690">
     <span class='ocr_line' id='line_1_62' title="bbox 320 4620 1908 4690; baseline -0.003 -14"><span class='ocrx_word' id='word_1_504' title='bbox 320 4623 706 4679; x_wconf 85' lang='lat' dir='ltr'><strong>celeberrimae</strong></span> <span class='ocrx_word' id='word_1_505' title='bbox 742 4623 820 4678; x_wconf 89' lang='lat' dir='ltr'><strong>illi</strong></span> <span class='ocrx_word' id='word_1_506' title='bbox 860 4643 878 4675; x_wconf 76' lang='grc' dir='ltr'><strong>ι</strong></span> <span class='ocrx_word' id='word_1_507' title='bbox 917 4623 1138 4678; x_wconf 87' lang='lat' dir='ltr'><strong>scholae</strong></span> <span class='ocrx_word' id='word_1_508' title='bbox 1186 4621 1466 4676; x_wconf 88' lang='lat' dir='ltr'><strong>Palatinae</strong></span> <span class='ocrx_word' id='word_1_509' title='bbox 1503 4641 1524 4674; x_wconf 78' lang='grc' dir='ltr'><strong>ι</strong></span> <span class='ocrx_word' id='word_1_510' title='bbox 1577 4620 1775 4675; x_wconf 85' lang='lat' dir='ltr'><strong>multos</strong></span> <span class='ocrx_word' id='word_1_511' title='bbox 1809 4633 1908 4690; x_wconf 90' lang='lat' dir='ltr'><strong>per</strong></span> 
     </span>
    </p>
   </div>
   <div class='ocr_carea' id='block_1_63' title="bbox 391 4758 1372 4829">
    <p class='ocr_par' dir='ltr' id='par_1_63' title="bbox 391 4758 1372 4829">
     <span class='ocr_line' id='line_1_63' title="bbox 391 4758 1372 4829; baseline -0.001 -19"><span class='ocrx_word' id='word_1_512' title='bbox 391 4759 470 4828; x_wconf 84' lang='grc' dir='ltr'><strong>(α)</strong></span> <span class='ocrx_word' id='word_1_513' title='bbox 497 4759 582 4829; x_wconf 81' lang='lat' dir='ltr'><strong>Cf.</strong></span> <span class='ocrx_word' id='word_1_514' title='bbox 615 4759 768 4829; x_wconf 77' lang='lat' dir='ltr'><strong>Cale.</strong></span> <span class='ocrx_word' id='word_1_515' title='bbox 789 4759 841 4829; x_wconf 94' lang='lat' dir='ltr'><strong>_i.</strong></span> <span class='ocrx_word' id='word_1_516' title='bbox 873 4759 1174 4829; x_wconf 84' lang='lat' dir='ltr'><strong>l,_ap_pena.</strong></span> <span class='ocrx_word' id='word_1_517' title='bbox 1201 4771 1256 4826; x_wconf 90' lang='lat' dir='ltr'><strong>p.</strong></span> <span class='ocrx_word' id='word_1_518' title='bbox 1287 4758 1372 4811; x_wconf 89' lang='lat'><strong>88.</strong></span> 
     </span>
    </p>
   </div>
   <div class='ocr_carea' id='block_1_64' title="bbox 419 4827 1280 4897">
    <p class='ocr_par' dir='ltr' id='par_1_64' title="bbox 419 4827 1280 4897">
     <span class='ocr_line' id='line_1_64' title="bbox 419 4827 1280 4897; baseline -0.003 -17"><span class='ocrx_word' id='word_1_519' title='bbox 419 4829 470 4896; x_wconf 68' lang='grc' dir='ltr'><strong>ὁ)</strong></span> <span class='ocrx_word' id='word_1_520' title='bbox 505 4827 592 4881; x_wconf 88' lang='lat' dir='ltr'><strong>Cf.</strong></span> <span class='ocrx_word' id='word_1_521' title='bbox 627 4827 760 4897; x_wconf 88' lang='lat' dir='ltr'><strong>Cap.</strong></span> <span class='ocrx_word' id='word_1_522' title='bbox 789 4827 832 4890; x_wconf 91' lang='grc'><strong>1,</strong></span> <span class='ocrx_word' id='word_1_523' title='bbox 857 4827 1052 4897; x_wconf 53' lang='lat' dir='ltr'><strong>coi.&#39;9,</strong></span> <span class='ocrx_word' id='word_1_524' title='bbox 1087 4835 1200 4881; x_wconf 90' lang='lat' dir='ltr'><strong>not.</strong></span> <span class='ocrx_word' id='word_1_525' title='bbox 1231 4843 1280 4897; x_wconf 70' lang='grc' dir='ltr'><strong>ς.</strong></span> 
     </span>
    </p>
   </div>
   <div class='ocr_carea' id='block_1_65' title="bbox 323 4892 1910 5024">
    <p class='ocr_par' dir='ltr' id='par_1_65' title="bbox 323 4892 1910 5024">
     <span class='ocr_line' id='line_1_65' title="bbox 394 4892 1910 4968; baseline -0.004 -17"><span class='ocrx_word' id='word_1_526' title='bbox 394 4892 466 4968; x_wconf 75' lang='grc' dir='ltr'><strong>(ε)</strong></span> <span class='ocrx_word' id='word_1_527' title='bbox 503 4897 585 4951; x_wconf 88' lang='lat' dir='ltr'><strong>Cf.</strong></span> <span class='ocrx_word' id='word_1_528' title='bbox 615 4892 799 4952; x_wconf 70' lang='lat' dir='ltr'><strong>Carm.</strong></span> <span class='ocrx_word' id='word_1_529' title='bbox 827 4896 931 4964; x_wconf 73' lang='lat' dir='ltr'><strong>XI,</strong></span> <span class='ocrx_word' id='word_1_530' title='bbox 959 4899 1024 4965; x_wconf 64' lang='grc' dir='ltr'><strong>ἇς</strong></span> <span class='ocrx_word' id='word_1_531' title='bbox 1059 4897 1124 4951; x_wconf 73' lang='grc' dir='ltr'>γι</span> <span class='ocrx_word' id='word_1_532' title='bbox 1145 4937 1161 4962; x_wconf 91' lang='grc'><strong><em>,</em></strong></span> <span class='ocrx_word' id='word_1_533' title='bbox 1189 4895 1348 4950; x_wconf 71' lang='lat'><strong>35—“</strong></span> <span class='ocrx_word' id='word_1_534' title='bbox 1377 4911 1392 4961; x_wconf 87' lang='lat'><strong>;</strong></span> <span class='ocrx_word' id='word_1_535' title='bbox 1421 4895 1484 4958; x_wconf 90' lang='lat' dir='ltr'><strong>ll,</strong></span> <span class='ocrx_word' id='word_1_536' title='bbox 1511 4894 1710 4960; x_wconf 71' lang='lat'><strong>69-72;</strong></span> <span class='ocrx_word' id='word_1_537' title='bbox 1738 4893 1788 4958; x_wconf 87' lang='grc' dir='ltr'><strong>Ι,</strong></span> <span class='ocrx_word' id='word_1_538' title='bbox 1815 4892 1910 4948; x_wconf 84' lang='grc'><strong>77-</strong></span> 
     </span>
     <span class='ocr_line' id='line_1_66' title="bbox 323 4967 782 5024; baseline -0.007 0"><span class='ocrx_word' id='word_1_539' title='bbox 323 4969 424 5024; x_wconf 84' lang='lat' dir='ltr'><strong>8i:</strong></span> <span class='ocrx_word' id='word_1_540' title='bbox 459 4967 512 5024; x_wconf 92' lang='lat' dir='ltr'><strong>l.</strong></span> <span class='ocrx_word' id='word_1_541' title='bbox 537 4967 782 5021; x_wconf 67' lang='lat'><strong>46-77...</strong></span> 
     </span>
    </p>
   </div>
   <div class='ocr_carea' id='block_1_66' title="bbox 395 5036 790 5107">
    <p class='ocr_par' dir='ltr' id='par_1_66' title="bbox 395 5036 790 5107">
     <span class='ocr_line' id='line_1_67' title="bbox 395 5036 790 5107; baseline 0.003 -18"><span class='ocrx_word' id='word_1_542' title='bbox 395 5037 478 5106; x_wconf 69' lang='grc' dir='ltr'><strong>(εἰ)</strong></span> <span class='ocrx_word' id='word_1_543' title='bbox 505 5037 700 5107; x_wconf 87' lang='lat' dir='ltr'><strong>_Capite</strong></span> <span class='ocrx_word' id='word_1_544' title='bbox 721 5036 790 5090; x_wconf 71' lang='grc' dir='ltr'><strong>Υ.</strong></span> 
     </span>
    </p>
   </div>
   <div class='ocr_carea' id='block_1_67' title="bbox 397 5103 1912 5230">
    <p class='ocr_par' dir='ltr' id='par_1_67' title="bbox 397 5103 1912 5230">
     <span class='ocr_line' id='line_1_68' title="bbox 397 5103 1912 5230; baseline -0.001 -71"><span class='ocrx_word' id='word_1_545' title='bbox 397 5103 1046 5230; x_wconf 39' lang='lat' dir='ltr'><strong>geanfStaudenmaier.</strong></span> <span class='ocrx_word' id='word_1_546' title='bbox 1080 5107 1116 5160; x_wconf 91' lang='lat' dir='ltr'><strong>i.</strong></span> <span class='ocrx_word' id='word_1_547' title='bbox 1149 5105 1190 5159; x_wconf 94' lang='grc' dir='ltr'>ι.</span> <span class='ocrx_word' id='word_1_548' title='bbox 1220 5120 1274 5175; x_wconf 87' lang='lat' dir='ltr'><strong>p.</strong></span> <span class='ocrx_word' id='word_1_549' title='bbox 1306 5103 1410 5160; x_wconf 80' lang='grc'><strong>159</strong></span> <span class='ocrx_word' id='word_1_550' title='bbox 1439 5113 1550 5158; x_wconf 85' lang='lat' dir='ltr'><strong>not.</strong></span> <span class='ocrx_word' id='word_1_551' title='bbox 1583 5103 1616 5158; x_wconf 83' lang='lat'><strong>5</strong></span> <span class='ocrx_word' id='word_1_552' title='bbox 1646 5113 1778 5170; x_wconf 89' lang='lat' dir='ltr'><strong>etp.</strong></span> <span class='ocrx_word' id='word_1_553' title='bbox 1811 5103 1912 5158; x_wconf 82' lang='lat'><strong>166</strong></span> 
     </span>
    </p>
   </div>
   <div class='ocr_carea' id='block_1_68' title="bbox 323 5187 522 5231">
    <p class='ocr_par' dir='ltr' id='par_1_68' title="bbox 323 5187 522 5231">
     <span class='ocr_line' id='line_1_69' title="bbox 323 5187 522 5231; baseline -0.015 0"><span class='ocrx_word' id='word_1_554' title='bbox 323 5187 441 5231; x_wconf 87' lang='lat' dir='ltr'><strong>not.</strong></span> <span class='ocrx_word' id='word_1_555' title='bbox 471 5187 494 5230; x_wconf 76' lang='lat' dir='ltr'><strong>I</strong></span> <span class='ocrx_word' id='word_1_556' title='bbox 508 5215 522 5228; x_wconf 92' lang='lat'><strong>.</strong></span> 
     </span>
    </p>
   </div>
   <div class='ocr_carea' id='block_1_69' title="bbox 399 5241 1908 5318">
    <p class='ocr_par' dir='ltr' id='par_1_69' title="bbox 399 5241 1908 5318">
     <span class='ocr_line' id='line_1_70' title="bbox 399 5241 1908 5318; baseline -0.005 -17"><span class='ocrx_word' id='word_1_557' title='bbox 399 5246 478 5318; x_wconf 70' lang='grc' dir='ltr'><strong>(ί)</strong></span> <span class='ocrx_word' id='word_1_558' title='bbox 509 5245 906 5318; x_wconf 20' lang='lat' dir='ltr'><strong>SicNicoiaiii.</strong></span> <span class='ocrx_word' id='word_1_559' title='bbox 941 5247 1107 5318; x_wconf 86' lang='lat' dir='ltr'><strong>verba</strong></span> <span class='ocrx_word' id='word_1_560' title='bbox 1159 5260 1228 5318; x_wconf 87' lang='lat' dir='ltr'><strong>se_</strong></span> <span class='ocrx_word' id='word_1_561' title='bbox 1261 5241 1908 5318; x_wconf 72' lang='lat' dir='ltr'><strong>habentapud_Bnlaeuru</strong></span> 
     </span>
    </p>
   </div>
   <div class='ocr_carea' id='block_1_70' title="bbox 333 5312 1910 5383">
    <p class='ocr_par' dir='ltr' id='par_1_70' title="bbox 333 5312 1910 5383">
     <span class='ocr_line' id='line_1_71' title="bbox 333 5312 1910 5383; baseline -0.005 -13"><span class='ocrx_word' id='word_1_562' title='bbox 333 5312 483 5382; x_wconf 81' lang='lat' dir='ltr'><strong>(bist.</strong></span> <span class='ocrx_word' id='word_1_563' title='bbox 521 5315 817 5371; x_wconf 83' lang='lat' dir='ltr'><strong>Universit.</strong></span> <span class='ocrx_word' id='word_1_564' title='bbox 841 5317 1017 5370; x_wconf 86' lang='lat' dir='ltr'><strong>Paris.</strong></span> <span class='ocrx_word' id='word_1_565' title='bbox 1049 5325 1181 5369; x_wconf 85' lang='lat' dir='ltr'><strong>tom.</strong></span> <span class='ocrx_word' id='word_1_566' title='bbox 1213 5313 1260 5376; x_wconf 85' lang='grc' dir='ltr'>ι,</span> <span class='ocrx_word' id='word_1_567' title='bbox 1285 5329 1338 5383; x_wconf 92' lang='lat' dir='ltr'><strong>p.</strong></span> <span class='ocrx_word' id='word_1_568' title='bbox 1371 5313 1492 5382; x_wconf 73' lang='grc'><strong>184)</strong></span> <span class='ocrx_word' id='word_1_569' title='bbox 1513 5353 1526 5376; x_wconf 84' lang='grc'>,</span> <span class='ocrx_word' id='word_1_570' title='bbox 1559 5313 1648 5380; x_wconf 86' lang='lat' dir='ltr'><strong>qui</strong></span> <span class='ocrx_word' id='word_1_571' title='bbox 1677 5312 1742 5365; x_wconf 88' lang='lat' dir='ltr'><strong>de</strong></span> <span class='ocrx_word' id='word_1_572' title='bbox 1772 5313 1910 5383; x_wconf 85' lang='lat' dir='ltr'><strong>anti-</strong></span> 
     </span>
    </p>
   </div>
   <div class='ocr_carea' id='block_1_71' title="bbox 321 5381 1918 5456">
    <p class='ocr_par' dir='ltr' id='par_1_71' title="bbox 321 5381 1918 5456">
     <span class='ocr_line' id='line_1_72' title="bbox 321 5381 1918 5456; baseline -0.003 -18"><span class='ocrx_word' id='word_1_573' title='bbox 321 5381 431 5453; x_wconf 84' lang='lat' dir='ltr'><strong>quo</strong></span> <span class='ocrx_word' id='word_1_574' title='bbox 451 5387 760 5456; x_wconf 80' lang='lat' dir='ltr'><strong>exemplari</strong></span> <span class='ocrx_word' id='word_1_575' title='bbox 793 5399 856 5456; x_wconf 82' lang='lat' dir='ltr'><strong>ea</strong></span> <span class='ocrx_word' id='word_1_576' title='bbox 883 5386 1198 5456; x_wconf 85' lang='lat' dir='ltr'><strong>deprompta</strong></span> <span class='ocrx_word' id='word_1_577' title='bbox 1226 5381 1346 5456; x_wconf 65' lang='lat' dir='ltr'><strong>esSe</strong></span> <span class='ocrx_word' id='word_1_578' title='bbox 1368 5381 1482 5456; x_wconf 75' lang='lat' dir='ltr'><strong>ait,</strong></span> <span class='ocrx_word' id='word_1_579' title='bbox 1505 5383 1734 5456; x_wconf 68' lang='lat' dir='ltr'><strong>laudans</strong></span> <span class='ocrx_word' id='word_1_580' title='bbox 1759 5401 1776 5431; x_wconf 79' lang='grc' dir='ltr'><strong>ι</strong></span> <span class='ocrx_word' id='word_1_581' title='bbox 1795 5381 1918 5456; x_wconf 81' lang='lat' dir='ltr'><strong>_G_a-</strong></span> 
     </span>
    </p>
   </div>
   <div class='ocr_carea' id='block_1_72' title="bbox 329 5451 1915 5512">
    <p class='ocr_par' dir='ltr' id='par_1_72' title="bbox 329 5451 1915 5512">
     <span class='ocr_line' id='line_1_73' title="bbox 329 5451 1915 5512; baseline -0.001 -4"><span class='ocrx_word' id='word_1_582' title='bbox 329 5451 478 5510; x_wconf 80' lang='lat' dir='ltr'><strong>briel.</strong></span> <span class='ocrx_word' id='word_1_583' title='bbox 511 5451 720 5510; x_wconf 76' lang='lat' dir='ltr'><strong>Naudei</strong></span> <span class='ocrx_word' id='word_1_584' title='bbox 761 5451 987 5512; x_wconf 79' lang='lat' dir='ltr'><strong>Collect.</strong></span> <span class='ocrx_word' id='word_1_585' title='bbox 1033 5451 1392 5509; x_wconf 43' lang='lat' dir='ltr'><strong>ex—bibliotb.</strong></span> <span class='ocrx_word' id='word_1_586' title='bbox 1425 5455 1600 5508; x_wconf 82' lang='lat' dir='ltr'><strong>Oxon.</strong></span> <span class='ocrx_word' id='word_1_587' title='bbox 1640 5469 1658 5503; x_wconf 75' lang='grc' dir='ltr'><strong>ι</strong></span> <span class='ocrx_word' id='word_1_588' title='bbox 1702 5451 1806 5508; x_wconf 86' lang='lat' dir='ltr'><strong>Sed</strong></span> <span class='ocrx_word' id='word_1_589' title='bbox 1839 5453 1915 5506; x_wconf 86' lang='lat' dir='ltr'><strong>iu-</strong></span> 
     </span>
    </p>
   </div>
   <div class='ocr_carea' id='block_1_73' title="bbox 323 5521 1912 5595">
    <p class='ocr_par' dir='ltr' id='par_1_73' title="bbox 323 5521 1912 5595">
     <span class='ocr_line' id='line_1_74' title="bbox 323 5521 1912 5595; baseline -0.004 -15"><span class='ocrx_word' id='word_1_590' title='bbox 323 5533 520 5581; x_wconf 83' lang='lat' dir='ltr'><strong>ventus</strong></span> <span class='ocrx_word' id='word_1_591' title='bbox 545 5537 666 5592; x_wconf 88' lang='lat' dir='ltr'><strong>est,-</strong></span> <span class='ocrx_word' id='word_1_592' title='bbox 693 5527 787 5595; x_wconf 87' lang='lat' dir='ltr'><strong>qui</strong></span> <span class='ocrx_word' id='word_1_593' title='bbox 809 5526 1048 5579; x_wconf 67' lang='lat' dir='ltr'><strong>Bulaeum</strong></span> <span class='ocrx_word' id='word_1_594' title='bbox 1069 5523 1381 5579; x_wconf 80' lang='lat' dir='ltr'><strong>fraudicula:</strong></span> <span class='ocrx_word' id='word_1_595' title='bbox 1397 5522 1712 5578; x_wconf 87' lang='lat' dir='ltr'><strong>insimulare</strong></span> <span class='ocrx_word' id='word_1_596' title='bbox 1735 5521 1912 5586; x_wconf 89' lang='lat' dir='ltr'><strong>vellet,</strong></span> 
     </span>
    </p>
   </div>
   <div class='ocr_carea' id='block_1_74' title="bbox 397 5635 1918 5701">
    <p class='ocr_par' dir='ltr' id='par_1_74' title="bbox 397 5635 1918 5701">
     <span class='ocr_line' id='line_1_75' title="bbox 397 5635 1918 5701; baseline -0.003 -9"><span class='ocrx_word' id='word_1_597' title='bbox 397 5637 634 5694; x_wconf 59' lang='lat' dir='ltr'><strong>‘Joanni</strong></span> <span class='ocrx_word' id='word_1_598' title='bbox 651 5656 684 5694; x_wconf 80' lang='grc' dir='ltr'><em>α</em></span> <span class='ocrx_word' id='word_1_599' title='bbox 701 5635 896 5692; x_wconf 79' lang='lat' dir='ltr'><strong>Carolo</strong></span> <span class='ocrx_word' id='word_1_600' title='bbox 909 5636 1071 5692; x_wconf 73' lang='lat' dir='ltr'><strong>Calvo</strong></span> <span class='ocrx_word' id='word_1_601' title='bbox 1086 5637 1390 5691; x_wconf 76' lang='lat' dir='ltr'><strong>mandatum.</strong></span> <span class='ocrx_word' id='word_1_602' title='bbox 1401 5649 1546 5701; x_wconf 81' lang='lat' dir='ltr'><strong>esse,</strong></span> <span class='ocrx_word' id='word_1_603' title='bbox 1561 5637 1684 5692; x_wconf 89' lang='lat' dir='ltr'><strong>utin</strong></span> <span class='ocrx_word' id='word_1_604' title='bbox 1701 5642 1918 5690; x_wconf 84' lang='lat' dir='ltr'><strong>contro-</strong></span> 
     </span>
    </p>
   </div>
   <div class='ocr_carea' id='block_1_75' title="bbox 325 5705 1916 5766">
    <p class='ocr_par' dir='ltr' id='par_1_75' title="bbox 325 5705 1916 5766">
     <span class='ocr_line' id='line_1_76' title="bbox 325 5705 1916 5766; baseline -0.004 -4"><span class='ocrx_word' id='word_1_605' title='bbox 325 5710 502 5764; x_wconf 78' lang='lat' dir='ltr'><strong>versia</strong></span> <span class='ocrx_word' id='word_1_606' title='bbox 531 5707 902 5766; x_wconf 83' lang='lat' dir='ltr'><strong>Paschasiana</strong></span> <span class='ocrx_word' id='word_1_607' title='bbox 941 5706 1098 5764; x_wconf 79' lang='lat' dir='ltr'><strong>suum</strong></span> <span class='ocrx_word' id='word_1_608' title='bbox 1140 5707 1206 5762; x_wconf 89' lang='lat' dir='ltr'><strong>de</strong></span> <span class='ocrx_word' id='word_1_609' title='bbox 1235 5721 1310 5762; x_wconf 89' lang='lat' dir='ltr'><strong>ss.</strong></span> <span class='ocrx_word' id='word_1_610' title='bbox 1341 5705 1666 5763; x_wconf 79' lang='lat' dir='ltr'><strong>euebaristia</strong></span> <span class='ocrx_word' id='word_1_611' title='bbox 1697 5719 1916 5759; x_wconf 79' lang='lat' dir='ltr'><strong>sensum</strong></span> 
     </span>
    </p>
   </div>
   <div class='ocr_carea' id='block_1_76' title="bbox 1998 1901 3616 1976">
    <p class='ocr_par' dir='ltr' id='par_1_76' title="bbox 1998 1901 3616 1976">
     <span class='ocr_line' id='line_1_77' title="bbox 1998 1901 3616 1976; baseline 0.006 -21"><span class='ocrx_word' id='word_1_612' title='bbox 1998 1916 2102 1955; x_wconf 83' lang='lat' dir='ltr'><strong>nec</strong></span> <span class='ocrx_word' id='word_1_613' title='bbox 2128 1901 2467 1968; x_wconf 86' lang='lat' dir='ltr'><strong>dubitamus,</strong></span> <span class='ocrx_word' id='word_1_614' title='bbox 2501 1904 2634 1972; x_wconf 88' lang='lat' dir='ltr'><strong>quin</strong></span> <span class='ocrx_word' id='word_1_615' title='bbox 2685 1905 2758 1958; x_wconf 90' lang='lat' dir='ltr'><strong>ita</strong></span> <span class='ocrx_word' id='word_1_616' title='bbox 2806 1906 2909 1971; x_wconf 88' lang='lat' dir='ltr'><strong>sit,</strong></span> <span class='ocrx_word' id='word_1_617' title='bbox 2955 1922 3014 1960; x_wconf 89' lang='lat' dir='ltr'><strong>re</strong></span> <span class='ocrx_word' id='word_1_618' title='bbox 3057 1921 3184 1962; x_wconf 89' lang='lat' dir='ltr'><strong>vera</strong></span> <span class='ocrx_word' id='word_1_619' title='bbox 3217 1919 3300 1963; x_wconf 88' lang='lat' dir='ltr'><strong>est</strong></span> <span class='ocrx_word' id='word_1_620' title='bbox 3341 1908 3616 1976; x_wconf 65' lang='lat' dir='ltr'><strong>Nicolai,</strong></span> 
     </span>
    </p>
   </div>
   <div class='ocr_carea' id='block_1_77' title="bbox 2001 1991 3586 2070">
    <p class='ocr_par' dir='ltr' id='par_1_77' title="bbox 2001 1991 3586 2070">
     <span class='ocr_line' id='line_1_78' title="bbox 2001 1991 3586 2070; baseline 0.005 -22"><span class='ocrx_word' id='word_1_621' title='bbox 2001 1991 2198 2048; x_wconf 87' lang='lat' dir='ltr'><strong>Scotus</strong></span> <span class='ocrx_word' id='word_1_622' title='bbox 2225 2003 2414 2048; x_wconf 89' lang='lat' dir='ltr'><strong>noster</strong></span> <span class='ocrx_word' id='word_1_623' title='bbox 2443 1995 2586 2050; x_wconf 88' lang='lat' dir='ltr'><strong>circa</strong></span> <span class='ocrx_word' id='word_1_624' title='bbox 2631 2011 2726 2051; x_wconf 90' lang='lat' dir='ltr'><strong>eos</strong></span> <span class='ocrx_word' id='word_1_625' title='bbox 2755 2012 2926 2052; x_wconf 89' lang='lat' dir='ltr'><strong>annos</strong></span> <span class='ocrx_word' id='word_1_626' title='bbox 2945 2039 2960 2062; x_wconf 92' lang='lat'><strong>,</strong></span> <span class='ocrx_word' id='word_1_627' title='bbox 2991 2013 3128 2068; x_wconf 89' lang='lat' dir='ltr'><strong>quos</strong></span> <span class='ocrx_word' id='word_1_628' title='bbox 3177 1999 3442 2066; x_wconf 83' lang='lat' dir='ltr'><strong>diximus,</strong></span> <span class='ocrx_word' id='word_1_629' title='bbox 3473 1999 3586 2070; x_wconf 87' lang='lat' dir='ltr'><strong>jam</strong></span> 
     </span>
    </p>
   </div>
   <div class='ocr_carea' id='block_1_78' title="bbox 1997 2081 3580 2151">
    <p class='ocr_par' dir='ltr' id='par_1_78' title="bbox 1997 2081 3580 2151">
     <span class='ocr_line' id='line_1_79' title="bbox 1997 2081 3580 2151; baseline 0.008 -17"><span class='ocrx_word' id='word_1_630' title='bbox 1997 2081 2206 2151; x_wconf 88' lang='lat' dir='ltr'><strong>pridem</strong></span> <span class='ocrx_word' id='word_1_631' title='bbox 2237 2081 2630 2140; x_wconf 81' lang='lat' dir='ltr'><strong>Parisiensibus</strong></span> <span class='ocrx_word' id='word_1_632' title='bbox 2677 2085 2984 2141; x_wconf 87' lang='lat' dir='ltr'><strong>litterarum</strong></span> <span class='ocrx_word' id='word_1_633' title='bbox 3017 2089 3208 2143; x_wconf 90' lang='lat' dir='ltr'><strong>studiis</strong></span> <span class='ocrx_word' id='word_1_634' title='bbox 3254 2105 3361 2144; x_wconf 87' lang='lat' dir='ltr'><strong>non</strong></span> <span class='ocrx_word' id='word_1_635' title='bbox 3405 2090 3580 2146; x_wconf 81' lang='lat' dir='ltr'><strong>soium</strong></span> 
     </span>
    </p>
   </div>
   <div class='ocr_carea' id='block_1_79' title="bbox 2001 2173 3583 2246">
    <p class='ocr_par' dir='ltr' id='par_1_79' title="bbox 2001 2173 3583 2246">
     <span class='ocr_line' id='line_1_80' title="bbox 2001 2173 3583 2246; baseline 0.008 -20"><span class='ocrx_word' id='word_1_636' title='bbox 2001 2173 2274 2238; x_wconf 77' lang='lat' dir='ltr'><strong>interfuit,</strong></span> <span class='ocrx_word' id='word_1_637' title='bbox 2317 2189 2504 2228; x_wconf 85' lang='lat' dir='ltr'><strong>verum</strong></span> <span class='ocrx_word' id='word_1_638' title='bbox 2562 2176 2726 2230; x_wconf 87' lang='lat' dir='ltr'><strong>etiam</strong></span> <span class='ocrx_word' id='word_1_639' title='bbox 2777 2177 3030 2246; x_wconf 85' lang='lat' dir='ltr'><strong>praefuit.</strong></span> <span class='ocrx_word' id='word_1_640' title='bbox 3087 2179 3354 2246; x_wconf 87' lang='lat' dir='ltr'><strong>Quamdiu</strong></span> <span class='ocrx_word' id='word_1_641' title='bbox 3404 2193 3583 2238; x_wconf 87' lang='lat' dir='ltr'><strong>autem</strong></span> 
     </span>
    </p>
   </div>
   <div class='ocr_carea' id='block_1_80' title="bbox 1999 2265 3586 2342">
    <p class='ocr_par' dir='ltr' id='par_1_80' title="bbox 1999 2265 3586 2342">
     <span class='ocr_line' id='line_1_81' title="bbox 1999 2265 3586 2342; baseline 0.005 -24"><span class='ocrx_word' id='word_1_642' title='bbox 1999 2273 2186 2332; x_wconf 88' lang='lat' dir='ltr'><strong>postea</strong></span> <span class='ocrx_word' id='word_1_643' title='bbox 2207 2279 2274 2319; x_wconf 86' lang='lat' dir='ltr'><strong>eo</strong></span> <span class='ocrx_word' id='word_1_644' title='bbox 2295 2265 2508 2320; x_wconf 85' lang='lat' dir='ltr'><strong>bon-ore</strong></span> <span class='ocrx_word' id='word_1_645' title='bbox 2523 2281 2588 2320; x_wconf 89' lang='lat' dir='ltr'><strong>ac</strong></span> <span class='ocrx_word' id='word_1_646' title='bbox 2609 2265 2728 2322; x_wconf 90' lang='lat' dir='ltr'><strong>ioco</strong></span> <span class='ocrx_word' id='word_1_647' title='bbox 2751 2269 3032 2334; x_wconf 85' lang='lat' dir='ltr'><strong>manserit,</strong></span> <span class='ocrx_word' id='word_1_648' title='bbox 3057 2270 3216 2339; x_wconf 87' lang='lat' dir='ltr'><strong>plane</strong></span> <span class='ocrx_word' id='word_1_649' title='bbox 3237 2271 3548 2342; x_wconf 84' lang='lat' dir='ltr'><strong>ignoramus</strong></span> <span class='ocrx_word' id='word_1_650' title='bbox 3572 2290 3586 2326; x_wconf 91' lang='lat'>:</span> 
     </span>
    </p>
   </div>
   <div class='ocr_carea' id='block_1_81' title="bbox 2001 2355 3590 2430">
    <p class='ocr_par' dir='ltr' id='par_1_81' title="bbox 2001 2355 3590 2430">
     <span class='ocr_line' id='line_1_82' title="bbox 2001 2355 3590 2430; baseline 0.005 -20"><span class='ocrx_word' id='word_1_651' title='bbox 2001 2367 2102 2410; x_wconf 86' lang='lat' dir='ltr'><strong>nec</strong></span> <span class='ocrx_word' id='word_1_652' title='bbox 2145 2355 2294 2410; x_wconf 89' lang='lat' dir='ltr'><strong>ullibi</strong></span> <span class='ocrx_word' id='word_1_653' title='bbox 2333 2355 2630 2426; x_wconf 83' lang='lat' dir='ltr'><strong>quidquam</strong></span> <span class='ocrx_word' id='word_1_654' title='bbox 2679 2360 3042 2430; x_wconf 86' lang='lat' dir='ltr'><strong>perscriptum</strong></span> <span class='ocrx_word' id='word_1_655' title='bbox 3075 2361 3414 2427; x_wconf 86' lang='lat' dir='ltr'><strong>invenimus,</strong></span> <span class='ocrx_word' id='word_1_656' title='bbox 3449 2365 3590 2418; x_wconf 87' lang='lat' dir='ltr'><strong>unde</strong></span> 
     </span>
    </p>
   </div>
   <div class='ocr_carea' id='block_1_82' title="bbox 1999 2445 3584 2518">
    <p class='ocr_par' dir='ltr' id='par_1_82' title="bbox 1999 2445 3584 2518">
     <span class='ocr_line' id='line_1_83' title="bbox 1999 2445 3584 2518; baseline 0.005 -20"><span class='ocrx_word' id='word_1_657' title='bbox 1999 2453 2290 2514; x_wconf 88' lang='lat' dir='ltr'><strong>appareat,</strong></span> <span class='ocrx_word' id='word_1_658' title='bbox 2326 2454 2506 2502; x_wconf 86' lang='lat' dir='ltr'><strong>utrum</strong></span> <span class='ocrx_word' id='word_1_659' title='bbox 2558 2445 2765 2502; x_wconf 84' lang='lat' dir='ltr'><strong>Nieolai</strong></span> <span class='ocrx_word' id='word_1_660' title='bbox 2792 2448 2948 2518; x_wconf 87' lang='lat' dir='ltr'><strong>jussu</strong></span> <span class='ocrx_word' id='word_1_661' title='bbox 2997 2449 3224 2504; x_wconf 73' lang='lat' dir='ltr'><strong>Romam</strong></span> <span class='ocrx_word' id='word_1_662' title='bbox 3253 2451 3453 2507; x_wconf 88' lang='lat' dir='ltr'><strong>missus</strong></span> <span class='ocrx_word' id='word_1_663' title='bbox 3484 2453 3584 2518; x_wconf 91' lang='lat' dir='ltr'><strong>sit,</strong></span> 
     </span>
    </p>
   </div>
   <div class='ocr_carea' id='block_1_83' title="bbox 2001 2535 3588 2614">
    <p class='ocr_par' dir='ltr' id='par_1_83' title="bbox 2001 2535 3588 2614">
     <span class='ocr_line' id='line_1_84' title="bbox 2001 2535 3588 2614; baseline 0.006 -24"><span class='ocrx_word' id='word_1_664' title='bbox 2001 2535 2222 2592; x_wconf 84' lang='lat' dir='ltr'><strong>necne.</strong></span> <span class='ocrx_word' id='word_1_665' title='bbox 2257 2536 2741 2595; x_wconf 80' lang='lat' dir='ltr'><strong>Staudenmaierus</strong></span> <span class='ocrx_word' id='word_1_666' title='bbox 2768 2540 2844 2610; x_wconf 88' lang='lat' dir='ltr'><strong>(p.</strong></span> <span class='ocrx_word' id='word_1_667' title='bbox 2879 2541 3140 2614; x_wconf 82' lang='lat' dir='ltr'><strong>l66-i67)</strong></span> <span class='ocrx_word' id='word_1_668' title='bbox 3169 2557 3292 2598; x_wconf 89' lang='lat' dir='ltr'><strong>eum</strong></span> <span class='ocrx_word' id='word_1_669' title='bbox 3323 2559 3428 2598; x_wconf 90' lang='lat' dir='ltr'><strong>non</strong></span> <span class='ocrx_word' id='word_1_670' title='bbox 3465 2559 3588 2600; x_wconf 83' lang='lat' dir='ltr'><strong>esse</strong></span> 
     </span>
    </p>
   </div>
   <div class='ocr_carea' id='block_1_84' title="bbox 2000 2627 3590 2703">
    <p class='ocr_par' dir='ltr' id='par_1_84' title="bbox 2000 2627 3590 2703">
     <span class='ocr_line' id='line_1_85' title="bbox 2000 2627 3590 2703; baseline 0.003 -19"><span class='ocrx_word' id='word_1_671' title='bbox 2000 2629 2226 2684; x_wconf 85' lang='lat' dir='ltr'><strong>missum</strong></span> <span class='ocrx_word' id='word_1_672' title='bbox 2271 2627 2548 2684; x_wconf 80' lang='lat' dir='ltr'><strong>aﬂirmat:</strong></span> <span class='ocrx_word' id='word_1_673' title='bbox 2591 2647 2694 2686; x_wconf 90' lang='lat' dir='ltr'><strong>nec</strong></span> <span class='ocrx_word' id='word_1_674' title='bbox 2733 2639 2818 2686; x_wconf 90' lang='lat' dir='ltr'><strong>est</strong></span> <span class='ocrx_word' id='word_1_675' title='bbox 2861 2634 3006 2701; x_wconf 89' lang='lat' dir='ltr'><strong>quod</strong></span> <span class='ocrx_word' id='word_1_676' title='bbox 3050 2635 3252 2688; x_wconf 88' lang='lat' dir='ltr'><strong>nimiae</strong></span> <span class='ocrx_word' id='word_1_677' title='bbox 3293 2637 3466 2703; x_wconf 89' lang='lat' dir='ltr'><strong>ipsum</strong></span> <span class='ocrx_word' id='word_1_678' title='bbox 3513 2645 3590 2690; x_wconf 91' lang='lat' dir='ltr'><strong>te-</strong></span> 
     </span>
    </p>
   </div>
   <div class='ocr_carea' id='block_1_85' title="bbox 1999 2720 3585 2792">
    <p class='ocr_par' dir='ltr' id='par_1_85' title="bbox 1999 2720 3585 2792">
     <span class='ocr_line' id='line_1_86' title="bbox 1999 2720 3585 2792; baseline 0.003 -18"><span class='ocrx_word' id='word_1_679' title='bbox 1999 2720 2265 2774; x_wconf 82' lang='lat' dir='ltr'><strong>meritatis</strong></span> <span class='ocrx_word' id='word_1_680' title='bbox 2293 2734 2522 2790; x_wconf 87' lang='lat' dir='ltr'><strong>arguere</strong></span> <span class='ocrx_word' id='word_1_681' title='bbox 2567 2721 2814 2775; x_wconf 87' lang='lat' dir='ltr'><strong>velimus.</strong></span> <span class='ocrx_word' id='word_1_682' title='bbox 2845 2721 3066 2777; x_wconf 83' lang='lat' dir='ltr'><strong>Constat</strong></span> <span class='ocrx_word' id='word_1_683' title='bbox 3098 2726 3274 2788; x_wconf 87' lang='lat' dir='ltr'><strong>enim,</strong></span> <span class='ocrx_word' id='word_1_684' title='bbox 3301 2739 3466 2792; x_wconf 88' lang='lat' dir='ltr'><strong>quam</strong></span> <span class='ocrx_word' id='word_1_685' title='bbox 3496 2739 3585 2778; x_wconf 90' lang='lat' dir='ltr'><strong>ca-</strong></span> 
     </span>
    </p>
   </div>
   <div class='ocr_carea' id='block_1_86' title="bbox 2000 2807 3588 2884">
    <p class='ocr_par' dir='ltr' id='par_1_86' title="bbox 2000 2807 3588 2884">
     <span class='ocr_line' id='line_1_87' title="bbox 2000 2807 3588 2884; baseline 0.003 -20"><span class='ocrx_word' id='word_1_686' title='bbox 2000 2825 2093 2864; x_wconf 81' lang='lat' dir='ltr'><strong>rus</strong></span> <span class='ocrx_word' id='word_1_687' title='bbox 2109 2810 2222 2879; x_wconf 79' lang='lat' dir='ltr'><strong>regi</strong></span> <span class='ocrx_word' id='word_1_688' title='bbox 2239 2825 2338 2864; x_wconf 91' lang='lat' dir='ltr'><strong>suo</strong></span> <span class='ocrx_word' id='word_1_689' title='bbox 2349 2807 2514 2864; x_wconf 88' lang='lat' dir='ltr'><strong>fuerit</strong></span> <span class='ocrx_word' id='word_1_690' title='bbox 2526 2811 2778 2882; x_wconf 79' lang='lat' dir='ltr'><strong>Erigone,</strong></span> <span class='ocrx_word' id='word_1_691' title='bbox 2794 2821 2850 2866; x_wconf 88' lang='lat' dir='ltr'><strong>et</strong></span> <span class='ocrx_word' id='word_1_692' title='bbox 2869 2814 3012 2868; x_wconf 85' lang='lat' dir='ltr'><strong>hunc</strong></span> <span class='ocrx_word' id='word_1_693' title='bbox 3031 2815 3205 2884; x_wconf 88' lang='lat' dir='ltr'><strong>ipsum</strong></span> <span class='ocrx_word' id='word_1_694' title='bbox 3225 2831 3406 2884; x_wconf 87' lang='lat' dir='ltr'><strong>regem</strong></span> <span class='ocrx_word' id='word_1_695' title='bbox 3424 2817 3588 2870; x_wconf 88' lang='lat' dir='ltr'><strong>etiam</strong></span> 
     </span>
    </p>
   </div>
   <div class='ocr_carea' id='block_1_87' title="bbox 1999 2899 3586 2972">
    <p class='ocr_par' dir='ltr' id='par_1_87' title="bbox 1999 2899 3586 2972">
     <span class='ocr_line' id='line_1_88' title="bbox 1999 2899 3586 2972; baseline 0.004 -18"><span class='ocrx_word' id='word_1_696' title='bbox 1999 2899 2136 2954; x_wconf 87' lang='lat' dir='ltr'><strong>alias</strong></span> <span class='ocrx_word' id='word_1_697' title='bbox 2153 2913 2490 2954; x_wconf 88' lang='lat' dir='ltr'><strong>summorum</strong></span> <span class='ocrx_word' id='word_1_698' title='bbox 2515 2901 2830 2971; x_wconf 78' lang='lat' dir='ltr'><strong>pontificum</strong></span> <span class='ocrx_word' id='word_1_699' title='bbox 2854 2903 3108 2957; x_wconf 85' lang='lat' dir='ltr'><strong>mandata</strong></span> <span class='ocrx_word' id='word_1_700' title='bbox 3131 2919 3321 2972; x_wconf 87' lang='lat' dir='ltr'><strong>parum</strong></span> <span class='ocrx_word' id='word_1_701' title='bbox 3345 2919 3586 2962; x_wconf 79' lang='lat' dir='ltr'><strong>curasse.</strong></span> 
     </span>
    </p>
   </div>
   <div class='ocr_carea' id='block_1_88' title="bbox 2074 2989 3589 3064">
    <p class='ocr_par' dir='ltr' id='par_1_88' title="bbox 2074 2989 3589 3064">
     <span class='ocr_line' id='line_1_89' title="bbox 2074 2989 3589 3064; baseline 0.005 -22"><span class='ocrx_word' id='word_1_702' title='bbox 2074 2989 2360 3058; x_wconf 77' lang='lat' dir='ltr'><strong>Reliquum</strong></span> <span class='ocrx_word' id='word_1_703' title='bbox 2385 2995 2503 3053; x_wconf 90' lang='lat' dir='ltr'><strong>est,</strong></span> <span class='ocrx_word' id='word_1_704' title='bbox 2533 2998 2592 3042; x_wconf 88' lang='lat' dir='ltr'><strong>ut</strong></span> <span class='ocrx_word' id='word_1_705' title='bbox 2613 2989 2682 3044; x_wconf 87' lang='lat' dir='ltr'><strong>de</strong></span> <span class='ocrx_word' id='word_1_706' title='bbox 2707 2991 3046 3061; x_wconf 82' lang='lat' dir='ltr'><strong>gravioribus</strong></span> <span class='ocrx_word' id='word_1_707' title='bbox 3071 2993 3396 3062; x_wconf 88' lang='lat' dir='ltr'><strong>quibusdam</strong></span> <span class='ocrx_word' id='word_1_708' title='bbox 3423 3009 3589 3064; x_wconf 84' lang='lat' dir='ltr'><strong>nego—</strong></span> 
     </span>
    </p>
   </div>
   <div class='ocr_carea' id='block_1_89' title="bbox 2003 3078 3592 3148">
    <p class='ocr_par' dir='ltr' id='par_1_89' title="bbox 2003 3078 3592 3148">
     <span class='ocr_line' id='line_1_90' title="bbox 2003 3078 3592 3148; baseline 0.006 -16"><span class='ocrx_word' id='word_1_709' title='bbox 2003 3078 2127 3141; x_wconf 89' lang='lat' dir='ltr'><strong>tiis,</strong></span> <span class='ocrx_word' id='word_1_710' title='bbox 2158 3093 2302 3147; x_wconf 79' lang='lat' dir='ltr'><strong>quae</strong></span> <span class='ocrx_word' id='word_1_711' title='bbox 2339 3087 2622 3148; x_wconf 85' lang='lat' dir='ltr'><strong>praeterea</strong></span> <span class='ocrx_word' id='word_1_712' title='bbox 2661 3079 2854 3136; x_wconf 87' lang='lat' dir='ltr'><strong>Joauni</strong></span> <span class='ocrx_word' id='word_1_713' title='bbox 2889 3097 2920 3136; x_wconf 87' lang='lat' dir='ltr'><strong>a</strong></span> <span class='ocrx_word' id='word_1_714' title='bbox 2961 3082 3156 3140; x_wconf 88' lang='lat' dir='ltr'><strong>Carolo</strong></span> <span class='ocrx_word' id='word_1_715' title='bbox 3181 3085 3438 3140; x_wconf 87' lang='lat' dir='ltr'><strong>mandata</strong></span> <span class='ocrx_word' id='word_1_716' title='bbox 3469 3101 3592 3142; x_wconf 89' lang='lat' dir='ltr'><strong>esse</strong></span> 
     </span>
    </p>
   </div>
   <div class='ocr_carea' id='block_1_90' title="bbox 2003 3170 3593 3246">
    <p class='ocr_par' dir='ltr' id='par_1_90' title="bbox 2003 3170 3593 3246">
     <span class='ocr_line' id='line_1_91' title="bbox 2003 3170 3593 3246; baseline 0.006 -24"><span class='ocrx_word' id='word_1_717' title='bbox 2003 3170 2346 3238; x_wconf 73' lang='lat' dir='ltr'><strong>accepimus,</strong></span> <span class='ocrx_word' id='word_1_718' title='bbox 2374 3170 2564 3240; x_wconf 87' lang='lat' dir='ltr'><strong>paucis</strong></span> <span class='ocrx_word' id='word_1_719' title='bbox 2587 3172 2876 3227; x_wconf 86' lang='lat' dir='ltr'><strong>dicendum</strong></span> <span class='ocrx_word' id='word_1_720' title='bbox 2921 3173 3012 3228; x_wconf 88' lang='lat' dir='ltr'><strong>sit.</strong></span> <span class='ocrx_word' id='word_1_721' title='bbox 3043 3173 3194 3241; x_wconf 89' lang='lat' dir='ltr'><strong>Quae</strong></span> <span class='ocrx_word' id='word_1_722' title='bbox 3229 3176 3446 3246; x_wconf 86' lang='lat' dir='ltr'><strong>quidem</strong></span> <span class='ocrx_word' id='word_1_723' title='bbox 3477 3193 3593 3232; x_wconf 88' lang='lat' dir='ltr'><strong>om-</strong></span> 
     </span>
    </p>
   </div>
   <div class='ocr_carea' id='block_1_91' title="bbox 2003 3259 3592 3330">
    <p class='ocr_par' dir='ltr' id='par_1_91' title="bbox 2003 3259 3592 3330">
     <span class='ocr_line' id='line_1_92' title="bbox 2003 3259 3592 3330; baseline 0.009 -18"><span class='ocrx_word' id='word_1_724' title='bbox 2003 3259 2132 3314; x_wconf 87' lang='lat' dir='ltr'><strong>nino</strong></span> <span class='ocrx_word' id='word_1_725' title='bbox 2159 3259 2308 3315; x_wconf 85' lang='lat' dir='ltr'><strong>fuerc</strong></span> <span class='ocrx_word' id='word_1_726' title='bbox 2331 3261 2440 3316; x_wconf 87' lang='lat' dir='ltr'><strong>duo</strong></span> <span class='ocrx_word' id='word_1_727' title='bbox 2467 3279 2482 3316; x_wconf 93' lang='lat'><strong>:</strong></span> <span class='ocrx_word' id='word_1_728' title='bbox 2507 3261 2760 3330; x_wconf 86' lang='lat' dir='ltr'><strong>alterum,</strong></span> <span class='ocrx_word' id='word_1_729' title='bbox 2787 3273 2848 3318; x_wconf 83' lang='lat' dir='ltr'><strong>ut</strong></span> <span class='ocrx_word' id='word_1_730' title='bbox 2870 3264 3036 3320; x_wconf 89' lang='lat' dir='ltr'><strong>latine</strong></span> <span class='ocrx_word' id='word_1_731' title='bbox 3065 3268 3316 3330; x_wconf 85' lang='lat' dir='ltr'><strong>redderet</strong></span> <span class='ocrx_word' id='word_1_732' title='bbox 3341 3277 3396 3324; x_wconf 92' lang='lat' dir='ltr'><strong>et</strong></span> <span class='ocrx_word' id='word_1_733' title='bbox 3421 3268 3592 3326; x_wconf 87' lang='lat' dir='ltr'><strong>libros</strong></span> 
     </span>
    </p>
   </div>
   <div class='ocr_carea' id='block_1_92' title="bbox 2003 3351 3592 3428">
    <p class='ocr_par' dir='ltr' id='par_1_92' title="bbox 2003 3351 3592 3428">
     <span class='ocr_line' id='line_1_93' title="bbox 2003 3351 3592 3428; baseline 0.008 -24"><span class='ocrx_word' id='word_1_734' title='bbox 2003 3351 2207 3419; x_wconf 89' lang='lat' dir='ltr'><strong>aliquot</strong></span> <span class='ocrx_word' id='word_1_735' title='bbox 2234 3351 2716 3424; x_wconf 84' lang='lat' dir='ltr'><strong>Pseudo-Dionysii</strong></span> <span class='ocrx_word' id='word_1_736' title='bbox 2741 3361 2798 3407; x_wconf 90' lang='lat' dir='ltr'><strong>et</strong></span> <span class='ocrx_word' id='word_1_737' title='bbox 2818 3353 3034 3411; x_wconf 89' lang='lat' dir='ltr'><strong>Scholia</strong></span> <span class='ocrx_word' id='word_1_738' title='bbox 3064 3357 3280 3412; x_wconf 82' lang='lat' dir='ltr'><strong>Maximi</strong></span> <span class='ocrx_word' id='word_1_739' title='bbox 3311 3359 3592 3428; x_wconf 78' lang='lat' dir='ltr'><strong>cujusdam</strong></span> 
     </span>
    </p>
   </div>
   <div class='ocr_carea' id='block_1_93' title="bbox 2003 3441 3592 3519">
    <p class='ocr_par' dir='ltr' id='par_1_93' title="bbox 2003 3441 3592 3519">
     <span class='ocr_line' id='line_1_94' title="bbox 2003 3441 3592 3519; baseline 0.008 -25"><span class='ocrx_word' id='word_1_740' title='bbox 2003 3441 2060 3496; x_wconf 90' lang='lat' dir='ltr'><strong>in</strong></span> <span class='ocrx_word' id='word_1_741' title='bbox 2084 3441 2408 3512; x_wconf 84' lang='lat' dir='ltr'><strong>Gregorium</strong></span> <span class='ocrx_word' id='word_1_742' title='bbox 2439 3445 2744 3518; x_wconf 90' lang='lat' dir='ltr'><strong>theologum</strong></span> <span class='ocrx_word' id='word_1_743' title='bbox 2787 3449 2948 3519; x_wconf 86' lang='lat' dir='ltr'><strong>(quae</strong></span> <span class='ocrx_word' id='word_1_744' title='bbox 2985 3449 3110 3503; x_wconf 91' lang='lat' dir='ltr'><strong>item</strong></span> <span class='ocrx_word' id='word_1_745' title='bbox 3143 3449 3422 3504; x_wconf 88' lang='lat' dir='ltr'><strong>subdititia</strong></span> <span class='ocrx_word' id='word_1_746' title='bbox 3469 3465 3592 3506; x_wconf 89' lang='lat' dir='ltr'><strong>esse</strong></span> 
     </span>
    </p>
   </div>
   <div class='ocr_carea' id='block_1_94' title="bbox 2005 3535 3596 3610">
    <p class='ocr_par' dir='ltr' id='par_1_94' title="bbox 2005 3535 3596 3610">
     <span class='ocr_line' id='line_1_95' title="bbox 2005 3535 3596 3610; baseline 0.001 -22"><span class='ocrx_word' id='word_1_747' title='bbox 2005 3536 2361 3606; x_wconf 85' lang='lat' dir='ltr'><strong>creduntur),</strong></span> <span class='ocrx_word' id='word_1_748' title='bbox 2389 3535 2620 3592; x_wconf 87' lang='lat' dir='ltr'><strong>alterum</strong></span> <span class='ocrx_word' id='word_1_749' title='bbox 2639 3579 2653 3604; x_wconf 94' lang='lat'><strong>,</strong></span> <span class='ocrx_word' id='word_1_750' title='bbox 2685 3549 2778 3605; x_wconf 91' lang='lat' dir='ltr'><strong>ut,</strong></span> <span class='ocrx_word' id='word_1_751' title='bbox 2807 3549 2925 3594; x_wconf 88' lang='lat' dir='ltr'><strong>orta</strong></span> <span class='ocrx_word' id='word_1_752' title='bbox 2951 3555 3049 3610; x_wconf 90' lang='lat' dir='ltr'><strong>per</strong></span> <span class='ocrx_word' id='word_1_753' title='bbox 3071 3539 3423 3596; x_wconf 77' lang='lat' dir='ltr'><strong>Pascliasium</strong></span> <span class='ocrx_word' id='word_1_754' title='bbox 3453 3541 3596 3596; x_wconf 79' lang='lat' dir='ltr'><strong>Bad-</strong></span> 
     </span>
    </p>
   </div>
   <div class='ocr_carea' id='block_1_95' title="bbox 2005 3623 3596 3697">
    <p class='ocr_par' dir='ltr' id='par_1_95' title="bbox 2005 3623 3596 3697">
     <span class='ocr_line' id='line_1_96' title="bbox 2005 3623 3596 3697; baseline 0.003 -19"><span class='ocrx_word' id='word_1_755' title='bbox 2005 3623 2222 3680; x_wconf 81' lang='lat' dir='ltr'><strong>bertum</strong></span> <span class='ocrx_word' id='word_1_756' title='bbox 2249 3625 2586 3681; x_wconf 86' lang='lat' dir='ltr'><strong>dissensione</strong></span> <span class='ocrx_word' id='word_1_757' title='bbox 2613 3627 2680 3682; x_wconf 90' lang='lat' dir='ltr'><strong>de</strong></span> <span class='ocrx_word' id='word_1_758' title='bbox 2722 3627 2782 3682; x_wconf 87' lang='lat' dir='ltr'><strong>S.</strong></span> <span class='ocrx_word' id='word_1_759' title='bbox 2821 3627 3158 3682; x_wconf 85' lang='lat' dir='ltr'><strong>Eucharistia</strong></span> <span class='ocrx_word' id='word_1_760' title='bbox 3180 3667 3195 3692; x_wconf 97' lang='lat'><strong>,</strong></span> <span class='ocrx_word' id='word_1_761' title='bbox 3233 3629 3350 3696; x_wconf 90' lang='lat' dir='ltr'><strong>ipse</strong></span> <span class='ocrx_word' id='word_1_762' title='bbox 3379 3643 3596 3697; x_wconf 90' lang='lat' dir='ltr'><strong>quoque</strong></span> 
     </span>
    </p>
   </div>
   <div class='ocr_carea' id='block_1_96' title="bbox 2003 3713 3594 3785">
    <p class='ocr_par' dir='ltr' id='par_1_96' title="bbox 2003 3713 3594 3785">
     <span class='ocr_line' id='line_1_97' title="bbox 2003 3713 3594 3785; baseline 0.003 -17"><span class='ocrx_word' id='word_1_763' title='bbox 2003 3713 2294 3768; x_wconf 85' lang='lat' dir='ltr'><strong>scribendo</strong></span> <span class='ocrx_word' id='word_1_764' title='bbox 2341 3715 2484 3770; x_wconf 87' lang='lat' dir='ltr'><strong>hanc</strong></span> <span class='ocrx_word' id='word_1_765' title='bbox 2530 3730 2646 3770; x_wconf 88' lang='lat' dir='ltr'><strong>rem</strong></span> <span class='ocrx_word' id='word_1_766' title='bbox 2693 3716 2989 3785; x_wconf 85' lang='lat' dir='ltr'><strong>explicaret</strong></span> <span class='ocrx_word' id='word_1_767' title='bbox 3009 3716 3063 3768; x_wconf 62' lang='grc'><strong>⁸.</strong></span> <span class='ocrx_word' id='word_1_768' title='bbox 3097 3715 3340 3770; x_wconf 80' lang='lat' dir='ltr'><strong>Alterum</strong></span> <span class='ocrx_word' id='word_1_769' title='bbox 3373 3725 3554 3772; x_wconf 89' lang='lat' dir='ltr'><strong>autem</strong></span> <span class='ocrx_word' id='word_1_770' title='bbox 3578 3757 3594 3782; x_wconf 91' lang='lat'><strong>,</strong></span> 
     </span>
    </p>
   </div>
   <div class='ocr_carea' id='block_1_97' title="bbox 2001 3804 3596 3876">
    <p class='ocr_par' dir='ltr' id='par_1_97' title="bbox 2001 3804 3596 3876">
     <span class='ocr_line' id='line_1_98' title="bbox 2001 3804 3596 3876; baseline 0.004 -19"><span class='ocrx_word' id='word_1_771' title='bbox 2001 3804 2252 3872; x_wconf 86' lang='lat' dir='ltr'><strong>proximo</strong></span> <span class='ocrx_word' id='word_1_772' title='bbox 2272 3805 2446 3875; x_wconf 86' lang='lat' dir='ltr'><strong>capite</strong></span> <span class='ocrx_word' id='word_1_773' title='bbox 2467 3806 2742 3876; x_wconf 86' lang='lat' dir='ltr'><strong>sigillatim</strong></span> <span class='ocrx_word' id='word_1_774' title='bbox 2775 3807 2842 3862; x_wconf 88' lang='lat' dir='ltr'><strong>de</strong></span> <span class='ocrx_word' id='word_1_775' title='bbox 2863 3805 3251 3862; x_wconf 85' lang='lat' dir='ltr'><strong>controversiis</strong></span> <span class='ocrx_word' id='word_1_776' title='bbox 3277 3807 3596 3876; x_wconf 87' lang='lat' dir='ltr'><strong>theologicis</strong></span> 
     </span>
    </p>
   </div>
   <div class='ocr_carea' id='block_1_98' title="bbox 2003 3895 3598 3968">
    <p class='ocr_par' dir='ltr' id='par_1_98' title="bbox 2003 3895 3598 3968">
     <span class='ocr_line' id='line_1_99' title="bbox 2003 3895 3598 3968; baseline 0.003 -21"><span class='ocrx_word' id='word_1_777' title='bbox 2003 3896 2200 3964; x_wconf 88' lang='lat' dir='ltr'><strong>quibus</strong></span> <span class='ocrx_word' id='word_1_778' title='bbox 2229 3895 2459 3966; x_wconf 86' lang='lat' dir='ltr'><strong>Erigena</strong></span> <span class='ocrx_word' id='word_1_779' title='bbox 2488 3898 2795 3968; x_wconf 76' lang='lat' dir='ltr'><strong>implicatus</strong></span> <span class='ocrx_word' id='word_1_780' title='bbox 2821 3898 2957 3962; x_wconf 83' lang='lat' dir='ltr'><strong>fuit,</strong></span> <span class='ocrx_word' id='word_1_781' title='bbox 2984 3897 3190 3952; x_wconf 83' lang='lat' dir='ltr'><strong>acturis</strong></span> <span class='ocrx_word' id='word_1_782' title='bbox 3207 3936 3222 3963; x_wconf 92' lang='lat'><strong>,</strong></span> <span class='ocrx_word' id='word_1_783' title='bbox 3243 3897 3332 3952; x_wconf 85' lang='lat' dir='ltr'><strong>hic</strong></span> <span class='ocrx_word' id='word_1_784' title='bbox 3356 3906 3598 3952; x_wconf 87' lang='lat' dir='ltr'><strong>tantum-</strong></span> 
     </span>
    </p>
   </div>
   <div class='ocr_carea' id='block_1_99' title="bbox 2003 3987 3592 4056">
    <p class='ocr_par' dir='ltr' id='par_1_99' title="bbox 2003 3987 3592 4056">
     <span class='ocr_line' id='line_1_100' title="bbox 2003 3987 3592 4056; baseline 0.001 -18"><span class='ocrx_word' id='word_1_785' title='bbox 2003 3987 2164 4040; x_wconf 88' lang='lat' dir='ltr'><strong>modo</strong></span> <span class='ocrx_word' id='word_1_786' title='bbox 2185 3989 2740 4054; x_wconf 86' lang='lat' dir='ltr'><strong>commemorandum,</strong></span> <span class='ocrx_word' id='word_1_787' title='bbox 2765 3989 3078 4056; x_wconf 88' lang='lat' dir='ltr'><strong>ceteroquin</strong></span> <span class='ocrx_word' id='word_1_788' title='bbox 3121 3988 3442 4044; x_wconf 86' lang='lat' dir='ltr'><strong>mittendum</strong></span> <span class='ocrx_word' id='word_1_789' title='bbox 3471 3995 3556 4041; x_wconf 88' lang='lat' dir='ltr'><strong>est</strong></span> <span class='ocrx_word' id='word_1_790' title='bbox 3580 4005 3592 4040; x_wconf 96' lang='lat'>:</span> 
     </span>
    </p>
   </div>
   <div class='ocr_carea' id='block_1_100' title="bbox 2005 4075 3406 4144">
    <p class='ocr_par' dir='ltr' id='par_1_100' title="bbox 2005 4075 3406 4144">
     <span class='ocr_line' id='line_1_101' title="bbox 2005 4075 3406 4144; baseline -0.001 -14"><span class='ocrx_word' id='word_1_791' title='bbox 2005 4076 2072 4130; x_wconf 88' lang='lat' dir='ltr'><strong>de</strong></span> <span class='ocrx_word' id='word_1_792' title='bbox 2100 4075 2296 4140; x_wconf 85' lang='lat' dir='ltr'><strong>altero,</strong></span> <span class='ocrx_word' id='word_1_793' title='bbox 2333 4092 2472 4144; x_wconf 86' lang='lat' dir='ltr'><strong>quae</strong></span> <span class='ocrx_word' id='word_1_794' title='bbox 2504 4079 2686 4133; x_wconf 89' lang='lat' dir='ltr'><strong>dicere</strong></span> <span class='ocrx_word' id='word_1_795' title='bbox 2716 4080 3014 4134; x_wconf 86' lang='lat' dir='ltr'><strong>habeamus</strong></span> <span class='ocrx_word' id='word_1_796' title='bbox 3033 4117 3048 4143; x_wconf 94' lang='lat'><strong>,</strong></span> <span class='ocrx_word' id='word_1_797' title='bbox 3089 4079 3225 4133; x_wconf 89' lang='lat' dir='ltr'><strong>haec</strong></span> <span class='ocrx_word' id='word_1_798' title='bbox 3255 4085 3406 4132; x_wconf 89' lang='lat' dir='ltr'><strong>sunt.</strong></span> 
     </span>
    </p>
   </div>
   <div class='ocr_carea' id='block_1_101' title="bbox 2073 4155 3598 4236">
    <p class='ocr_par' dir='ltr' id='par_1_101' title="bbox 2073 4155 3598 4236">
     <span class='ocr_line' id='line_1_102' title="bbox 2073 4155 3598 4236; baseline -0.001 -17"><span class='ocrx_word' id='word_1_799' title='bbox 2073 4163 2348 4219; x_wconf 87' lang='lat' dir='ltr'><strong>Ludovico</strong></span> <span class='ocrx_word' id='word_1_800' title='bbox 2373 4165 2470 4221; x_wconf 81' lang='lat' dir='ltr'><strong>Pio</strong></span> <span class='ocrx_word' id='word_1_801' title='bbox 2518 4155 2794 4235; x_wconf 80' lang='lat' dir='ltr'><strong>complura</strong></span> <span class='ocrx_word' id='word_1_802' title='bbox 2834 4167 3314 4236; x_wconf 76' lang='lat' dir='ltr'><strong>Pseudo-Dionysii</strong></span> <span class='ocrx_word' id='word_1_803' title='bbox 3351 4165 3598 4233; x_wconf 78' lang='lat' dir='ltr'><strong>AreOpa-</strong></span> 
     </span>
    </p>
   </div>
   <div class='ocr_carea' id='block_1_102' title="bbox 2007 4255 3598 4329">
    <p class='ocr_par' dir='ltr' id='par_1_102' title="bbox 2007 4255 3598 4329">
     <span class='ocr_line' id='line_1_103' title="bbox 2007 4255 3598 4329; baseline -0.002 -20"><span class='ocrx_word' id='word_1_804' title='bbox 2007 4257 2152 4329; x_wconf 84' lang='lat' dir='ltr'><strong>gitae</strong></span> <span class='ocrx_word' id='word_1_805' title='bbox 2183 4257 2384 4324; x_wconf 82' lang='lat' dir='ltr'><strong>scripta</strong></span> <span class='ocrx_word' id='word_1_806' title='bbox 2416 4257 2556 4312; x_wconf 89' lang='lat' dir='ltr'><strong>dono</strong></span> <span class='ocrx_word' id='word_1_807' title='bbox 2593 4257 2816 4309; x_wconf 88' lang='lat' dir='ltr'><strong>miserat</strong></span> <span class='ocrx_word' id='word_1_808' title='bbox 2847 4255 3070 4310; x_wconf 85' lang='lat' dir='ltr'><strong>Michael</strong></span> <span class='ocrx_word' id='word_1_809' title='bbox 3105 4255 3336 4316; x_wconf 75' lang='lat' dir='ltr'><strong>Balbus;</strong></span> <span class='ocrx_word' id='word_1_810' title='bbox 3371 4269 3476 4308; x_wconf 90' lang='lat' dir='ltr'><strong>non</strong></span> <span class='ocrx_word' id='word_1_811' title='bbox 3495 4293 3512 4316; x_wconf 93' lang='lat'><strong>,</strong></span> <span class='ocrx_word' id='word_1_812' title='bbox 3539 4263 3598 4306; x_wconf 91' lang='lat' dir='ltr'><strong>nt</strong></span> 
     </span>
    </p>
   </div>
   <div class='ocr_carea' id='block_1_103' title="bbox 2009 4338 3598 4418">
    <p class='ocr_par' dir='ltr' id='par_1_103' title="bbox 2009 4338 3598 4418">
     <span class='ocr_line' id='line_1_104' title="bbox 2009 4338 3598 4418; baseline -0.005 -16"><span class='ocrx_word' id='word_1_813' title='bbox 2009 4347 2228 4418; x_wconf 88' lang='lat' dir='ltr'><strong>quidam</strong></span> <span class='ocrx_word' id='word_1_814' title='bbox 2257 4346 2460 4415; x_wconf 86' lang='lat' dir='ltr'><strong>opinati</strong></span> <span class='ocrx_word' id='word_1_815' title='bbox 2491 4345 2713 4415; x_wconf 86' lang='lat' dir='ltr'><strong>fuerunt</strong></span> <span class='ocrx_word' id='word_1_816' title='bbox 2751 4345 2852 4414; x_wconf 78' lang='grc' dir='ltr'><strong>(ς),</strong></span> <span class='ocrx_word' id='word_1_817' title='bbox 2879 4357 3020 4396; x_wconf 70' lang='lat' dir='ltr'><strong>armo</strong></span> <span class='ocrx_word' id='word_1_818' title='bbox 3041 4338 3474 4404; x_wconf 69' lang='lat' dir='ltr'><strong>DCCCXXiVW,</strong></span> <span class='ocrx_word' id='word_1_819' title='bbox 3502 4342 3598 4394; x_wconf 86' lang='lat' dir='ltr'><strong>sed</strong></span> 
     </span>
    </p>
   </div>
   <div class='ocr_carea' id='block_1_104' title="bbox 2009 4427 3594 4501">
    <p class='ocr_par' dir='ltr' id='par_1_104' title="bbox 2009 4427 3594 4501">
     <span class='ocr_line' id='line_1_105' title="bbox 2009 4427 3594 4501; baseline -0.008 -8"><span class='ocrx_word' id='word_1_820' title='bbox 2009 4453 2152 4493; x_wconf 90' lang='lat' dir='ltr'><strong>anno</strong></span> <span class='ocrx_word' id='word_1_821' title='bbox 2171 4435 2637 4501; x_wconf 66' lang='lat' dir='ltr'><strong>DCCCXXVIIM,</strong></span> <span class='ocrx_word' id='word_1_822' title='bbox 2671 4449 2772 4490; x_wconf 90' lang='lat' dir='ltr'><strong>nec</strong></span> <span class='ocrx_word' id='word_1_823' title='bbox 2795 4435 2846 4488; x_wconf 92' lang='lat' dir='ltr'><strong>in</strong></span> <span class='ocrx_word' id='word_1_824' title='bbox 2875 4431 3102 4486; x_wconf 86' lang='lat' dir='ltr'><strong>latinum</strong></span> <span class='ocrx_word' id='word_1_825' title='bbox 3133 4443 3440 4486; x_wconf 87' lang='lat' dir='ltr'><strong>sermonem</strong></span> <span class='ocrx_word' id='word_1_826' title='bbox 3463 4427 3594 4484; x_wconf 75' lang='lat' dir='ltr'><strong>con-</strong></span> 
     </span>
    </p>
   </div>
   <div class='ocr_carea' id='block_1_105' title="bbox 2009 4521 3593 4600">
    <p class='ocr_par' dir='ltr' id='par_1_105' title="bbox 2009 4521 3593 4600">
     <span class='ocr_line' id='line_1_106' title="bbox 2009 4521 3593 4600; baseline -0.006 -16"><span class='ocrx_word' id='word_1_827' title='bbox 2009 4545 2164 4585; x_wconf 88' lang='lat' dir='ltr'><strong>versa</strong></span> <span class='ocrx_word' id='word_1_828' title='bbox 2183 4571 2196 4595; x_wconf 93' lang='lat'><strong>,</strong></span> <span class='ocrx_word' id='word_1_829' title='bbox 2226 4527 2366 4600; x_wconf 88' lang='lat' dir='ltr'><strong>quod</strong></span> <span class='ocrx_word' id='word_1_830' title='bbox 2391 4529 2516 4584; x_wconf 88' lang='lat' dir='ltr'><strong>item</strong></span> <span class='ocrx_word' id='word_1_831' title='bbox 2540 4533 2798 4597; x_wconf 88' lang='lat' dir='ltr'><strong>putarunt</strong></span> <span class='ocrx_word' id='word_1_832' title='bbox 2826 4525 2925 4579; x_wconf 84' lang='lat' dir='ltr'><strong>viri</strong></span> <span class='ocrx_word' id='word_1_833' title='bbox 2956 4524 3099 4580; x_wconf 91' lang='lat' dir='ltr'><strong>docti</strong></span> <span class='ocrx_word' id='word_1_834' title='bbox 3129 4523 3230 4594; x_wconf 82' lang='grc' dir='ltr'><strong>(Ιι),</strong></span> <span class='ocrx_word' id='word_1_835' title='bbox 3253 4521 3345 4596; x_wconf 81' lang='lat' dir='ltr'><strong>sed</strong></span> <span class='ocrx_word' id='word_1_836' title='bbox 3379 4537 3593 4593; x_wconf 84' lang='lat' dir='ltr'><strong>graeca.</strong></span> 
     </span>
    </p>
   </div>
   <div class='ocr_carea' id='block_1_106' title="bbox 2011 4611 3610 4689">
    <p class='ocr_par' dir='ltr' id='par_1_106' title="bbox 2011 4611 3610 4689">
     <span class='ocr_line' id='line_1_107' title="bbox 2011 4611 3610 4689; baseline -0.006 -15"><span class='ocrx_word' id='word_1_837' title='bbox 2011 4620 2161 4675; x_wconf 82' lang='lat' dir='ltr'><strong>lianc</strong></span> <span class='ocrx_word' id='word_1_838' title='bbox 2191 4621 2448 4689; x_wconf 82' lang='lat' dir='ltr'><strong>temporis</strong></span> <span class='ocrx_word' id='word_1_839' title='bbox 2471 4619 2734 4672; x_wconf 89' lang='lat' dir='ltr'><strong>rationem</strong></span> <span class='ocrx_word' id='word_1_840' title='bbox 2777 4631 2958 4671; x_wconf 81' lang='lat' dir='ltr'><strong>verum</strong></span> <span class='ocrx_word' id='word_1_841' title='bbox 2982 4627 3103 4669; x_wconf 90' lang='lat' dir='ltr'><strong>esse</strong></span> <span class='ocrx_word' id='word_1_842' title='bbox 3129 4611 3520 4670; x_wconf 86' lang='lat' dir='ltr'><strong>demonstravit</strong></span> <span class='ocrx_word' id='word_1_843' title='bbox 3541 4625 3610 4672; x_wconf 75' lang='lat' dir='ltr'><strong>v.</strong></span> 
     </span>
    </p>
   </div>
   <div class='ocr_carea' id='block_1_107' title="bbox 2017 4742 3599 4822">
    <p class='ocr_par' dir='ltr' id='par_1_107' title="bbox 2017 4742 3599 4822">
     <span class='ocr_line' id='line_1_108' title="bbox 2017 4742 3599 4822; baseline -0.007 -16"><span class='ocrx_word' id='word_1_844' title='bbox 2017 4753 2160 4822; x_wconf 89' lang='lat' dir='ltr'><strong>quod</strong></span> <span class='ocrx_word' id='word_1_845' title='bbox 2190 4753 2353 4806; x_wconf 87' lang='lat' dir='ltr'><strong>verba</strong></span> <span class='ocrx_word' id='word_1_846' title='bbox 2383 4752 2450 4805; x_wconf 91' lang='lat' dir='ltr'><strong>de</strong></span> <span class='ocrx_word' id='word_1_847' title='bbox 2483 4769 2500 4800; x_wconf 84' lang='grc' dir='ltr'><strong>ι</strong></span> <span class='ocrx_word' id='word_1_848' title='bbox 2545 4749 2740 4822; x_wconf 83' lang='lat' dir='ltr'><strong>Schola</strong></span> <span class='ocrx_word' id='word_1_849' title='bbox 2771 4747 3062 4822; x_wconf 51' lang='lat' dir='ltr'><strong>Parjfiensi</strong></span> <span class='ocrx_word' id='word_1_850' title='bbox 3093 4747 3316 4822; x_wconf 78' lang='lat' dir='ltr'><strong>ejusque</strong></span> <span class='ocrx_word' id='word_1_851' title='bbox 3342 4742 3599 4822; x_wconf 71' lang='lat' dir='ltr'><strong>pnefectq</strong></span> 
     </span>
    </p>
   </div>
   <div class='ocr_carea' id='block_1_108' title="bbox 2015 4809 3599 4891">
    <p class='ocr_par' dir='ltr' id='par_1_108' title="bbox 2015 4809 3599 4891">
     <span class='ocr_line' id='line_1_109' title="bbox 2015 4809 3599 4891; baseline -0.008 -13"><span class='ocrx_word' id='word_1_852' title='bbox 2015 4809 2248 4890; x_wconf 72' lang='lat' dir='ltr'><strong>Erigena</strong></span> <span class='ocrx_word' id='word_1_853' title='bbox 2287 4841 2306 4871; x_wconf 72' lang='grc' dir='ltr'><strong>ι</strong></span> <span class='ocrx_word' id='word_1_854' title='bbox 2338 4823 2452 4891; x_wconf 89' lang='lat' dir='ltr'><strong>ipse</strong></span> <span class='ocrx_word' id='word_1_855' title='bbox 2486 4821 2824 4891; x_wconf 82' lang='lat' dir='ltr'><strong>inseruisset.</strong></span> <span class='ocrx_word' id='word_1_856' title='bbox 2869 4817 3068 4891; x_wconf 68' lang='lat' dir='ltr'><strong>_Ycrum</strong></span> <span class='ocrx_word' id='word_1_857' title='bbox 3119 4809 3428 4891; x_wconf 74' lang='lat' dir='ltr'><strong>enimvero,</strong></span> <span class='ocrx_word' id='word_1_858' title='bbox 3455 4809 3599 4880; x_wconf 88' lang='lat' dir='ltr'><strong>quod</strong></span> 
     </span>
    </p>
   </div>
   <div class='ocr_carea' id='block_1_109' title="bbox 2017 4883 3597 4960">
    <p class='ocr_par' dir='ltr' id='par_1_109' title="bbox 2017 4883 3597 4960">
     <span class='ocr_line' id='line_1_110' title="bbox 2017 4883 3597 4960; baseline -0.007 -15"><span class='ocrx_word' id='word_1_859' title='bbox 2017 4883 2141 4954; x_wconf 55' lang='lat' dir='ltr'><strong>alii:</strong></span> <span class='ocrx_word' id='word_1_860' title='bbox 2157 4893 2246 4960; x_wconf 83' lang='lat' dir='ltr'><strong>qui</strong></span> <span class='ocrx_word' id='word_1_861' title='bbox 2276 4883 2482 4960; x_wconf 50' lang='lat' dir='ltr'><strong>tan-turn</strong></span> <span class='ocrx_word' id='word_1_862' title='bbox 2505 4889 2750 4960; x_wconf 62' lang='lat' dir='ltr'><strong>quaedam</strong></span> <span class='ocrx_word' id='word_1_863' title='bbox 2778 4905 2844 4941; x_wconf 74' lang='lat' dir='ltr'><strong>ex</strong></span> <span class='ocrx_word' id='word_1_864' title='bbox 2865 4886 3070 4960; x_wconf 79' lang='lat' dir='ltr'><strong>Nicolai</strong></span> <span class='ocrx_word' id='word_1_865' title='bbox 3095 4883 3332 4960; x_wconf 65' lang='lat' dir='ltr'><strong>epistola</strong></span> <span class='ocrx_word' id='word_1_866' title='bbox 3345 4891 3597 4960; x_wconf 62' lang='lat' dir='ltr'><strong>excerpta</strong></span> 
     </span>
    </p>
   </div>
   <div class='ocr_carea' id='block_1_110' title="bbox 2017 4949 3598 5024">
    <p class='ocr_par' dir='ltr' id='par_1_110' title="bbox 2017 4949 3598 5024">
     <span class='ocr_line' id='line_1_111' title="bbox 2017 4949 3598 5024; baseline -0.01 -7"><span class='ocrx_word' id='word_1_867' title='bbox 2017 4949 2288 5017; x_wconf 73' lang='lat' dir='ltr'><strong>habebant</strong></span> <span class='ocrx_word' id='word_1_868' title='bbox 2311 5001 2328 5024; x_wconf 88' lang='lat'><strong>,</strong></span> <span class='ocrx_word' id='word_1_869' title='bbox 2355 4961 2408 5014; x_wconf 87' lang='lat' dir='ltr'><strong>in</strong></span> <span class='ocrx_word' id='word_1_870' title='bbox 2439 4949 2640 5014; x_wconf 45' lang='lat' dir='ltr'><strong>his-illa</strong></span> <span class='ocrx_word' id='word_1_871' title='bbox 2671 4960 2834 5014; x_wconf 81' lang='lat' dir='ltr'><strong>verba</strong></span> <span class='ocrx_word' id='word_1_872' title='bbox 2865 4973 2969 5010; x_wconf 87' lang='lat' dir='ltr'><strong>non</strong></span> <span class='ocrx_word' id='word_1_873' title='bbox 2999 4949 3272 5024; x_wconf 76' lang='lat' dir='ltr'><strong>legerent,</strong></span> <span class='ocrx_word' id='word_1_874' title='bbox 3299 4953 3479 5024; x_wconf 73' lang='lat' dir='ltr'><strong>Bulaei</strong></span> <span class='ocrx_word' id='word_1_875' title='bbox 3508 4949 3521 4950; x_wconf 31' lang='grc' dir='ltr'>ί</span> <span class='ocrx_word' id='word_1_876' title='bbox 3543 4949 3598 5002; x_wconf 82' lang='lat' dir='ltr'><strong>ft-</strong></span> 
     </span>
    </p>
   </div>
   <div class='ocr_carea' id='block_1_111' title="bbox 2017 5020 3600 5098">
    <p class='ocr_par' dir='ltr' id='par_1_111' title="bbox 2017 5020 3600 5098">
     <span class='ocr_line' id='line_1_112' title="bbox 2017 5020 3600 5098; baseline -0.009 -11"><span class='ocrx_word' id='word_1_877' title='bbox 2017 5033 2138 5086; x_wconf 86' lang='lat' dir='ltr'><strong>dem</strong></span> <span class='ocrx_word' id='word_1_878' title='bbox 2163 5045 2266 5082; x_wconf 90' lang='lat' dir='ltr'><strong>non</strong></span> <span class='ocrx_word' id='word_1_879' title='bbox 2295 5020 2600 5098; x_wconf 81' lang='lat' dir='ltr'><strong>expugnat;</strong></span> <span class='ocrx_word' id='word_1_880' title='bbox 2634 5043 2730 5081; x_wconf 87' lang='lat' dir='ltr'><strong>nec</strong></span> <span class='ocrx_word' id='word_1_881' title='bbox 2771 5027 2855 5090; x_wconf 85' lang='lat' dir='ltr'><strong>id,</strong></span> <span class='ocrx_word' id='word_1_882' title='bbox 2882 5025 3022 5095; x_wconf 88' lang='lat' dir='ltr'><strong>quod</strong></span> <span class='ocrx_word' id='word_1_883' title='bbox 3055 5020 3127 5098; x_wconf 72' lang='lat' dir='ltr'><strong>illi</strong></span> <span class='ocrx_word' id='word_1_884' title='bbox 3159 5021 3430 5098; x_wconf 61' lang='lat' dir='ltr'><strong>quaedam</strong></span> <span class='ocrx_word' id='word_1_885' title='bbox 3459 5020 3600 5086; x_wconf 83' lang='lat' dir='ltr'><strong>lege-</strong></span> 
     </span>
    </p>
   </div>
   <div class='ocr_carea' id='block_1_112' title="bbox 2017 5089 3597 5170">
    <p class='ocr_par' dir='ltr' id='par_1_112' title="bbox 2017 5089 3597 5170">
     <span class='ocr_line' id='line_1_113' title="bbox 2017 5089 3597 5170; baseline -0.009 -15"><span class='ocrx_word' id='word_1_886' title='bbox 2017 5111 2314 5170; x_wconf 85' lang='lat' dir='ltr'><strong>rent,quae</strong></span> <span class='ocrx_word' id='word_1_887' title='bbox 2361 5089 2502 5170; x_wconf 66' lang='lat' dir='ltr'><strong>apud</strong></span> <span class='ocrx_word' id='word_1_888' title='bbox 2543 5089 2684 5170; x_wconf 74' lang='lat' dir='ltr'><strong>hunc</strong></span> <span class='ocrx_word' id='word_1_889' title='bbox 2713 5111 2818 5150; x_wconf 89' lang='lat' dir='ltr'><strong>non</strong></span> <span class='ocrx_word' id='word_1_890' title='bbox 2844 5089 3026 5148; x_wconf 75' lang='lat' dir='ltr'><strong>erant.</strong></span> <span class='ocrx_word' id='word_1_891' title='bbox 3073 5089 3206 5170; x_wconf 68' lang='lat' dir='ltr'><strong>Nam</strong></span> <span class='ocrx_word' id='word_1_892' title='bbox 3251 5101 3311 5170; x_wconf 73' lang='lat' dir='ltr'><strong>et</strong></span> <span class='ocrx_word' id='word_1_893' title='bbox 3337 5089 3597 5170; x_wconf 64' lang='lat' dir='ltr'><strong>Bulaeus,</strong></span> 
     </span>
    </p>
   </div>
   <div class='ocr_carea' id='block_1_113' title="bbox 2017 5154 3600 5226">
    <p class='ocr_par' dir='ltr' id='par_1_113' title="bbox 2017 5154 3600 5226">
     <span class='ocr_line' id='line_1_114' title="bbox 2017 5154 3600 5226; baseline -0.009 -2"><span class='ocrx_word' id='word_1_894' title='bbox 2017 5154 2076 5224; x_wconf 83' lang='lat' dir='ltr'><strong>ut</strong></span> <span class='ocrx_word' id='word_1_895' title='bbox 2116 5154 2549 5224; x_wconf 59' lang='lat' dir='ltr'><strong>Stdudenniaier.</strong></span> <span class='ocrx_word' id='word_1_896' title='bbox 2593 5166 2628 5218; x_wconf 93' lang='lat' dir='ltr'><strong>l.</strong></span> <span class='ocrx_word' id='word_1_897' title='bbox 2664 5167 2700 5220; x_wconf 91' lang='lat' dir='ltr'><strong>l.</strong></span> <span class='ocrx_word' id='word_1_898' title='bbox 2751 5175 2896 5220; x_wconf 89' lang='lat' dir='ltr'><strong>recte</strong></span> <span class='ocrx_word' id='word_1_899' title='bbox 2933 5169 3136 5226; x_wconf 87' lang='lat' dir='ltr'><strong>mouet,</strong></span> <span class='ocrx_word' id='word_1_900' title='bbox 3165 5159 3391 5214; x_wconf 85' lang='lat' dir='ltr'><strong>forsitan</strong></span> <span class='ocrx_word' id='word_1_901' title='bbox 3427 5154 3600 5209; x_wconf 83' lang='lat' dir='ltr'><strong>solum</strong></span> 
     </span>
    </p>
   </div>
   <div class='ocr_carea' id='block_1_114' title="bbox 2016 5237 3486 5306">
    <p class='ocr_par' dir='ltr' id='par_1_114' title="bbox 2016 5237 3486 5306">
     <span class='ocr_line' id='line_1_115' title="bbox 2016 5237 3486 5306; baseline 0.002 -11"><span class='ocrx_word' id='word_1_902' title='bbox 2016 5247 2273 5306; x_wconf 74' lang='lat' dir='ltr'><strong>excerpta</strong></span> <span class='ocrx_word' id='word_1_903' title='bbox 2301 5237 2506 5306; x_wconf 69' lang='lat' dir='ltr'><strong>habuit.</strong></span> <span class='ocrx_word' id='word_1_904' title='bbox 2642 5305 2649 5306; x_wconf 16' lang='grc' dir='ltr'>ί</span> <span class='ocrx_word' id='word_1_905' title='bbox 2721 5303 2730 5306; x_wconf 97' lang='lat'><em>_</em></span> <span class='ocrx_word' id='word_1_906' title='bbox 2807 5301 2844 5306; x_wconf 96' lang='lat'><strong><em>_</em></strong></span> <span class='ocrx_word' id='word_1_907' title='bbox 3123 5296 3168 5306; x_wconf 61' lang='lat'><strong>_,</strong></span> <span class='ocrx_word' id='word_1_908' title='bbox 3281 5293 3372 5306; x_wconf 63' lang='grc' dir='ltr'><strong>νη,</strong></span> <span class='ocrx_word' id='word_1_909' title='bbox 3427 5288 3486 5306; x_wconf 72' lang='grc' dir='ltr'><strong>,η</strong></span> 
     </span>
    </p>
   </div>
   <div class='ocr_carea' id='block_1_115' title="bbox 2025 5289 3598 5434">
    <p class='ocr_par' dir='ltr' id='par_1_115' title="bbox 2025 5289 3598 5434">
     <span class='ocr_line' id='line_1_116' title="bbox 2025 5289 3598 5434; baseline -0.014 -68"><span class='ocrx_word' id='word_1_910' title='bbox 2025 5289 2168 5434; x_wconf 42' lang='lat' dir='ltr'><strong>nisi)</strong></span> <span class='ocrx_word' id='word_1_911' title='bbox 2184 5289 2282 5361; x_wconf 73' lang='lat' dir='ltr'><strong>rCi&quot;.</strong></span> <span class='ocrx_word' id='word_1_912' title='bbox 2304 5289 2457 5360; x_wconf 18' lang='lat' dir='ltr'><strong>iHist.</strong></span> <span class='ocrx_word' id='word_1_913' title='bbox 2481 5289 2585 5360; x_wconf 73' lang='lat' dir='ltr'><strong>litt.</strong></span> <span class='ocrx_word' id='word_1_914' title='bbox 2615 5305 2680 5360; x_wconf 83' lang='lat' dir='ltr'><strong>de</strong></span> <span class='ocrx_word' id='word_1_915' title='bbox 2713 5303 2764 5356; x_wconf 83' lang='lat' dir='ltr'><strong>Ia</strong></span> <span class='ocrx_word' id='word_1_916' title='bbox 2797 5301 3028 5368; x_wconf 81' lang='lat' dir='ltr'><strong>France,</strong></span> <span class='ocrx_word' id='word_1_917' title='bbox 3057 5296 3168 5383; x_wconf 44' lang='lat' dir='ltr'><strong>t.‘V</strong></span> <span class='ocrx_word' id='word_1_918' title='bbox 3193 5311 3246 5380; x_wconf 82' lang='lat' dir='ltr'><strong>p.</strong></span> <span class='ocrx_word' id='word_1_919' title='bbox 3269 5293 3396 5353; x_wconf 65' lang='lat'><strong>425,</strong></span> <span class='ocrx_word' id='word_1_920' title='bbox 3426 5289 3598 5344; x_wconf 52' lang='lat' dir='ltr'><strong>ilio“.</strong></span> 
     </span>
     <span class='ocr_line' id='line_1_117' title="bbox 2025 5357 3533 5434; baseline -0.015 0"><span class='ocrx_word' id='word_1_921' title='bbox 2025 5379 2062 5433; x_wconf 90' lang='lat' dir='ltr'><strong>L</strong></span> <span class='ocrx_word' id='word_1_922' title='bbox 2119 5419 2130 5430; x_wconf 95' lang='lat'><strong>.</strong></span> <span class='ocrx_word' id='word_1_923' title='bbox 2155 5391 2208 5434; x_wconf 84' lang='grc' dir='ltr'><strong>ι)-</strong></span> <span class='ocrx_word' id='word_1_924' title='bbox 2235 5375 2326 5434; x_wconf 76' lang='grc'><strong>45,</strong></span> <span class='ocrx_word' id='word_1_925' title='bbox 2349 5385 2403 5429; x_wconf 87' lang='lat' dir='ltr'><strong>et</strong></span> <span class='ocrx_word' id='word_1_926' title='bbox 2421 5375 2615 5429; x_wconf 85' lang='lat' dir='ltr'><strong>Baron.</strong></span> <span class='ocrx_word' id='word_1_927' title='bbox 2638 5375 2818 5429; x_wconf 86' lang='lat' dir='ltr'><strong>annal.</strong></span> <span class='ocrx_word' id='word_1_928' title='bbox 2839 5377 2906 5427; x_wconf 87' lang='lat' dir='ltr'><strong>ad</strong></span> <span class='ocrx_word' id='word_1_929' title='bbox 2929 5389 3014 5424; x_wconf 88' lang='lat' dir='ltr'><strong>an.</strong></span> <span class='ocrx_word' id='word_1_930' title='bbox 3041 5357 3533 5434; x_wconf 34' lang='lat' dir='ltr'><strong>DLCLﬂXXIYcetL</strong></span> 
     </span>
    </p>
   </div>
   <div class='ocr_carea' id='block_1_116' title="bbox 2095 5391 3597 5517">
    <p class='ocr_par' dir='ltr' id='par_1_116' title="bbox 2095 5391 3597 5517">
     <span class='ocr_line' id='line_1_118' title="bbox 2097 5391 3533 5446; baseline -0.016 -12"><span class='ocrx_word' id='word_1_931' title='bbox 2097 5391 2130 5434; x_wconf 93' lang='lat' dir='ltr'><strong>l.</strong></span> <span class='ocrx_word' id='word_1_932' title='bbox 2155 5391 2208 5446; x_wconf 75' lang='grc' dir='ltr'><strong>ι).</strong></span> <span class='ocrx_word' id='word_1_933' title='bbox 2235 5391 2326 5438; x_wconf 70' lang='grc'><strong>45,</strong></span> <span class='ocrx_word' id='word_1_934' title='bbox 2349 5391 2403 5429; x_wconf 86' lang='lat' dir='ltr'><strong>et</strong></span> <span class='ocrx_word' id='word_1_935' title='bbox 2421 5391 2615 5429; x_wconf 66' lang='grc' dir='ltr'><strong>[κη-οη.</strong></span> <span class='ocrx_word' id='word_1_936' title='bbox 2638 5391 2818 5429; x_wconf 82' lang='lat' dir='ltr'><strong>annm.</strong></span> <span class='ocrx_word' id='word_1_937' title='bbox 2839 5391 2906 5427; x_wconf 82' lang='lat' dir='ltr'><strong>an</strong></span> <span class='ocrx_word' id='word_1_938' title='bbox 2929 5391 3014 5424; x_wconf 86' lang='lat' dir='ltr'><strong>an.</strong></span> <span class='ocrx_word' id='word_1_939' title='bbox 3041 5391 3331 5446; x_wconf 64' lang='lat' dir='ltr'><strong>Uhuxuuu</strong></span> <span class='ocrx_word' id='word_1_940' title='bbox 3351 5391 3533 5441; x_wconf 47' lang='lat' dir='ltr'><strong>v.\-Gh.</strong></span> 
     </span>
     <span class='ocr_line' id='line_1_119' title="bbox 2095 5427 3597 5517; baseline -0.011 -16"><span class='ocrx_word' id='word_1_941' title='bbox 2095 5449 2170 5517; x_wconf 72' lang='lat' dir='ltr'><strong>(Ic)</strong></span> <span class='ocrx_word' id='word_1_942' title='bbox 2197 5445 2284 5517; x_wconf 74' lang='lat' dir='ltr'><strong>gr.</strong></span> <span class='ocrx_word' id='word_1_943' title='bbox 2323 5445 2522 5500; x_wconf 77' lang='lat' dir='ltr'><strong>Mabill.</strong></span> <span class='ocrx_word' id='word_1_944' title='bbox 2559 5445 2740 5517; x_wconf 67' lang='lat' dir='ltr'><strong>aquai.</strong></span> <span class='ocrx_word' id='word_1_945' title='bbox 2771 5435 3084 5517; x_wconf 67' lang='lat' dir='ltr'><strong>li_l_i_.__XX_iV,</strong></span> <span class='ocrx_word' id='word_1_946' title='bbox 3113 5446 3168 5481; x_wconf 80' lang='lat' dir='ltr'><strong>tt.</strong></span> <span class='ocrx_word' id='word_1_947' title='bbox 3195 5431 3286 5496; x_wconf 84' lang='lat'><strong>59,</strong></span> <span class='ocrx_word' id='word_1_948' title='bbox 3326 5427 3468 5485; x_wconf 74' lang='lat' dir='ltr'><strong>Hist.</strong></span> <span class='ocrx_word' id='word_1_949' title='bbox 3495 5429 3597 5484; x_wconf 77' lang='lat' dir='ltr'><strong>bu.</strong></span> 
     </span>
    </p>
   </div>
   <div class='ocr_carea' id='block_1_117' title="bbox 2021 5511 3024 5581">
    <p class='ocr_par' dir='ltr' id='par_1_117' title="bbox 2021 5511 3024 5581">
     <span class='ocr_line' id='line_1_120' title="bbox 2021 5511 3024 5581; baseline -0.017 -9"><span class='ocrx_word' id='word_1_950' title='bbox 2021 5519 2086 5572; x_wconf 83' lang='lat' dir='ltr'><strong>de</strong></span> <span class='ocrx_word' id='word_1_951' title='bbox 2104 5511 2166 5572; x_wconf 65' lang='grc' dir='ltr'><strong>ἰιι</strong></span> <span class='ocrx_word' id='word_1_952' title='bbox 2187 5515 2416 5581; x_wconf 82' lang='lat' dir='ltr'><strong>France,</strong></span> <span class='ocrx_word' id='word_1_953' title='bbox 2449 5523 2580 5570; x_wconf 91' lang='lat' dir='ltr'><strong>tom.</strong></span> <span class='ocrx_word' id='word_1_954' title='bbox 2613 5512 2676 5576; x_wconf 83' lang='lat' dir='ltr'><strong>V,</strong></span> <span class='ocrx_word' id='word_1_955' title='bbox 2709 5529 2764 5580; x_wconf 86' lang='lat' dir='ltr'><strong>p.</strong></span> <span class='ocrx_word' id='word_1_956' title='bbox 2789 5511 2892 5562; x_wconf 72' lang='grc'><strong>425</strong></span> <span class='ocrx_word' id='word_1_957' title='bbox 2919 5513 3024 5557; x_wconf 75' lang='lat' dir='ltr'><strong>uel.</strong></span> 
     </span>
    </p>
   </div>
   <div class='ocr_carea' id='block_1_118' title="bbox 2021 5619 3600 5702">
    <p class='ocr_par' dir='ltr' id='par_1_118' title="bbox 2021 5619 3600 5702">
     <span class='ocr_line' id='line_1_121' title="bbox 2021 5619 3600 5702; baseline -0.011 -15"><span class='ocrx_word' id='word_1_958' title='bbox 2021 5632 2252 5702; x_wconf 65' lang='lat' dir='ltr'><strong>weriret</strong></span> <span class='ocrx_word' id='word_1_959' title='bbox 2263 5671 2278 5693; x_wconf 89' lang='lat'><strong>,</strong></span> <span class='ocrx_word' id='word_1_960' title='bbox 2293 5632 2521 5702; x_wconf 64' lang='lat' dir='ltr'><strong>omnino</strong></span> <span class='ocrx_word' id='word_1_961' title='bbox 2531 5641 2635 5680; x_wconf 82' lang='lat' dir='ltr'><strong>non</strong></span> <span class='ocrx_word' id='word_1_962' title='bbox 2649 5632 2854 5702; x_wconf 78' lang='lat' dir='ltr'><strong>constat</strong></span> <span class='ocrx_word' id='word_1_963' title='bbox 2893 5619 3030 5702; x_wconf 77' lang='lat' dir='ltr'><strong>Quid</strong></span> <span class='ocrx_word' id='word_1_964' title='bbox 3043 5625 3228 5702; x_wconf 66' lang='lat' dir='ltr'><strong>noster</strong></span> <span class='ocrx_word' id='word_1_965' title='bbox 3247 5619 3300 5674; x_wconf 88' lang='lat' dir='ltr'><strong>in</strong></span> <span class='ocrx_word' id='word_1_966' title='bbox 3325 5619 3414 5674; x_wconf 82' lang='lat' dir='ltr'><strong>illo</strong></span> 
     </span>
    </p>
   </div>
   <div class='ocr_carea' id='block_1_119' title="bbox 2023 5688 3578 5768">
    <p class='ocr_par' dir='ltr' id='par_1_119' title="bbox 2023 5688 3578 5768">
     <span class='ocr_line' id='line_1_122' title="bbox 2023 5688 3578 5768; baseline -0.015 -10"><span class='ocrx_word' id='word_1_967' title='bbox 2023 5688 2166 5758; x_wconf 73' lang='lat' dir='ltr'><strong>mine</strong></span> <span class='ocrx_word' id='word_1_968' title='bbox 2187 5688 2378 5768; x_wconf 71' lang='lat' dir='ltr'><strong>egerit,</strong></span> <span class='ocrx_word' id='word_1_969' title='bbox 2401 5701 2454 5751; x_wconf 90' lang='lat' dir='ltr'><strong>in</strong></span> <span class='ocrx_word' id='word_1_970' title='bbox 2480 5690 3116 5758; x_wconf 58' lang='lat' dir='ltr'><strong>Prommioexpssuimus.</strong></span> <span class='ocrx_word' id='word_1_971' title='bbox 3139 5689 3404 5747; x_wconf 64' lang='lat' dir='ltr'><strong>Axium.</strong></span> <span class='ocrx_word' id='word_1_972' title='bbox 3441 5688 3578 5742; x_wconf 73' lang='lat' dir='ltr'><strong>Enn</strong></span> 
     </span>
    </p>
   </div>
  </div>
