4152 6276
525 303 603 364 25
1655 299 1744 356 DE
1783 299 1832 356 Ι.
1875 297 2096 356 SCOTO
2131 298 2641 357 COHMENTATIO.
3727 315 3806 372 2-4

528 506 931 577 incorrigibilis.
986 505 1205 559 Honore
1251 502 1719 574 presbyterali.....
1753 502 2028 572 abjectus,
2057 511 2114 556 et

525 611 628 668 pro
682 613 778 652 sua
829 594 1168 652 irrevocabili
1217 589 1674 649 contumacia..."
1726 603 1787 647 ut
1836 592 2112 662 improbus

528 689 697 758 virgis
724 704 1001 744 caesus....
1052 703 1117 742 ne
1143 687 1266 742 aliis
1292 694 1532 750 noceret,
1565 686 1654 755 qui
1683 686 1784 740 sibi
1815 685 1962 756 (ipsi)
1989 699 2112 756 pro-

477 807 494 824 ι
529 778 685 833 desse
715 778 946 838 nolebat,
979 777 1249 846 ergastulo
1273 787 1357 830 est
1385 784 1627 829 retrusus
1656 795 1698 827 ι.

600 868 749 936 Quae
798 883 968 939 poena
1022 867 1387 921 miserandum
1420 867 1472 919 in
1503 866 1720 918 modum
1754 865 2114 919 Gothescalco

529 957 796 1028 irrogata,
827 957 1011 1020 movit,
1049 965 1108 1008 ut
1138 955 1253 1008 fieri
1284 955 1442 1019 solet,
1477 955 1754 1008 hominum
1790 964 1900 1008 tum
1953 957 2113 1010 mise-

528 1049 792 1101 rationem
841 1053 960 1103 tum
1002 1045 1450 1115 indignationem.
1499 1044 1608 1109 Ac,
1642 1044 1687 1098 si
1727 1045 1814 1098 cui
1847 1045 1981 1098 haec
2028 1061 2113 1099 res

526 1137 706 1192 minus
731 1137 881 1191 cordi
926 1146 1096 1199 esset,
1128 1136 1460 1204 exstiterunt
1503 1136 1700 1190 summi
1735 1135 1990 1204 theologi,
2021 1137 2124 1204 qui-

523 1237 875 1292 verereutur,
931 1243 1000 1282 ne
1053 1227 1255 1295 injuste
1301 1225 1518 1282 fecisset
1569 1226 1914 1293 Hincmarus,
1971 1227 2112 1295 quod

524 1318 866 1374 Gothescalci
910 1318 1104 1388 placita
1147 1316 1642 1386 praedestinatiano
1681 1331 1868 1372 errore
1916 1316 2112 1371 infecta

525 1423 650 1464 esse
669 1409 988 1476 judicassot.

597 1483 712 1551 Nec.
767 1497 981 1563 hercle,
1035 1511 1388 1566 quaecunque
1455 1496 1695 1565 alioquin
1772 1495 2113 1552 Gothescalci

525 1587 797 1641 sententia
828 1585 952 1651 fuit,
985 1602 1050 1642 ex
1089 1587 1256 1656 ipsius
1285 1587 1486 1651 verbis,
1517 1587 1711 1656 quibus
1737 1601 1859 1640 eam
1893 1586 2117 1658 Mogun-
2157 1580 2168 1592 ³

527 1679 673 1734 tinae
718 1679 924 1749 synodo
953 1678 1258 1749 explicavit,
1287 1689 1553 1749 quatenus
1585 1679 1849 1748 hodieque
1876 1687 2114 1745 exstant,

432 473 439 479 ,
527 415 844 489 Moguntina
885 414 1125 480 civitate,
1175 413 1425 469 inventus
1449 411 1578 483 (est)
1608 411 1913 468 haereticus
1945 420 2108 481 atque
2135 414 2187 473 Δ
2214 411 2374 476 sit,...
2415 411 2702 481 praecipue
2727 420 2916 466 contra
2939 411 3322 484 Pelagianos...
3349 433 3380 472 a
3407 419 3466 474 Β.
3497 421 3812 491 Augustino

2218 504 2500 578 plenius...
2557 519 2678 559 esse
2721 507 3070 575 cognoscitur
3128 508 3475 566 inculcatum.
3533 515 3688 572 Unde
3747 527 3814 574 te

2216 596 2510 667 (Hrahane)
2542 598 2723 666 potius
2741 596 2980 664 ejusdem
3009 599 3248 656 doctoris
3274 604 3664 663 assertionibus
3694 625 3806 664 ma-

2214 687 2417 741 lueram
2455 688 2574 752 niti,
2604 701 2767 757 quam
2805 688 3050 743 erroneis
3076 689 3422 759 opinionibus
3451 691 3810 755 Massiliensis

2212 777 2548 832 Gennadii...
2573 769 2600 824 ι’

2283 869 2462 936 Atque
2495 869 2627 922 haec
2658 868 2768 936 ipsa
2803 881 2888 921 res
2919 855 3252 924 summorum
3280 872 3647 945 theologorum
3684 888 3801 933 stu-

2215 958 2301 1012 dia
2331 958 2608 1012 excitavit.
2644 959 2994 1013 H-incmarutn
3048 962 3100 1015 in
3129 961 3470 1019 Gothescalci
3502 969 3800 1036 praedesti-

2215 1049 2434 1102 natione
2476 1051 2780 1102 damnanda
2833 1049 2888 1103 S.
2923 1050 3283 1120 Augustinum
3308 1055 3531 1122 petiisse
3566 1058 3800 1112 arbitra-

2215 1137 2431 1191 bantur.
2448 1137 2634 1207 Itaque
2655 1139 2854 1192 acriter
2870 1139 3185 1208 impngnant
3202 1141 3551 1196 Hincmarum
3572 1143 3801 1216 ejusque

2216 1230 2469 1295 amicum,
2522 1230 2613 1300 qui
2672 1230 2723 1283 in
2763 1229 3106 1285 Gothescalci
3155 1247 3319 1286 causa
3350 1233 3717 1291 fidelissimam
3744 1239 3793 1294 ei

2215 1335 2438 1390 operam
2475 1319 2847 1389 praestiterat,
2901 1318 3218 1384 Pardulum,
3248 1322 3558 1392 episcopum
3586 1324 3795 1380 Laudu-

2216 1427 2458 1467 nensem.
2482 1413 2626 1467 Inter
2645 1428 2783 1482 quos
2811 1411 3090 1466 llincmari
3114 1413 3440 1484 Pardulique
3461 1417 3798 1475 adversarios

2219 1501 2570 1566 liatramnus,
2622 1501 2918 1556 monachus
2939 1500 3308 1566 Corhciensis,
3355 1503 3411 1556 S.
3447 1503 3792 1570 Prudentius,

2216 1594 2501 1663 episcopus
2556 1593 2922 1657 Tricassinus,
2973 1593 3173 1662 Lupus,
3210 1593 3378 1646 abbas
3406 1593 3794 1661 Ferrariensis,

2217 1687 2493 1757 eritispicui
2548 1685 2698 1741 fuere
2751 1686 2842 1758 (e).
2878 1687 2940 1740 Hi
2985 1700 3176 1740 omnes
3231 1687 3447 1755 scriptis
3487 1689 3601 1742 suis
3635 1691 3804 1744 etiam

523 1770 634 1834 tlllo
663 1779 822 1840 pacto
846 1770 1088 1840 colligeS.
1131 1785 1270 1840 quae
1315 1779 1368 1824 el
1395 1769 1716 1824 Hincmarus
1744 1779 1799 1824 et
1827 1769 2114 1824 "rabaltus
2148 1761 2187 1818 Β
2219 1777 2482 1830 malorum
2513 1777 2792 1830 hominum
2835 1774 3394 1846 praedestinationem
3422 1775 3799 1844 defendentes,

522 1858 596 1912 illi
619 1859 950 1922 tribuebant,
979 1869 1143 1928 atque
1175 1876 1298 1915 cum
1322 1859 1545 1931 synodis
1567 1860 1680 1914 suis
1702 1860 1754 1912 in
1779 1860 1867 1914 illo
1893 1860 2115 1913 damna-

521 1959 736 2004 verunt.
784 1949 972 2004 Refert
1021 1951 1155 2004 haec
1190 1950 1376 2013 verba,
1415 1950 1466 2003 id
1502 1949 1644 2018 quod
1674 1949 1778 2002 hoc
1807 1948 1923 2002 loco
1967 1955 2114 2002 certe

523 2040 717 2094 summi
753 2049 836 2093 est
879 2040 1172 2104 momenti,
1219 2039 1331 2108 ipse
1386 2038 1729 2092 llinemarus.
1781 2038 1830 2092 ls
1874 2039 2018 2091 enim
2060 2038 2111 2091 in

522 2128 664 2182 libro
693 2144 793 2184 suo
822 2128 891 2183 de
915 2129 1404 2197 praelmstiuatione
1432 2129 1509 2200 (a)
1542 2129 1678 2182 duas
1703 2145 1732 2182 a
1762 2127 2116 2183 Gothescalco

525 2221 580 2275 in
613 2221 820 2291 synodo
846 2219 1156 2290 Moguntina
1180 2219 1502 2290 scriptiones
1532 2219 1768 2290 prolatas
1791 2234 1912 2274 esse
1935 2220 2112 2286 docet,

522 2327 754 2379 quarum
786 2311 958 2365 altera
994 2311 1095 2366 fuit
1142 2329 1160 2361 ι
1210 2311 1334 2365 fidei
1363 2312 1429 2365 de
1463 2311 1955 2380 praedestinatione
1985 2326 2114 2366 con-

521 2403 688 2458 fessio
727 2422 772 2469 ο,
817 2404 986 2457 altera
1022 2420 1041 2452 ι
1081 2403 1298 2457 libellus
1323 2403 1387 2456 ad
1427 2401 1737 2456 Hrabanum
1773 2422 1790 2454 ι
1825 2402 1897 2470 (1))
1926 2421 1938 2456 :
1969 2401 2114 2456 illam

524 2496 685 2550 habet
713 2497 1000 2565 integram,
1036 2509 1105 2549 ex
1138 2495 1240 2549 hac
1268 2494 1424 2548 all'ert
1457 2493 1780 2564 fragmenta.
1813 2493 1958 2548 Haec
1989 2507 2114 2547 vero

522 2585 867 2648 Gothescalci
915 2587 1078 2640 verba
1116 2602 1222 2640 non
1255 2587 1533 2640 continent
1570 2587 1840 2641 haeresim
1886 2587 2114 2656 praede-

521 2677 888 2731 stinatianam.
939 2676 1122 2746 Neque
1169 2677 1312 2730 enim
1344 2677 1712 2740 contendunt,
1744 2677 2115 2745 praedestina-

521 2777 633 2821 tam
664 2783 784 2822 esse
817 2783 847 2820 a
880 2767 991 2822 Deo
1040 2782 1210 2836 usque
1254 2768 1322 2821 ah
1351 2769 1498 2842 omni
1529 2769 1857 2824 aeternitate
1887 2763 2114 2824 alteram

521 2859 801 2914 hominum
831 2867 1038 2928 partem
1067 2860 1134 2913 ad
1176 2860 1314 2914 bene
1358 2870 1614 2928 recteque
1646 2861 1955 2923 vivendum,
1983 2861 2116 2914 alte-

520 2963 636 3001 ram
670 2949 736 3001 ad
776 2948 917 3002 male
957 2962 1230 3018 praveque
1278 2951 1576 3018 agendum;
1611 2949 1756 3004 illam
1792 2950 2018 3019 proinde
2048 2951 2118 3005 ad

520 3040 882 3109 sempiternae
910 3041 1054 3094 vitae
1102 3040 1516 3105 beatitudinem,
1565 3043 1707 3096 banc
1734 3044 1802 3096 ad
1835 3051 2112 3096 aeternam

2214 1867 2404 1923 iisdem
2459 1867 2571 1922 fere
2619 1885 2740 1922 cum
2790 1867 3171 1932 Gothescalco,
3232 1868 3357 1936 quia
3403 1877 3458 1922 et
3493 1869 3565 1929 ,S.
3599 1872 3802 1940 ,Augu-

2214 1962 2340 2014 stini
2391 1970 2568 2026 erant,
2637 1960 2998 2015 loculionibus
3058 1962 3369 2014 utebantur.
3427 1961 3610 2031 Neque
3684 1965 3805 2020 ullo

2213 2059 2376 2120 pacto
2440 2064 2501 2104 ea
2559 2050 2612 2103 in
2657 2066 2717 2105 re
2772 2050 2976 2118 culpari
3037 2053 3280 2119 possunt,
3323 2053 3520 2120 quippe
3545 2053 3633 2122 qui
3687 2071 3793 2108 non

2215 2138 2363 2192 illum
2395 2138 2449 2192 in
2484 2139 2567 2193 his
2596 2153 2816 2193 sensum
2841 2139 3026 2193 inesse
3056 2139 3342 2205 voluerint,
3365 2155 3523 2209 quem
3549 2141 3790 2195 Hincma-

2213 2246 2308 2285 rus
2336 2245 2456 2284 cum
2489 2230 2618 2284 suis.
2651 2228 2998 2283 IIincmarum
3019 2238 3220 2292 autem,
3246 2245 3387 2298 quae
3415 2246 3512 2284 non
3541 2245 3790 2300 sperave-

2214 2327 2318 2381 rat,
2351 2319 2419 2372 ad
2470 2318 2666 2372 incitas
2696 2318 2810 2371 fere
2840 2318 3183 2387 redegerunt.
3240 2317 3384 2372 Satis
3437 2319 3577 2372 enim
3626 2318 3796 2386 probe

2215 2407 2572 2477 intelligebat,
2601 2422 2723 2461 cum
2753 2423 2782 2460 a
2814 2406 3182 2460 celeberrimis
3229 2407 3492 2477 theologis
3515 2418 3624 2460 tam
3673 2421 3793 2460 ma-

2215 2499 2390 2553 lorum
2442 2513 2604 2567 quam
2655 2498 2942 2560 bonorum,
2974 2497 3088 2550 sive
3136 2497 3346 2565 gemina
3370 2495 3808 2565 praedestinatio‘

2215 2589 2525 2652 doceretur,
2549 2603 2713 2658 quam
2749 2589 2862 2657 ipse
2891 2589 2944 2641 in
2972 2588 3328 2644 Gothescalco
3367 2588 3697 2648 damnasset,
3727 2587 3802 2640 de

2215 2678 2355 2732 fama
2383 2686 2545 2747 atque
2595 2677 2994 2732 existimatione
3048 2677 3486 2744 ornamentisque
3536 2674 3792 2728 omnibus

2215 2769 2320 2823 sibi
2339 2783 2460 2823 esse
2481 2767 2890 2822 decertandum.
2920 2767 3100 2833 Quare
3126 2762 3481 2836 scriptoribus
3507 2781 3793 2835 opponen-

2205 2847 2313 2912 'dos
2339 2873 2458 2912 esse
2483 2858 2742 2912 censebat
2759 2857 3071 2926 scriptores.
3101 2857 3285 2925 Itaque
3313 2857 3379 2910 ab
3405 2855 3792 2909 Hiucmariana

2217 2957 2370 3016 parte
2392 2963 2514 3002 cum
2541 2947 2654 3008 alii,
2685 2955 2794 3000 tum
2817 2948 3104 3016 praecipue
3129 2947 3323 3002 SCOIIIS
3351 2955 3556 3012 noster,
3579 2947 3671 3014 qui
3697 2961 3788 3016 ge-

2219 3039 2420 3092 minam
2465 3037 2609 3091 illam
2640 3038 3190 3107 praedestinationem
3226 3038 3304 3110 (1')
3331 3038 3482 3094 libris
3509 3037 3671 3092 editis
3695 3053 3789 3093 ex-

523 3132 738 3186 futurae
787 3132 930 3184 vitae
978 3131 1341 3186 calamitatem
1368 3148 1383 3185 :
1410 3148 1518 3200 qua
1569 3147 1627 3185 re
1672 3132 1813 3197 ﬁeri,
1865 3142 1925 3188 ut
1975 3135 2109 3188 nihil
2141 3101 2184 3162 Ο
2217 3138 2536 3201 pugnarent,
2567 3130 2840 3184 sollicitati
2875 3139 3002 3184 sunt
3029 3130 3126 3200 (ς).

520 3236 743 3289 prorsus
771 3220 940 3274 libero
988 3221 1268 3274 hominum
1321 3219 1549 3274 arbitrio
1595 3221 1666 3274 sit
1711 3222 1974 3277 relictum.
2010 3223 2113 3277 De-

521 3317 827 3364 monstrant
855 3317 1042 3364 contra
1090 3311 1225 3365 satis
1271 3319 1478 3378 aperte,
1514 3310 1678 3366 Deum
1720 3312 1968 3368 homines
2013 3314 2114 3368 im-

521 3401 640 3468 pios
701 3400 1138 3469 praedestinasse
1196 3400 1314 3454 illos
1385 3400 1605 3470 quidem
1660 3401 1728 3455 ad
1790 3419 1809 3452 ι
1879 3411 2108 3458 mortem

522 3491 909 3560 sempiternam
946 3511 992 3557 ι,
1023 3505 1122 3545 nec
1151 3491 1406 3556 voluisse,
1446 3501 1504 3546 ut
1541 3512 1557 3542 ι
1579 3493 1844 3562 perpetim
1891 3494 2108 3549 salven-

521 3590 612 3634 tur
651 3601 699 3647 ι,
742 3581 837 3637 sed
887 3600 904 3633 ι
947 3590 1169 3652 propter
1216 3582 1454 3650 ipsorum
1495 3583 1634 3636 mala
1684 3585 1877 3638 merita
1916 3605 1960 3648 ι,
1991 3585 2125 3666 ideo.

521 3676 663 3746 quod
687 3690 784 3730 eos
832 3693 851 3726 ι
902 3675 1167 3744 pessimos
1212 3673 1418 3730 futuros
1465 3689 1585 3730 esse
1633 3676 2014 3744 praescivisset
2049 3678 2102 3731 »Ξ

523 3765 706 3832 Quare
761 3765 908 3821 solae
963 3766 1086 3820 illae
1111 3765 1439 3831 locutiones,
1469 3765 1669 3834 quibus
1719 3765 2109 3822 Gethcscaleus

520 3874 651 3913 usus
693 3867 800 3923 est,
831 3858 1184 3914 oﬂ‘ensionem
1231 3857 1486 3913 habuisse
1532 3858 1836 3912 videantur.
1871 3860 1939 3912 At
1967 3860 2110 3930 ejus-

519 3951 666 4004 modi
698 3949 996 4005 locutiones
1026 3951 1369 4020 reperiuntur
1395 3949 1558 4004 etiam
1591 3950 1734 4020 apud
1765 3949 1820 4004 S.
1853 3951 2111 4019 Augusti-

520 4055 648 4094 num
682 4040 774 4111 (ε),
801 4057 864 4095 ex
889 4040 1044 4109 cujus
1077 4041 1229 4096 libris
1265 4039 1676 4096 Gothescalcum
1699 4041 1802 4096 sibi
1827 4041 2109 4098 sustulisse

521 4130 855 4184 arbitramur
886 4147 1030 4186 suas.
1061 4132 1149 4186 Ait
1189 4131 1332 4185 enim
1361 4133 1475 4201 ipse
1507 4132 1559 4185 in
1593 4132 1887 4200 scriptione
1920 4133 2006 4187 illa
2039 4136 2106 4189 ad

519 4219 832 4275 Hrahanum
861 4222 939 4292 (ά)
973 4240 987 4276 :
1022 4242 1040 4273 ‹
1072 4221 1146 4277 De
1173 4221 1344 4277 libero
1381 4223 1631 4288 arbitrio,
1662 4223 1792 4292 quid
1817 4223 2106 4277 tenendum

590 4352 666 4426 (ᾳ)
692 4352 773 4426 tif.
807 4369 925 4426 cap.
959 4353 1002 4426 ν
1033 4370 1152 4424 cap.
1186 4355 1328 4419 XXI,
1362 4371 1479 4424 cap.
1514 4354 1681 4410 XXIV
1731 4371 1850 4426 cap.
1890 4355 2102 4413 XXVII.

591 4423 663 4497 (ιι)
698 4423 814 4491 Ipsa
844 4423 1187 4497 Gothescalei
1223 4426 1408 4497 verba,
1433 4423 1570 4497 cum
1614 4423 1862 4497 brevitati
1900 4427 2102 4497 aliquid
2135 4434 2182 4492 D

2201 3245 2206 3250 -
2285 3220 2598 3290 Composuit
2625 3221 2786 3290 igitur
2814 3220 3008 3275 Scotus
3042 3221 3236 3276 librum
3265 3237 3420 3276 suum
3469 3220 3537 3276 de
3559 3220 3783 3289 praede-

2214 3311 2505 3365 stinatione
2563 3315 2823 3365 adversus
2851 3310 3286 3375 Gothescalcum,
3334 3325 3566 3378 eumque
3617 3308 3785 3364 edidit

2213 3417 2354 3455 anno
2383 3399 2619 3454 DCCCLI
2665 3401 2764 3470 (It).
2795 3400 2972 3454 Semel
2999 3409 3208 3454 tantum
3237 3402 3341 3454 hoc
3367 3399 3514 3454 Scoti
3543 3413 3679 3466 opus
3709 3405 3786 3466 ty-

2211 3491 2296 3559 pis
2343 3489 2674 3558 descriptum
2702 3490 2902 3559 prodiit
2933 3498 3053 3543 :est
3085 3491 3222 3558 apud
3253 3489 3594 3557 Mauguinum
3626 3487 3685 3541 in
3727 3487 3790 3541 Ii-

2211 3581 2334 3643 bro,
2365 3595 2526 3648 quem
2559 3579 2696 3634 infra
2728 3582 2862 3650 (not.
2893 3580 2941 3650 ε)
2974 3580 3329 3634 laudavimus.

2280 3669 2359 3724 De
2398 3667 2887 3724 Praedestinalione
2931 3668 3060 3722 liber
3105 3667 3436 3736 undeviginti
3477 3665 3791 3736 complecti-

2213 3767 2302 3812 tur
2340 3759 2541 3827 eapita.
2575 3772 2714 3827 quae
2754 3758 3029 3826 praecedit
3064 3757 3421 3826 prooemium,
3443 3755 3788 3823 subsequitur

2209 3851 2450 3922 epilogus
2475 3869 2487 3903 :
2514 3866 2612 3905 nec
2633 3850 2920 3904 admodum
2941 3851 3118 3919 magni
3134 3858 3216 3904 est
3239 3847 3539 3903 voluminis.
3566 3845 3785 3900 Missum
3873 3847 3880 3850 ’

2209 3952 2313 4008 est,
2344 3943 2482 3997 utin
2525 3943 2801 4012 prooemio
2856 3941 3067 4012 legitur,
3127 3942 3414 3997 Hincmaro
3434 3938 3688 3994 Remensi
3735 3949 3789 3992 et

2209 4034 2442 4090 Pardulo
2497 4033 2870 4098 Laudunensi;
2925 4049 3158 4103 quorum
3187 4049 3385 4088 causae
3413 4041 3698 4104 patronum
3721 4045 3781 4086 se

2210 4128 2484 4183 exstitisse
2524 4125 2720 4182 Scotus
2759 4126 2968 4181 scribit.

2280 4217 2468 4288 Itaque
2503 4217 2606 4270 hoc
2657 4215 2828 4271 solum
2858 4214 2957 4285 ipsi
2985 4214 3250 4284 agendum
3283 4214 3399 4278 fuit,
3431 4221 3488 4268 ut
3515 4209 3782 4282 geminam

2215 4352 2241 4420 ς
2280 4352 2368 4407 Vl.
2402 4350 2542 4404 Max.
2577 4349 2843 4420 ihihlioth.
2891 4355 3001 4402 vet.
3031 4355 3167 4415 pat.,
3208 4347 3338 4400 edit.
3373 4346 3621 4420 Lugdun._
3654 4351 3781 4394 tom.

2208 4405 2336 4484 ἳὶνξ
2378 4420 2520 4474 Gilb.
2573 4415 2841 4488 Mauguin.
2892 4405 3160 4471 veterum'
3193 4405 3493 4476 auctorum,
3532 4413 3621 4479 qui
3646 4426 3781 4488 “sec.

519 4480 754 4546 dandum
784 4504 947 4554 esset,
983 4495 1288 4547 describere
1319 4480 1607 4547 noluimus.
1641 4480 1914 4550 Ceterum,
1940 4480 2103 4551 etiam
2137 4480 2177 4536 ’τ
2208 4491 2281 4544 IX
2321 4480 2384 4544 de
2407 4491 2675 4558 ΡΓίιθάεεί·
2698 4480 2755 4558 ξεί
2781 4488 3339 4558 simu“.§9",il’se"!'"E-,
3367 4498 3526 4558 ονῗῖδ
3553 4491 3617 4558 et.
3642 4480 3780 4558 ἠδ’

519 4561 660 4630 apud
690 4559 861 4612 Natal.
887 4562 1040 4630 Alex.
1069 4561 1432 4630 reperiuntur.
1450 4562 1538 4630 in.
1564 4563 1685 4617 Nat.
1710 4564 1861 4621 Alex.
1889 4566 1942 4620 in
1973 4566 2101 4621 hist.

518 4629 854 4703 eccles._sec.
880 4629 1033 4703 lX‘e-t
1064 4629 1364 4703 x.’ai§§.__v
1392 4631 1418 4703 §
1446 4629 1530 4686 III.

591 4699 661 4776 (ς)
699 4697 783 4776 Cf.
825 4699 890 4754 de
920 4699 1068 4754 civit.
1097 4699 1339 4776 Dei‘XY,
1377 4697 1440 4756 l':
1475 4723 1494 4754 ι
1531 4703 1630 4776 Est
1669 4720 1770 4758 una
1797 4705 2100 4776 (hominum

521 4769 798 4838 soeietas),
853 4786 992 4842 quae
1043 4771 1442 4842 praedestinata
1481 4783 1586 4838 est,
1620 4774 1672 4828 in
1702 4769 1982 4829 aeternum
2017 4791 2102 4830 re-

520 4855 838 4914 gnare__cpm_
870 4841 1021 4914 Deo,
1049 4841 1536 4914 alte_r_a_a_elernum
1567 4845 1886 4914 supplicium
1917 4845 2100 4900 subire

518 4925 641 4961 cum
666 4911 877 4967 diabolo
907 4932 952 4964 ι.
987 4911 1120 4967 Ibid.
1150 4911 1320 4977 XXII,
1347 4913 1417 4966 ξι
1467 4914 1520 4967 in
1554 4911 1814 4968 line—edit.
1849 4915 2092 4968 Tauclm.

517 4977 841 5053 Ifips.189.5,
866 4981 971 5053 vol.
1005 4982 1066 5046 II,
1091 4999 1143 5052 p.
1169 4982 1274 5037 412
1299 5001 1310 5034 :
1335 5003 1364 5053 ί(
1397 4984 1534 5050 Quid
1561 4983 1724 5053 igitur
1750 4983 2098 5053 dabit(Deus)

519 5047 607 5104 iis.
643 5065 778 5118 quos
805 5047 1228 5120 praedestinavit
1278 5052 1347 5106 ad
1384 5047 1716 5122 vitaquui
1771 5047 2098 5106 hacc'etiam

516 5117 664 5172 dedit
692 5121 777 5174 iis.
809 5138 944 5174 auos
975 5123 1396 5174 praedestinavit
1425 5125 1489 5174 ad
1521 5133 1750 5174 mortem
1783 5123 1843 5174 )?
1872 5121 1934 5174 Et
1975 5137 2098 5174 nas-

519 5125 664 5172 dedit
692 5125 777 5184 iis,
809 5138 944 5191 quos
975 5125 1396 5193 praedestinavit
1425 5125 1489 5175 ad
1521 5133 1750 5174 mortem
1783 5125 1843 5174 )?
1872 5125 1934 5174 Et
1974 5137 2098 5191 pas-

521 5189 697 5271 sim.in
735 5193 852 5248 aliis
881 5192 937 5247 S.
963 5193 1250 5263 Augustini
1291 5192 1506 5260 scriptis
1535 5192 1667 5246 tales
1693 5192 1990 5248 locutiones
2019 5193 2102 5246 in-

519 5270 828 5315 veniuntur.
910 5270 912 5272 ’

589 5275 828 5317 ηιιιιιιιιν.

589 5279 954 5402 rsupra
981 5332 1104 5403 (hac
1133 5330 1260 5400 col.)
1287 5337 1400 5384 not.
1423 5347 1455 5382 a
1482 5331 1609 5403 (ξε-ρ.
1641 5328 1877 5403 Ioannes
1901 5329 2094 5403 §cotns

517 5396 584 5451 de
603 5396 875 5471 praede-st:
920 5396 1040 5456 adv.
1069 5396 1324 5457 Gothesc.
1370 5415 1488 5468 cap.
1521 5398 1681 5471 Xl,_§
1730 5401 1798 5454 ἓξ
1845 5420 1863 5452 ε
1894 5399 2097 5454 Gothe-

516 5467 725 5541 scalcus
746 5489 790 5535 ι,
811 5473 948 5541 ait.¢
973 5473 1204 5526 maxime
1218 5467 1519 5541 Augustino
1540 5467 1859 5524 nefahdi'sui
1877 5471 2096 5539 dogma-
2171 5483 2180 5492 '

519 5535 589 5588 tis
613 5551 804 5593 causas
835 5540 1038 5593 referre
1065 5543 1199 5596 solet
1234 5561 1278 5596 ι.

588 5603 656 5674 (e)
685 5605 778 5679 _(_Jf.
834 5607 986 5679 Hist.
1027 5610 1105 5664 litt
1158 5612 1222 5664 de
1265 5612 1318 5666 la
1357 5614 1586 5670 l'rance.
1621 5623 1750 5665 tom.
1788 5609 1849 5674 V,
1876 5627 1928 5679 p.
1960 5609 2096 5669 554;

513 5668 649 5745 'Nat.
674 5674 821 5730 Alex.
854 5677 908 5731 in
939 5677 1064 5733 hist.
1105 5680 1299 5736 cccles.
1349 5697 1456 5738 sec.
1510 5668 1582 5736 IX?
1607 5693 1657 5737 et
1699 5679 1744 5734 X
1782 5668 1994 5737 dissert.
2036 5668 2094 5745 γέ

2209 4569 2388 4614 menta
2407 4547 2664 4627 'plurima.
2695 4547 2866 4610 Paris.
2907 4547 3108 4627 16:39“
3155 4554 3255 4627 vol.
3285 4547 3414 4627 ἕως
3449 4551 3562 4627 Hac
3604 4550 3656 4604 in
3707 4547 3788 4600 hi-

2206 4630 2396 4684 blioth.
2418 4618 2656 4696 'patrum
2690 4635 2744 4696 et
2797 4627 2936 4695 apud
2986 4625 3326 4694 Mauguinum
3358 4618 3566 4690 singula
3596 4632 3785 4673 eorum

2205 4695 2510 4760 auctorum,
2548 4711 2683 4764 quos
2732 4695 3090 4758 laudavimus,
3117 4696 3340 4764 scripta,
3381 4699 3647 4764 quatenus
3689 4702 3819 4744 ex-.

2205 4779 2374 4832 stant,
2405 4758 2544 4821 facili
2567 4758 2732 4832 opera
2781 4765 3148 4829 inveniuntur,
3193 4758 3362 4832 quare
3392 4758 3578 4817 comm
3610 4758 3786 4814 locum

2203 4838 2512 4908 accuratius
2534 4835 2775 4908 indicare
2797 4835 3218 4908 supersedimus.
3484 4900 3499 4908 _
3628 4897 3657 4908 __
3740 4895 3753 4908 .

2275 4909 2341 4979 (f)
2400 4907 2477 4961 De
2539 4905 2650 4979 sola
2701 4897 2914 4979 gemina
2959 4905 3272 4979 praedest._,
3314 4917 3419 4979 non
3468 4900 3536 4953 de
3565 4897 3785 4979 reliquis

2206 4967 2412 5034 duabus
2440 4967 2846 5049 quaestionibus
2873 4973 2914 5043 (I
2940 4967 3007 5027 de
3041 4972 3507 5049 lihero_hominum
3536 4967 3780 5049 arbitrio.

2202 5049 2267 5105 ll.
2297 5041 2474 5102 utrum
2498 5045 2747 5100 Christus
2775 5041 2891 5112 pro
2912 5043 3162 5114 omnibus
3183 5041 3517 5114 hominibus
3544 5045 3786 5114 mortuus

2205 5121 2295 5181 sit,
2321 5135 2388 5172 an
2417 5133 2516 5188 pro
2541 5117 2609 5170 iis
2639 5106 2868 5188 tantum,
2911 5113 3000 5188 qui
3033 5111 3414 5181 praedestinati
3466 5109 3578 5162 siut-
3601 5106 3676 5185 ad.
3704 5106 3786 5188 γί-

2210 5175 2368 5254 tam),
2420 5175 2557 5256 quae
2587 5195 2642 5239 et
2686 5175 3078 5256 ipsaeiacriter
3127 5187 3608 5256 proponerentur,
3664 5175 3784 5256 ideo

2124 5303 2136 5315 .
2210 5249 2368 5314 locuti
2439 5249 2660 5318 sumus,
2706 5249 2873 5321 'quod
2941 5252 3076 5306 haec
3129 5249 3257 5319 ipsa
3319 5249 3563 5321 omnium
3622 5252 3784 5321 caput

2201 5309 2462 5408 e't'quasi
2508 5309 2703 5394 parens
2748 5309 2902 5387 'fuit,
2979 5336 3080 5376 nec
3134 5309 3330 5376 Scelus
3381 5316 3619 5386 reliquas
3668 5309 3790 5366 illas.

2202 5407 2476 5535 [Iit
2526 5463 2733 5535 Eccles.
2776 5462 3022 5534 Lugdun.
3052 5459 3145 5516 lib.
3171 5459 3239 5514 de
3267 5457 3444 5535 tribps
3467 5454 3627 5535 epist.
3655 5465 3783 5535 cap.

2201 5526 2375 5592 39ῗίἰι
2401 5533 2617 5587 Maxim.
2645 5526 2892 5589 biblioth'.
2916 5543 3026 5587 vet.
3054 5544 3196 5602 patr.
3221 5528 3353 5583 edit.
3381 5526 3627 5597 Lugdun.
3647 5531 3782 5578 υω.

2201 5608 2321 5672 XV,
2345 5603 2526 5676 p.1587
2563 5602 2628 5655 H.
2652 5620 2767 5676 seq.

2279 5666 2358 5748 (Ii).
2382 5673 2468 5730 Cf:
2497 5687 2660 5743 supra
2689 5666 2824 5748 Cap.
2845 5672 2888 5741 Ι,
2917 5666 3024 5729 cui.
3127 5677 3240 5725 not.
3263 5667 3332 5748 .b.
