4152 6276
321 314 415 374 ῗέἰ

1185 317 1270 373 DE
1313 316 1466 373 VITA
1503 312 1592 371 ET
1625 313 2034 372 PRECEPTIS
2070 316 2116 371 J.
2159 316 2378 374 SCOTI.
2419 348 2487 360 --
2523 321 2700 378 PARS
2738 323 2780 378 l.

3550 329 3634 388 ’θ’

333 436 498 491 illam
549 422 1116 508 praedestinationem,
1145 453 1286 507 quae
1319 436 1389 492 ab
1417 435 1694 491 Hincmari
1721 430 1929 488 Pardu-
1962 436 2007 495 Α
2037 434 2208 504 egerit
2236 453 2248 487 :
2282 432 2565 488 nocentior
2603 449 2824 489 suorum
2876 445 3076 490 causae
3120 433 3240 505 fuit,
3297 451 3462 508 quam
3511 445 3620 500 nti-

334 527 499 598 quue
531 528 850 583 adversariis
880 525 1289 591 defendebatur,
1344 526 1556 581 idoneis
1596 524 1932 595 argumentis

338 611 702 692 expugnaret,
732 622 811 678 sin
837 623 1040 686 minus,
1071 620 1486 676 Gothcscalcum
1514 636 1574 675 re
1595 635 1726 674 vera
1766 622 1931 688 prae?

344 713 736 769 destinatianae
763 711 978 766 haeresi
1027 710 1239 766 afﬁnem
1266 709 1432 766 fuisse
1456 711 1784 765 ostenderet.
1834 707 1931 764 llis

341 804 510 874 igitur
530 803 584 856 in
627 803 788 858 nebus
817 818 924 872 qua
971 802 1248 871 diligentia
1281 810 1525 856 versatus
1552 801 1737 864 fuerit,
1768 800 1929 870 paulo

336 893 647 947 accuratius
681 908 1091 964 persequemur.
1150 892 1297 960 Quae
1324 901 1500 948 autem
1542 901 1823 963 praeterea
1860 891 1928 946 de

333 982 483 1039 Scoti
530 983 711 1050 libro,
772 987 868 1055 qui
914 1003 1061 1041 nunc
1109 986 1164 1040 in
1217 985 1420 1041 nostris
1500 996 1582 1040 est
1635 985 1924 1048 manibus,

329 1084 648 1130 memoratu
705 1076 867 1147 digna
911 1078 1215 1143 videantur,
1265 1091 1330 1132 ea
1373 1077 1631 1147 deinceps
1682 1077 1922 1147 explica-

330 1163 866 1309 1ῃἙζείῖοηιεετςειῑίθο
888 1256 1018 1309 nihil
1049 1255 1348 1319 dubitatur,
1392 1255 1520 1324 quin
1549 1273 1567 1306 σ
1597 1255 1920 1311 diabolicum

335 1344 484 1399 istud
523 1345 716 1415 dogma
750 1365 768 1397 ι
805 1345 965 1400 fuerit
997 1346 1352 1416 amplexatus.
1385 1346 1634 1417 Legimus
1667 1347 1812 1401 enim
1843 1347 1918 1417 (α)

341 1451 362 1485 ι
391 1450 458 1489 ex
481 1435 818 1491 Gotbescalci
841 1439 1108 1492 sententia
1131 1437 1267 1492 duas
1293 1453 1406 1493 esse
1433 1439 1483 1492 in
1511 1439 1620 1492 Deo
1641 1440 1922 1508 praedesti-

331 1525 602 1591 natioues,
627 1526 852 1582 alteram
883 1529 1170 1596 bonorum,
1201 1530 1463 1585 malorum
1484 1531 1706 1585 alteram
1738 1550 1750 1584 :
1778 1531 1923 1586 illius

329 1625 519 1671 coactu
548 1617 686 1679 fieri,
719 1627 776 1672 ut
802 1634 907 1672 una
931 1620 1212 1674 hominum
1239 1636 1367 1689 pars
1393 1629 1538 1676 recte
1587 1622 1728 1675 vivat
1755 1629 1919 1691 atque

326 1709 395 1761 ad
429 1717 712 1762 aeternam
742 1709 1129 1766 beatitudinem
1161 1712 1462 1781 perveniat,
1485 1711 1648 1782 hujus
1681 1712 1917 1767 necessi-

2033 524 2154 579 lior.

2104 615 2369 671 Maximae
2396 625 2578 672 autem
2633 618 2840 682 turbae,
2894 619 3132 674 maxima
3175 619 3456 676 hominum
3501 631 3614 677 tum

2032 706 2320 762 admiratio
2349 709 2460 762 tuin
2493 709 2788 778 indignatio
2821 717 2969 764 mota
3015 719 3144 764 sunt
3171 725 3258 775 eo,
3285 713 3432 782 quod
3465 711 3613 770 Scoti

2030 799 2169 854 liber
2190 815 2457 854 summam
2487 800 2576 855 ille
2601 801 2820 870 quidem
2851 817 2980 872 erga
3014 803 3182 857 Deum
3214 805 3466 874 pietatem
3499 807 3610 877 spi—

2030 892 2207 956 rabat,
2261 899 2319 945 at
2353 907 2621 956 errorum,
2670 892 3019 961 ineptiarum,
3051 894 3490 966 mirabiliumque
3521 912 3612 951 re-

2031 996 2172 1046 rum,
2202 997 2338 1050 quas
2391 982 2479 1036 illa
2513 990 2691 1036 aetate
2716 997 2816 1037 uec
2846 982 3009 1038 fando
3038 985 3394 1052 audivissent,
3425 988 3611 1043 multi-

1997 1082 1999 1084 ·
2029 1071 2222 1126 tudine
2242 1071 2476 1126 refertus
2499 1082 2616 1126 erat
2645 1073 2870 1142 ingenti.
2906 1073 3022 1128 Hoc
3050 1074 3229 1144 igitur,
3260 1087 3526 1145 quatenus
3553 1078 3606 1131 in

2024 1165 2332 1232 praesentia
2381 1163 2496 1216 ﬁeri
2547 1172 2742 1232 potest,
2788 1163 3138 1230 declaraturi,
3183 1165 3299 1235 jam
3342 1167 3409 1221 de
3441 1168 3610 1223 totius
3705 1181 3710 1186 '

1985 1267 1990 1271 '
2024 1252 2146 1307 libri
2171 1268 2382 1307 summa
2410 1254 2822 1323 disputabimus.

2093 1343 2242 1411 Quae
2266 1361 2474 1400 summa
2508 1347 2610 1402 hac
2650 1346 2762 1401 fere
2810 1347 2863 1402 in
2903 1363 2962 1402 re
3011 1357 3300 1403 versatur:
3328 1364 3438 1404 non
3486 1364 3610 1406 esse

2023 1435 2156 1488 duas
2181 1434 2233 1487 iu
2256 1433 2368 1488 Deo
2400 1436 2919 1505 praedestinationes
2940 1437 3036 1509 (Γ),
3062 1437 3158 1492 sed
3183 1452 3345 1492 unam
3375 1447 3603 1506 tantum,

2021 1540 2247 1594 eamque
2279 1527 2556 1580 hominum
2594 1529 2880 1584 bonorum.

2090 1617 2266 1686 Atque
2295 1616 2455 1684 hujus
2501 1619 2716 1687 quidem
2769 1621 2846 1674 rei
2891 1629 3210 1691 argumenta
3260 1623 3604 1694 reperiuntur

2018 1706 2247 1776 plurima
2300 1715 2355 1762 et
2401 1723 2661 1778 perquam
2712 1711 2882 1764 varia.
2931 1711 3135 1766 Horum
3191 1728 3332 1782 quae
3368 1714 3606 1768 maxime

327 1805 436 1852 tate
487 1798 823 1854 ineluctabili
863 1801 1088 1856 alteram
1138 1780 1448 1857 mortalium
1475 1780 1686 1873 partem
1714 1812 1769 1857 et
1818 1804 1917 1857 im-
1945 1780 1991 1839 Β
2019 1800 2490 1852 commemoranda
2521 1815 2642 1854 esse
2672 1801 2971 1864 vidcantur,
3022 1817 3086 1855 ea
3120 1780 3224 1872 pro
3258 1804 3418 1872 hujus
3446 1803 3601 1857 volu-

324 1888 493 1956 probe
521 1888 711 1943 vivere
729 1889 852 1944 etin
879 1898 1154 1944 aeternam
1173 1892 1454 1945 incurrere
1477 1892 1839 1946 calamitatem
1867 1909 1910 1946 ι.

325 1977 548 2032 Summa
591 1979 728 2033 adeo
769 1994 893 2050 cum
944 1980 1310 2049 indignatione
1339 1981 1691 2035 acerbissima
1725 1981 1780 2034 in
1806 1980 1914 2038 Go-

323 2073 650 2128 thescalcum
693 2076 934 2130 convicia
968 2075 1286 2146 ingeruntur
1314 2075 1412 2146 (b).
1441 2075 1782 2143 Quamquam
1817 2091 1913 2130 au-

323 2178 427 2222 tem
465 2167 630 2224 Scoto
652 2169 706 2224 id
735 2170 970 2225 maxime
1006 2171 1357 2239 spectandum
1401 2168 1519 2231 fuit,
1551 2178 1609 2221 ut
1637 2167 1908 2222 infelicem

323 2255 473 2310 illum
493 2258 770 2312 hominem
801 2259 931 2312 tanti
955 2260 1156 2314 erroris
1183 2265 1504 2327 roargueret
1520 2259 1720 2327 potius,
1744 2272 1910 2327 quam

327 2357 629 2410 accusaret,
646 2355 823 2402 tamen
842 2363 907 2401 ne
919 2349 1247 2403 levissimum
1263 2350 1479 2418 quidem
1499 2357 1905 2418 argumentum,

323 2451 435 2505 quo
462 2437 565 2490 hac
585 2437 640 2491 in
669 2452 727 2490 re
755 2438 966 2506 patroni
995 2440 1243 2507 partibus
1269 2439 1629 2503 satisfaceret,
1660 2437 1910 2509 proferre

318 2527 545 2582 studuit.
565 2525 763 2582 Teucri
781 2527 1195 2584 Gothescalcum
1220 2531 1750 2599 praedestinatianae
1777 2531 1909 2584 hae-

315 2620 454 2674 resis
479 2619 639 2689 culpa
672 2635 940 2689 nusquam
969 2621 1329 2686 demonstrat,
1355 2637 1622 2690 nusquam
1669 2637 1775 2675 non
1799 2637 1912 2678 cre-

313 2719 426 2777 pat.

383 2798 496 2853 Nec
524 2800 705 2854 minus
734 2800 790 2854 in
823 2799 990 2856 altero
1023 2801 1134 2866 illo,
1157 2801 1300 2872 quod
1329 2800 1496 2856 Scoto
1524 2803 1902 2873 perliciendum

318 2890 488 2944 fuisse
517 2891 858 2956 monuimus,
908 2908 1130 2946 suorum
1174 2894 1507 2963 exspectatio
1551 2903 1631 2949 est
1658 2895 1895 2963 decepta.

319 2980 460 3034 Nam
487 2989 543 3035 et
584 2981 629 3035 si
668 2981 959 3036 fortissime
1006 2983 1267 3038 adversus
1316 2984 1641 3054 geminarum
1669 2986 1898 3055 praede-

321 3070 673 3125 stinationum
703 3071 954 3126 terricula
971 3073 1264 3142 proeliatus
1291 3081 1387 3136 est,
1417 3082 1588 3128 tamen
1617 3074 1746 3128 illud
1776 3084 1896 3129 tan-

2015 1889 2179 1944 minis
2240 1889 2451 1944 ratione
2508 1905 2671 1958 quam
2734 1891 3141 1946 accuratissime
3186 1892 3601 1961 explicabimus.

2017 1977 2157 2033 Sunt
2195 1980 2340 2033 enim
2371 1980 2442 2033 ita
2487 1986 2620 2034 sane
2665 1991 2999 2052 comparata,
3045 1982 3176 2036 nihil
3217 1995 3274 2039 ut
3323 1982 3495 2054 magis
3530 1982 3600 2037 ad

2013 2083 2199 2123 verum
2230 2067 2375 2123 Scoti
2403 2069 2672 2140 ingenium
2701 2072 3082 2127 declarandum
3114 2074 3398 2142 pertineat.

2032 2197 2035 2200 -
2082 2157 2123 2211 1.
2164 2177 2182 2210 ι
2216 2159 2403 2212 Divina
2431 2159 2677 2217 voluntas
2698 2171 2752 2216 et
2784 2162 2962 2216 divina
2993 2163 3414 2232 praedestinatio
3445 2164 3596 2218 omni

2016 2256 2204 2304 carent
2230 2249 2575 2314 necessitate,
2603 2266 2742 2320 quae
2778 2267 2870 2307 eas
2899 2252 2980 2307 vel
3007 2252 3326 2322 impelleret,
3370 2253 3454 2306 vel
3497 2254 3598 2308 im-

2010 2340 2254 2411 pediret:
2301 2340 2413 2404 illa,
2447 2341 2567 2395 ideo
2609 2343 2750 2412 quod
2791 2351 2874 2398 est
2907 2359 3114 2398 summa
3137 2343 3378 2399 omnium
3413 2360 3592 2402 rerum

2010 2444 2210 2495 causa;
2261 2429 2416 2494 haec,
2454 2439 2740 2502 propterea
2792 2433 2956 2503 quod,
3012 2435 3218 2504 pariter
3253 2449 3318 2490 ac
3346 2435 3595 2491 voluntas

2007 2521 2210 2584 divina,
2246 2521 2387 2576 Deus
2415 2531 2499 2576 est
2528 2507 2601 2593 (g)
2631 2543 2681 2578 ›.

2076 2609 2215 2677 Quid
2242 2612 2412 2666 inde?
2450 2613 2556 2667 Nos
2597 2615 2812 2683 quidem
2844 2632 2950 2671 non
2981 2618 3249 2681 videmus,
3281 2618 3410 2689 quid
3455 2620 3591 2674 haec

2005 2699 2108 2755 sibi
2136 2700 2326 2761 velint.
2355 2703 2461 2757 nisi
2500 2705 2638 2759 forte
2678 2714 2773 2760 aut
2818 2707 3055 2762 divinam
3106 2709 3432 2763 voluntatem
3465 2725 3588 2764 cum

2004 2790 2240 2845 humana
2265 2793 2494 2846 eandem
2522 2802 2703 2862 putes,
2749 2804 2841 2848 aut
2869 2811 2931 2849 ea
2979 2797 3092 2864 ipsa
3135 2798 3204 2850 de
3225 2813 3409 2858 causa,
3442 2811 3587 2867 quon

2005 2883 2094 2938 illa
2128 2894 2212 2939 est
2245 2885 2434 2948 libera,
2467 2886 2611 2939 hanc
2634 2899 2850 2955 quoque
2879 2887 3106 2940 liberam
3135 2901 3254 2958 esse
3281 2888 3586 2942 arbitreris.

2003 2975 2196 3030 Scotus
2218 2991 2318 3031 nos
2340 2977 2575 3031 incertos
2597 2977 2877 3046 relinquit,
2903 2986 3286 3048 praeterquam
3316 2981 3459 3048 quod
3481 2979 3588 3036 alio

2000 3067 2232 3136 quodam
2265 3067 2382 3122 loco
2409 3067 2486 3139 (Ii)
2519 3067 2748 3124 scribit:
2799 3086 2818 3120 ε
2850 3070 3099 3126 debuisse
3131 3071 3449 3127 creatriccm
3486 3088 3584 3128 vo-

320 3172 455 3223 tum.
479 3163 620 3232 quod
643 3178 742 3218 nec
772 3135 1188 3226 curare-debuit,
1209 3163 1352 3232 juste
1379 3166 1733 3236 impugnavit,
1763 3167 1892 3221 illud
1923 3135 1968 3196 C
2002 3157 2260 3213 Illnlalem
2290 3160 2528 3215 diVinam
2556 3175 2745 3218 creare
2773 3162 3104 3218 voluntatem
3142 3163 3378 3221 hominis
3406 3167 3486 3221 sui
3511 3167 3558 3222 si
3591 3179 3595 3183 '

311 3261 512 3315 autem,
542 3253 684 3322 quod
714 3255 931 3323 proprie
973 3257 1260 3325 petendum
1302 3257 1420 3322 fuit,
1449 3257 1538 3311 vix
1567 3259 1796 3323 curavit,
1834 3274 1898 3313 ac

306 3341 557 3412 plumbeo
587 3342 784 3403 solum,
835 3352 894 3397 ut
920 3344 1089 3407 aiunt,
1128 3344 1302 3414 gladio
1325 3347 1540 3400 invasit.
1569 3345 1896 3402 Justc'enim

305 3431 640 3501 impugnavit
671 3429 827 3494 illud,
877 3433 1017 3502 quod
1049 3432 1372 3488 lliucmarus
1395 3449 1516 3504 cum
1545 3435 1657 3489 suis
1704 3435 1756 3488 in
1786 3434 1896 3489 Go-

304 3519 575 3574 thescalco
603 3519 988 3582 damnaverat;
1017 3523 1233 3591 proprie
1259 3524 1548 3591 petendum
1581 3521 1681 3576 fuit
1739 3523 1890 3588 illud,

301 3609 442 3678 quod
464 3609 886 3663 Hincmarianae
909 3611 1078 3678 parties
1106 3611 1398 3665 adversarii
1427 3613 1479 3666 in
1504 3613 1887 3677 Gothcscalco,

303 3705 363 3750 ut
387 3697 460 3750 ita
512 3697 781 3760 dicamus,
839 3697 1212 3754 defenderant.
1243 3700 1422 3768 Atque
1454 3702 1610 3765 haec,
1667 3702 1718 3756 id
1745 3703 1890 3772 quod

302 3802 465 3855 supra
495 3802 526 3840 a
546 3788 702 3842 nobis
724 3790 1027 3858 expositum
1062 3797 1168 3855 est,
1199 3797 1312 3844 toto
1332 3791 1488 3846 coelo
1533 3792 1676 3845 inter
1697 3808 1756 3847 se
1787 3792 1889 3847 dif-

303 3876 510 3933 ferunt.
531 3879 664 3933 Illud
705 3881 906 3948 ubique
931 3881 1032 3936 sibi
1059 3882 1479 3953 aggrediendum
1513 3886 1743 3954 sumpsit
1771 3887 1882 3956 (c);

302 3967 358 4021 in
393 3967 494 4021 hoc
522 3968 778 4037 impetum
798 3970 1030 4039 aliquem
1059 3986 1183 4026 eum
1209 3971 1402 4028 fecisse
1429 3977 1882 4041 concesserimus,

299 4054 421 4109 ideo
460 4056 602 4125 quod
652 4057 794 4113 inter
833 4069 1177 4129 argumenta,
1225 4063 1420 4130 quibus
1473 4063 1599 4117 illud
1640 4075 1883 4121 evertere

299 4147 528 4212 studuit,
561 4149 927 4217 reperiuntur,
951 4167 1090 4220 quae
1119 4151 1286 4206 etiam
1315 4152 1442 4207 huic
1465 4154 1710 4224 Opposita
1733 4155 1884 4210 dixe-

297 4239 378 4292 ris
401 4239 505 4307 (ά).

369 4330 552 4400 Atque
604 4329 669 4385 de
707 4331 796 4387 illo
821 4343 911 4388 aut
955 4335 1100 4391 victo
1151 4346 1243 4391 aut
1290 4352 1396 4391 non
1427 4338 1571 4394 victo
1598 4339 1742 4395 inter
1762 4353 1876 4407 eos,

293 4419 562 4474 adversus
576 4436 710 4489 quos
735 4421 894 4479 Scoto
927 4441 1014 4481 res
1045 4435 1190 4482 esset
1215 4429 1470 4498 gerenda,
1503 4447 1571 4485 ne
1600 4432 1878 4488 mutivisse

288 4509 524 4578 quidem
558 4509 862 4567 invenimus
906 4530 1267 4585 quemquam;
1324 4519 1423 4588 ipsi
1475 4535 1691 4589 quoque
1743 4522 1870 4577 illud

288 4615 499 4655 summe
522 4601 963 4670 improbaverant
983 4622 996 4658 :
1018 4607 1119 4662 hoc
1133 4617 1334 4672 autem,
1357 4623 1518 4677 quam
1542 4624 1645 4663 non
1670 4611 1870 4667 victum

285 4692 746 4761 existimaverint,
777 4693 915 4750 infra
945 4697 1261 4753 docebimus
1285 4698 1376 4770 (e).
1402 4700 1588 4772 Itaque
1600 4700 1714 4769 jam
1744 4705 1871 4758 hinc

284 4782 415 4837 satis
461 4791 649 4852 patere
695 4786 1046 4853 arbitramur,
1101 4789 1313 4858 qualem
1361 4789 1556 4847 Scotus
1580 4802 1869 4863 patronum

351 4932 430 5012 (ᾳ)
580 4949 701 5005 cap.
729 4936 770 5001 I,
795 4937 823 5010 ᾗ
852 4937 918 5002 4;
947 4939 1180 5012 capJY,
1210 4940 1237 5012 ᾗ
1270 4942 1293 4996 l
1321 4957 1437 5012 seq,
1459 4952 1514 4998 et
1540 4945 1758 5012 passim.

353 5003 429 5084 (ὁ)
462 5003 562 5084 _CI._
590 5003 835 5084 prooem.
857 5003 1028 5084 ;_c_ap_:
1057 5011 1098 5084 I_,
1129 5003 1333 5084 μζ,ιὶ
1363 5003 1478 5084 cap.
1506 5003 1568 5081 ll',
1594 5014 1622 5084 §
1652 5017 1712 5077 l;
1745 5029 1863 5084 cap.

278 5069 371 5150 III."
399 5069 426 5150 ε
451 5072 565 5150 4L5
593 5069 668 5140 '5;
717 5069 1027 5150 φιλῇς
1056 5069 1280 5150 afepit.
1314 5069 1340 5150 ς
1372 5069 1441 5136 5.“
1554 5069 1622 5084 "’
1659 5111 1675 5124 ι

354 5142 690 5223 (ελρΐξρὲρ.
716 5145 758 5208 I,
787 5142 817 5218 ᾗ
845 5147 909 5212 2;
933 5142 1052 5223 cap.
1084 5149 1144 5212 II,
1167 5142 1203 5222 ς
1229 5153 1278 5215 l,
1309 5142 1339 5223 ς
1366 5152 1428 5223 (ἧς
1451 5167 1569 5222 cap.
1603 5151 1693 5214 XI,
1725 5151 1752 5223 ᾗ
1793 5155 1815 5207 I
1846 5171 1860 5220 ;

276 5225 398 5277 cap.
428 5210 522 5273 IV,
552 5210 675 5284 εἷιέ
707 5210 1281 5285 praeterea'hucs'unt
1309 5210 1601 5276 "aﬂ'ireu'da
1634 5210 1862 5278 illavferé

274 5293 596 5362 argumenta
621 5326 636 5346 ,
693 5301 950 5362 q_uor_um_
969 5290 1209 5358 pondere
1237 5293 1377 5362 (cap.
1410 5291 1453 5345 Il
1474 5307 1680 5362 -—cap.
1716 5292 1860 5361 VIII)

272 5353 543 5418 geminam
567 5353 1115 5429 praedestinationem
1133 5353 1286 5414 suam
1311 5353 1614 5429 deprimere
1628 5353 1820 5417 nititur
1841 5353 1855 5418 ἑ

270 5431 545 5502 quatenus
570 5423 826 5502 videlicet
863 5427 965 5502 hoc
989 5429 1276 5502 probatum
1301 5423 1510 5502 volunt,
1565 5449 1670 5487 non
1701 5447 1860 5502 posse

272 5489 468 5568 Deum_
515 5501 614 5546 ant
689 5495 863 5550 libero
939 5489 1222 5554 hominum
1296 5489 1522 5556 arbitrio
1604 5489 1855 5568 ollicere,

268 5569 359 5613 aut
401 5563 470 5617 ad
521 5579 741 5618 morum
786 5577 1073 5638 praecepta
1106 5571 1387 5642 migranda
1433 5587 1628 5644 cogere
1673 5563 1860 5642 quem;

265 5644 446 5698 quam.

330 5701 410 5772 (ό)
441 5700 528 5758 Cf.
559 5717 682 5774 cap.
707 5703 858 5759 IX—
877 5723 998 5780 cap.
1023 5696 1419 5782 XIX,quorum
1443 5729 1713 5771 summam
1736 5727 1861 5769 mox

2000 3249 2207 3316 milem,
2254 3251 2304 3306 id
2327 3261 2410 3307 est
2439 3251 2660 3308 liberam
2690 3273 2735 3306 ι.

2070 3341 2132 3395 II.
2167 3362 2186 3394 ι
2217 3344 2583 3415 Quaecunque
2620 3347 2688 3400 de
2726 3345 2838 3401 Deo
2866 3347 3249 3417 praedicantur
3283 3350 3452 3420 (velut
3493 3366 3581 3408 es-

1997 3435 2192 3500 sentia,
2225 3437 2504 3506 sapientia,
2535 3437 2730 3509 virtus)
2757 3447 2882 3494 sunt
2907 3455 3074 3495 unum
3103 3460 3121 3493 ι
3154 3459 3168 3495 :
3205 3459 3224 3492 ι
3261 3444 3409 3510 atqui
3443 3445 3578 3499 nihil

1994 3523 2062 3579 de
2105 3540 2170 3579 eo
2201 3526 2378 3580 verius
2416 3535 2471 3582 et
2505 3527 2784 3583 honestius
2813 3530 3031 3594 dicitur,
3081 3547 3240 3601 quam
3284 3533 3577 3601 praedestiv

1993 3617 2140 3670 natio
2169 3635 2214 3670 ι.
2256 3617 2490 3699 «Itaque
2519 3620 2682 3674 etiam
2729 3623 3154 3689 praedestinatio
3192 3639 3294 3677 uua
3325 3633 3409 3679 est
3433 3626 3496 3693 (ἱ)
3527 3645 3572 3679 ι.

2061 3706 2144 3760 III.
2177 3726 2195 3758 ι
2226 3708 2569 3765 Contrarium
2601 3719 2687 3766 est
2730 3715 3000 3768 essentiae
3020 3731 3211 3770 —nou
3253 3729 3394 3780 esse,
3428 3715 3574 3771 vitae

1985 3829 2056 3838 -—
2075 3800 2314 3866 interire,
2335 3800 2580 3870 iustitiae
2601 3834 2672 3844 -—
2692 3813 3000 3874 peccatum,
3033 3805 3356 3860 beatitudini
3379 3837 3450 3848 —
3471 3810 3572 3863 mi-

1986 3891 2128 3945 seria
2158 3909 2169 3944 :
2211 3906 2382 3961 quare
2413 3895 2576 3949 etiam
2603 3910 2790 3950 eorum
2831 3911 3028 3953 causae
3058 3898 3222 3966 (duae
3251 3898 3374 3953 illae
3406 3914 3566 3968 prae-

1985 3984 2394 4056 destinationcs)
2422 3988 2564 4042 inter
2599 4003 2658 4042 se
2699 3991 3006 4045 contrariae
3036 3990 3146 4044 sint
3193 4004 3414 4045 necesse
3459 3997 3565 4046 cst.

1983 4072 2088 4126 Eas
2130 4072 2293 4141 igitur
2321 4085 2514 4128 natura
2565 4077 2764 4142 divina,
2815 4095 2957 4146 quae
2997 4095 3100 4134 una
3146 4089 3354 4133 tantum
3379 4087 3462 4136 est
3501 4095 3565 4136 ac

1982 4161 2228 4228 simplex,
2264 4162 2317 4214 in
2344 4178 2400 4215 se
2425 4164 2742 4231 coujunctas
2765 4167 2964 4220 habere
2992 4170 3178 4236 nequit
3205 4169 3276 4237 (j)
3313 4190 3357 4223 ι.

2049 4249 2138 4305 1V.
2174 4271 2192 4303 ‹
2225 4252 2356 4306 Boni
2385 4253 2648 4322 prohique
2670 4255 2914 4310 homines
2943 4257 3086 4310 nulla
3127 4263 3452 4317 necessitate
3494 4267 3562 4319 ad

1977 4343 2230 4398 virtutem
2280 4341 2676 4411 compelluntur
2726 4360 2740 4397 :
2793 4343 3115 4412 adjuvantur
3164 4355 3344 4400 autem
3386 4354 3562 4420 gratia

1980 4434 2183 4500 divina,
2211 4436 2296 4490 cui
2327 4443 2690 4505 cooperantur
2712 4450 2807 4490 sua
2832 4435 3082 4492 libertate
3104 4438 3339 4492 humana
3369 4439 3444 4513 (Ic)
3474 4461 3520 4498 ι.

2048 4523 2112 4578 V.
2153 4543 2171 4576 ι
2207 4525 2328 4580 Mali
2379 4526 2636 4596 pravique
2703 4527 2948 4583 homines
2997 4527 3196 4584 nullius
3249 4541 3437 4588 coactu
3488 4535 3559 4590 ad

1973 4616 2308 4686 peccandum
2355 4617 2756 4687 pereundumve
2804 4619 3108 4690 adiguntur,
3163 4624 3410 4692 quamvis
3451 4615 3552 4686 SS.

1975 4713 2224 4760 auctores
2265 4707 2424 4761 modo
2461 4707 2694 4776 quodam
2731 4709 2986 4765 abusivae
3020 4713 3308 4770 locutionis
3346 4717 3559 4776 soleant

1974 4795 2153 4850 dicere
2187 4795 2622 4866 praedestinatos
2640 4800 2708 4853 ad
2739 4809 2992 4868 mortem,
3020 4801 3106 4857 vel
3136 4803 3440 4874 interitum,
3469 4810 3552 4864 vel

1969 4960 2350 5016 proponemus.

2039 5017 2112 5153 ἕρ)
2154 5015 2266 5070 Sub
2309 5018 2469 5070 linem
2513 5017 2717 5086 primae
2745 5019 2904 5090 hujus
2932 5021 3124 5090 capitis
3155 5024 3474 5092 particulae.

2061 5086 2105 5153 ι’)
2145 5085 2278 5140 Istas
2304 5085 2572 5149 videlicet,
2591 5103 2726 5153 quas
2746 5088 2941 5147 Scotus
2956 5093 3313 5148 Gothescalco
3337 5097 3474 5149 tribu

2061 5086 2105 5155 ι’)
2145 5085 2278 5140 Istas
2304 5085 2572 5149 videlicet,
2591 5103 2726 5156 quas
2746 5085 2941 5147 Scottis
2956 5085 3313 5148 Gotliescalco
3337 5097 3545 5157 tribuit,

1967 5169 2211 5232 quaeque
2233 5167 2328 5232 aut
2365 5175 2382 5206 ‹
2412 5157 2620 5232 vivendi
2653 5179 2672 5210 ι
2704 5168 2799 5213 aut
2851 5182 2868 5213 ι
2896 5161 3156 5232 pereundi
3193 5179 3212 5212 ι
3249 5165 3545 5217 necessita-

1966 5233 2074 5280 tem
2097 5225 2410 5295 hominibus
2441 5227 2737 5295 imponant.
2899 5225 2912 5232 ’
3451 5245 3457 5252 ’

2779 5299 2864 5366 III,
2905 5300 2932 5372 ᾗ
2970 5301 3019 5352 I.
3057 5299 3229 5372 _De_um
3271 5311 3389 5351 esse
3412 5266 3534 5355 dicit

1967 5364 2161 5420 Scelus
2191 5364 2276 5418 illa
2300 5364 2440 5434 quae
2463 5364 2572 5420 [leo
2597 5364 2722 5422 sunt
2759 5389 2778 5422 ‹
2805 5364 3236 5432 substantialiai,
3269 5379 3376 5421 non
3406 5384 3426 5419 α
3447 5383 3538 5424 τω·

1965 5435 2448 5508 cialcnta|_iaii.__C{.
2480 5437 2551 5508 II,
2585 5437 2690 5508 se.

2059 5505 2112 5577 τε)
2139 5505 2222 5577 at.
2251 5505 2439 5577 unus
2471 5505 2641 5577 l—ji
2670 5507 2724 5558 4.

2057 5572 2108 5655 ίχ
2137 5573 2318 5655 gap,
2358 5572 2651 5655 §16;lll',
2686 5572 2884 5639 1,4,5

2063 5644 2114 5712 j)
2139 5645 2220 5700 cr.
2248 5644 2332 5708 III,
2356 5645 2417 5712 ε,

2058 5709 2110 5779 ῖς)
2147 5712 2230 5767 Cf.
2261 5713 2350 5779 IV,
2378 5711 2529 5778 3-8;
2563 5709 2650 5777 111,
2691 5713 2742 5766 7.
