4152 6276
561 339 631 394 ‘27
1413 372 1421 380 .
1672 328 1758 384 DE
1794 326 1847 382 l.‘
1875 322 2101 381 SCOTO
2136 322 2655 381 COﬂﬁENTATiO.

562 464 812 526 poenam.
859 439 1347 516 Dmnc’peecatum
1368 484 1382 510 ,
1434 408 1720 513 comisque
1776 440 1984 512 peccati
2015 453 2144 508 poe—
2172 444 2218 500 Α
2245 437 2488 495 omnium
2515 437 2837 507 principium
2869 436 2949 506 (ί)
2973 438 3253 503 deserunt,
3281 436 3644 509 deorsumque
3662 441 3848 511 bona,

563 562 669 600 nae
697 542 915 613 propria
944 539 1178 595 hominis
1213 536 1510 602 voluntate,
1541 535 1713 590 libero
1748 532 1976 589 arbitrio
2008 532 2149 585 male

564 635 784 695 utentis,
827 626 1124 686 nascuntur
1148 626 1224 699 (α)
1262 642 1306 678 δ.

635 726 904 782 Delibero
929 720 1216 777 voluntatis
1257 717 1482 771 arbitrio
1526 714 1723 770 Scotus
1766 713 1903 767 haec
1946 711 2145 765 docet:

572 835 591 871 t
619 819 710 889 qui
762 824 970 870 tantum
1020 821 1165 867 recte
1202 811 1382 863 vivere
1418 809 1604 877 possit,
1662 820 1768 859 non
1798 818 1986 873 prave,
2024 815 2151 855 eum

564 925 670 964 non
705 909 916 978 penitus
943 919 1063 958 esse
1096 903 1362 964 liberant;
1408 899 1636 953 liberum
1676 898 1823 952 enim
1859 894 2149 949 arbitrium

561 1014 683 1055 esse
713 997 1028 1052 electionem
1059 993 1171 1047 sive
1201 991 1348 1054 boni,
1379 989 1493 1042 sive
1531 987 1655 1040 ntali
1693 986 1766 1056 (ὁ)
1795 1005 1840 1037 ι.
2108 990 2115 997 ’

631 1090 767 1143 lline
803 1098 979 1141 autem
1009 1085 1159 1156 (inde
1187 1098 1216 1136 a
1254 1096 1371 1150 cap.
1404 1080 1496 1149 IX)
1519 1079 1630 1147 jam
1680 1098 1699 1129 ς
1732 1079 1824 1132 tibi
1851 1076 2004 1145 copia
2030 1089 2151 1131 rma-

561 1180 711 1235 nabit
742 1178 809 1233 ad
848 1177 1063 1247 plenum
1115 1174 1348 1242 benigno
1379 1192 1397 1222 ι
1429 1185 1676 1225 errorum
1716 1168 2152 1237 ineptiarumqne

566 1291 585 1323 ι
613 1271 864 1340 opulenta
890 1284 1058 1323 cornu
1100 1285 1146 1319 ι.
1188 1265 1241 1318 Id
1271 1278 1434 1333 quum
1468 1264 1520 1316 in
1552 1263 1730 1332 priore
1783 1269 1937 1331 parte
1981 1262 2151 1317 multo

562 1361 741 1413 minus
766 1374 866 1412 usu
898 1356 1130 1419 veniret,
1160 1369 1298 1423 quae
1328 1352 1396 1407 ibi
1437 1368 1501 1405 ex
1528 1366 1595 1405 eo
1617 1364 1813 1418 genere
1846 1349 2149 1418 reperiren-

566 1459 673 1513 tur,
706 1450 1021 1518 plerumque
1045 1446 1291 1499 eottsulto
1323 1444 1805 1513 praetermisimus.

635 1541 809 1607 Atque
832 1538 931 1591 hac
963 1537 1014 1590 in
1046 1544 1198 1604 parte
1233 1533 1371 1603 (cap.
1404 1532 1697 1600 IX—cap.
1738 1531 1881 1600 XIX)
1909 1532 2153 1602 disputa-

548 1629 767 1683 tionem
798 1641 949 1682 suam
982 1625 1179 1681 Scottis
1206 1639 1303 1695 per
1329 1623 1487 1693 longa
1505 1624 1773 1691 quaedam
1811 1631 1973 1691 atque
2003 1632 2150 1678 tene-

563 1720 775 1774 bricosa
825 1718 1017 1772 itinera
1050 1716 1428 1771 circumducit.
1484 1713 1618 1767 Item
1666 1722 1833 1767 totam
1883 1715 1933 1765 in
1984 1727 2150 1766 unum

2250 544 2479 598 quorum
2523 530 2897 599 eorruptiones
2924 539 3086 594 sunt,
3117 530 3173 584 in
3204 530 3428 584 nihilum
3479 531 3659 588 redire
3712 550 3853 591 conc

2251 621 2507 686 tendunt;
2550 622 2692 690 quod
2744 631 2957 685 contra,
2991 637 3130 690 quae
3176 632 3304 676 sunt
3345 631 3569 691 peccato
3618 625 3849 698 ejusque

2195 694 2202 707 ’
2249 711 2651 779 consequentiis
2696 712 2943 779 opposita
2988 710 3316 781 (integritas,
3354 712 3487 776 vita,
3536 694 3845 790 beatitudo)

2249 816 2462 856 sursum
2488 817 2673 855 versus
2696 802 2937 863 tendunt,
2969 818 3244 870 unumque
3271 802 3399 857 illud
3423 803 3665 857 omnium
3690 807 3850 876 prin-

2249 893 2449 962 cipiunt
2505 892 3031 962 appetunt.—Quid
3086 893 3229 946 enim
3290 893 3496 962 appetit
3547 894 3842 965 impiorum

2250 986 2490 1047 otnnium
2526 995 2582 1039 et
2627 986 2825 1039 diaboli
2879 986 3141 1054 nequitia,
3195 986 3295 1041 nisi
3358 987 3427 1040 ab
3477 1001 3561 1059 eo,
3614 988 3706 1055 qui
3757 1000 3849 1044 est

2251 1090 2460 1129 summa
2500 1077 2733 1130 essentia
2779 1078 3033 1133 recedere
3072 1078 3125 1130 in
3157 1085 3387 1143 tantum,
3419 1086 3478 1130 ut
3505 1093 3695 1133 eorum
3739 1095 3842 1151 na-

2253 1175 2413 1230 tura,
2466 1168 2508 1220 si
2560 1167 2644 1221 lex
2705 1169 2885 1221 divina
2929 1169 3162 1231 sineret,
3229 1171 3278 1222 in
3337 1170 3560 1224 nihilum
3611 1170 3843 1227 redeat?

2254 1256 2389 1310 lline
2418 1272 2653 1327 namque
2693 1260 2932 1328 nequitia
2956 1269 3038 1314 est
3073 1261 3235 1319 dicta.
3266 1261 3406 1328 quod
3454 1263 3837 1332 nequicquam,

2251 1346 2306 1399 id
2332 1355 2415 1400 est
2444 1348 2671 1402 nihilum
2710 1364 2830 1402 esse
2859 1350 3138 1404 contendit
3168 1349 3242 1421 (g)
3279 1370 3326 1403 ›.

2322 1434 2472 1500 Quae
2492 1451 2612 1489 cum
2640 1437 2711 1489 ita
2738 1436 2865 1497 sint,
2898 1437 3107 1491 facilem
3132 1436 3246 1504 itm
3287 1439 3490 1493 habent
3509 1440 3837 1509 explicatum

2251 1535 2602 1596 peccatorum
2632 1543 2857 1597 poenae.
2894 1528 3030 1582 Sunt
3054 1529 3199 1582 enim
3227 1529 3380 1592 nihil,
3411 1529 3512 1587 nisi
3549 1550 3566 1581 ‹
3598 1532 3839 1589 volunta-

2254 1618 2345 1682 tis,
2368 1632 2507 1687 quae
2532 1627 2738 1695 peccat,
2766 1619 3059 1683 cruciatus,
3078 1619 3282 1687 quibus
3309 1617 3566 1687 allicitur,
3596 1622 3723 1676 dum
3749 1637 3835 1686 ea,

2253 1721 2395 1775 quae
2424 1706 2565 1762 male
2594 1716 2689 1761 aut
2716 1707 2933 1778 indigne
2960 1709 3187 1781 appetit,
3217 1708 3417 1764 habere
3448 1726 3553 1769 non
3584 1713 3837 1768 sinituro.

561 1800 757 1880 corpus
789 1809 1095 1873 collectam,
1125 1808 1192 1862 ad
1232 1808 1367 1861 haec
1404 1802 1639 1860 resecari
1674 1819 1832 1874 posse
1871 1803 2150 1857 existima-
2179 1803 2226 1863 Β
2261 1817 2278 1849 ι
2312 1797 2448 1852 Dum
2497 1797 2641 1852 enim
2686 1792 2975 1867 impiorum
3011 1798 3247 1866 nequitia
3295 1799 3428 1853 nihil
3483 1800 3628 1855 aliud
3670 1818 3837 1872 appe-

563 1919 754 1958 VIIIIHS.
1436 1938 1439 1939 ν

636 1992 906 2061 Quidquid
934 2006 1054 2045 esse
1100 1996 1322 2059 putatur
1360 1987 1593 2056 peccati,
1647 1984 1909 2057 quidquid
1953 1983 2155 2041 dicitur

559 2090 909 2153 peccatorum
968 2093 1173 2147 poenae
1197 2106 1268 2116 —
1293 2077 1545 2130 omnino‘
1566 2075 1701 2128 nihil
1764 2082 1869 2127 est.
1930 2091 1948 2125 ι
1982 2072 2153 2126 Nemo

564 2172 756 2242 (cuine)
787 2184 890 2223 non
923 2169 1087 2230 videt,
1124 2166 1225 2220 nisi
1262 2166 1354 2235 qui
1386 2181 1549 2220 sensu
1580 2173 1753 2226 caret,
1784 2172 1978 2227 totum,
2004 2161 2150 2231 quod

564 2264 786 2325 dicitur,
832 2269 1112 2331 peccatum
1163 2257 1386 2326 ejusque
1439 2259 1874 2326 conscquentias,
1919 2266 2153 2310 mortem

565 2360 730 2420 atque
761 2349 1058 2412 miseriam,
1086 2361 1192 2400 non
1210 2347 1358 2399 aliud
1386 2361 1524 2411 esse,
1556 2361 1718 2414 quam
1743 2346 1982 2415 integrae
2011 2345 2158 2399 vitae

563 2440 845 2507 beateque
873 2438 1269 2506 corruptioncs,
1304 2437 1377 2499 ita
1411 2444 1469 2489 ut
1510 2436 1754 2504 singulae
1793 2435 2021 2504 singulis
2057 2449 2149 2503 op-

561 2536 851 2599 ponantur,
880 2526 1172 2596 integritati
1203 2533 1506 2594 pcceatum,
1538 2525 1678 2577 vitae
1709 2539 1876 2587 mors,
1909 2524 2149 2577 beatitu-

562 2619 674 2670 dini
729 2618 947 2671 miseria
978 2633 994 2668 :
1029 2616 1118 2668 illa
1147 2624 1294 2679 sunt,
1326 2616 1459 2668 haec
1485 2615 1701 2684 penitus
1731 2628 1836 2668 non
1865 2623 2029 2678 sunt;
2057 2613 2147 2667 illa

562 2707 705 2762 intra
748 2707 1008 2761 terminos
1055 2706 1379 2760 naturalium
1412 2704 1711 2759 formarum
1743 2705 2144 2776 intelliguntur,

559 2796 694 2850 haec
729 2796 780 2849 in
819 2810 1010 2849 earum
1057 2794 1271 2849 defectu
1319 2794 1813 2864 atqueprivatione
1858 2795 2151 2849 nesciendo

557 2888 837 2952 sciuntur;
871 2887 961 2940 illa
1008 2887 1312 2951 materiam,
1357 2874 1620 2953 formam,
1666 2888 1903 2955 speciem
1929 2888 2145 2952 habent,

558 2981 694 3036 haec
720 2981 968 3043 materia,
994 2979 1192 3042 forma,
1223 2980 1404 3048 specie
1428 2988 1622 3034 carent
1644 2979 1713 3047 κο)
1745 2998 1789 3031 ι.

586 3100 593 3105 -
629 3071 707 3125 Ex
735 3071 823 3124 his
849 3070 1137 3124 tenendum
1181 3077 1286 3132 est,
1322 3084 1482 3137 quem
1512 3083 1730 3124 sensum
1761 3070 1996 3124 habeant
2026 3070 2148 3125 illae

2255 1892 2338 1955 tit,
2366 1892 2469 1946 nisi
2493 1893 2563 1947 ab
2581 1907 2668 1953 eo.
2695 1893 2784 1960 qui
2813 1900 2892 1945 est
2924 1900 3133 1947 summa
3167 1893 3403 1947 essentia
3431 1893 3484 1947 in
3513 1902 3721 1948 tantum
3753 1910 3839 1951 re-

2252 1984 2465 2048 cedere,
2494 1992 2557 2038 ut
2584 1998 2774 2037 eorum
2805 1992 2997 2037 natura
3044 1984 3096 2038 in
3141 1983 3369 2039 nihilum
3409 1987 3681 2039 redeat—
3700 1986 3837 2041 dini-

2254 2072 2428 2128 cultas
2452 2074 2499 2127 ei
2545 2088 2611 2127 ex
2667 2073 2902 2128 aeternis
2931 2074 3138 2143 legibus
3168 2074 3402 2139 obsistit,
3432 2090 3499 2130 ne
3542 2077 3594 2131 in
3626 2085 3833 2131 tantum

2254 2164 2435 2229 cadat,
2484 2175 2743 2233 quantum
2793 2164 2991 2219 vellet:
3030 2180 3096 2219 ex
3144 2180 3207 2219 ca
3251 2163 3560 2222 dillicultate
3596 2166 3824 2232 laborat,

2254 2255 2550 2311 laborando
2585 2265 2886 2327 torquetur,
2919 2259 3161 2326 punitur,
3194 2258 3467 2312 cruciatur
3491 2256 3564 2329 (It)
3600 2277 3646 2314 ι.

2324 2345 2533 2412 Quibus
2560 2347 2824 2416 expositis
2855 2346 3249 2417 quodammodo
3264 2344 3377 2413 jam
3407 2358 3587 2417 patere
3608 2348 3833 2403 arbitra-

2254 2451 2394 2500 mur,
2425 2451 2584 2504 quem
2615 2437 2754 2490 ratio
2779 2451 3074 2506 poenarum
3105 2446 3381 2491 auctorem
3415 2438 3599 2493 haberi
3621 2438 3828 2507 iubeat.

2252 2527 2368 2581 I‘Iuc
2396 2528 2579 2597 igitur,
2603 2543 2742 2598 quae
2767 2530 2833 2583 de
2860 2543 2925 2584 eo
2957 2530 3233 2593 docentur,
3267 2529 3539 2585 afferenda
3575 2546 3698 2586 esse
3735 2546 3832 2601 pu-

2255 2621 2508 2675 tavimus.
3108 2682 3111 2683 ν

2322 2711 2583 2765 Perversa
2611 2710 2775 2780 igitur
2801 2710 3070 2775 voluntas,
3099 2727 3261 2781 quam
3290 2711 3503 2779 proprie
3526 2719 3581 2764 et
3601 2726 3832 2780 peccare

2250 2809 2307 2855 et
2327 2800 2500 2869 puniri
2528 2800 2833 2860 docuimus.
2862 2815 2967 2854 non
2996 2801 3211 2855 aliunde
3241 2801 3355 2855 illos
3377 2800 3652 2855 cruciatus
3676 2816 3828 2867 suos,

2251 2889 2445 2959 quibus
2473 2889 2541 2943 ob
2565 2888 2936 2958 inexplebilem
2962 2890 3119 2943 istam
3143 2890 3433 2954 libidinem,
3465 2888 3828 2960 nequidquam

2250 2978 2406 3049 quasi
2446 2997 2464 3028 ι
2492 2977 2734 3047 obiectos
2790 2980 2929 3032 vitae
2980 2986 3330 3049 quaerentem
3376 2978 3664 3050 effringere
3718 2981 3828 3036 cla-

2251 3071 2404 3125 thros
2436 3089 2480 3132 ι,
2512 3068 2758 3135 afficitur,
2804 3085 2909 3124 non
2957 3071 3172 3127 aliunde
3223 3086 3353 3140 ergo
3397 3071 3517 3127 illos
3562 3073 3828 3129 cruciatus

563 3151 716 3215 Secti
738 3160 1058 3222 locutiones,
1090 3158 1278 3227 quales
1294 3167 1455 3211 sunt:
1487 3177 1505 3208 ι
1537 3170 1817 3227 peccatum
1848 3162 1980 3217 nihil
2004 3170 2145 3226 est»,
2176 3154 2219 3217 C
2253 3160 2501 3228 percipit,
2526 3161 2627 3214 nisi
2654 3175 2718 3214 cx
2743 3162 2842 3215 hac
2865 3161 2975 3228 ipsa
3003 3162 3357 3230 perversitate
3385 3177 3448 3217 ac
3471 3162 3689 3217 libidine
3714 3178 3825 3216 sua.
3904 3220 3911 3226 ,

570 3268 590 3300 ι
622 3251 830 3319 peccati
863 3263 1069 3317 poenae
1092 3256 1219 3301 sunt
1244 3248 1422 3302 nullae
1450 3268 1495 3300 ι.

635 3338 758 3395 1am
780 3354 914 3393 vero
942 3349 998 3393 et
1023 3348 1326 3408 peccatum,
1354 3349 1405 3393 et
1437 3347 1793 3409 peccatorum
1821 3356 2022 3411 poenae
2053 3358 2144 3399 ac-

558 3431 811 3485 curatius
841 3430 1196 3485 describenda
1222 3442 1368 3485 sunt.
2032 3482 2033 3487 η

586 3557 597 3565 -
629 3520 921 3577 Peccatum
952 3535 1060 3574 non
1089 3529 1174 3579 est
1196 3531 1421 3577 naturae
1444 3521 1521 3593 (ει)
1553 3523 1600 3593 (‹
1629 3533 1951 3591 sequeretur
1975 3526 2144 3589 enim,

559 3624 685 3668 cuiu
758 3612 900 3671 Deus
964 3621 1214 3667 naturam
1252 3611 1504 3674 fecerit,
1559 3624 1843 3682 peccatum
1905 3630 2027 3670 esse
2079 3630 2146 3673 ex

565 3705 673 3758 Deo
703 3701 774 3772 Ie]
800 3702 981 3771 ,μω
1006 3701 1209 3756 liberae
1234 3701 1524 3757 voluntatis
1551 3721 1562 3755 :
1596 3712 1681 3758 est
1710 3694 1886 3757 autem
1913 3723 1931 3755 ε
1972 3714 2149 3759 motus

559 3809 850 3866 pervorsus
866 3793 1156 3847 voluntatis
1186 3793 1405 3857 liberae,
1432 3793 1603 3849 libero
1629 3810 1726 3848 suo
1755 3796 1981 3849 arbitrio
2009 3797 2148 3850 male

560 3884 784 3947 utentis,
816 3899 937 3937 cum
960 3883 1082 3951 quis
1103 3883 1365 3937 avertitur
1386 3898 1418 3935 a
1449 3882 1648 3937 divitiis
1668 3898 1900 3952 vereque
1926 3899 2150 3938 manen-

562 3974 729 4037 tibus,
759 3980 815 4026 et
844 3971 914 4025 ad
971 3970 1244 4024 mutabilia
1295 3980 1457 4038 atque
1489 3970 1694 4027 incerta
1744 3973 2145 4029 convertitur».

565 4083 584 4115 ι
610 4064 901 4123 Peccatum
925 4063 1176 4119 videlicet
1192 4063 1415 4133 ejusque
1433 4065 1855 4134 consequentiae
1875 4080 2146 4120 summum

626 4240 715 4311 (α)
755 4238 839 4311 cr.
973 4236 1002 4309 §
1036 4237 1184 4311 t-s;
1218 4237 1307 4303 v1,
1341 4238 1452 4293 1-5.

635 4307 708 4381 (b)
750 4307 831 4363 cr.
873 4309 932 4372 v,
960 4307 1078 4362 8-9.

590 4383 702 4410 ‘1..\
740 4378 812 4410 l'l‘
860 4374 905 4410 ν
975 4378 1001 4410 Δγ
1067 4378 1097 4410 κ
1162 4377 1223 4410 π.
1265 4374 1363 4410 γυ
1432 4380 1451 4410 Ι
1532 4378 1563 4410 ’2
1649 4379 1677 4410 ε
1713 4381 1781 4410 Ω.
1823 4389 1871 4410 ιιι
1920 4380 2064 4410 nunc:

590 4386 598 4395 ‘
740 4378 827 4433 Cf.
860 4374 928 4443 Χ,
969 4378 1022 4430 4.
1065 4378 1118 4431 5.
1161 4377 1225 4442 5;
1265 4374 1383 4440 XV,
1432 4380 1492 4442 I,
1531 4378 1599 4443 5,
1646 4379 1782 4445 5-6;
1822 4389 1878 4434 et
1920 4380 2145 4448 passim,

557 4453 808 4508 Ceterum
847 4449 951 4502 hoc
977 4448 1110 4509 loco,
1142 4449 1193 4500 id
1221 4449 1363 4515 quod
1391 4450 1558 4501 semel
1579 4460 1741 4517 atque
1764 4452 1816 4503 in
1841 4450 2149 4503 universum

558 4524 763 4577 dictum
794 4519 1042 4578 velimus,
1076 4510 1412 4587 illam-Secti
1452 4510 1778 4573 sententiam
1809 4523 1875 4573 de
1900 4530 2144 4587 peccato,
2184 4510 2232 4568 D

560 4592 627 4642 de
664 4603 856 4657 poena,
886 4601 1132 4660 quaeque
1184 4586 1421 4660 ejusdem
1480 4596 1606 4642 sunt
1629 4590 1861 4658 generis,
1892 4590 2147 4660 proponi-

557 4655 702 4719 mus,
734 4672 895 4727 quam
924 4657 976 4707 in
1008 4655 1143 4727 libro
1172 4655 1236 4709 de
1260 4656 1527 4724 praedest.
1558 4655 1821 4727 sequitur.

632 4728 712 4798 (ά)
754 4725 866 4798 Hoc
891 4733 976 4779 est
1008 4743 1025 4774 ι
1053 4725 1342 4798 rei,__qu_ae
1384 4742 1507 4782 vere
1550 4725 1654 4793 est,
1682 4748 1701 4779 ι
1726 4757 1797 4768 --
1826 4748 1844 4781 ι
1872 4744 2014 4798 quae
2042 4729 2144 4784 ali-

559 4794 955 4866 quidlsubstat“
970 4794 1125 4866 t._Cf.
1156 4794 1226 4860 Χ,
1255 4796 1311 4851 5.

658 4873 707 4934 ε)
747 4864 828 4919 Cf.
863 4863 980 4929 XV,
1008 4864 1061 4917 4.

658 4873 707 4934 ε)
747 4867 828 4919 Cl’.
863 4867 980 4929 XV,
1008 4867 1061 4917 4.

634 4867 701 5005 if)
728 4935 840 5007 Hoc
851 4945 935 4989 est
962 4952 980 4982 ‹
1004 4934 1195 5007 Deum,
1216 4950 1379 5007 unam
1397 4936 1634 5007 omnium
1654 4952 1832 4992 rerum
1851 4940 2163 5007 essentiam

561 5003 726 5078 atque
754 5004 1128 5078 substantiam.
1165 5022 1183 5054 ι
1221 5005 1315 5061 (ΣΕ
1337 5003 1403 5067 Χ,
1433 5005 1502 5072 5;
1533 5005 1718 5073 XVIII,
1748 5008 1802 5060 4.
1830 5010 1885 5062 8.
1919 5009 1990 5062 De
2016 5026 2147 5078 pan-

560 5073 793 5147 theismo
817 5073 931 5153 jam
956 5074 1080 5153 hinc
1102 5082 1266 5143 patet,
1290 5089 1452 5144 quam
1482 5092 1607 5132 eum
1641 5080 1743 5133 hoc
1768 5078 1822 5135 in
1853 5078 1992 5133 libro
2015 5073 2144 5135 Sco-

560 5144 649 5203 ttis
679 5162 784 5202 non
815 5144 1078 5211 effugerit.

632 5216 709 5289 (ς)
750 5216 829 5272 Cf.
891 5214 976 5289 VI,
1011 5212 1147 5277 XVI,
1180 5213 1304 5279 4-6;
1335 5212 1403 5280 X,
1454 5216 1504 5289 I‘.
1559 5214 1630 5281 ις
1682 5215 1869 5289 XVIII,
1925 5218 2142 5289 7,7cet.

544 5285 736 5356 Atque
780 5289 885 5343 hoc
949 5285 1068 5341 loco
1135 5287 1528 5356 praetereunda
1595 5304 1698 5340 non
1747 5288 1954 5342 videtur
1995 5288 2142 5344 Secti

557 5354 828 5436 sententia
858 5356 929 5436 de
954 5354 1482 5436 peccatomriginali,
1512 5372 1653 5436 quae
1677 5356 1897 5436 quidem
1917 5360 1977 5436 in_
2001 5357 2140 5436 libro

558 5426 627 5478 de
660 5427 928 5494 praedest.
960 5424 1155 5493 legitur
1184 5424 1268 5478 his
1295 5424 1410 5477 fere
1436 5424 1618 5478 verbis
1644 5440 1658 5478 :
1692 5428 1937 5483 (Otones
1962 5428 2140 5482 homi-

560 5508 658 5547 nes
707 5495 758 5546 in
790 5494 963 5565 primo
1008 5494 1228 5565 homine
1256 5496 2012 5565 peccaverunt..Quamquam
2051 5514 2145 5552 au-

562 5570 673 5633 tem
696 5562 998 5633 generalem
1021 5563 1235 5633 generis
1255 5562 1474 5619 humani
1499 5562 1748 5621 naturam
1772 5566 1824 5619 in
1848 5562 1917 5620 eo
1939 5569 2144 5623 creavit

562 5629 737 5706 Deus;
759 5629 916 5706 haec
940 5629 1117 5706 tanien
1148 5647 1375 5700 peccare
1406 5638 1510 5689 non
1539 5638 1732 5705 potuit,
1761 5634 1960 5706 quippe
1980 5653 2142 5705 quam

560 5699 706 5756 Deus
753 5696 961 5754 fecerit.
998 5696 1179 5768 Quare
1223 5716 1443 5772 necesse
1481 5696 1564 5765 est
1592 5696 1938 5765 substitutam
1967 5696 2089 5764 esse
2112 5726 2143 5763 a

2256 3271 2275 3304 ι
2304 3250 2418 3305 Non
2464 3252 2606 3306 enim
2657 3254 2760 3306 alia
2813 3263 2939 3307 sunt
2980 3255 3338 3308 instrumenta
3366 3256 3696 3323 torquendae
3728 3255 3827 3309 im-

2248 3344 2464 3413 pietatis
2494 3354 2708 3415 praeter
2751 3346 2921 3414 ipsam
2973 3346 3343 3414 impietatem:
3377 3347 3664 3415 unicuique
3704 3362 3829 3417 sup-

2254 3437 2475 3506 plicium
2530 3438 2622 3490 liet
2676 3438 2741 3493 de
2801 3454 2897 3491 suo
2968 3445 3192 3506 peceato
3243 3456 3256 3491 :
3307 3436 3521 3491 diabolo
3578 3453 3675 3492 sua
3737 3454 3827 3493 su-

2249 3534 2431 3601 perbia
2487 3533 2682 3588 sufficit
2728 3534 2795 3587 ad
2847 3535 3202 3603 torquendum
3257 3555 3301 3586 ι.
3362 3553 3382 3586 ι
3429 3533 3584 3589 Unde
3636 3550 3827 3604 pecca-

2252 3635 2387 3690 tmn,
2418 3624 2540 3679 inde
2566 3641 2741 3690 mors;
2776 3626 2936 3680 unde
2955 3641 3121 3692 mors,
3156 3628 3279 3682 inde
3312 3627 3554 3693 miseria,
3583 3644 3723 3698 quae
3747 3640 3831 3685 est

2245 3732 2419 3786 poena
2446 3718 2529 3770 vel
2555 3718 2876 3788 supplicium
2908 3717 2969 3788 (ὁ)
3000 3738 3049 3772 ι.

2316 3808 2493 3877 Atque
2523 3824 2588 3862 ex
2613 3809 2719 3873 his,
2751 3824 2892 3879 quae
2918 3810 2982 3863 de
3004 3809 3481 3881 peccatoejusque
3509 3792 3678 3882 poena
3704 3822 3830 3867 sunt

2249 3897 2412 3961 dicta,
2459 3896 2677 3965 planum
2725 3913 2845 3953 esse
2886 3898 3235 3965 arbitramur,
3271 3899 3511 3964 Scotum,
3549 3903 3677 3957 dum
3702 3918 3829 3959 cuu-

2249 3996 2394 4041 stare
2440 3987 2541 4041 sibi
2582 3988 2730 4051 velit,
2778 3996 3096 4059 negaturum
3132 4004 3272 4056 esse,
3309 3989 3403 4045 Dei
3431 3999 3565 4046 nutu
3592 4006 3656 4047 ac
3675 3992 3827 4062 jussu

2250 4077 2387 4143 fieri,
2419 4087 2477 4131 ut
2502 4078 2592 4144 sit,
2619 4094 2723 4133 non
2750 4079 2982 4134 dicimus
3000 4089 3303 4148 peccatum,
3327 4082 3378 4135 id
3399 4084 3540 4151 quod
3561 4080 3674 4149 jam
3697 4082 3829 4138 alias

2251 4249 2360 4304 Deo
2383 4250 2435 4303 iu
2466 4250 2638 4319 primo
2670 4250 2887 4303 homine
2914 4251 3077 4322 etiam
3113 4252 3350 4322 omnium
3394 4254 3669 4307 hominum
3702 4267 3829 4322 pro-

2249 4322 2420 4389 priam
2453 4321 2800 4383 voluntatem,
2831 4329 2992 4388 atque
3020 4321 3090 4374 ila
3122 4321 3174 4374 in
3207 4336 3271 4375 co
3306 4337 3562 4389 peccasse
3594 4321 3824 4375 nonna-

2253 4400 2385 4460 tura:
2404 4390 2642 4442 omnium
2667 4389 3216 4460 generalitatemasetl
3242 4391 3659 4460 uniuscujusque
3688 4392 3828 4445 indi-

2254 4459 2474 4531 viduam
2488 4460 2829 4531 _vol_t_nttate_m
2859 4458 3184 4531 »λςξςχγμ
3217 4461 3245 4531 §
3276 4463 3329 4515 5.

2322 4527 2401 4597 (Ιι)
2438 4526 2521 4580 Cf.
2558 4526 2711 4598 XVI,
2761 4528 2823 4583 4:
2880 4528 3063 4594 XVIII,
3114 4531 3166 4584 7.
3220 4526 3327 4585 Est
3372 4536 3549 4583 autem
3595 4527 3822 4598 diligen-

2260 4605 2341 4669 ter
2383 4597 2803 4669 attendendum,
2840 4600 2968 4667 quid
3032 4601 3248 4669 proprie
3305 4600 3563 4654 adiciatur
3626 4614 3821 4668 poena.

2252 4667 2715 4732 Quemadmodum
2775 4667 2939 4737 igitur
2984 4667 3086 4738 (cf.
3134 4667 3270 4738 sup.
3325 4678 3434 4723 not.
3503 4669 3562 4733 ά,
3617 4667 3665 4736 e)
3716 4684 3824 4723 non

2252 4745 2441 4790 natura
2500 4746 2724 4805 peccat,
2788 4739 2881 4791 sed
2931 4753 3184 4806 perversa
3237 4740 3483 4794 voluntas
3533 4756 3546 4793 :
3590 4739 3669 4793 sic
3719 4754 3845 4793 non"

2250 4815 2440 4879 natura
2482 4806 2729 4874 punitur,
2763 4808 2858 4860 sed
2880 4809 3087 4879 eadem
3140 4808 3405 4866 voluntas
3432 4824 3704 4879 perversa.
3730 4809 3827 4862 At-

2249 4889 2353 4945 que
2399 4876 2502 4928 hnc
2549 4878 2924 4948 percommode
2971 4879 3252 4932 transferri
3302 4876 3473 4948 possit
3526 4880 3674 4933 lacus
3707 4879 3827 4947 qui-

2249 4951 2382 5019 dam
2421 4960 2490 5000 ex
2536 4962 2655 5019 cap.
2708 4946 2844 5009 XVI,
2896 4947 3024 5019 §AI_:
3066 4966 3083 4996 ε
3112 4949 3251 5019 Quid
3270 4946 3397 5003 ’I—Si
3445 4949 3587 5019 nulla
3634 4946 3823 5003 natura

2247 5014 2413 5069 fuerit
2461 5017 2682 5084 punita,
2734 5014 2993 5084 numquid
3044 5018 3150 5071 erit
3200 5019 3441 5073 misera?
3494 5018 3611 5073 Non
3647 5019 3820 5072 video.

2247 5087 2361 5150 Qua
2390 5086 2531 5138 enim
2561 5102 2722 5140 causa
2752 5086 2929 5152 aliqua
2974 5095 3164 5140 natura
3195 5090 3300 5142 erit
3328 5090 3545 5153 misera,
3576 5089 3680 5143 nisi
3713 5088 3828 5140 fue-

2249 5155 2315 5207 rit
2343 5156 2564 5223 punita?
2586 5156 2767 5225 Itaque
2792 5156 2835 5210 si
2860 5154 3000 5227 nulla
3026 5166 3216 5227 natura
3251 5160 3425 5227 puniri
3453 5167 3650 5227 potest,
3681 5157 3823 5211 nttlla

2248 5236 2437 5278 natura
2462 5227 2658 5280 misera
2680 5224 2889 5280 erit.——
2908 5224 3098 5279 Omnis
3121 5224 3298 5284 autem
3336 5224 3527 5283 natura
3559 5238 3653 5281 aut
3683 5229 3854 5282 Deus.

2244 5303 2351 5357 est,
2389 5298 2565 5349 autab
2610 5311 2676 5350 eo
2715 5296 2875 5349 facta.
2927 5293 3186 5350 Naturam
3220 5313 3346 5352 vero
3375 5297 3693 5352 crcatriccnt
3725 5296 3823 5361 mi-

2246 5363 2439 5436 seriae
2458 5380 2578 5420 esse
2608 5379 2882 5435 capacem,
2917 5366 3382 5421 dementissimum
3405 5376 3490 5422 est
3518 5364 3820 5436 suspicari:

2247 5433 2481 5487 creatrix
2526 5433 2705 5507 autem
2760 5443 2985 5507 natura,
3027 5451 3132 5505 qua
3176 5436 3389 5507 justitia
3444 5433 3709 5507 punitum
3739 5435 3828 5507 _sit

2247 5512 2487 5569 naturas,
2521 5519 2654 5583 quas
2679 5504 2788 5574 ipsa
2810 5506 3032 5570 creavit,
3050 5504 3161 5583 non
3178 5504 3426 5562 invenio.
3448 5504 3849 5583 I‘iulladebinc'

2247 5577 2774 5645 naturaupnnietur;
2831 5591 2939 5631 non
2986 5578 3177 5645 punita
3232 5592 3342 5635 non
3398 5578 3505 5632 erit
3551 5577 3751 5631 misera
3776 5591 3822 5629 ο.

2247 5638 2329 5696 Cf.
2366 5638 2585 5703 XVI,"2.
2615 5643 2667 5695 6.
2761 5638 2767 5641 ⁷
2986 5638 2995 5673 '-

2321 5713 2385 5781 (ί)
2423 5711 2501 5767 et.
2544 5711 2677 5777 xw,
2704 5715 2764 5783 6;
2798 5714 2914 5782 xv,
2940 5717 2973 5773 8
3001 5726 3051 5773 et
3080 5718 3326 5788 ptui-2m
3351 5717 3502 5796 bacis.

3774 329 3856 385 ξε
3918 363 3927 367 -
