4152 6276
300 557 668 616 Continenter
690 555 1032 618 enim-vetat,
1059 566 1126 606 ne
1160 552 1287 622 quis
1334 551 1553 607 illorum
1604 551 1898 621 quidquam

306 664 346 704 ιι
371 650 488 706 Deo
514 645 645 702 θωπί
674 654 843 715 putet.
884 643 1043 707 Nam,
1074 644 1216 712 quod
1243 643 1374 697 nihil
1398 642 1490 705 sit,
1514 643 1572 695 id
1599 658 1707 696 non
1740 660 1758 693 ι
1782 654 1902 697 esse

312 758 347 798 a
395 742 523 804 Dee.
562 755 593 793 a
630 752 739 807 quo
787 736 879 791 ilia
926 745 1135 790 tantum
1180 736 1291 790 sint
1331 754 1382 799 ι,
1426 749 1567 804 quae
1613 749 1739 788 vere
1783 747 1905 788 esse

311 833 557 889 dicantur
609 846 624 883 :
669 840 847 897 neque
901 827 979 890 id,
1028 826 1173 896 quod
1209 840 1276 880 ex
1321 839 1575 894 perversa
1618 824 1899 877 hominum

307 921 583 977 voluntate
630 919 874 982 oriatur,
926 918 1037 971 ullo
1085 925 1245 986 pacto
1286 916 1357 970 ad
1405 916 1576 969 Deum
1618 924 1899 968 auctorem

304 1012 498 1069 referri
546 1027 709 1082 posse
741 1010 844 1081 (α’).
887 1010 1135 1065 Permitu
1180 1017 1390 1063 tantum
1442 1023 1472 1060 a
1519 1008 1627 1061 Deo
1676 1005 1792 1067 illa,
1841 1012 1903 1058 ut

312 1121 333 1154 ι
360 1103 498 1157 liaut
536 1110 689 1155 motu
715 1101 940 1170 proprio
965 1100 1240 1168 liberoque
1272 1098 1552 1153 rationalis
1579 1106 1862 1151 creaturae
1882 1138 1897 1161 ,

307 1202 571 1264 perverse
598 1192 803 1246 utentis
847 1190 1181 1246 naturalibus
1227 1186 1384 1245 bouis
1403 1209 1425 1240 ι
1453 1207 1469 1244 :
1500 1209 1519 1239 ‹
1546 1189 1746 1244 deserti
1782 1197 1896 1243 tan-

311 1293 431 1339 tum
456 1300 488 1338 a
514 1284 646 1346 Deo,
674 1282 766 1350 qui
790 1282 898 1336 sint
929 1281 1182 1350 puniendi
1199 1321 1213 1344 ,
1237 1290 1298 1336 ut
1314 1292 1415 1336 sua
1434 1281 1647 1351 propria
1680 1295 1900 1351 perver-

312 1376 481 1431 sitate
504 1375 795 1443 puniantur
817 1371 891 1443 (ὁ)
922 1392 967 1425 ι.
1610 1390 1619 1397 -

386 1466 663 1522 Concessa
697 1474 899 1526 autem,
941 1462 1225 1532 peccatum
1265 1466 1493 1534 ejusque
1526 1478 1756 1533 poenam
1799 1481 1901 1520 nec

311 1570 455 1620 esse,
490 1569 589 1609 nec
632 1570 663 1608 a
715 1556 828 1608 Deo
854 1554 1073 1607 trahere
1097 1553 1384 1625 originem,
1415 1552 1555 1608 facili
1586 1556 1698 1622 jam
1735 1567 1900 1623 opera

308 1648 733 1708 demonstratur,
762 1649 877 1715 ipsa
910 1659 940 1698 a
974 1652 1187 1699 summo
1227 1644 1321 1697 illo
1348 1644 1566 1697 numine
1615 1644 1797 1697 divino
1836 1660 1902 1699 ne

307 1735 572 1805 praesciri
624 1735 881 1805 quidem,
934 1730 1134 1788 nedum
1182 1734 1435 1803 cuiquam
1483 1735 1895 1803 praedestinari.

1176 343 1263 400 DE
1302 344 1455 400 VITA
1487 341 1587 397 ΕΤ
1620 338 1901 402 ΡΒᾸζϐΕΡ

2001 344 2024 400 5
2062 342 2112 400 J.
2150 339 2464 400 scon.'—
2500 344 2676 399 caus
2716 345 2752 399 l.
3518 336 3597 407 an

297 471 575 539 expresse
595 462 834 536 negavit,
854 461 951 517 sed
969 460 1174 532 pbccati
1193 458 1385 530 poetis.
1430 459 1619 529 Neque
1640 461 1893 514 fallimur.
1927 467 1968 522 Α

1999 461 2201 530 placuit
2228 448 2446 532 ponere.
2472 493 2543 503 -
2568 458 2627 516 Si
2656 459 2913 516 Dominus
2938 444 3270 532 proditorem
3298 478 3455 519 suum
3478 462 3589 522 non

2001 553 2214 606 erubuit
2251 552 2490 621 apellare
2525 552 2758 607 electum
2808 550 2928 620 (pro
2961 566 3067 606 non
3108 552 3325 625 electo),
3374 551 3476 610 ear
3523 553 3585 611 S.

2001 639 2335 708 Augustinus
2376 643 2743 706 erubesceret,
2780 642 3008 696 eundem
3034 641 3369 711 proditorem
3394 656 3594 702 vocare

2002 731 2460 799 praedestinatum
2494 734 2667 801 r(pro
2693 747 2797 786 non
2820 733 3251 801 praedestinato)
3277 736 3357 804 (Ii)
3385 734 3410 787 ?
3520 736 3523 741 ’

2080 840 2098 870 ι
2129 820 2568 887 Quotiescunque
2608 837 2737 890 ergo
2785 824 3035 877 dicuntur
3073 826 3460 893 praedestinati
3487 828 3591 883 lto-

2004 908 2178 962 mines
2204 909 2376 977 impii,
2407 922 2652 977 quaeque
2691 912 2754 962 ad
2779 928 2875 965 eos
2908 914 3199 982 pertinent,
3227 916 3593 985 pulcherrimo

2002 1009 2058 1053 et
2084 998 2441 1055 saluberrimo
2482 1000 2573 1055 illo
2618 1006 3016 1059 contrarietatis
3046 1007 3201 1062 modo
3222 1009 3592 1080 interpretati-

2003 1091 2132 1146 dum
2177 1100 2264 1145 cst
2292 1112 2337 1143 ι.
2396 1152 2403 1157 ι
3034 1099 3071 1129 α’

2074 1184 2144 1238 At
2174 1185 2228 1238 in
2263 1184 2420 1239 bonis
2459 1187 2765 1242 hominibus
2803 1194 3097 1258 eorumque
3124 1191 3323 1246 virtute
3346 1206 3408 1247 ac
3434 1208 3592 1261 prae-

2002 1275 2127 1329 miis
2155 1290 2241 1328 res
2272 1288 2428 1330 secus
2454 1290 2573 1331 sese
2601 1279 2777 1333 liabet.
2828 1279 2973 1332 Haec
3003 1288 3068 1333 'ct
3104 1296 3229 1335 vere
3267 1291 3410 1346 sunt,
3459 1291 3513 1338 et
3557 1299 3588 1340 a

2002 1355 2111 1419 Ben
2146 1365 2282 1419 facta
2312 1375 2457 1431 sunt,
2500 1377 2554 1421 et
2597 1369 2909 1423 alrinl‘mita
2967 1369 3077 1424 Dei‘
3114 1371 3483 1429 benevolentia
3535 1382 3590 1430 et

2001 1457 2172 1526 gratia
2204 1458 2419 1511 dantur.
2472 1460 2651 1525 Quare
2686 1458 2878 1514 horam
2909 1461 3330 1530 praedestinatio
3360 1478 3488 1519 vere
3525 1481 3591 1519 ac

2001 1548 2217 1617 proprie
2244 1548 2347 1603 diei
2376 1557 2571 1618 potest,
2598 1564 2789 1619 neque,
2815 1564 2979 1619 quum
3012 1566 3041 1605 a
3072 1554 3128 1605 S.
3156 1551 3451 1624 Scriptura
3471 1565 3523 1610 et
3555 1570 3586 1609 a

2003 1635 2100 1690 SS.
2142 1637 2395 1692 Patribus
2416 1639 2662 1703 ducetur,
2690 1654 2718 1692 a
2743 1641 3015 1695 contrario
3042 1649 3124 1697 est
3154 1634 3463 1712 accipienda
3497 1643 3601 1716 (i)."

2026 1748 2031 1753 ο
2073 1725 2390 1795 Priusquam
2422 1735 2597 1783 tamen
2626 1728 2690 1782 ad
2719 1730 2921 1799 reliqua
2948 1744 3269 1805 pergamus,
3296 1738 3375 1789 sul
3394 1720 3595 1805 jie‘ien?

307 1802 416 1885 lies
441 1802 750 1884 definiendo
777 1828 1085 1883 conficitur.
1140 1842 1159 1878 ι
1190 1802 1510 1897 Estienim)
1533 1827 1711 1881 divina
1742 1840 1902 1895 ιιι-τιθ-
1932 1802 1983 1863 Β
2002 1816 2129 1872 dom
2157 1817 2365 1870 videtur
2391 1816 2735 1886 disputationi
2760 1830 2997 1885 nostrae,
3023 1802 3164 1890 quod
3188 1822 3383 1879 Scottis
3397 1802 3585 1893 suine-

308 1919 605 1974 destinatio
638 1919 903 1981 omnium,
949 1931 1087 1986 quae
1118 1916 1260 1971 Deus
1296 1915 1540 1970 facturus
1591 1924 1731 1979 erat,
1779 1923 1904 1968 ante

307 2011 487 2067 secula
548 2009 893 2080 praeparatio
952 2016 1119 2076 atque
1177 2007 1461 2077 dispositio
1497 2006 1568 2077 (c)
1613 2026 1659 2059 ι.
1721 2006 1907 2060 «Tan-ﬂ

307 2112 421 2156 tum
466 2100 694 2170 (autem)
746 2101 801 2153 in
857 2100 966 2153 Deo
1015 2097 1157 2152 valet
1209 2096 1591 2167 praeseientia,
1632 2107 1905 2166 quantum

305 2193 752 2261 praedestinatio;
782 2190 962 2259 plane,
1000 2189 1128 2258 quia
1155 2203 1321 2242 unum
1349 2197 1475 2243 sunt
1498 2209 1545 2242 ι.
1599 2187 1909 2243 Excederet

310 2282 527 2349 quidem
561 2280 930 2349 'praescientia
977 2277 1483 2347 praedestinationis
1542 2278 1677 2332 fines
1706 2318 1721 2344 ,
1773 2294 1901 2333 eum

315 2371 407 2425 illa
435 2372 596 2425 etiam
624 2373 691 2425 ad
727 2384 821 2425 eas
856 2386 947 2425 res
987 2372 1256 2440 pertinere
1290 2379 1530 2441 putetur,
1579 2362 1716 2440 quas
1756 2371 1905 2428 Deus

315 2475 427 2515 non
449 2460 595 2524 fecit,
620 2460 765 2513 velut
778 2470 1033 2528 peccata:
1059 2474 1243 2515 verum
1269 2463 1569 2527 enimvero,
1593 2477 1734 2531 quae
1758 2462 1903 2517 Deus

312 2564 423 2602 non
451 2547 599 2612 fecit,
631 2563 703 2603 ea.
729 2563 833 2601 non
871 2557 1027 2612 sunt;
1057 2564 1226 2619 quare
1260 2564 1360 2604 nec
1390 2550 1458 2604 ab
1494 2566 1560 2603 eo
1589 2552 1902 2620 praescitio-

310 2646 420 2694 tur.
466 2638 662 2709 Atque
699 2646 829 2693 sunt
876 2641 1039 2692 etiam
1088 2657 1108 2690 ι
1130 2638 1185 2693 et
1218 2639 1641 2708 praedestinatio
1667 2648 1722 2693 et
1753 2654 1906 2708 prae-

304 2728 535 2783 scientia
574 2729 733 2782 unius
762 2728 1113 2798 ejusdemque
1150 2730 1369 2784 divinae
1419 2738 1664 2794 naturae,
1705 2731 1757 2784 in
1797 2747 1901 2802 qua

307 2819 453 2872 aliud
495 2819 603 2872 alio
634 2819 755 2889 plus
780 2821 1050 2874 minusve
1094 2835 1202 2873 non
1245 2829 1330 2875 est
1364 2840 1379 2874 :
1418 2821 1511 2874 ubi
1562 2830 1641 2874 est
1680 2830 1901 2878 naturae

307 2906 649 2977 simplicitas,
680 2907 787 2961 tiou
813 2918 901 2963 est
936 2907 1040 2962 ulla
1079 2906 1389 2969 diversitas,
1435 2909 1688 2978 quoniam
1730 2910 1783 2963 in
1833 2927 1898 2967 ea

311 2998 499 3049 omnia
528 3011 695 3050 unum
724 3006 855 3050 sunt
883 2996 962 3067 (ά)
989 3016 1037 3050 ι.

344 3120 353 3126 ρ
389 3082 485 3137 Est
520 3098 651 3154 ergo
679 3084 1198 3149 manifestissimum,
1243 3101 1342 3141 nec
1377 3097 1616 3156 peccata,
1660 3105 1760 3147 nec
1796 3105 1893 3147 eo-

2004 1908 2077 1963 eit
2103 1923 2263 1971 suae;
2298 1910 2621 1963 sententiam
2649 1910 2880 1965 dicimus
2921 1914 2987 1967 de
3028 1913 3147 1983 igne
3194 1924 3398 1971 :etcrno
3447 1917 3588 1987 apud

2005 1997 2225 2051 inferos.
2258 1996 2354 2051 Est
2383 2007 2561 2051 autem
2586 1999 2754 2065 bace;
2792 2019 2809 2050 ‹
2845 2000 2995 2055 Haud
3026 2002 3183 2057 facile
3209 2005 3355 2059 credi
3386 2016 3584 2076 potest,

2005 2087 2166 2141 alium
2207 2103 2329 2142 eum
2374 2103 2512 2153 esse,
2553 2082 2781 2158 praeter
2814 2092 3010 2161 ipsum,
3062 2093 3151 2163 qui
3205 2103 3283 2149 est
3333 2111 3587 2166 quar.nm

2004 2179 2189 2232 mundi
2218 2178 2562 2233 elementum.
2608 2179 2715 2235 Nec
2747 2182 3040 2251 incongrue
3069 2185 3413 2251 credendum,
3444 2188 3589 2258 quod

2003 2282 2228 2337 corpora
2256 2278 2566 2322 sanctorum
2598 2271 2648 2324 in
2681 2273 2987 2327 aetheream
3019 2277 3372 2331 nmtabuntur
3416 2279 3589 2348 quali-

2006 2368 2189 2422 tatem,
2229 2373 2369 2428 qnae
2408 2360 2475 2413 ab
2516 2360 2617 2414 alia
2647 2366 2887 2417 consumi
2920 2379 3022 2419 non
3057 2376 3262 2435 potest;
3300 2370 3588 2439 impiorum

2003 2467 2131 2505 vero
2159 2466 2383 2521 corpora
2415 2453 2466 2506 in
2492 2466 2704 2507 aeream
2736 2457 3050 2525 qualitatem
3082 2462 3398 2525 transitura,
3433 2472 3493 2517 ut
3519 2464 3588 2519 ιι)

2002 2543 2275 2611 superiore
2325 2543 2448 2613 igne
2488 2545 2782 2613 patiantur.
2835 2546 2972 2601 Illuc
3011 2557 3114 2613 est,
3159 2552 3300 2619 quod
3342 2551 3587 2608 diabolus

1999 2632 2141 2702 p’ost‘
2161 2632 2366 2701 lapsum
2400 2634 2651 2689 detrusus
2678 2638 2746 2689 ab
2773 2640 3028 2692 aethereo
3054 2638 3245 2707 spatio,
3279 2639 3588 2708 adjunctum

2000 2731 2078 2777 est
2100 2723 2148 2777 ei
2176 2724 2343 2776 invito
2370 2738 2588 2776 aereum
2632 2734 2828 2793 corpus
2852 2767 2865 2788 ,
2897 2726 2948 2779 in
2976 2740 3081 2796 quo
3109 2744 3309 2795 poenas
3340 2747 3469 2784 suae
3494 2747 3588 2784 su-

1999 2813 2220 2882 perbiae
2240 2812 2354 2865 luat
2378 2812 2472 2882 (j).
2493 2812 2643 2877 Quod
2668 2815 2712 2867 si
2740 2815 2825 2867 cui
2857 2814 3173 2870 incredibile
3204 2818 3434 2883 videtur,
3461 2834 3586 2874 cor-

2000 2909 2129 2976 pora
2157 2921 2376 2976 semper
2408 2922 2621 2969 arsura,
2662 2918 2838 2975 neque
2873 2917 3051 2981 tamen
3094 2910 3358 2978 peritura,
3396 2914 3585 2969 videat

1999 2996 2395 3050 salamandram
2447 2998 2500 3050 in
2546 2998 2673 3067 igne
2712 2997 2910 3065 vivam,
2945 2999 3124 3056 videat
3152 3001 3381 3072 lapidem
3425 3006 3581 3062 ashe-

2000 3094 2140 3139 stum
2166 3085 2242 3157 (Ic)
2275 3104 2318 3140 ι.
3084 3082 3088 3088 ’
3194 3090 3205 3095 ’

316 3188 436 3226 rum
484 3187 681 3241 poenas
727 3175 987 3243 praes'ciri
1024 3188 1053 3228 a
1092 3176 1205 3229 Deo
1252 3185 1343 3231 aut
1377 3179 1768 3247 praedestinari
1797 3181 1891 3253 (e).
1924 3141 1970 3204 C
2071 3177 2332 3233 Venimus
2388 3194 2529 3233 nunc
2585 3178 2653 3234 ad
2714 3180 3012 3237 disserendi
3042 3186 3045 3187 ⁷
3074 3183 3590 3260 demonstrandiqne

381 3261 537 3326 Quod
566 3262 612 3316 si
640 3263 811 3316 nihilo
840 3263 1017 3318 secius
1048 3282 1067 3315 ι
1094 3265 1294 3319 dicitur
1330 3267 1471 3321 Deus
1507 3276 1565 3321 et
1603 3268 1797 3325 fecisse
1829 3286 1894 3325 ca

307 3359 362 3405 et
386 3350 744 3419 praescivisse
775 3350 857 3405 vel
880 3354 1332 3420 praetlestitiassc,
1357 3357 1425 3410 ad
1453 3358 1773 3412 exercitium
1801 3374 1899 3414 no-

303 3447 450 3495 strae
475 3439 861 3510 intelligentiae
886 3442 1025 3496 Deus
1043 3445 1379 3512 procurat-it,
1420 3454 1480 3501 et
1514 3448 1568 3501 in
1610 3450 1896 3518 scripturis

302 3530 418 3584 suis
444 3539 499 3583 et
530 3531 583 3584 in
624 3533 1009 3587 tractaturihus
1030 3532 1180 3602 ejus,
1210 3544 1264 3589 ut
1291 3537 1520 3591 audiens
1566 3538 1703 3593 tales
1748 3539 1892 3595 locu-

302 3620 511 3674 tionum
552 3622 742 3676 modos
784 3622 1065 3691 evigilaret
1105 3632 1293 3679 nostra
1326 3626 1561 3681 intentio
1602 3630 1670 3683 ad
1700 3629 1899 3686 intelli-

300 3710 554 3778 gendum,
585 3710 803 3778 quidviu
835 3711 923 3766 eis
938 3715 1228 3783 mysticum
1252 3715 1437 3781 lateat,
1469 3732 1578 3770 non
1601 3719 1729 3786 quid
1755 3720 1894 3774 sim-

305 3799 425 3868 plex
456 3802 749 3856 verborum
771 3804 1088 3871 superficies
1112 3805 1365 3859 ostendat
1394 3805 1466 3875 ({)
1490 3825 1534 3859 ι.

374 3890 545 3956 Quem
561 3891 796 3946 bocloco
807 3892 957 3947 dicat
972 3894 1256 3964 mysticum
1271 3910 1515 3961 sensum,
1532 3895 1777 3966 plurimis
1799 3913 1897 3955 ex-

303 3983 561 4054 plicatum
581 3985 793 4056 legitur.
810 3985 1013 4041 Scribit
1027 3987 1207 4057 igitur,
1225 3989 1491 4065 permulta
1509 4010 1529 4041 ι
1549 3993 1894 4048 a'contrarim

304 4090 427 4130 esse
447 4078 757 4146 accipienda
776 4097 791 4133 :
808 4098 832 4126 ε
857 4081 910 4133 in
927 4080 1262 4139 secuiaribus
1286 4082 1483 4137 litteris
1503 4083 1702 4139 Parcas
1726 4087 1900 4141 dictas

305 4180 450 4227 esse,
470 4165 614 4233 quod
641 4167 771 4220 nulli
799 4177 1047 4237 parcant,
1092 4168 1289 4232 lucem,
1312 4171 1458 4237 quod
1501 4185 1606 4225 non
1657 4172 1898 4236 luceat»,

312 4272 334 4303 ι
356 4254 621 4311 indiviuis
641 4255 938 4325 Scripturis
958 4257 1188 4313 inveniri
1205 4258 1398 4313 Judam
1420 4260 1749 4329 proditorem
1774 4260 1911 4315 alni.

306 4358 438 4398 cum
462 4341 643 4398 aJcsu
664 4345 1002 4414 appellatum,
1024 4363 1151 4403 cum
1175 4346 1337 4403 fuerit
1359 4350 1628 4416 inimicus,
1644 4352 1900 4416 electum,

308 4455 437 4495 cum
465 4439 629 4495 fuerit
672 4457 779 4496 non
797 4431 1038 4508 electus,
1071 4453 1129 4499 et
1170 4443 1287 4513 ejus
1323 4446 1734 4518 generis'plura
1760 4447 1894 4517 (9)».

310 4552 329 4583 ι
344 4531 599 4598 Proinde,
622 4552 644 4586 ι
664 4535 758 4599 ait,
777 4552 798 4586 ι
822 4549 928 4590 non
943 4536 1116 4598 rideo,
1136 4552 1235 4591 cur
1249 4535 1551 4605 SS.patres
1564 4537 1895 4603 dubitarent,

303 4624 539 4694 pulchro
570 4625 854 4682 locutionis
879 4628 1042 4683 modo
1069 4629 1387 4683 fiducialiter
1421 4631 1703 4684 enuntiare
1734 4646 1894 4700 prae-

304 4718 607 4773 destinatos
632 4718 698 4772 ad
735 4734 964 4789 poenam
995 4719 1080 4773 vel
1109 4718 1389 4775 interitum
1428 4724 1549 4790 (pro
1582 4734 1696 4777 non
1742 4735 1898 4791 prae—

303 4810 636 4880 destinantis),
675 4828 694 4861 ι
722 4811 935 4880 quoties
970 4811 1038 4866 iis
1082 4811 1138 4865 in
1177 4811 1438 4866 librorum
1480 4826 1702 4868 suorum
1754 4812 1898 4867 serie

376 4965 455 5036 (ᾳ)
487 4964 571 5036 Cf.
602 4962 685 5036 111..
710 4964 787 5036 ξιξ
814 4963 889 5036 X,
915 4965 1009 5036 1:5
1035 4973 1091 5036 et
1116 4964 1333 5032 saepius
1361 4964 1516 5021 alias.

377 5032 453 5103 (ι)
481 5034 566 5089 cr.
601 5033 670 5096 χ,
700 5032 822 5093 1-5;
847 5033 1015 5096 χιιι,
1037 5033 1090 5087 2.

378 5102 452 5172 (ε)
481 5104 566 5157 Cl'.
597 5103 749 5169 ",2;
786 5103 877 5167 XI,
909 5103 1005 5157 6-7
1030 5110 1067 5168 ;'
1088 5102 1199 5163 XII,
1232 5102 1257 5155 1
1292 5118 1405 5172 seq.

376 5149 463 5244 ἃ)
487 5149 573 5228 ξιξ
597 5149 749 5244 iv?
764 5149 1063 5238 ἐξᾶρξέᾆὼ
1090 5149 1257 5244 ifilli
1269 5149 1488 5241 ςᾟὲὲει.
1519 5174 1575 5228 in
1603 5172 1697 5226 an.

376 5242 453 5311 (ε)
482 5244 563 5299 Cf.
594 5243 714 5311 XV,
749 5247 768 5298 I
795 5263 809 5309 ;
849 5243 991 5305 XVI,
1022 5245 1087 5307 6;
1112 5242 1274 5305 XVII.
1306 5245 1356 5308 l,
1385 5252 1495 5298 eet.
1536 5252 1644 5300 eet.

396 5310 450 5384 Ῑ)
476 5314 558 5384 Cf.
590 5310 735 5380 XVI,
760 5315 813 5368 6.
856 5314 939 5369 Cf.
970 5312 1132 5378 XVII,
1157 5315 1221 5378 2;
1260 5310 1389 5384 X,_I
1432 5329 1548 5382 seq.

372 5317 428 5447 5/
476 5317 558 5368 cr.
591 5317 813 5380 xv1,o.
856 5317 939 5369 cr.
970 5317 1221 5378 xvunz;
1260 5317 1329 5377 Χ,
1366 5317 1389 5368 t
1432 5329 1548 5382 seq.

394 5317 450 5455 gi
475 5383 558 5438 Cf.
586 5384 705 5448 ΧΑ
739 5400 852 5454 seq.
880 5384 1001 5455 XV,
1025 5383 1140 5439 6-7.
1168 5389 1202 5438 '2
1226 5401 1240 5448 ;
1266 5381 1453 5455 XIIIJ
1484 5399 1602 5453 seq.

370 5454 449 5528 (li)
478 5455 564 5528 Cf.
592 5455 731 5519 XIII,
755 5458 823 5517 ’ἒς
859 5454 950 5528 IX,
976 5455 1010 5508 5
1044 5455 1179 5528 (quo
1206 5464 1402 5528 tamen
1424 5454 1541 5528 loco
1585 5455 1727 5510 hanc
1775 5471 1888 5528 rem

297 5523 453 5595 longe
492 5525 656 5591 aliter
702 5527 977 5596 exponit;~
1003 5523 1131 5581 dicit
1177 5523 1323 5579 enim
1355 5523 1554 5596 ideirco
1587 5524 1892 5596 praescion-

299 5595 429 5651 tiatn
456 5595 1015 5666 praedestinatiouem
1043 5611 1149 5651 non
1188 5595 1427 5667 proprie,
1446 5597 1537 5652 sed
1561 5595 1601 5650 τι
1619 5597 1894 5651 contrario

298 5667 603 5733 praedicari
624 5667 695 5723 de
716 5668 852 5732 Deo,
875 5668 1019 5734 quod
1043 5667 1095 5720 in
1120 5666 1291 5734 ipsum
1316 5679 1426 5719 non
1455 5668 1611 5724 cadat
1644 5666 1897 5734 temporis

300 5683 603 5733 praedicari
624 5683 695 5723 oe
716 5683 852 5732 ueo,
875 5686 888 5719 t
915 5683 1019 5723 uou
1043 5683 1095 5720 m
1120 5683 1291 5734 ipsum
1316 5683 1408 5719 ιιοι

300 5739 494 5809 ratio);
534 5738 602 5805 Χ,
637 5739 661 5792 1
701 5752 823 5807 seq.
858 5683 972 5805 ὶέιι,
994 5739 1063 5803 ‘2;
1101 5736 1216 5804 XV,
1248 5735 1283 5789 2
1306 5744 1408 5791 cet.

2001 3269 2165 3333 viam,
2208 3286 2369 3339 quam
2446 3272 2639 3327 Scotus
2689 3274 2793 3329 hoc
2846 3274 2901 3329 in
2953 3276 3091 3331 libro
3156 3278 3428 3348 ingressus
3481 3286 3601 3338 est.‘

2002 3357 2144 3413 Haec
2183 3375 2314 3415 veno
2351 3376 2414 3415 ex
2457 3363 2524 3417 iis
2554 3404 2569 3426 ,
2612 3379 2751 3431 quae
2792 3364 2859 3419 de
2903 3367 3064 3420 totius
3104 3366 3224 3421 libri
3268 3381 3588 3441 argumento

1999 3450 2393 3516 euarravimus,
2427 3454 2558 3507 satis
2588 3455 2814 3509 fortasse
2840 3458 3090 3524 patuerit.
3146 3458 3392 3515 Vidimus
3424 3462 3591 3531 igitur

2000 3538 2157 3608 longe
2203 3555 2325 3595 eum
2369 3541 2473 3595 alia
2505 3543 2977 3610 via-incedentem,
3016 3559 3176 3617 quam
3211 3549 3445 3620 reliquos
3469 3552 3588 3622 cjus

2000 3629 2189 3684 aetatis
2227 3624 2536 3700 theologos,
2568 3647 2839 3703 quamque
2869 3635 3042 3704 ipsum
3076 3639 3273 3692 decuit.
3326 3641 3402 3694 illi
3439 3642 3584 3697 enim

1999 3719 2128 3774 solis
2156 3724 2543 3790 propemodum
2568 3724 2623 3777 S.
2652 3724 2946 3792 Scriptura:
2973 3736 3027 3779 et
3051 3726 3150 3780 SS.
3177 3727 3396 3783 Patrum
3431 3731 3583 3785 testi-

1998 3812 2195 3867 moniis
2236 3815 2755 3886 ancteritatihnsque
2782 3815 3116 3883 nitebantur,
3152 3816 3237 3873 hic
3289 3834 3308 3870 ι
3340 3822 3583 3892 disputa-

2002 3904 2174 3958 loriae
2216 3907 2374 3970 artis,
2404 3925 2423 3957 ι
2476 3915 2534 3960 ιιι
2579 3907 2788 3972 scribit,
2844 3916 2871 3957 ι’
2899 3908 3094 3979 regulis
3124 3929 3141 3961 ι
3176 3911 3433 3966 utebatur
3467 3927 3480 3965 :
3510 3913 3601 3967 illi'

2001 3992 2060 4047 S.
2109 3992 2423 4064 Scripturae
2468 4006 2521 4050 et
2566 3996 2666 4051 SS.
2701 3996 2922 4052 Patrum
2966 3999 3376 4054 auctoritatibus
3404 4001 3491 4070 pio
3523 4016 3587 4057 ac

2001 4085 2229 4153 simplici
2259 4086 2440 4139 animo
2471 4102 2529 4140 se
2552 4088 2930 4159 subjiciebant,
2967 4089 3056 4142 hic
3091 4090 3443 4145 auctoritates
3469 4088 3603 4147 illas

2001 4175 2136 4229 duro
2166 4188 2230 4227 ae
2254 4176 2487 4250 superb’o
2524 4178 2722 4245 ingenii
2751 4180 2835 4231 sui
2864 4179 3092 4247 impe‘rio
3116 4181 3421 4250 subigebat.
3476 4183 3587 4240 Me-

2001 4264 2259 4319 minimus
2283 4248 2545 4333 profecto,
2568 4280 2730 4332 quam
2761 4268 3082 4333 contemptis
3123 4248 3392 4333 artificiis,
3422 4273 3584 4340 'qqu

2002 4365 2190 4411 contra
2213 4370 2271 4409 se
2292 4355 2470 4409 facere
2499 4355 2745 4418 vidisset,
2774 4364 2878 4408 uta
2895 4369 2953 4408 se
2969 4355 3143 4408 facere
3163 4357 3430 4425 videatur,
3457 4359 3587 4414 effe-

2004 4447 2160 4500 cerit.
2193 4444 2302 4500 llac
2340 4454 2478 4507 arte,
2510 4459 2668 4514 quem
2698 4443 2785 4500 ille
2822 4444 3030 4499 hostem
3077 4458 3182 4498 non
3233 4442 3581 4517 proﬂigaret!

2001 4539 2098 4593 Est
2108 4538 2348 4607 quidem,
2366 4545 2425 4592 ut
2438 4539 2550 4608 ipse
2566 4550 2779 4607 quoque
2795 4536 2850 4593 S.
2870 4535 3205 4608 Scripturac,
3224 4535 3282 4593 S.
3302 4534 3597 4609 Augustini

1996 4631 2144 4686 locos
2173 4646 2303 4686 suae
2322 4631 2623 4684 sententiae
2649 4624 2964 4700 argumenta
2985 4628 3244 4699 proferat,
3268 4646 3453 4687 verum
3486 4633 3583 4700 ita,

1998 4720 2067 4781 si.
2087 4728 2144 4773 ut
2158 4721 2244 4774 his
2258 4719 2436 4774 verbis
2449 4728 2684 4784 utamur,
2700 4728 2856 4775 antea
2874 4706 2980 4789 ipsi
3002 4721 3301 4776 sententiae
3321 4738 3448 4778 suae
3467 4722 3607 4781 ἷκε-⁵

1998 4812 2106 4865 rint
2129 4812 2341 4881 probati
2356 4811 2441 4882 (ι).
2473 4811 2658 4882 Neque
2672 4812 2850 4868 facere
2866 4826 3286 4882 nonpossumus,
3305 4815 3433 4885 quin
3451 4808 3601 4875 clas?

2050 4965 2132 5037 (ἱ)
2170 4962 2406 5037 ΧΙῙΧΝ.
2445 4964 2543 5020 Est
2579 4974 2759 5021 autem
2802 4974 2949 5021 certe
2978 4964 3219 5037 Amirum,
3262 4966 3355 5035 qui
3382 4967 3585 5023 factum

1998 5034 2121 5105 sit,‘
2141 5045 2200 5088 ut
2243 5035 2458 5092 Scottis.
2490 5051 2654 5105 quum
2682 5038 2947 5090 malorum
2974 5034 3255 5105 hominum
3281 5039 3585 5105 praedesti-

1999 5104 2271 5159 nationem
2306 5103 2681 5176 necessariam
2708 5107 2905 5176 ubique
2954 5104 3149 5176 dixerit
3182 5103 3352 5176 pra‘ve
3391 5105 3583 5176 agendi

1997 5189 2240 5237 causam,
2291 5189 2396 5226 non
2447 5184 2624 5228 tamen
2653 5174 2720 5227 de
2752 5173 3014 5229 bonorum
3047 5175 3325 5226 hominum
3362 5173 3586 5239 praede-

1996 5245 2285 5301 stinatione
2333 5253 2588 5314 tanquam
2641 5246 2947 5300 necessaria
2986 5242 3124 5296 bene
3170 5240 3380 5293 vivendi
3402 5253 3583 5293 causa

1997 5314 2338 5369 cogitaverit.

2095 5367 2144 5465 ᾇ)
2192 5366 2491 5438 Hienemo
2531 5388 2637 5441 non
2685 5366 3079 5447 reminiscetur,
3116 5378 3424 5448 opinamur,
3457 5376 3581 5434 Ori-

1998 5470 2254 5584 “2.3.0.
2304 5522 2590 5578 XlX.‘I-4.
2629 5522 2803 5591 Supra
2838 5529 3017 5573 autem
3061 5517 3217 5586 dixit,
3249 5492 3419 5576 solam
3456 5534 3586 5578 cou-

2001 5596 2285 5667 scientiam
2316 5595 2527 5667 punire.
2764 5659 2825 5667 __
2888 5657 2918 5667 _
3116 5659 3130 5667 ,
3207 5660 3261 5667 __
3314 5662 3327 5667 _
3398 5661 3412 5667 ,
3489 5660 3520 5667 ,,
3642 5662 3649 5667 .

2076 5665 2137 5733 (ι)
2167 5657 2366 5718 Eadem
2399 5663 2554 5733 plane
2582 5659 2856 5733 commisit
2886 5657 3081 5733 Scptus
3116 5659 3168 5715 in
3207 5660 3359 5733 Lbris
3381 5660 3581 5733 de_d_iv.

2008 5728 2126 5788 Nati
2183 5734 2265 5788 Cf.
2315 5728 2480 5785 llock.
2535 5732 2586 5785 in
2632 5730 2909 5798 ephemer.
2940 5730 3206 5789 Bonnens.
3238 5730 3397 5787 Fasc.
3444 5728 3582 5793 XVI,
