4152 6276
531 320 592 376 3|
1664 309 1751 368 DE
1793 309 1847 367 J.
1885 306 2109 365 SCOTO
2155 303 2651 362 COMMENTATIO
3738 309 3812 366 δι

533 431 730 496 sicam,
766 435 828 484 ut
859 429 1032 493 aiunt,
1061 426 1164 481 hac
1187 421 1254 480 de
1299 431 1358 479 re
1397 397 1574 479 locum
1600 434 1668 478 cx
1695 419 1843 478 Scoti
1870 423 2020 477 libris
2055 423 2122 477 de
2148 424 2196 483 Α
2226 423 2660 487 monstrativam,
2681 419 3051 476 remttvam.
3089 420 3289 477 Earum
3323 423 3570 494 exempla
3606 424 3661 480 in
3689 442 3808 497 pro.

535 522 800 578 divisione
817 521 1051 575 Naturae
1066 517 1371 574 all‘eramus.
1391 515 1582 570 Sermo
1597 515 1758 571 estde
1771 529 1957 570 sacrae
1973 513 2124 568 Scri-

535 623 727 684 pturae
753 623 808 668 et
833 612 935 666 SS.
965 611 1183 665 Patrum
1204 608 1543 665 auctoritate.
1574 603 1974 660 Scribitatitem
2004 603 2081 674 (a)
2106 620 2120 658 :

544 722 563 754 ι
594 704 905 758 Auctoritas
945 719 1011 758 ex
1044 715 1169 756 vera
1196 700 1408 754 ratione
1453 698 1739 768 processit,
1783 710 2124 766 nequaquam

540 794 678 848 ratio
692 809 755 849 ex
771 793 1092 848 auctoritate
1108 810 1120 845 :
1135 791 1310 847 omnis
1322 805 1386 843 au
1395 797 1498 844 tem
1517 788 1830 852 auctoritas,
1845 802 1983 856 quae
1999 800 2125 840 vera

541 888 746 942 ratione
779 901 882 939 non
913 882 1258 955 approbatur,
1291 880 1502 934 inﬁrma
1539 880 1757 934 videtur
1782 892 1924 932 esse.
1983 876 2125 931 Vera

541 985 720 1030 autem
747 975 883 1029 ratio
905 1013 919 1026 .
943 1011 958 1026 .
987 1011 1000 1025 .
1028 1009 1042 1024 .
1071 1011 1084 1025 .
1107 1011 1120 1024 .
1145 970 1346 1026 nullius
1374 965 2126 1040 auctoritatisCastipulatione

538 1066 782 1122 roborari
831 1064 1036 1133 indiget
1062 1081 1106 1116 ι.

611 1156 794 1224 Neque
833 1153 1034 1216 hercle,
1066 1166 1234 1222 quum
1273 1149 1422 1206 Scoti
1447 1149 1660 1219 incepta
1683 1148 1921 1218 graviter
1947 1160 2130 1215 repre-

537 1245 907 1308 hen’derimus,
945 1241 1142 1311 quibus
1179 1240 1428 1293 excusari
1455 1246 1675 1308 queant,
1713 1237 1930 1292 silentio
1971 1249 2129 1305 prae-

540 1335 924 1390 termittamus.
965 1330 1345 1386 Transtulerat
1373 1328 1468 1401 (cf.
1517 1344 1638 1398 sup.
1670 1328 1801 1397 Cap.
1829 1321 1930 1398 lll)’
1949 1325 2128 1381 Caroli

540 1425 689 1481 Calvi
729 1423 884 1492 jussu
931 1422 1099 1477 libros
1144 1419 1619 1490 Pseudo-Dionysii
1669 1418 2027 1486 Areopagitae
2073 1423 2130 1470 et

542 1515 785 1580 Maximi,
819 1528 956 1584 quos
986 1527 1044 1566 re
1077 1520 1131 1565 et
1161 1511 1307 1564 facto
1343 1525 1372 1563 a
1400 1509 1530 1566 viris
1563 1508 1686 1574 illis,
1717 1508 1917 1576 quibus
1961 1505 2126 1561 tribui

542 1607 807 1670 solebant,
846 1602 1186 1670 conscriptos
1211 1601 1454 1671 putabat.
1503 1597 1687 1668 Itaque
1719 1611 1969 1668 magnam
2002 1610 2131 1664 pro-

542 1698 686 1754 fecto
739 1705 948 1767 partem
1000 1709 1209 1749 summa
1267 1700 1579 1748 sanctorum
1623 1691 1861 1744 virorum
1912 1688 2128 1742 illorum

2227 526 2382 566 cessu
2432 510 2591 579 hujus
2618 511 2800 581 operis
2827 510 3193 565 ostendemus.
3232 510 3329 567 His
3365 513 3512 568 enim
3555 522 3815 584 tanquam

2225 603 2344 657 utili
2406 603 2640 671 quodam
2686 612 2743 658 et
2783 603 3014 657 honesto
3073 604 3343 660 humanae
3387 605 3817 664 ratiocinationis

2225 696 2512 764 quadrivio
2541 698 2607 752 ad
2640 697 2808 766 ipsam
2835 698 3140 767 disputandi
3172 697 3543 768 disciplinam,
3569 716 3710 770 quae
3733 713 3820 760 est

2227 788 2452 851 veritas,
2483 788 2660 842 omnis
2691 788 2742 842 in
2780 803 2843 842 ea
2871 788 3116 843 eruditus
3145 791 3416 858 perveniri
3446 807 3555 846 non
3584 793 3816 849 dubitat.

2229 875 2401 944 Hujus
2455 877 2772 947 disciplinae
2819 877 3018 947 regulis
3061 879 3370 934 necessario
3424 881 3504 934 uti
3539 882 3814 950 jubemur.

2230 969 2357 1024 dum
2404 970 2664 1024 adversus
2703 968 3122 1024 Gothescalcum
3168 972 3458 1040 quemdam
3491 978 3820 1042 respondere

2229 1059 2605 1129 compellimur
2625 1079 2673 1113 ι.

2301 1150 2473 1215 Quam
2516 1149 2618 1203 iste
2652 1150 2752 1203 hoc
2783 1147 2903 1202 loco
2939 1147 3336 1219 philosophiam
3383 1165 3505 1206 cum
3533 1167 3662 1208 vera
3695 1153 3823 1209 reli-

2230 1239 2388 1311 gione
2408 1239 2636 1294 eandem
2659 1238 2972 1293 contendit?
2997 1237 3165 1293 Estne
3186 1254 3247 1292 ea
3269 1276 3284 1301 ,
3321 1254 3462 1308 quae
3489 1240 3594 1297 illis
3617 1250 3821 1313 tempo-

2231 1331 2382 1386 ribus
2410 1330 2768 1384 communiter
2794 1329 2897 1383 hoc
2916 1329 3132 1384 nomine
3159 1329 3550 1400 appellabatur,
3574 1347 3818 1403 quaeque

2230 1425 2320 1478 vix
2351 1431 2444 1476 aut
2473 1438 2541 1476 ne
2571 1422 2670 1478 vix
2693 1420 3252 1496 quidemdialeeticae
3288 1421 3421 1477 ﬁnes
3453 1426 3820 1495 transgredie-

2231 1512 2432 1568 batur?
2477 1510 2596 1580 Ipsa
2647 1509 2796 1565 Scoti
2840 1510 3006 1564 verba
3025 1549 3041 1574 ,
3068 1511 3170 1564 nisi
3220 1509 3362 1566 forte
3390 1528 3410 1562 ι
3433 1528 3462 1565 a
3492 1516 3768 1570 contrario
3796 1534 3813 1567 ι

2233 1610 2359 1655 sunt
2399 1599 2838 1668 interpretanda,
2867 1613 2986 1652 eam
3013 1609 3163 1654 certe
3199 1599 3591 1670 philosophiam
3620 1603 3824 1673 signiﬁ-

2234 1699 2362 1744 cant
2386 1729 2401 1752 ,
2451 1689 2606 1759 cujus
2645 1704 2812 1743 unum
2851 1687 2935 1742 vel
2963 1689 3278 1758 primarium
3323 1705 3518 1745 munus
3557 1692 3661 1746 hac
3683 1693 3735 1746 in
3766 1709 3825 1748 re

543 1791 870 1845 auctoritate
901 1786 1103 1842 factum
1134 1792 1237 1849 est,
1271 1793 1352 1848 ut,
1378 1796 1516 1852 quae
1545 1782 1596 1835 in
1633 1780 1738 1835 illis
1780 1779 1934 1834 libris
1980 1792 2129 1847 repe-
2157 1785 2206 1846 Β
2233 1787 2510 1844 cernatur,
2543 1786 2604 1832 ut
2649 1778 3010 1833 instrumenta
3047 1779 3203 1849 quasi
3249 1795 3315 1834 ac
3361 1781 3821 1848 machinamenta,

541 1881 722 1942 risset,
745 1879 879 1934 adeo
901 1877 1197 1940 adamaret,
1223 1873 1356 1929 nihil
1377 1881 1435 1927 ut
1457 1873 1522 1927 iis
1544 1872 1904 1926 arbitraretur
1926 1869 2132 1933 verius,

546 1967 679 2023 nihil
730 1967 984 2030 divinius,
1034 1980 1210 2033 neque
1258 1963 1365 2018 ullo
1414 1970 1572 2030 pacto
1615 1961 1968 2015 dubitandum
2014 1971 2139 2012 esse

547 2063 798 2108 censeret
823 2093 839 2117 ,
881 2067 1019 2122 quae
1049 2052 1132 2105 vel
1162 2053 1214 2104 in
1243 2065 1396 2104 sacra
1428 2048 1709 2118 Scriptura
1740 2048 1822 2101 vel
1862 2046 2002 2116 apud
2031 2043 2132 2100 SS.

549 2143 738 2197 Patres
779 2142 1003 2197 edoctus
1052 2138 1244 2203 fuerat,
1281 2141 1348 2194 ad
1388 2139 1600 2193 illorum
1637 2137 1874 2192 virorum
1903 2135 2139 2206 philoso-

547 2234 792 2304 sophiam
825 2247 1091 2288 resecare.
1134 2231 1308 2299 Atque
1338 2229 1536 2285 Scotus
1563 2228 1610 2283 is
1639 2236 1776 2292 erat,
1823 2227 1938 2296 qui,
1966 2226 2139 2295 quod—

547 2339 760 2393 cunque
789 2339 977 2377 verum
1007 2337 1126 2377 esse
1155 2321 1256 2375 sibi
1285 2328 1658 2390 persuaserat,
1690 2325 1938 2373 sanctum
1980 2317 2142 2370 duce-

550 2423 632 2466 ret
685 2426 891 2482 suoque
941 2411 1056 2464 loco
1092 2407 1261 2463 libere
1316 2407 1701 2462 conﬁtendum.
1750 2405 1840 2459 Ait
1887 2404 2030 2460 enim
2085 2404 2141 2459 in

554 2505 733 2574 primo
763 2505 829 2558 de
857 2501 1073 2556 Naturis
1098 2501 1171 2572 (ὁ)
1207 2519 1221 2554 :
1257 2518 1274 2551 ι
1305 2499 1422 2554 Non
1449 2501 1523 2555 ita
1555 2516 1672 2556 sum
1704 2500 1924 2554 territus
1958 2506 2144 2553 aucto-

549 2595 730 2657 ritate,
785 2605 878 2647 aut
921 2593 1100 2646 minus
1143 2591 1424 2660 capacium
1479 2591 1782 2644 animorum
1833 2602 2140 2658 expavesco

550 2687 828 2756 impetum,
862 2694 922 2739 ut
950 2701 1038 2749 ea,
1063 2699 1203 2754 quae
1230 2699 1357 2737 vera
1387 2683 1524 2737 ratio
1556 2683 1703 2738 clare
1739 2681 1943 2750 colligit
1983 2679 2142 2735 indu-

549 2778 894 2847 bitanterque
925 2775 1140 2840 dillinit,
1184 2784 1369 2844 aperta
1399 2773 1575 2836 fronte
1617 2773 1968 2843 pronuntiare
2011 2787 2141 2826 con-

549 2867 764 2931 fundar,
804 2868 1120 2938 praesertim
1153 2881 1276 2921 cum
1324 2865 1392 2920 de
1434 2867 1634 2919 talibus
1685 2880 1792 2918 non
1842 2863 1946 2918 nisi
1996 2864 2142 2918 inter

551 2961 823 3030 sapientes
865 2959 1206 3014 tractandum
1241 2958 1352 3023 sit,
1382 2958 1577 3026 quibus
1605 2956 1678 3010 nil
1711 2956 1932 3010 suavius
1959 2963 2043 3011 est
2071 2954 2140 3009 ad

549 3049 876 3104 audiendum
907 3063 1034 3102 vera
1065 3048 1296 3111 ratione,
1340 3047 1416 3100 nil
1447 3046 1818 3100 delectabilius
1868 3046 1936 3100 ad
1983 3046 2137 3100 inve-

2239 1887 2468 1942 quorum
2498 1886 2600 1940 0pc
2646 1871 2948 1940 philosOphi
2979 1871 3154 1940 regias
3204 1871 3372 1926 moles
3407 1887 3534 1926 suas
3562 1874 3825 1939 excitant,

2240 1970 2521 2032 comparet
2553 1971 2716 2031 atque
2756 1962 3080 2031 suppeditet.
3142 1961 3296 2018 Unde
3321 1973 3501 2019 autem
3532 1974 3681 2018 tanta
3710 1981 3825 2020 om-

2242 2054 2390 2109 nium
2419 2070 2598 2109 rerum
2635 2056 3005 2125 perturbatio?
3031 2055 3202 2120 Sunt,
3236 2057 3324 2125 qui
3365 2055 3482 2125 ejus
3507 2073 3723 2112 causam
3753 2060 3822 2113 ad

2239 2144 2640 2212 pantheismum
2673 2145 3053 2214 Erigenianum
3081 2147 3323 2201 referant
3347 2147 3448 2217 (d).
3518 2148 3666 2214 Quod
3691 2164 3822 2202 cono

2241 2239 2323 2286 tra
2364 2231 2714 2288 Schlueterus
2745 2233 2975 2289 aﬂirmat
2999 2233 3093 2305 (ε),
3127 2254 3144 2286 ι
3182 2235 3326 2288 illam
3359 2237 3676 2292 sententiam
3704 2237 3820 2307 (ve-

2243 2337 2359 2376 ram
2382 2321 2784 2391 philosophiam
2821 2324 3048 2378 eandem
3078 2339 3198 2379 esse
3228 2340 3351 2379 cum
3389 2341 3513 2380 vera
3545 2326 3821 2397 religione)

2243 2412 2299 2466 iu
2337 2414 2576 2467 auctoris
2613 2413 2784 2468 nostri
2826 2428 2923 2469 ore
2977 2430 3083 2470 non
3126 2415 3298 2486 magis
3338 2431 3460 2471 esse
3501 2427 3826 2486 suspectam,

2242 2520 2403 2575 quam
2432 2505 2505 2570 id,
2537 2506 2680 2575 quod
2708 2520 2874 2576 prope
2898 2521 3089 2562 omnes
3116 2505 3425 2576 SS._patres
3451 2509 3710 2573 doceant,
3745 2523 3829 2564 re-

2245 2599 2573 2654 velationem
2596 2599 2806 2656 scilicet
2822 2599 3024 2655 Christi
3052 2615 3170 2656 esse
3189 2616 3450 2655 summam
3485 2602 3828 2671 sapientiam,

2245 2697 2409 2757 atque
2462 2703 2678 2742 omnem
2743 2688 3024 2746 continere
3087 2689 3476 2760 philosophiam
3521 2708 3567 2742 ι.
3625 2687 3828 2744 Verum

2244 2775 2597 2831 Schlueterus
2629 2777 2762 2832 satis
2808 2786 2993 2847 aperte
3032 2779 3310 2844 declarat,
3358 2792 3478 2833 sese
3526 2777 3834 2833 illamEri-

2242 2882 2415 2938 genae
2446 2868 2769 2922 sententiam
2830 2868 2883 2922 in
2931 2868 3103 2939 ipsius
3151 2869 3406 2940 Erigenae
3445 2869 3584 2923 libro
3628 2884 3696 2922 ne
3735 2869 3831 2922 ad-

2244 2957 2488 3028 spexisse
2517 2957 2767 3028 quidem!
2817 2956 2920 3024 Qui
2967 2959 3110 3013 enim
3159 2959 3275 3013 ﬁeri
3305 2959 3502 3029 potuit,
3547 2966 3608 3012 ut
3649 2972 3831 3012 avero

2245 3047 2363 3116 ejus
2393 3063 2558 3103 sensu
2585 3057 2693 3103 tam
2724 3048 2910 3118 procul
2947 3050 3266 3104 aberraret?
3303 3049 3397 3104 llla
3423 3049 3688 3120 Erigenae
3714 3048 3831 3118 phi-

551 3139 878 3210 stigandum,
912 3137 1126 3206 quando
1169 3135 1470 3204 quaeritur,
1503 3134 1579 3188 nil
1605 3135 1885 3203 pulchrius
1909 3134 1976 3188 ad
2007 3149 2140 3189 con-
2171 3129 2216 3193 C
2251 3135 2496 3205 losophia
2544 3145 2694 3191 certe
2736 3137 3073 3192 dialecticam
3115 3138 3512 3208 complectitur,
3561 3153 3721 3208 quam
3747 3146 3831 3192 ta-

557 3230 925 3299 templandum
960 3268 976 3295 ,
1030 3229 1246 3297 quando
1293 3227 1607 3282 invenitur!
1643 3246 1662 3278 ›
1720 3227 1837 3283 Huc
1883 3229 2142 3295 accedit,

555 3322 700 3390 quod
727 3319 876 3376 Scoti
907 3321 1079 3390 pietas
1107 3335 1232 3390 erga
1277 3319 1442 3374 Deum
1479 3319 1638 3389 plane
1670 3318 1894 3391 insignis
1936 3329 2021 3375 est
2063 3322 2145 3377 di-

561 3413 753 3475 cenda,
793 3420 956 3480 utque
992 3411 1313 3466 Anastasius
1339 3410 1790 3466 Bibliothecarius
1818 3412 1992 3466 virum
2017 3427 2142 3468 eum

561 3504 843 3574 praedicat
872 3521 889 3552 «
923 3518 1020 3572 per
1043 3502 1227 3557 omnia
1256 3511 1502 3556 sanctum
1535 3523 1580 3556 ι.
1891 3555 1894 3558 .

632 3592 915 3648 Postremo
944 3603 1093 3648 certe
1138 3608 1336 3661 operae
1377 3595 1609 3664 pretium
1642 3595 1838 3652 facturi
1878 3597 2143 3662 videmur,

562 3686 608 3741 si
662 3685 790 3750 illa,
841 3685 1037 3754 quibus
1081 3685 1311 3754 Erigena
1367 3685 1724 3742 «dialecticae
1783 3703 1916 3742 suae
1957 3688 2089 3742 artis
2119 3707 2139 3740 ›

563 3790 720 3828 usum
754 3775 982 3842 probare
1013 3781 1262 3838 conatur,
1293 3775 1344 3827 in
1375 3785 1661 3844 angustum
1699 3777 1917 3831 redacta
1954 3776 2149 3830 retule-

561 3865 752 3920 rimus.
792 3865 930 3920 Dicit
953 3867 1117 3936 igitur
1142 3866 1212 3937 (ε)
1243 3885 1255 3918 :
1291 3886 1309 3919 ι
1329 3867 1463 3922 Cum
1485 3869 1665 3924 omnis
1691 3870 1812 3939 piae
1847 3870 2148 3939 perfectae-

560 3973 668 4026 que
717 3958 996 4014 doctrinae
1044 3959 1272 4022 modus,
1333 3975 1442 4030 quo
1490 3961 1732 4015 omnium
1777 3976 1957 4016 rerum
2011 3963 2147 4018 ratio

562 4050 906 4120 apertissime
935 4049 1224 4114 invenitur,
1256 4050 1308 4104 in
1337 4051 1677 4121 philosophia
1704 4053 1773 4106 sit
1799 4055 2145 4119 constitutus,

564 4141 630 4194 de
673 4137 790 4205 ejus
827 4139 1179 4194 divisionibus
1223 4139 1486 4209 quaedam
1521 4153 1648 4195 sunt
1683 4143 2015 4200 disserenda.
2057 4144 2148 4201 Sic

563 4229 709 4284 enim
734 4268 749 4294 ,
797 4237 856 4283 ut
898 4229 973 4283 ait
1017 4229 1077 4283 S.
1106 4227 1456 4300 Augustinus,
1485 4231 1724 4286 creditur
1755 4251 1774 4284 ι
1813 4252 1830 4283 ι
1856 4249 1962 4288 non
1984 4235 2146 4289 aliam

560 4333 681 4374 esse
699 4318 1094 4388 philosophiam
1121 4328 1176 4374 et
1206 4319 1364 4374 aliam
1395 4321 1734 4392 religionem,
1765 4339 1888 4376 cum
1919 4323 1994 4387 hi,
2016 4339 2150 4392 quo-

561 4423 681 4461 rum
711 4409 1010 4462 doctrinam
1058 4423 1164 4462 nou
1211 4411 1614 4478 approbamus,
1665 4424 1765 4463 nec
1808 4423 2144 4466 sacramenta

2251 3241 2376 3281 men
2412 3243 2431 3278 ‹
2461 3226 2664 3281 Christi
2693 3226 3019 3282 revelatione
3039 3247 3058 3280 ι
3084 3229 3349 3285 contineri
3378 3245 3486 3285 non
3515 3230 3828 3293 dixerimus,
3928 3225 3934 3229 ’

2247 3331 2349 3372 nec
2376 3315 2476 3371 SS.
2507 3315 2730 3371 Patrum
2761 3318 3046 3388 quisquam
3075 3319 3314 3374 dixerit!

2321 3405 2489 3461 Nobis
2515 3415 2695 3462 autem
2731 3409 2798 3462 ad
2832 3409 2980 3462 illum
3009 3409 3275 3477 Erigenae
3309 3387 3486 3464 loc'um
3529 3410 3832 3466 accuratius

2245 3499 2679 3568 perSpieiendum
2753 3499 3046 3570 plurimum
3115 3501 3363 3555 conferre
3409 3501 3641 3568 videtur,
3692 3503 3831 3571 quod

2249 3588 2304 3642 in
2332 3588 2483 3642 libris
2505 3588 2572 3642 de
2613 3588 2880 3643 divisione
2918 3588 3155 3643 Naturae
3189 3589 3255 3660 (ί)
3283 3591 3500 3645 scribit:
3538 3608 3557 3641 ι
3589 3608 3677 3645 ars
3724 3591 3832 3653 illa,

2249 3696 2386 3750 quae
2415 3682 2702 3739 Αιαλικτικὴ
2728 3681 2948 3749 dicitur,
2970 3697 3075 3735 non
3103 3681 3170 3736 ab
3196 3683 3448 3737 humanis
3475 3681 3832 3737 machinatio-

2250 3771 2406 3823 nibus
2437 3780 2518 3822 est
2543 3769 2703 3832 facta,
2729 3771 2821 3824 sed
2862 3771 2915 3824 in
2942 3779 3131 3825 natura
3168 3786 3349 3825 rerum
3380 3771 3448 3825 ab
3477 3781 3699 3827 auctore
3722 3787 3837 3826 om-

2251 3860 2400 3914 nium
2441 3861 2636 3914 artium
2687 3862 2898 3916 condita
2927 3901 2942 3928 ,
2990 3879 3019 3918 a
3051 3864 3382 3933 sapientibus
3417 3864 3658 3931 inventa,
3687 3873 3742 3918 et
3769 3864 3837 3918 ad

2250 3951 2537 4005 utilitatem
2567 3951 2784 4010 solertis
2807 3968 2987 4008 rerum
3016 3954 3282 4026 indaginis
3305 3955 3503 4010 usitata
3532 3975 3580 4008 ι.

2326 4043 2527 4099 Verum
2569 4057 2744 4112 neque
2787 4045 2925 4109 hoc,
2955 4045 3269 4114 opinamur,
3315 4045 3688 4116 negligendum
3731 4052 3833 4109 est,

2252 4134 2476 4192 Scotum
2522 4137 2754 4191 fortasse
2800 4137 2902 4191 hac
2929 4138 3044 4192 sola
3087 4139 3154 4192 de
3193 4152 3358 4192 causa
3388 4152 3571 4192 veram
3603 4137 3838 4206 philoso—

2251 4229 2435 4298 phiam
2461 4245 2585 4291 cum
2609 4245 2737 4284 vera
2765 4229 3023 4298 religione
3049 4229 3274 4284 eandem
3301 4228 3521 4290 fecisse,
3552 4237 3613 4282 ut
3637 4226 3838 4298 signiti-

2253 4328 2422 4385 caret,
2453 4334 2545 4375 eas
2573 4321 2716 4375 inter
2749 4335 2808 4375 se
2849 4319 2980 4375 nihil
3004 4336 3226 4390 prorsus
3254 4320 3503 4375 reluc-tari
3534 4329 3624 4374 aut
3653 4321 3840 4373 adver-

2254 4411 2384 4465 sari.
2421 4410 2535 4476 Qua
2565 4426 2622 4465 re
2651 4412 2766 4465 ﬁeri
2787 4452 2802 4476 ,
2835 4419 2914 4475 ut,
2949 4426 3112 4480 quum
3140 4421 3332 4466 neutra
3358 4411 3532 4466 neutri
3563 4410 3839 4463 obtrecta-

568 4499 850 4554 nobiseum
874 4499 1302 4554 communicanti
1332 4519 1376 4552 ι.
1398 4497 1533 4564 Quid
1557 4508 1644 4554 est
1659 4501 1804 4554 aliud
1822 4503 1890 4555 de
1912 4503 2148 4570 philoso-
2179 4471 2232 4531 θ
2255 4511 2359 4566 ret,
2393 4503 2487 4556 sed
2517 4502 2685 4556 altera
2716 4518 2837 4557 cum
2869 4502 3038 4558 altera
3068 4502 3486 4559 eoncordissime
3503 4506 3666 4568 queat
3687 4497 3838 4551 vive-

568 4587 698 4656 phia
751 4595 1026 4649 tractare,
1075 4585 1175 4638 nisi
1224 4601 1388 4641 verae
1438 4587 1754 4659 religionis,
1806 4607 1910 4660 qua
1941 4607 2149 4648 summa

563 4677 806 4730 omnium
855 4692 1031 4730 rerum
1061 4690 1257 4742 causa,
1282 4677 1446 4742 Deus,
1473 4688 1528 4733 et
1554 4680 1829 4735 humiliter
1856 4682 2070 4749 colitur,
2098 4694 2155 4740 et.

566 4765 961 4828 rationabiliter
983 4765 1360 4836 investigatur,
1389 4768 1603 4837 regulas
1630 4771 1934 4840 exponere?
1975 4772 2154 4828 Conli-

569 4857 712 4910 ritur
743 4855 885 4920 inde,
912 4871 1094 4910 veram
1125 4872 1243 4911 esse
1283 4856 1675 4927 philosophiam
1711 4875 1890 4915 veram
1932 4862 2149 4933 religio-

565 4961 715 5010 nem,
744 4947 1157 5016 conversimque
1179 4989 1194 5012 ,
1223 4964 1406 5002 veram
1453 4950 1768 5021 religionem
1813 4968 1934 5008 esse
1965 4969 2148 5009 veram

564 5037 979 5107 philosophiam.
1017 5036 1166 5103 Quae
1192 5040 1318 5093 dum
1346 5039 1693 5095 multifariam
1733 5042 2024 5109 dividatur,
2066 5045 2151 5099 bis

564 5133 723 5189 hinas
763 5141 940 5190 tamen
965 5143 1148 5205 partes
1183 5134 1512 5205 principales
1538 5137 1604 5190 ad
1635 5150 1850 5191 omnem
1879 5139 2153 5206 quaestio-

566 5242 690 5282 nem
713 5228 1028 5284 solvendam
1055 5229 1392 5283 necessarias
1415 5229 1618 5284 habere
1645 5229 2153 5298 dignoscitur,quas

566 5317 732 5375 latine
757 5335 1044 5391 possumus
1065 5321 1245 5376 dicere
1271 5320 1579 5377 divisoriam
1599 5361 1614 5386 ,
1659 5319 1993 5375 dillinitivam
2014 5360 2030 5386 ,
2057 5319 2151 5375 de-

568 5468 857 5605 ξὲὲξΐ.
894 5474 1057 5528 etiam
1087 5473 1228 5528 Hist.
1260 5473 1362 5528 litt.
1403 5473 1468 5530 de
1499 5473 1552 5530 la
1579 5471 1806 5540 France,
1846 5481 1973 5528 tom.
2001 5473 2067 5539 V,
2097 5489 2152 5546 p.

643 5604 720 5676 (ᾳ)
756 5604 836 5676 gr.
867 5607 934 5662 de
961 5609 1084 5664 Nat.
1114 5611 1156 5676 ι,
1194 5614 1278 5666 71.

645 5672 720 5742 (ιι)
757 5672 890 5744 Cap.
921 5677 1010 5731 69.
1145 5672 1152 5676 ⁷
1291 5687 1294 5689 ’

2253 4609 2335 4659 re,
2359 4593 2522 4646 etiam
2549 4593 2743 4659 altera,
2767 4594 3093 4664 simulatque
3114 4603 3207 4648 aut
3233 4605 3456 4649 necesse
3481 4598 3574 4644 aut
3598 4603 3840 4643 commo-

2253 4687 2380 4740 dum
2411 4699 2532 4740 esse
2573 4685 2750 4740 visum
2787 4686 2895 4752 sit,
2926 4687 2982 4742 in
3031 4687 3256 4743 alterius
3288 4686 3544 4741 auxilium
3584 4681 3838 4754 advocari

2252 4776 2444 4848 possit.

2325 4863 2501 4934 Atque
2533 4879 2694 4934 super
2721 4865 2838 4936 ipso
2875 4865 3053 4923 Nostri
3084 4868 3222 4922 libro
3257 4866 3324 4922 de
3350 4861 3838 4938 praedestinatioue

2253 4957 2384 5011 satis
2412 4957 2616 5012 dictum
2649 4967 2761 5023 est;
2789 4962 3199 5032 progrediamur
3222 4961 3287 5014 ad
3313 4961 3516 5029 reliqua

2324 5047 2619 5120 Postquam
2673 5051 2836 5122 igitur
2881 5054 3057 5108 editus
3105 5062 3186 5108 est
3236 5053 3382 5108 Scoti
3417 5052 3574 5116 liber,
3603 5048 3836 5112 Wenilo,

2256 5142 2696 5214 archiepiscopus
2726 5144 3088 5210 Senonensis,
3121 5159 3260 5214 quae
3304 5161 3323 5194 ι
3349 5146 3417 5198 ab
3441 5142 3713 5197 intellectu
3744 5154 3842 5193 suo

2255 5245 2315 5285 se
2361 5234 2760 5300 quodammodo
2809 5234 3128 5290 divertentia
3172 5243 3356 5290 essent
3382 5253 3426 5299 ι,
3479 5234 3532 5287 in
3569 5232 3845 5298 eodepre-

2257 5321 2462 5376 hendit.
2505 5323 2847 5394 Undeviginti
2877 5325 3012 5380 haec
3050 5325 3317 5395 capitibus
3348 5325 3499 5395 (quot
3526 5324 3689 5378 etiam
3723 5318 3844 5373 lihri

2354 5474 2401 5544 c)
2443 5473 2524 5528 Cl'.
2561 5476 2627 5530 de
2657 5477 2925 5546 praedest.
2957 5477 2998 5543 l,
3038 5479 3061 5532 l
3093 5493 3151 5533 se
3195 5519 3209 5533 .

2351 5545 2407 5630 ἀ)
2559 5544 2599 5630 ξ,
2627 5563 2682 5630 χ.
2717 5546 2907 5630 θέντες
2937 5548 3134 5630 σὴν-έρέέ
3154 5495 3383 5618 (ilystik.
3419 5543 3526 5600 vol.
3566 5543 3604 5610 l,
3629 5558 3684 5613 p.
3714 5538 3822 5594 2L3

2329 5617 2401 5754 (ἵ)
2443 5614 2526 5668 cr.
2559 5616 2597 5667 I.
2627 5615 2718 5670 Sc.
2755 5619 2898 5690 Erig.
2928 5633 2982 5687 p.
3018 5617 3154 5673 xvr.

2331 5692 2352 5755 (
2386 5693 2400 5752 )
2432 5684 2513 5738 cr.
2541 5683 2628 5752 Iv,
2656 5685 2708 5738 t.
