4152 6276
342 369 430 429 33
1209 370 1297 424 DE
1333 369 1491 426 VITA
1527 368 1619 426 ET
1653 366 2058 426 PMCEPTIS
2095 366 2147 424 ι.
2189 365 2411 426 SCOTI.
2453 397 2523 411 -
2555 368 2736 425 PARS
2775 369 2815 424 I.
3575 366 3645 421 54

354 481 548 552 capita
574 494 697 536 esse
727 479 977 550 diximus)
1008 480 1398 550 comprehensa
1440 481 1589 537 misit
1624 480 1682 537 S.
1711 479 1952 538 Pruden-
1979 487 2030 546 Α
2056 480 2429 550 Lugdunensis
2455 523 2468 549 ,
2525 498 2690 552 quum
2728 490 3008 554 praeesset
3055 481 3285 538 concilio
3332 481 3641 553 Valentino,

359 572 448 627 tio
471 611 488 638 ,
539 572 786 642 episcopo
833 570 1163 637 Tricassino,
1209 580 1269 626 ut
1295 591 1314 623 ς
1337 587 1692 642 quaecunque
1731 572 1785 627 in
1825 571 1894 626 iis
1923 585 1954 625 a

361 680 499 722 vero
522 665 872 722 exorbitantia
917 664 1312 735 comperisset,
1363 664 1658 734 unicuique
1699 663 1765 719 de
1803 662 1954 718 libris

364 755 687 828 evangelicis
711 764 766 811 et
791 755 1186 812 catholicorum
1213 755 1498 812 doctorum
1541 753 1954 810 auctoritatibus

363 850 593 907 devianti
631 849 898 922 capitulo,
949 864 1190 920 congrua
1234 850 1574 920 depromeret
1615 847 1830 903 abunde
1875 861 1956 902 re-

355 957 552 1014 sponsa
576 941 659 1014 (ιι)
696 962 741 997 ι.
770 941 960 1012 Neque
994 941 1296 996 Wenilonis
1339 941 1673 997 voluntatem
1715 938 1954 1010 neglexit

351 1035 707 1093 Prudentius.
749 1036 928 1091 Antea
971 1044 1148 1089 tamen
1189 1037 1366 1105 ipsum
1407 1033 1559 1090 Scoti
1589 1033 1712 1088 libri
1743 1046 1948 1103 cogno-

352 1142 515 1186 scere
540 1129 737 1184 voluit.
775 1128 833 1182 ld
861 1144 984 1183 cum
1017 1129 1119 1198 ipsi
1144 1144 1245 1183 usu
1272 1129 1530 1192 venisset,
1551 1125 1805 1198 peculiari
1826 1140 1951 1180 eum

356 1220 667 1289 scriptione
691 1219 1043 1274 vehementer
1071 1219 1395 1289 Oppugnavit
1420 1218 1521 1289 (b).

371 1359 374 1362 .
435 1311 558 1378 Qua
585 1314 641 1366 in
665 1327 724 1368 re
748 1310 1066 1387 adiutricem
1096 1320 1291 1366 nactus
1313 1320 1398 1366 est
1417 1311 1714 1366 Ecclesiam
1740 1309 1953 1382 Lugdu-

363 1416 593 1458 nensem
625 1401 716 1474 (ο).
749 1400 883 1457 Nam
911 1402 981 1458 ad
1003 1402 1146 1458 hanc
1171 1417 1385 1473 quoque
1425 1421 1445 1453 ι
1476 1411 1733 1458 venerant
1753 1403 1953 1458 vanilo-

364 1494 458 1564 qui
490 1492 674 1565 (illius)
713 1501 768 1548 et
796 1493 996 1565 garruli
1046 1494 1286 1550 hominis
1327 1495 1614 1565 scripta—
1635 1495 1951 1562 vanissima,

362 1593 552 1642 contra
585 1585 744 1642 ﬁdem
776 1601 844 1642 ac
889 1586 1175 1642 veritatem
1224 1587 1351 1652 Dei,
1399 1586 1558 1656 plena
1603 1586 1871 1642 mendacii
1900 1594 1956 1640 et

357 1679 562 1733 erroris
605 1698 654 1748 i,
681 1695 822 1750 quae
865 1680 1042 1735 doctis
1077 1680 1298 1750 quidem
1327 1680 1640 1735 hominibus
1687 1679 1821 1734 risui
1871 1694 1954 1734 es-

354 1778 520 1836 sent,
568 1771 638 1826 ab
691 1770 926 1826 indoctis
970 1782 1189 1836 autem,
1245 1771 1446 1841 quique
1490 1769 1641 1824 illum
1676 1768 1950 1824 hominem

2058 573 2200 642 quod
2229 587 2372 628 anno
2394 571 2660 630 DCCCLV
2688 590 2718 628 a
2746 571 3153 643 quattuordecim
3184 574 3452 644 episcopis
3493 577 3646 631 habi-

2056 671 2170 717 tum
2220 672 2330 729 est,
2384 673 2444 718 ut
2487 663 2633 720 Scoti
2683 665 2927 720 doctrina
2971 665 3137 722 etiam
3187 666 3256 721 ab
3298 669 3400 724 hac
3437 671 3644 741 synodo

2055 755 2427 819 damnaretur,
2457 754 2655 810 eﬁ'ecit.
2695 755 2829 811 Sunt
2859 758 3023 829 igitur
3059 759 3112 812 in
3144 757 3306 828 hujus
3331 759 3522 831 synodi
3555 775 3648 815 ca-

2055 845 2290 902 nonibus
2319 861 2441 903 cum
2489 846 2593 900 alia
2623 848 2882 903 adversus
2915 847 3135 904 Scotum
3170 848 3343 915 dicta,
3377 857 3488 904 tum
3515 865 3648 906 vero

2054 937 2190 992 haec
2222 938 2289 1009 (f)
2316 955 2331 993 :
2361 958 2380 990 ‹
2429 936 2643 1009 lneptas
2685 940 3125 1010 quaestiunculas
3165 950 3223 996 et
3262 939 3433 997 aniles
3474 957 3648 1012 paene

2052 1025 2264 1083 fabulas
2307 1027 2703 1101 Scotorumque
2726 1031 2929 1100 pultes,
2971 1031 3197 1102 puritati
3223 1032 3344 1088 ﬁdei
3385 1047 3646 1089 nauseam

2053 1120 2350 1177 inferentes
2389 1138 2643 1179 —-—ne
2692 1133 2902 1180 mentes
2951 1123 3295 1181 Christianae
3346 1127 3473 1183 inde
3527 1142 3648 1183 cor-

2052 1203 2380 1282 rumpantur
2428 1222 2482 1268 et
2530 1215 2785 1270 excidant
2832 1232 2861 1269 a
2913 1216 3261 1286 simplicitate
3302 1227 3358 1272 et
3395 1219 3646 1275 castitate

2052 1301 2220 1368 ﬁdei,
2271 1320 2410 1374 quae
2459 1315 2543 1362 est
2591 1307 2644 1361 in
2691 1307 2908 1363 Christo
2959 1307 3120 1376 Jesu,
3173 1311 3389 1379 penitus
3441 1314 3648 1382 respui-

2053 1409 2175 1450 mus
2210 1397 2286 1467 (g)
2334 1417 2378 1451 ι.
2429 1397 2498 1453 Et
2541 1400 2676 1454 haec
2729 1416 2742 1452 :
2794 1418 2813 1451 σ
2863 1399 2967 1455 Ista
2998 1400 3213 1472 (Scoti)
3244 1401 3477 1473 capitula
3526 1403 3646 1458 XIX

2055 1484 2382 1557 syllogismis
2426 1489 2759 1559 ineptissime
2803 1490 3059 1546 conclusa
3104 1521 3174 1531 —
3217 1521 3288 1531 —
3336 1492 3389 1546 in
3448 1492 3646 1561 quibus

2055 1585 2421 1631 commentum
2456 1578 2656 1634 diaboli
2684 1582 2895 1650 potius,
2920 1597 3082 1651 quam
3110 1581 3327 1653 aliquod
3358 1598 3646 1654 argumen-

2055 1676 2170 1721 tum
2203 1667 2327 1722 ﬁdei
2375 1670 2812 1739 deprehenditur,
2842 1689 2873 1728 a
2917 1676 3008 1744 pio
3035 1675 3219 1730 auditu
3249 1675 3511 1732 Fidelium
3545 1691 3642 1746 pe-

2055 1760 2204 1816 nitus
2237 1761 2608 1832 explodimus,
2640 1773 2694 1820 et
2732 1775 2790 1820 ut
2835 1766 2963 1821 talia
2993 1776 3048 1821 et
3075 1766 3274 1824 similia
3322 1776 3640 1833 caveantur,

360 1861 560 1933 «quasi
605 1862 881 1918 eruditum
922 1862 1265 1918 admirationi
1311 1863 1578 1918 haberent
1601 1882 1646 1926 ι,
1695 1876 1802 1916 non
1835 1861 1954 1917 sine
1981 1853 2030 1916 B
2056 1866 2156 1922 per
2186 1846 2370 1908 omnia
2395 1856 2725 1911 authoritate
2759 1856 2994 1928 Spiritus
3035 1860 3210 1914 sancti
3245 1860 3639 1916 interdicimus.

356 1966 590 2017 summo,
625 1961 719 2007 aut
758 1954 998 2023 ipsorum
1027 1951 1271 2023 periculo
1307 1961 1402 2008 aut
1439 1951 1781 2008 Christianae
1829 1951 1953 2006 reli-

356 2043 535 2112 gionis
562 2043 888 2118 detrimento
914 2043 1222 2114 legerentur
1248 2042 1350 2114 (ά).

426 2132 666 2204 Uterque
691 2133 843 2190 Scoti
881 2134 1224 2190 adversarius
1265 2133 1454 2190 eodem
1491 2132 1607 2189 fere
1649 2132 1810 2189 modo
1835 2147 1953 2188 rem

358 2227 545 2300 gessit.
585 2227 908 2285 Arctissime
945 2237 1110 2298 atque
1133 2243 1234 2298 per
1259 2226 1500 2299 singulas
1525 2239 1698 2298 paene
1732 2234 1953 2282 senten-

359 2320 467 2375 tias
492 2318 607 2389 eius
618 2320 842 2390 vestigia
862 2327 1169 2392 prementes
1194 2318 1446 2385 simulac,
1471 2334 1614 2390 quae
1644 2333 1676 2373 a
1700 2332 1834 2372 vero
1861 2315 1954 2370 ab-

365 2410 592 2467 horrere
615 2412 925 2477 videantur,
965 2411 1463 2482 deprehenderunt,
1501 2426 1567 2466 ea
1593 2407 1951 2466 acerbissime

363 2511 580 2558 notant.
622 2502 682 2559 Si
708 2519 815 2574 qua
853 2504 912 2558 in
937 2517 999 2558 re
1027 2504 1434 2558 dialecticorum
1457 2503 1660 2574 regulis
1683 2515 1952 2574 repugna-

357 2595 522 2662 verit,
557 2594 761 2667 regulis
787 2594 1068 2661 disiectis,
1119 2593 1204 2650 sin
1236 2609 1515 2650 sacrorum
1537 2594 1832 2650 Bibliorum
1865 2592 1947 2649 vel

351 2688 581 2746 Patrum
617 2688 1115 2745 ecclesiasticarum
1161 2689 1478 2745 auctoritati
1515 2688 1697 2744 minus
1725 2702 1949 2744 consen-

351 2781 524 2846 serit,
549 2781 740 2836 horum
767 2779 1012 2850 ipsorum
1045 2780 1370 2836 testimoniis
1393 2795 1519 2835 eum
1548 2779 1942 2852 aggrediuntur.

353 2873 591 2943 Saepius
611 2873 775 2928 etiam
794 2913 811 2939 ,
843 2888 985 2942 quae
1014 2872 1208 2928 Scotus
1233 2873 1608 2929 ratiocinando
1653 2871 1944 2939 effecisset,

356 2965 692 3020 testimoniis
723 2965 1248 3036 anctoritatibusque
1306 2966 1566 3038 oppositis
1619 2965 1946 3038 redarguere

361 3062 652 3111 conantur.
692 3052 806 3110 Nec
834 3055 1032 3111 desunt
1060 3056 1181 3122 loci,
1231 3057 1352 3124 ubi,
1391 3057 1470 3111 ira
1494 3058 1562 3113 ob
1586 3056 1701 3126 ejus
1729 3071 1946 3114 errores

360 3147 611 3216 abrepti,
652 3147 916 3203 conviciis
950 3163 1071 3204 eum
1097 3149 1393 3206 dilacerare
1424 3165 1531 3207 non
1569 3151 1838 3207 dubitent.
1881 3148 1940 3206 S.

2054 1946 2328 2002 Novarum
2373 1949 2537 2004 etiam
2581 1965 2762 2005 rerum
2798 1950 3218 2018 introductores,
3251 1966 3320 2008 ne
3345 1952 3642 2009 districtius

2053 2039 2343 2108 feriantur,
2382 2043 2724 2114 castigandos
2759 2059 2878 2100 esse
2904 2060 3190 2102 censemus
3218 2045 3296 2118 (Ιι)
3322 2064 3368 2101 ι.
3391 2045 3506 2102 Hoc
3531 2045 3640 2101 Va-

2052 2131 2289 2188 lentinae
2323 2135 2512 2204 synodi
2542 2135 2803 2205 judicium
2834 2137 3055 2194 omnino
3084 2145 3258 2193 ratum
3299 2138 3490 2194 habuit
3513 2153 3644 2196 con-

2053 2225 2237 2282 cilium
2288 2225 2627 2298 Lingonense
2669 2230 2743 2302 (a.
2776 2228 3129 2302 DCCCLIX);
3163 2231 3216 2286 in
3261 2240 3456 2303 quarto
3492 2235 3640 2290 enim

2052 2333 2302 2374 canone:
2339 2339 2358 2371 ι
2403 2319 2650 2390 Capitula
2685 2343 2730 2389 ο,
2759 2325 2868 2391 ait,
2895 2342 2915 2376 ‹
2971 2323 3092 2380 XIX
3151 2324 3477 2396 syllogismis
3523 2326 3640 2380 ine-

2050 2409 2301 2479 ptissime
2330 2425 2395 2466 ac
2424 2412 2839 2471 mendacissime
2867 2429 2899 2470 a
2917 2415 3149 2485 quodam
3174 2414 3338 2470 Scoto
3365 2415 3642 2483 conclusa,

2050 2499 2143 2555 ubi
2173 2516 2281 2557 non
2328 2512 2705 2573 argumentum
2753 2505 2907 2571 ﬁdei,
2946 2505 3040 2562 sed
3068 2506 3246 2575 potius
3274 2516 3643 2562 commentum

2048 2594 2311 2665 perﬁdiae
2336 2603 2505 2666 patet,
2537 2595 2682 2652 nulla
2728 2598 2949 2654 omnino
2995 2597 3369 2669 philosophiae
3417 2606 3555 2664 arte,
3585 2605 3646 2652 nt

2050 2697 2374 2758 arroganter
2404 2706 2432 2742 a
2463 2690 2786 2759 quibusdam
2819 2692 3078 2762 iactatur,
3119 2700 3518 2758 constructum,
3545 2693 3643 2748 sed

2049 2779 2200 2836 inani
2227 2779 2440 2835 fallacia
2459 2789 2515 2835 et
2536 2783 2852 2852 deceptione
2874 2783 3278 2852 imperitissime
3301 2783 3636 2849 conclusum,

2049 2887 2080 2925 a
2129 2871 2219 2941 pio
2265 2869 2502 2926 ﬁdelium
2565 2871 2749 2925 auditu
2817 2873 3035 2941 penitus
3080 2873 3420 2942 explodimus
3467 2873 3556 2944 (ἰ)
3595 2893 3640 2927 ι.

2049 2960 2298 3018 Tradunt
2325 2961 2490 3016 etiam
2521 2961 2799 3018 Nicolaum
2828 2962 2870 3030 l,
2892 2961 3051 3019 Pout.
3093 2962 3261 3028 Max.,
3291 2963 3486 3019 horum
3515 2979 3648 3022 con-

2051 3051 2300 3108 ciliorum
2341 3067 2577 3108 canones
2613 3054 2940 3124 apostolicae
2982 3054 3126 3110 sedis
3168 3054 3492 3111 auctoritate
3517 3071 3644 3112 con-

2051 3142 2301 3198 ﬁrmasse
2332 3143 2431 3214 (j).
2479 3143 2676 3202 Scotus
2722 3155 2936 3213 autem,
2981 3155 3242 3216 quantum
3289 3147 3524 3215 scimus,
3576 3151 3644 3204 ad

357 3241 576 3308 quidem
597 3238 927 3296 Prudentius
949 3279 965 3307 ,
1011 3254 1120 3311 quo
1154 3240 1273 3298 loco
1306 3241 1503 3299 scowg
1539 3242 1822 3299 comendi;
1843 3241 1942 3315 (ε),
1970 3224 2016 3288 C
2048 3231 2186 3287 haec
2221 3247 2340 3288 sese
2385 3247 2454 3288 ne
2503 3235 2796 3291 commovit
2829 3235 3077 3306 quidem;
3110 3253 3272 3309 quam
3310 3253 3426 3294 rem
3475 3236 3643 3294 Stan-

358 3347 379 3380 ς
409 3330 578 3385 Deum
608 3331 886 3400 praescire
923 3329 1030 3387 dici
1053 3346 1211 3402 posse
1237 3348 1337 3404 pro
1372 3334 1588 3390 nescire
1616 3352 1630 3387 :
1665 3334 1741 3388 ita
1777 3334 1945 3389 etiam

349 3425 759 3494 praedestinare
810 3439 912 3496 pro
937 3441 1046 3482 non
1087 3429 1496 3498 praedestinare
1542 3447 1592 3496 ι,
1639 3429 1743 3484 hoc
1785 3428 1948 3484 modo

350 3514 407 3568 in
455 3531 577 3570 eum
607 3517 918 3574 invehitur:
956 3538 976 3572 ς
1005 3518 1051 3575 0
1075 3520 1348 3591 ingenium
1393 3521 1618 3576 venenis
1647 3519 1941 3575 infectuml

348 3623 384 3662 o
414 3624 636 3664 sensum
663 3624 914 3665 errorum
955 3613 1194 3668 tenebris
1233 3611 1732 3684 incomparabiliter
1753 3610 1949 3667 obscu-

351 3703 562 3756 ratum!
596 3716 876 3772 nunquam
903 3703 1101 3773 quippe
1123 3704 1288 3759 etiam
1321 3703 1724 3760 haereticorum
1759 3700 1948 3772 quisli-

350 3794 445 3849 bet
465 3802 590 3849 ante
611 3803 665 3850 te
697 3796 843 3851 hunc
882 3795 1152 3851 nefarium
1176 3796 1509 3852 intellectum
1533 3796 1774 3851 admisit.
1817 3793 1948 3848 Nul-

353 3885 440 3942 lus
477 3887 878 3944 Catholicorum
910 3890 1099 3945 saltem
1149 3899 1329 3946 mente
1358 3891 1640 3960 concepit,
1689 3897 1749 3944 ut
1776 3888 1947 3944 Deum

357 3980 500 4034 scire
524 3975 630 4048 pro
653 3994 718 4037 eo
767 3981 912 4052 quod
935 3991 1020 4037 est
1046 3983 1260 4038 nescire
1279 4023 1294 4048 ,
1319 3991 1377 4037 et
1413 3981 1824 4054 praedestinare
1849 3996 1947 4050 pro

353 4090 421 4129 eo
446 4073 590 4145 quod
636 4085 722 4131 est
751 4091 858 4131 non
883 4076 1314 4148 praedestinare,
1344 4087 1439 4133 aut
1465 4078 1826 4150 intelligerent
1852 4087 1949 4133 aut

354 4165 764 4238 intelligendum
819 4170 1114 4225 suaderent
1161 4189 1206 4224 ι.
1245 4171 1422 4240 Atque
1468 4171 1756 4228 innumera
1812 4170 1952 4241 ejus-

357 4260 506 4314 modi
532 4261 674 4315 dicta
706 4261 762 4316 in
791 4260 850 4318 S.
879 4261 1159 4319 Prudentii
1188 4263 1327 4320 libro
1350 4265 1717 4335 reperiuntur.
1761 4262 1950 4319 Eccle-

363 4351 446 4404 sia
475 4361 657 4408 autem
684 4352 1054 4425 Lugdunensis
1082 4371 1148 4412 ne
1170 4365 1354 4426 postea
1383 4357 1602 4426 quidem
1631 4371 1753 4411 cum
1782 4356 1949 4412 Scuto

359 4459 469 4498 non
524 4446 759 4503 bellavit.
839 4448 894 4505 S.
947 4452 1094 4506 enim
1138 4450 1457 4522 Remigius,
1507 4449 1950 4521 archiepiscopus

2053 3325 2397 3381 denmaierns
2426 3326 2528 3397 ipsi
2573 3327 2668 3397 (cf.
2703 3327 2894 3384 Staud.
2942 3343 2996 3399 p.
3045 3329 3306 3401 196-197)
3345 3331 3400 3387 in
3429 3332 3641 3390 laudem

2050 3418 2236 3472 vertit.

2088 3426 2236 3473 ertit.

2123 3507 2385 3565 Venimus
2416 3525 2560 3566 nunc
2590 3510 2657 3565 ad
2684 3511 2912 3566 alteram
2935 3511 3081 3568 illam
3113 3515 3485 3588 theologorum
3512 3532 3642 3573 con-

2053 3601 2408 3668 troversiam,
2459 3601 2614 3671 cujus
2651 3600 2876 3659 Scotum
2915 3607 3236 3677 participem
3283 3610 3450 3666 fuisse
3496 3611 3640 3666 dixi-

2053 3707 2448 3839 mliisaischasius
2493 3783 2660 3853 igitur
2705 3783 3013 3842 Radbertus
3039 3785 3114 3861 (lc)
3145 3787 3218 3858 (a.
3255 3786 3642 3860 DCCCXLIV.)

2041 3863 2188 3946 iopus
2220 3891 2378 3932 suum
2421 3895 2438 3928 ι
2470 3877 2538 3931 de
2559 3891 2788 3948 corpore
2813 3887 2868 3933 et
2911 3880 3173 3950 sanguine
3203 3880 3416 3936 Domini
3457 3901 3504 3948 ι,
3523 3880 3642 3950 jam

2051 3971 2253 4026 dudum
2274 3970 2406 4026 illud
2427 3969 2645 4041 quidem
2677 3981 2804 4028 ante
2829 3973 3216 4044 compositum,
3241 3975 3334 4029 sed
3366 3984 3493 4030 tunc
3515 3990 3638 4030 cum

2051 4065 2290 4118 maxime
2331 4062 2576 4132 pluribus
2604 4063 2737 4118 locis
2781 4067 3123 4120 emendatum
3150 4104 3165 4128 ,
3207 4063 3403 4120 Carolo
3453 4063 3641 4132 Calvo,

2052 4153 2252 4222 quippe
2296 4154 2388 4221 qui
2428 4152 2604 4221 ipsum
2651 4155 2918 4222 petiisset,
2968 4158 3110 4211 dono
3141 4155 3289 4210 misit
3326 4156 3411 4228 (Ι).
3443 4157 3643 4225 Quam-

2051 4258 2216 4315 quam
2247 4254 2427 4296 autem
2459 4250 2604 4296 totus
2629 4251 2712 4296 est
2735 4244 2788 4298 in
2819 4259 2904 4307 eo,
2943 4254 3001 4300 ut
3030 4245 3420 4300 catholicorum
3447 4249 3642 4319 dogma

2053 4334 2122 4390 de
2150 4331 2754 4388 transsubstantiatione
2779 4333 2905 4401 (etsi
2930 4335 3034 4387 hoc
3059 4333 3276 4387 nomine
3297 4335 3376 4388 uti
3402 4339 3640 4393 nondum

2053 4416 2252 4500 potuit)
2287 4424 2620 4498 argumentis
2643 4432 2756 4480 tum
2787 4438 2854 4480 ex
2882 4423 2940 4480 S.
2975 4422 3256 4494 Scriptura
3287 4432 3400 4480 tum
3435 4441 3506 4482 ex
3538 4426 3638 4483 SS.

427 4599 630 4676 (u)_Cf.
659 4603 715 4659 S.
748 4602 916 4676 Erud.
945 4605 1014 4662 de
1038 4605 1382 4676 Praed.adv.
1416 4605 1564 4676 Scot.
1598 4604 1768 4676 praef.
1801 4603 1943 4660 Max.
1974 4584 2030 4647 Ῑ)
2120 4604 2204 4676 (1)
2244 4599 2635 4676 Μειλρημᾼηη.
2669 4599 3056 4676 libro_XXXV,
3086 4599 3243 4676 n._58
3269 4617 3384 4659 rem
3424 4603 3642 4662 dubiam

352 4670 492 4747 bibl.
521 4673 739 4747 Patrum
769 4673 968 4747 Lugd.,
994 4687 1124 4732 tom.
1154 4675 1272 4742 XV,
1300 4693 1352 4746 p.
1377 4677 1481 4732 467
1511 4675 1575 4732 F.

427 4743 503 4818 (ὁ)
543 4743 626 4818 (_Ji'.
654 4755 771 4818 not.
801 4743 957 4816 prox.
984 4743 1339 4818 superiorem.

429 4813 501 4889 (_c)
541 4814 623 4870 Cf.
648 4813 856 4889 Eccles.
883 4813 1066 4889 Lugd:
1085 4819 1176 4874 lib.
1217 4818 1338 4889 adv.
1369 4819 1518 4876 Scoti
1541 4832 1798 4874 erroneas
1818 4817 1950 4872 deﬁ-

355 4884 615 4960 nitiones.
650 4887 794 4942 Max.
826 4887 956 4943 bibl.
974 4884 1225 4960 'patrum.
1259 4887 1295 4941 l.
1331 4889 1370 4944 l.
1411 4906 1466 4960 p.
1497 4890 1596 4945 611
1633 4905 1787 4960 seqq.
1817 4889 1951 4960 Quis

355 4955 503 5029 hunc
530 4956 727 5029 librum
754 4955 1140 5029 composuerit,
1180 4955 1450 5016 incertum
1495 4969 1600 5015 est.
1659 4955 1817 5025 Sunt,
1857 4959 1951 5028 qui

353 5024 602 5101 Florum,
627 5024 1005 5101 Lugdunensis
1016 5030 1293 5087 Ecclesiae
1315 5031 1622 5094 diaconum,
1641 5031 1756 5101 ejus
1772 5024 1954 5085 aucto-

361 5112 478 5174 rem
494 5098 676 5174 dicant
693 5098 848 5174 ;s_unt
863 5111 1073 5168 contra,
1090 5102 1183 5174 qui
1196 5117 1319 5174 eum
1336 5102 1396 5157 S.
1416 5098 1943 5174 Remigio,arcl1iep.

359 5165 701 5245 Lugdqjut
725 5171 956 5245 Ebboni,
983 5165 1160 5245 Aepisc:
1197 5165 1720 5245 Gratianopolitano,
1749 5165 1952 5245 adscri-

359 5237 516 5294 bam.
545 5237 626 5294 Cf.
668 5239 876 5298 Ludov.
908 5237 1100 5300 Cellot.
1128 5243 1187 5299 S.
1233 5243 1275 5302 l.
1306 5246 1434 5300 hist.
1462 5237 1720 5299 Cothesc.
1762 5259 1813 5314 p.
1849 5242 1951 5296 140

654 5383 1070 5460 Μεμμίῳ.
1100 5387 1198 5460 lib.
1215 5385 1399 5460 praef.
1425 5387 1462 5441 i.
1495 5385 1535 5440 l.
1561 5400 1615 5456 p.
1647 5384 1744 5439 6H
1777 5383 1843 5440 Η.

455 5454 505 5529 ῃ
541 5453 624 5529 cr.
649 5454 709 5529 s_.
749 5455 916 5529 Prud.
939 5453 1054 5529 _1.'|.
1084 5473 1139 5529 ρ.
1169 5453 1350 5529 5(9)}
1381 5472 1498 5529 seq.

431 5525 519 5600 (fi
547 5525 634 5581 CI.
659 5526 827 5584 Cone.
857 5527 1070 5584 Valent.
1087 5523 1252 5600 "apud
1282 5523 1477 5584 MansiI
1517 5528 1554 5582 l.
1599 5527 1640 5582 1.
1671 5535 1804 5582 tom.
1832 5523 1952 5585 XV,

355 5593 461 5650 col.
490 5593 521 5650 ’1
551 5613 673 5668 seq.
1141 5593 1161 5600 ’

434 5668 512 5744 (9)
549 5668 637 5744 (ξς.
665 5669 702 5744 l.
729 5669 773 5744 ζ.
804 5670 1041 5744 cam-Y1,
1069 5672 1170 5744 col.
1200 5672 1236 5728 6
1259 5671 1306 5726 D
1332 5687 1447 5744 seq.

459 5741 514 5810 ἡ)
549 5739 634 5796 Cf.
667 5739 704 5794 l.
733 5740 776 5795 1.
807 5759 929 5798 can.
967 5742 1056 5805 iV,
1093 5743 1194 5798 col.
1225 5743 1259 5799 5
1287 5744 1351 5798 D.

437 5811 500 5883 (ἰ)
536 5811 622 5868 Cf.
650 5811 844 5870 κλειδὶ.
873 5821 1005 5870 tom.
1039 5814 1157 5878 XV,
1190 5816 1294 5871 col.
1328 5814 1431 5869 558
1455 5814 1588 5869 A-B.

617 5914 894 5974 Panos.
930 5911 1184 5975 CXXII.

2052 4672 2342 4758 relinquit;
2393 4672 2749 4729 Schlueterus
2900 4674 2941 4729 Ι.
2989 4690 3045 4746 p.
3095 4673 3195 4744 IV)
3239 4676 3387 4759 haec.
3418 4676 3583 4733 habet
3627 4697 3640 4733 :

2059 4766 2079 4797 ι
2121 4747 2236 4797 Νιο.
2279 4745 2302 4797 l
2340 4759 2536 4797 canon.
2585 4759 2738 4797 conc.
2837 4744 2906 4797 al.
2952 4785 2965 4797 .
3012 4785 3025 4797 .
3074 4745 3416 4797 conﬁrmavit
3451 4766 3506 4797 »ε
3544 4750 3640 4797 ad-

2059 4766 2079 4798 ‹
2121 4744 2236 4800 Nic.
2279 4745 2302 4799 Ι
2340 4759 2536 4815 canon.
2585 4759 2738 4798 conc.
2786 4744 2906 4798 Val.
3074 4745 3416 4802 conﬁrmavit
3451 4766 3506 4815 ›;
3544 4750 3642 4805 ad-

2053 4816 2190 4890 dens
2218 4834 2230 4869 :
2269 4836 2290 4866 ι
2305 4834 2343 4890 ιΔ
2363 4814 2642 4870 Venenum
2680 4833 2736 4890 )_)
2758 4815 3078 4890 dogmatum
3096 4816 3360 4890 Erigonae
3382 4814 3648 4889 perStrin-

2055 4889 2304 4959 gebalur,
2329 4886 2446 4959 ipse
2473 4895 2662 4959 tamen
2680 4885 3399 4959 Erigenahaudidamnatus
3419 4899 3504 4945 est
3525 4909 3568 4945 ι.

2130 4956 2202 5029 (It)
2244 4956 2344 5011 Hic
2381 4958 2443 5029 in
2469 4956 2866 5022 _Suessionibus
2913 4957 3251 5026 humillimo,
3299 4968 3360 5014 ut
3401 4961 3638 5027 videtur,

2055 5026 2349 5085 loco'ortus
2373 5026 2486 5096 jam
2510 5043 2736 5102 apuero
2763 5030 3088 5102 monasteria
3141 5046 3335 5102 resque
3365 5026 3643 5088 monachi-

2059 5117 2150 5156 cas
2175 5109 2414 5164 secutus,
2440 5097 2654 5153 tandem
2682 5099 2735 5152 in
2752 5097 3078 5156 Corbeieuse
3092 5097 3412 5157 coenobium
3436 5117 3497 5155 se
3514 5115 3643 5154 con-

2060 5171 2200 5234 tulit,
2226 5168 2380 5236 cujus
2405 5170 2641 5240 primum
2665 5171 2961 5226 monachus
2984 5172 3176 5227 deinde
3203 5172 3428 5225 antistes
3450 5169 3640 5240 evasit.

2017 5287 2022 5292 .
2063 5240 2208 5296 Vixit
2240 5237 2425 5294 anteiri
2457 5255 2555 5310 per
2598 5240 2826 5308 primam
2873 5241 3039 5296 seculi
3075 5241 3200 5296 noni
3231 5237 3646 5310 partern__dimi-

2058 5315 2225 5375 diam,
2254 5319 2416 5380 atque
2446 5306 2514 5365 ab
2541 5306 2848 5366 eruditione
2875 5327 2938 5366 ac
2963 5306 3412 5380 doctrinm—quae
3425 5306 3643 5380 illorum

2058 5375 2361 5455 temporum
2386 5392 2469 5455 est
2514 5380 2674 5455 ratio,
2707 5383 2995 5437 admodum
3027 5375 3340 5455 instructus
3387 5375 3509 5432 fuit.
3555 5379 3642 5455 Cf.

2063 5446 2204 5509 Ηὶεῖ.
2233 5452 2390 5506 littér.
2423 5453 2488 5506 de
2517 5451 2570 5504 la
2601 5449 2830 5516 France,
2861 5460 2990 5505 tom.
3027 5448 3091 5513 V,
3119 5463 3174 5520 p.
3201 5446 3307 5504 287
3343 5463 3484 5520 seq.,
3519 5452 3642 5522 qui-

2058 5544 2164 5597 que
2193 5541 2268 5597 eo
2282 5524 2408 5597 loco
2430 5525 2668 5577 citantur
2695 5531 2965 5597 attetores.

2133 5598 2196 5668 (ι)
2231 5593 2313 5650 Cf.
2363 5593 2590 5668 Mai-ten.
2623 5599 2677 5668 et
2699 5589 2958 5668 “Durand.
2991 5599 3098 5668 ve_t_.
3132 5591 3409 5668 scripti}:
3446 5611 3643 5668 ωοηη-

2062 5657 2234 5722 ment.
2264 5662 2596 5732 amplissima
2619 5657 2844 5732 Collect.
2875 5669 3006 5716 tom.
3031 5661 3126 5731 IX,
3159 5657 3261 5723 col'.
3293 5665 3400 5722 574
3428 5667 3474 5722 Α
3499 5683 3643 5732 seq..

2063 5683 2234 5722 ment.
2264 5683 2596 5746 ampllssmla
2619 5683 2844 5788 υυιωιῇι.
2876 5683 3006 5788 tog".
3026 5683 3126 5748 ΞΔ,
3159 5683 3261 5723 col.
3295 5683 3400 5722 δη
3428 5683 3474 5722 A
3499 5683 3642 5790 se?“

2063 5735 2322 5864 ἓὲἳιίὶἰῖῗὲ
2336 5743 3224 5879 ὲ¹ςί⁵ἓ¹ἐ¹τ3ἰέιῖξι¹¹ἱξρεἓθὲεέρῗῗέρῖειῗ
3244 5754 3375 5865 ἓᾶῗη
3421 5737 3561 5793 ⁹⁷³⁶
3588 5753 3642 5789 ³·

3212 5904 3252 5963 2
