4152 6276
493 387 565 443 59
1499 369 1588 425 DE
1622 364 1886 424 JOANNE
1925 359 2147 421 SCOTO
2180 352 2700 418 COMMENTATIO.
3709 340 3780 394 40

496 507 748 567 vocatur,
776 489 1122 553 statuendum
1149 501 1294 554 esse,
1323 484 1596 541 neminem
1622 499 1731 538 non
1760 481 1945 537 videre
1984 495 2084 550 pu-
2110 481 2166 542 Α
2263 475 2436 545 Atque
2465 473 2570 526 hoc
2597 469 2715 524 loco
2753 463 2890 521 satis
2921 444 3109 518 mirari
3161 471 3272 515 non
3301 468 3617 528 possumus,
3649 451 3782 523 quid

496 607 697 656 tamus.

564 707 822 767 Pluribus
869 705 947 760 ita
987 700 1055 757 de
1099 700 1204 754 hoc
1244 692 1482 751 Ascelini
1523 692 1644 746 loco
1681 689 1927 761 egimus,-
1955 683 2082 754 quia

497 801 815 876 plurimum,
837 795 980 868 quod
1009 801 1200 848 contra
1231 795 1471 843 nostram
1501 781 1828 839 sententiam
1856 765 2090 849 pugnet,

500 869 783 951 continere
815 893 1035 960 putatus
1063 890 1168 947 est,
1205 894 1373 950 quum
1410 885 1587 931 tamen
1626 871 1794 927 multo
1843 869 1982 939 plus,
2027 877 2087 921 ut

498 986 752 1050 vidimus,
769 980 911 1053 quod
931 992 1030 1048 pro
1043 985 1228 1033 nostra
1252 971 1518 1028 sententia
1541 977 1764 1040 pugnet,
1785 964 2083 1022 contineat.

571 1095 723 1165 Quae
771 1090 966 1149 deinde
1008 1094 1313 1142 memoratu
1361 1083 1523 1152 digna
1567 1080 1855 1134 videantur
1883 1092 1950 1130 ex
1998 1075 2085 1140 iis,

499 1189 693 1261 quibus
757 1185 1167 1252 impugnantur,
1219 1179 1352 1231 haec
1402 1183 1546 1228 sunt.
1596 1190 1614 1221 ι
1646 1173 1960 1240 Anonymus
2001 1167 2089 1222 ille

499 1278 832 1352 Cellotianus
855 1273 932 1344 (a)
947 1274 1014 1327 de
1038 1267 1407 1326 controversia
1431 1263 1797 1320 Paschasiana
1823 1261 2089 1323 scribens,

475 1355 671 1440 iquum
696 1365 923 1420 aliorum
955 1361 1157 1431 scripta
1202 1369 1316 1412 tum
1349 1355 1628 1411 Ratramni
1674 1353 1872 1408 librum
1920 1352 2089 1434 novit,

502 1428 709 1517 nullum
747 1472 877 1512 vero
927 1428 1082 1510 Scoti
1119 1451 1192 1524 (li)
1223 1471 1269 1504 ι.
1303 1452 1372 1504 At
1416 1449 1503 1504 ille
1555 1449 1869 1518 Auonymus
1911 1428 2094 1514 plures

504 1556 694 1619 libros,
719 1552 812 1623 qui
836 1551 905 1605 ad
930 1549 1079 1603 illaut
1107 1562 1219 1601 rem
1243 1545 1536 1615 pertinent,
1563 1557 1671 1596 non
1696 1540 1884 1595 citavit
1907 1557 1919 1590 :
1949 1538 2097 1592 velut

503 1646 816 1710 Heimonis,
862 1643 1028 1713 episc.
1078 1637 1569 1694 Halberstadiensis
1609 1633 1700 1704 (ε).
1724 1631 1932 1705 ,Νρίιυθ
1974 1632 2098 1684 ber-

506 1737 590 1794 clc
641 1737 762 1807 plus
821 1733 946 1788 inde
1001 1729 1178 1798 colligi
1235 1736 1450 1798 potest,
1503 1725 1647 1794 quod
1703 1743 1721 1776 ‹
1779 1723 2096 1792 Sigebertus

2186 569 2388 624 factum
2417 567 2486 620 sit
2522 559 2822 619 duumviris
2853 553 3302 613 Staudenmaiero
3329 559 3387 606 et
3435 549 3779 613 Schluetero,
3811 547 3820 561 ‘

2187 661 2276 732 qui
2309 661 2400 713 vix
2447 657 2510 729 (ί)
2563 670 2628 710 ac
2665 669 2735 709 ne
2783 652 2873 706 vix
2915 649 3133 720 quidem
3179 644 3254 716 (j)
3295 642 3622 732 dubitantes,
3651 639 3785 710 quin

2190 731 2383 808 Scottis
2412 745 2726 815 Berengarii
2747 741 3087 813 temporibus
3112 736 3250 792 falso
3275 735 3416 789 illius
3440 731 3564 788 libri
3590 739 3782 786 auctor

2189 843 2410 898 habitus
2450 839 2540 902 sit,
2579 831 3047 891 confidentissime
3093 825 3449 882 nihilominus
3496 820 3784 888 aﬂirment,

2163 932 2465 992 ,homiuem
2489 936 2542 981 et
2557 925 2840 996 scripsisse
2861 938 2984 978 cum
3009 920 3309 976 Ratramuo
3332 922 3522 970 contra
3546 911 3784 972 Pascha-

2193 1022 2354 1086 sium,
2384 1028 2461 1084 et,
2492 1018 2545 1072 id
2575 1015 2721 1086 quod
2754 1012 3130 1075 Schlueterus,
3163 1003 3678 1063 Staudenmaierum
3706 1001 3790 1055 in-

2195 1121 2542 1182 terpretatus,
2585 1109 2662 1162 ait
2705 1125 2719 1160 :
2759 1125 2780 1158 ‹
2814 1120 2936 1161 cum
2971 1104 3273 1158 Ratramno
3309 1095 3594 1168 spirituale
3615 1095 3788 1176 potis-

2195 1174 2391 1260 simum
2451 1200 2716 1273 dogmatis
2763 1204 3099 1254 momentum
3159 1191 3458 1247 illustrasse
3513 1207 3559 1243 ι.
3619 1174 3789 1254 Hujus

2196 1297 2338 1350 enim
2363 1295 2462 1358 rei,
2497 1290 2722 1347 sublatis
2751 1285 3188 1356 Berengarianae
3213 1281 3407 1335 aetatis
3439 1277 3787 1341 testimoniis,

2198 1402 2298 1442 nec
2344 1386 2451 1439 ulla
2488 1383 2685 1438 indicia
2739 1386 2961 1434 manent
3018 1375 3112 1446 (ἐς).
3161 1370 3522 1428 Adrevaldum
3573 1368 3789 1438 quidem

2197 1478 2596 1533 Floriaccnsem
2618 1480 2673 1528 et
2697 1470 3044 1526 Hincmarum
3070 1465 3450 1526 Rhemensem,
3470 1477 3606 1531 quos
3628 1475 3788 1530 supra

2200 1569 2526 1629 audivimus,
2560 1567 2604 1620 si
2635 1578 2794 1633 quem
2833 1559 2979 1615 Scoti
3016 1557 3216 1611 librutn
3247 1555 3641 1625 perstrinxere,
3685 1568 3790 1607 non

2199 1674 2344 1722 eum,
2372 1672 2479 1725 quo
2505 1650 2866 1722 Berengarius
2889 1663 3020 1704 usus
3049 1654 3151 1711 est,
3191 1644 3412 1713 petiisse
3439 1642 3790 1697 arbitramur.

2203 1747 2356 1815 Quod
2391 1762 2516 1800 mox
2548 1743 2772 1815 patebit.

505 1824 908 1934 Gé'f'b‘ffems
939 1831 995 1876 et
1036 1820 1124 1934 im
1342 1818 1407 1871 de
1442 1815 1799 1934 sfrigltfih'l's
1843 1811 2097 1934 fgcflesm'
2128 1875 2174 1934 Β
2215 1811 2247 1815 γ’
2273 1841 2484 1895 Acerba
2515 1811 2758 1907 profecto
2789 1833 2912 1888 libri
2953 1831 3112 1901 hujus
3140 1828 3452 1901 Erigeniani
3479 1828 3594 1882 fata
3620 1829 3792 1884 fuere.

505 1919 659 1976 sticis
688 1917 1014 1978 disseruere,
1042 1912 1188 1967 Scoti
1226 1911 1419 1964 librum
1451 1909 1516 1964 de
1541 1907 1598 1961 S.
1626 1905 1965 1961 Eucharistia
1990 1918 2096 1956 non

505 2011 862 2065 laudaverunt
892 2028 909 2059 ι
935 2025 948 2059 :
970 2007 1240 2059 nemiuem
1265 2003 1410 2055 etaim
1438 2000 1652 2053 illorum
1679 2007 1983 2059 auctorum,
2007 1993 2100 2062 qui

507 2102 643 2157 satis
669 2107 922 2154 accurate
955 2096 1103 2150 Scoti
1149 2095 1317 2148 libros
1360 2091 1729 2154 recensuerit,
1776 2088 2096 2157 invenimus.

507 2192 827 2264 Sigebertus
879 2196 1100 2258 praeter
1157 2185 1466 2240 versionem
1516 2180 1897 2250 Areopagitae,
1949 2177 2100 2246 cujus

510 2285 652 2355 (cap.
680 2281 795 2352 94.)
828 2278 1094 2341 meminit,
1123 2275 1330 2331 nullum
1363 2288 1587 2344 prorsus
1616 2278 2028 2326 commemorat.

580 2395 793 2459 Restat,
818 2401 901 2457 ut,
930 2405 1070 2460 quae
1112 2398 1395 2459 praeterea
1430 2385 1642 2440 defendi
1691 2399 1854 2454 posse
1879 2383 2104 2437 videan-

510 2501 620 2551 tur,
664 2487 904 2542 breviter
940 2485 1200 2538 adstricta
1237 2493 1625 2551 proponamus.
1653 2476 1899 2532 Primum
1938 2475 2103 2545 igitur

510 2579 801 2637 Ratramni
846 2577 990 2633 libro
1039 2589 1146 2630 non
1177 2573 1488 2630 continetur
1521 2584 1609 2634 ea,
1634 2583 1799 2638 quam
1830 2567 2102 2636 Berenga-

510 2675 630 2729 rius
674 2670 1124 2742 amplectebatur,
1169 2668 1236 2722 de
1279 2665 1336 2720 S.
1379 2663 1718 2719 Eucharistia
1766 2661 1968 2731 opinio.
2005 2659 2103 2715 Be-

510 2764 802 2838 rengarius
831 2762 976 2818 enim
1027 2760 1182 2830 panis
1213 2759 1432 2826 vinique
1472 2756 1831 2811 substantiam
1869 2769 1976 2809 non
2023 2768 2104 2808 re-

509 2869 735 2913 manere
771 2852 1006 2924 negabat
1035 2850 1113 2921 (ά)
1145 2869 1157 2903 :
1192 2849 1543 2912 Ratramnus,
1586 2847 1688 2902 etsi
1737 2847 1969 2901 obscura
2015 2845 2100 2897 in-

511 2950 729 3006 terdum
757 2957 921 3015 atque
968 2942 1220 3012 ambigua
1252 2941 1424 2994 utitur
1468 2937 1736 3003 oratione,
1772 2937 1876 2990 hac
1919 2942 2104 2988 tamen

511 3042 568 3094 in
599 3055 659 3094 re
689 3054 719 3092 a
751 3035 1052 3092 catholicae
1079 3031 1356 3085 Ecclesiae
1387 3044 1550 3083 sensu
1585 3042 1694 3081 non
1738 3027 1967 3080 recessit
2007 3023 2100 3093 (e).

513 3131 721 3187 Deinde
750 3127 854 3181 illis
882 3122 1236 3192 temporibus,
1265 3120 1463 3188 quibus
1492 3131 1675 3187 pugna
1698 3113 2102 3182 Berengariana

512 3219 798 3292 ﬂagrabat,
832 3224 994 3284 atque
1020 3211 1248 3266 Joannis
1275 3208 1426 3263 Scott
1462 3207 1601 3262 liber
1635 3205 1933 3260 identidem
1964 3203 2104 3273 lege-

515 3314 680 3367 batur
706 3299 1543 3373 damnahaturque,Ratramnus
1569 3295 1716 3350 illius
1733 3293 1938 3364 operis,
1961 3292 2106 3362 quod

517 3405 586 3460 ab
632 3418 698 3457 eo
741 3401 1004 3470 scriptum
1049 3395 1286 3459 scimus,
1335 3398 1526 3446 auctor
1557 3397 1616 3444 et
1661 3386 1912 3442 conditor
1948 3393 2108 3440 notus

520 3497 641 3552 fuit.
685 3494 1003 3563 Anonymus
1043 3488 1262 3558 quidem
1295 3485 1385 3540 ille
1419 3483 1774 3545 Cellotianus,
1824 3482 1938 3534 sive
1984 3493 2108 3532 cum

520 3584 830 3643 Mabillonio
856 3581 1197 3650 Herigerum,
1224 3577 1474 3632 abbatem
1501 3573 1860 3629 Laubiensem
1889 3569 1991 3640 (ι’),
2017 3567 2107 3637 qui

520 3696 573 3734 a.
606 3676 753 3733 MVll
780 3682 1029 3731 mortuus
1069 3677 1184 3734 est,
1212 3685 1335 3724 eum
1366 3669 1616 3731 dicimus,
1648 3665 1781 3728 sive,
1814 3674 1875 3717 ut
1913 3661 2110 3716 Pezius

521 3770 812 3827 ostendere
839 3773 1066 3822 conatur
1097 3761 1193 3834 (9),
1219 3759 1539 3824 Gerbertus,
1571 3758 1666 3828 qui
1697 3763 1882 3825 postea
1911 3751 2111 3807 summi

520 3861 796 3934 pontificis
847 3859 1031 3914 sedem
1076 3854 1343 3918 obtinuit,
1386 3853 1432 3907 is
1465 3860 1547 3906 est
1598 3849 1903 3910 habendus,
1959 3853 2110 3900 certe

524 3953 671 4010 haud
703 3953 779 4007 ita
816 3949 986 4005 multo
1024 3955 1150 4002 ante
1182 3943 1617 4014 Berengarianos
1648 3947 1830 3994 motus
1857 3937 2112 3991 Ratram-

521 4061 656 4099 num
684 4043 766 4099 sui
800 4040 924 4097 libri
952 4036 1378 4107 conscriptorem
1407 4032 1838 4104 fuisseltestatus
1861 4036 1963 4083 est.
1993 4026 2112 4082 Huc

524 4136 758 4201 accedit,
783 4133 930 4204 quod
961 4128 1303 4186 Mabillonius
1332 4127 1465 4181 duos
1509 4123 1646 4178 vidit
1691 4120 1977 4175 Ratramni
2020 4134 2114 4174 co-

525 4231 676 4288 dices
721 4225 1142 4296 manuscriptos,
1173 4223 1266 4293 qui
1313 4211 1905 4296 Berengariiaetatem
1952 4213 2112 4269 facile

527 4329 884 4395 superarent,
933 4317 1218 4374 Ratramni
1265 4314 1487 4371 nomine
1537 4312 1778 4380 signatos
1821 4326 1834 4362 :
1879 4322 2112 4379 quorum

523 4418 662 4473 alter
692 4417 748 4471 in
777 4415 1013 4469 indicem
1061 4411 1344 4472 librorum,
1370 4423 1421 4459 a.
1447 4402 1668 4459 MXLIX
1697 4399 2028 4466 confectum,
2053 4406 2115 4452 ut
2188 4408 2190 4410 '

524 4507 812 4562 Ratramni
836 4505 976 4559 liber
1003 4501 1209 4555 relatus
1242 4498 1343 4551 fuit
1372 4495 1474 4566 (It).

2202 1932 2561 2002 Bereugarius
2605 1928 2752 1983 enim
2803 1925 2953 1979 illttm
2999 1922 3283 1978 doctrinae
3335 1935 3466 1976 suae
3517 1930 3793 1976 auctorem

2203 2031 2451 2093 laudans,
2504 2023 2784 2080 mortifera
2833 2022 2908 2076 illi
2961 2021 3185 2074 vulnera
3221 2015 3438 2071 inﬂixit.
3491 2014 3689 2072 Lectus
3743 2023 3796 2069 et

2206 2122 2495 2174 damnatus
2523 2126 2606 2171 est
2630 2114 2876 2178 Parisiis,
2903 2113 2958 2167 iu
2998 2111 3229 2167 concilio
3259 2110 3333 2177 (a.
3367 2108 3506 2179 ML.)
3547 2110 3646 2163 sub
3672 2122 3796 2178 rege

2205 2210 2440 2266 Henrico
2492 2208 2678 2263 habito
2723 2207 2825 2279 (l);
2879 2205 3050 2259 lectus
3090 2212 3144 2257 et
3197 2220 3216 2253 ι
3253 2201 3352 2256 sub
3396 2201 3733 2254 anathemate
3767 2219 3784 2249 ι

2205 2306 2491 2360 damnatus
2519 2311 2600 2358 est
2631 2303 2684 2356 in
2735 2299 2954 2372 synodis
2990 2294 3320 2352 Vercellensi
3347 2302 3401 2348 et
3427 2293 3667 2347 Romana
3714 2293 3789 2359 (a.

2206 2394 2346 2466 ML.)
2403 2396 2504 2451 sub
2553 2394 2734 2449 Leone
2783 2389 2875 2456 ιχ,
2922 2389 3148 2444 Summo
3173 2385 3457 2450 Pontifice,
3501 2397 3793 2454 congrega-

2207 2489 2277 2543 tis
2300 2486 2415 2559 (m).
2445 2487 2672 2540 Postero
2695 2494 2938 2552 tempore
2959 2480 3114 2550 pejus
3145 2479 3308 2533 etiam
3340 2477 3392 2530 in
3422 2492 3549 2532 eum
3589 2474 3800 2530 consul-

2205 2588 2319 2634 tum
2356 2587 2461 2633 est.
2499 2575 2751 2632 Nicolaus
2775 2574 2919 2629 enim
2964 2571 3028 2635 ll,
3075 2568 3329 2625 Pontifex
3357 2567 3648 2631 Maximus,
3678 2582 3797 2622 cum

2205 2669 2440 2725 concilio
2491 2669 2735 2722 Romano
2767 2666 2838 2735 (a.
2889 2662 3102 2732 MLIX.)
3150 2659 3551 2730 Berengarium,
3581 2669 3640 2712 ut
3687 2658 3801 2726 ipse

2207 2775 2356 2825 eum,
2377 2757 2650 2822 omnibus,
2683 2756 2777 2826 qui
2807 2755 3054 2820 aderant,
3080 2750 3525 2821 inspectantibus,
3569 2762 3800 2802 accenso

2210 2854 2276 2906 ad
2304 2852 2357 2906 id
2387 2851 2508 2906 foco
2529 2849 2794 2920 injiceret,
2821 2863 2917 2903 sua
2947 2847 3270 2902 auctoritate
3299 2843 3474 2914 coegit
3502 2842 3605 2914 (η).

2281 2941 2452 3009 Quam
2481 2941 2711 3010 denique
2743 2939 2938 2994 Scotus
2980 2937 3303 2992 sententiam
3351 2934 3417 2989 de
3466 2945 3694 3002 corpore
3746 2940 3801 2986 et

2211 3034 2470 3104 sanguine
2503 3033 2714 3087 Domini
2737 3031 3101 3102 pr0posuerit,
3125 3044 3289 3098 quum
3321 3027 3487 3097 ipsius
3521 3024 3661 3079 liber
3686 3024 3800 3095 jam

2215 3125 2422 3196 pridem
2475 3125 2626 3179 visus
2660 3141 2768 3180 non
2799 3125 2892 3190 sit,
2928 3121 3322 3191 conjiciendum
3373 3127 3457 3174 est
3491 3133 3559 3174 ex
3604 3117 3803 3171 Beren-

2133 3227 2180 3292 α
2212 3220 2352 3291 garii
2381 3217 2749 3288 opinionibus,
2774 3225 2961 3288 utpote
2983 3216 3073 3286 qui
3103 3216 3447 3270 continenter
3474 3213 3653 3282 ipsum
3673 3224 3801 3266 suae

2217 3311 2497 3367 doctrinae
2518 3318 2793 3365 auctorem
2811 3309 3022 3379 jactare
3049 3308 3121 3363 sit
3147 3306 3342 3362 solitus
3368 3305 3472 3376 (ο).
3501 3301 3651 3358 Hanc
3675 3317 3802 3357 vero

2213 3405 2304 3460 illa
2363 3405 2702 3476 potissimum
2762 3402 3076 3471 Berengarii
3127 3400 3390 3456 adversus
3436 3397 3803 3452 Lanfrancum

2213 3498 2526 3568 scriptione,
2559 3513 2720 3567 quam
2751 3494 2816 3550 G.
2849 3495 2912 3549 E.
2945 3493 3282 3563 Lessingius,
3311 3508 3376 3548 eo
3411 3504 3584 3560 usque
3611 3501 3802 3542 recen-

2213 3594 2444 3650 tioribus
2469 3592 2823 3662 incognitam,
2853 3604 2923 3644 ex
2955 3587 3410 3657 Guelferbytanae
3443 3582 3803 3639 bibliothecae

2214 3683 2436 3739 latebris
2475 3682 2765 3752 protraxit,
2801 3690 3063 3750 quau-tum
3096 3679 3229 3734 satis
3251 3687 3351 3741 est,
3389 3677 3444 3730 in
3475 3683 3662 3744 aperta
3689 3673 3806 3727 luce

2213 3776 2532 3832 collocatam
2570 3782 2731 3844 atque
2774 3775 2826 3828 in
2857 3773 3048 3843 vulgus
3077 3780 3261 3826 notam
3290 3782 3412 3826 esse
3453 3774 3669 3824 constat
3694 3763 3804 3836 (p);

2182 3874 2184 3877 '
2213 3877 2543 3938 quapropter
2568 3868 2613 3921 si
2641 3882 2762 3920 eam
2811 3867 2913 3922 hoc
2941 3866 3063 3921 loco
3095 3863 3368 3934 explicare
3407 3859 3660 3924 velimus,
3687 3864 3807 3911 acta

2217 3968 2428 4014 tantum
2462 3973 2621 4029 agere
2652 3958 2954 4012 videamur.

2284 4050 2384 4106 Hic
2413 4060 2594 4106 autem
2625 4049 2906 4105 difﬁcultas
2937 4049 3204 4120 quaedam
3233 4048 3392 4104 nobis
3436 4045 3698 4102 occurrit.
3729 4042 3808 4096 Ex

2215 4146 2282 4202 iis
2303 4146 2472 4210 enim,
2503 4147 2700 4216 quibus
2730 4145 2797 4200 ab
2845 4143 3152 4200 Adrevaldo
3175 4150 3231 4197 et
3256 4141 3555 4196 Hincmaro
3585 4139 3807 4194 Scotum

2185 4240 2392 4295 notari
2425 4240 2677 4304 diximus,
2727 4246 2972 4308 apparet,
3017 4252 3202 4291 veram
3240 4235 3416 4304 ipsum
3466 4247 3535 4290 ac
3580 4229 3807 4294 realem,

2213 4347 2377 4401 quam
2413 4341 2633 4399 vocant,
2659 4330 2788 4387 Jesu
2827 4329 3031 4386 Christi
3075 4329 3130 4384 in
3175 4327 3234 4383 S.
3268 4325 3611 4382 Eucharistia
3655 4336 3813 4394 prae-

2216 4422 2444 4476 sentiam
2474 4422 2695 4477 omnino
2726 4435 2976 4491 negasse.
3008 4418 3066 4474 ld
3095 4433 3248 4483 vero,
3279 4432 3446 4486 quum
3475 4430 3576 4469 nec
3608 4413 3814 4468 Beren-

2217 4513 2398 4584 garius
2418 4528 2582 4567 ausus
2611 4513 2683 4567 sit
2703 4513 2921 4576 docere,
2952 4525 3055 4565 nec
3078 4525 3110 4564 a
3138 4504 3452 4578 Berengarii
3477 4502 3813 4560 adversariis

601 4616 806 4684 Quibus
835 4612 1002 4684 igitur
1051 4610 1126 4663 ita
1155 4606 1417 4676 expositis
1449 4602 1616 4658 Scoto
1645 4614 1782 4671 Opus
1836 4615 1992 4654 suum
2047 4599 2105 4654 de

2220 4607 2274 4661 in
2305 4606 2468 4662 Scoto
2514 4606 2789 4675 culpatum
2841 4605 3172 4669 inveniatur,
3206 4604 3260 4658 in
3294 4601 3384 4656 illo
3432 4597 3602 4670 ipsius
3645 4594 3811 4659 libro,

532 4711 592 4765 S.
637 4702 986 4761 Eucharistia
1010 4701 1142 4757 satis
1170 4697 1360 4770 grandi
1403 4704 1849 4767 argumentorum
1878 4693 2119 4763 pondere

529 4800 840 4857 vindicasse
866 4795 1134 4852 videmur.

605 4931 683 5004 (a)
711 4927 976 5004 C_f._P_._l._.._
995 4926 1206 5004 Gellotii
1238 4924 1453 5004 Histor._
1471 4922 1820 5004 Gotllesnca‘lci
1840 4922 2116 4992 praedest.

536 4993 713 5059 Paris.
743 4999 996 5056 MDCLV.
1027 4997 1120 5053 fol.
1150 4998 1206 5052 ln
1232 4996 1475 5065 Append.
1505 5012 1558 5066 p.
1586 4993 1846 5050 559-548.
1937 5022 1948 5030 ~-

610 5072 687 5148 αξ)
717 5071 800 5148 .9!-
828 5068 1159 5148 Eanf8:.'--l-
1191 5083 1246 5148 ιρ-
1269 5067 1398 5148 .779,-

706 5141 792 5200 Cf.
827 5142 969 5225 Hist.
995 5140 1156 5194 littér.
1178 5135 1242 5192 de
1263 5137 1315 5191 la
1345 5135 1441 5190 Fr.
1468 5145 1595 5218 tom.
1625 5135 1690 5189 ν.
1722 5152 1774 5207 p.
1806 5135 1929 5190 124.

665 5213 794 5288 λετ.
825 5214 1019 5288 linter.
1064 5208 1280 5265 Handb.
1307 5208 1400 5264 der
1425 5205 1858 5277 Ktrchengesclt.,
1888 5222 1929 5261 et

710 5213 794 5271 Cf.
825 5213 1019 5268 Ritter.
1064 5208 1280 5265 ﬂandb.
1307 5208 1400 5264 der
1425 5203 1858 5277 Kirchengesclt.,
1888 5205 2019 5261 edit.
2050 5203 2115 5271 ll,
2195 5253 2198 5256 .

531 5285 640 5344 vol.
671 5286 814 5410 ll,lp.
846 5285 974 5340 2H.

542 5429 556 5431 _
579 5359 673 5431 _(e)
703 5357 745 5412 Ο
772 5356 958 5431 .jlab.
990 5361 1109 5431 acta
1145 5351 1344 5431 Bened.
1401 5364 1511 5431 sec.
1540 5348 1630 5413 Ν,
1655 5363 1715 5431 _p.
1747 5346 2111 5431 ψει-θεῖ...ρέ

531 5415 745 5500 91‘s’eg.
794 5426 948 5500 Hm.
987 5425 1147 5500 tiugr.
1195 5424 1260 5477 de
1278 5421 1343 5500 _la
1395 5415 1977 5500 Eran6e,tom._'v_,‘p.
2011 5415 2118 5469 555

533 5512 649 5565 seq.
675 5486 855 5564 Quare
880 5497 1041 5550 etiam
1073 5493 1372 5565 Centuriat.
1398 5489 1638 5565 Magdeb.
1675 5487 1838 5565 (cent.
1870 5486 1958 5565 lli,
1996 5501 2114 5565 cap.

533 5568 600 5622 de
613 5558 782 5622 doétr.
799 5575 852 5621 et
863 5581 981 5635 cap.
999 5567 1064 5620 de
1077 5563 1421 5635 cercmoniis)
1436 5558 1666 5635 libenter
1679 5559 1781 5635 hoc
1794 5558 1841 5610 la
1851 5558 2120 5635 rgiuntur,

532 5637 733 5692 habere
763 5627 1116 5690 Ratrainnum
1148 5627 1768 5689 transsubstzttttiationis
1801 5627 2007 5682 semina
2034 5628 2044 5679 !

625 5706 668 5778 Γ)
698 5706 779 5781 C_f.
805 5706 944 5761 Mab.
969 5715 1089 5762 acta
1113 5704 1310 5781 Bened.
1335 5717 1478 5757 saec.
1500 5697 1588 5781 l_V,
1607 5715 1666 5781 ‘p.
1692 5696 1754 5750 ll.
1772 5696 1948 5781 praef.
1977 5696 2006 5767 §
2035 5696 2116 5779 l_ll.

624 5770 676 5848 ᾗ)
724 5779 988 5834 Thseaur.
1043 5773 1292 5828 anecdot.
1340 5781 1472 5826 tom.
1516 5770 1556 5836 Ι,
1590 5770 1806 5826 dissert.
1857 5770 2113 5839 isagogic.

528 5870 578 5921 ι).
606 5837 807 5906 ‘L'XIX.

2223 4713 2384 4768 quem
2412 4696 2770 4767 Berengarius
2803 4698 3012 4764 habuit,
3045 4704 3232 4752 nostra
3258 4693 3473 4764 quidem
3521 4687 3811 4750 sententia,

2222 4801 2496 4860 repertum
2528 4806 2636 4846 nou
2661 4799 2764 4845 est.
2815 4789 2934 4844 Non
2971 4797 3149 4846 tamen
3182 4791 3235 4842 in
3266 4785 3433 4842 Scoto
3458 4783 3572 4849 hoc
3616 4777 3813 4833 mirum

2296 4921 2374 4996 (ιι)
2405 4922 2487 4979 Cf.
2524 4922 2730 4996 Malm.
2776 4925 2811 4978 ι.
2843 4924 3012 4994 praef.
3040 4941 3109 4996 ῃ.
3139 4921 3344 4996 85,οα
3369 4919 3490 4996 rut.
3524 4931 3692 4996 npuv.
3732 4913 3816 4966 bi-

2610 4995 2718 5061 γη,
2744 5012 2799 5067 p.
2829 4986 2918 5062 68,
2945 4998 2997 5050 l.
3030 4994 3176 5050 Hist.
3209 4993 3314 5048 tiu.
3360 4992 3426 5045 de
3449 4989 3503 5043 la
3527 4986 3648 5053 ἔπη,
3678 4993 3813 5039 tom.

2405 5135 2484 5190 Cf.
2523 5137 2840 5193 Staudenm.
2866 5138 2912 5192 Ι.
2945 5136 3094 5192 Scot.
3127 5136 3276 5206 Erig.
3306 5151 3360 5204 p.
3391 5128 3656 5187 202-205.

2297 5209 2345 5275 (J
2399 5207 2480 5262 Cf.
2512 5209 2793 5264 Schlueter
2813 5208 2854 5262 Ι.
2880 5207 3030 5263 Scot.
3053 5208 3199 5277 Erig.
3226 5209 3292 5261 de
3313 5207 3421 5260 div.
3445 5201 3571 5259 Nat.
3595 5197 3718 5255 libri

2223 5294 2258 5348 Ρ
2297 5195 2369 5334 (ὖ)
2399 5207 2480 5262 cr.
2512 5209 2793 5264 Schlueter
2813 5208 2854 5262 ι.
2880 5207 3030 5263 Soot.
3053 5208 3199 5277 Erig.
3225 5195 3421 5261 licium
3445 5201 3571 5259 Nat.
3595 5197 3722 5255 libri
3746 5195 3816 5263 ν,

2297 5317 2376 5420 (id
2401 5349 2482 5404 cr.
2514 5349 2698 5404 Laufs.
2731 5347 2768 5402 ι.
2803 5349 2838 5402 ι.
2871 5348 3224 5420 ρῃϐεοπε.

2297 5418 2357 5504 (ι)
2378 5420 2488 5504 tif.“
2508 5421 2700 5504 lli-ausi.
2736 5418 3181 5504 ξοῃιζὶςιὶξιιρρξ.
3215 5419 3318 5475 782
3349 5420 3411 5474 E.

2300 5480 2395 5560 (ﬁt)
2419 5489 2501 5544 Cf.
2522 5491 2711 5547 Mansi.
2736 5490 2774 5545 l.
2799 5490 2838 5544 Ι.
2863 5491 2965 5546 col.
2994 5480 3096 5546 757
3122 5491 3166 5545 E
3189 5507 3329 5561 seq.,
3353 5490 3455 5545 col.
3491 5486 3594 5542 775
3617 5483 3680 5548 E,
3709 5480 3816 5535 col.

2229 5561 2330 5616 778
2355 5560 2527 5617 E.col.
2552 5561 2710 5617 760D
2737 5577 2852 5617 seu.

2324 5579 2330 5612 i
2355 5579 2527 5624 n,c0t.
2560 5579 2710 5617 ιυυυ
2737 5579 2852 5631 seq.

2324 5631 2376 5700 η)
2407 5630 2490 5686 Cf.
2521 5629 2712 5700 Mansi.
2742 5633 2778 5686 Ι.
2812 5633 2849 5687 l.
2883 5632 2984 5688 col.
3013 5633 3117 5688 90%
3146 5632 3326 5698 A—B,
3355 5631 3458 5685 col.
3488 5628 3592 5684 759
3637 5628 3705 5683 A.

2231 5698 2742 5828 ϐοέοὲξῖᾖοιῑιὶὶιθτ.
2791 5703 2829 5757 l.
2877 5703 2915 5758 ι.
2962 5705 3068 5760 vol.
3123 5702 3203 5767 ll,
3255 5719 3308 5774 p.
3374 5702 3508 5766 189,
3556 5708 3612 5753 et
3661 5711 3812 5768 supr.

2303 5841 2378 5915 (p)
2411 5841 2490 5898 Cf.
2529 5843 2720 5900 Ritter.
2754 5845 2789 5898 Ι.
2836 5845 2870 5897 l.
2903 5845 3006 5901 vol.
3044 5846 3120 5912 ll,
3151 5861 3206 5916 ι).
3236 5845 3333 5900 211
3369 5858 3487 5922 seq.
