4152 6276
385 423 452 477 Al
1228 415 1314 471 DE
1355 417 1509 474 VITA
1547 418 1639 475 ET
1673 416 2082 476 PRAECEPTIS
2119 418 2168 477 Ι.
2213 418 2428 475 SCOTI.
2469 450 2537 460 -—
2573 418 2754 474 PARS
2787 419 2826 473 l.
3630 420 3696 474 42

392 539 636 594 videtur.
669 534 890 607 Saepius
915 534 1058 591 enim
1088 531 1359 588 frontibus
1387 532 1633 588 adversis
1677 548 1858 589 secum
1885 547 1985 601 pu-
2010 532 2064 594 Α
2088 547 2279 604 paruus
2305 531 2490 588 Jesum
2514 547 2614 604 per
2636 531 2818 598 ﬁdem,
2851 538 2905 585 et
2940 529 2993 583 in
3028 529 3201 584 intero
3229 528 3305 599 (Ii)
3347 531 3692 600 participabi-

399 630 620 702 gnantia
646 627 942 698 composuit
971 626 1093 699 (a).‘

470 722 650 794 Neque
698 722 871 787 deest,
900 734 1074 793 quare
1119 718 1481 774 Adrevaldum
1523 725 1580 773 et
1633 717 1988 773 l-lincmarum

398 832 500 873 non
529 815 664 870 nihil
689 823 911 870 secutus
937 827 1060 868 esse
1090 813 1312 867 dixeris.
1351 811 1450 866 Est
1478 811 1622 865 enim
1668 811 1814 864 inter
1843 809 1990 865 Scoti

391 909 654 971 carmina,
692 923 835 977 quae
875 905 1228 961 Schluetcrns
1279 919 1346 959 ex
1384 901 1753 973 palimpsestis
1799 899 1990 970 Angeli

389 1003 515 1058 Maii
547 1020 578 1058 a
612 1017 671 1058 se
717 1003 864 1058 edita
891 1001 1102 1065 scribit,
1126 1015 1290 1054 unum
1322 997 1420 1068 (ὁ),
1449 997 1593 1068 quod
1621 1012 1725 1050 non
1757 995 1992 1050 obscure

390 1096 557 1150 istum
603 1109 851 1149 errorem
881 1093 1165 1163 signiﬁcat.
1201 1091 1485 1160 Descripto
1520 1090 1778 1158 paschate
1816 1087 1990 1141 Israe-

392 1190 644 1250 litarum,
677 1201 831 1240 mare
869 1186 1090 1240 rubrum
1133 1182 1548 1246 transeuntium,
1581 1181 1653 1234 ita
1674 1179 1851 1249 pergit
1879 1197 1892 1232 :

468 1293 493 1322 ι
524 1276 662 1326 Haec
680 1275 921 1337 quondam
940 1273 1139 1322 fuerunt
1163 1273 1354 1337 venturi
1378 1281 1584 1337 tisana
1615 1269 1804 1329 Christi,

532 1338 582 1385 In
608 1335 708 1398 quo
726 1337 991 1396 t-ollurcnt,
1019 1347 1146 1396 quae
1169 1335 1360 1383 latuere
1382 1336 1484 1383 ditt.

474 1399 565 1457 Qui
592 1393 727 1449 solus
750 1401 902 1449 victor
925 1393 1164 1458 prostrato
1191 1398 1407 1458 pringipe
1431 1393 1596 1444 mundi

529 1461 788 1511 Transacto
810 1457 968 1510 triduo
989 1459 1174 1520 prosilit
1201 1472 1261 1507 ex
1292 1457 1465 1506 Erebo.

467 1525 536 1573 Ac
563 1529 745 1582 primus
767 1524 958 1572 calcans
981 1519 1188 1570 mortem
1226 1522 1441 1569 tran~ivit
1466 1522 1514 1570 in
1540 1519 1652 1581 alta,

523 1586 666 1636 Solus
690 1601 796 1634 nam
823 1587 947 1633 hber
970 1587 1170 1633 numine
1198 1591 1428 1631 tartareo.

461 1649 727 1710 Sanguinis
752 1656 803 1696 et
835 1649 1013 1708 prOprii
1039 1646 1251 1694 fundens
1280 1646 1502 1710 libamina
1527 1656 1649 1706 pura

521 1707 698 1758 Mundo
721 1711 906 1760 salvato
929 1707 1102 1766 pascha
1128 1720 1304 1755 novum
1337 1707 1549 1756 dedicat.

457 1776 644 1835 Sponte
667 1787 754 1821 sua
779 1772 1014 1820 Dominus
1029 1784 1086 1835 se
1111 1772 1412 1835 mactat‘ipse
1436 1769 1682 1827 sacerdos,

523 1839 659 1893 Quae
684 1837 813 1882 Patri
841 1835 1039 1894 placens
1063 1833 1215 1881 hostia
1237 1833 1337 1879 sola
1359 1831 1469 1881 fuit.

457 1891 648 1960 Hostia,
674 1909 805 1958 quae
825 1891 980 1948 totum
1003 1896 1223 1956 purgavit
1249 1895 1459 1960 crimine
1485 1891 1738 1960 mundum,

521 1955 770 2014 lilun'du'm,
795 1970 938 2017 quem
976 1955 1130 2016 potuit
1154 1956 1363 2020 perdere
1389 1958 1573 2020 primus
1599 1955 1764 2002 homo.

456 2023 527 2072 lix
555 2035 652 2070 uno
678 2021 882 2069 veniens
905 2031 1033 2066 mors
1057 2025 1132 2067 est
1155 2017 1356 2079 expulsa
1384 2017 1473 2073 per
1498 2029 1645 2064 unum
1666 2029 1682 2077 ;

519 2084 670 2134 “orte
697 2085 823 2132 bona
851 2084 981 2130 vitae
1006 2093 1134 2128 mors
1157 2079 1280 2127 mala
1305 2081 1426 2128 victa
1453 2080 1602 2141 perit.

460 2146 713 2195 Primitiae
739 2143 957 2192 Christus
975 2142 1217 2191 reserauit
1239 2149 1375 2201 septa
1401 2139 1613 2204 sepulcri

518 2207 722 2257 Nostrae
748 2206 962 2254 Naturae
989 2205 1178 2266 perdita
1205 2203 1496 2254 restitui-ns.

464 2270 646 2320 Harum
667 2282 793 2318 nunc
820 2264 1316 2317 rerum‘celebrantur
1338 2264 1560 2327 symbols
1583 2275 1723 2314 sacra

526 2332 644 2380 Dum
669 2339 838 2390 parent
861 2329 1031 2390 oculis,
1053 2329 1297 2376 mentibus
1315 2336 1428 2376 nota
1449 2328 1604 2388 prius,

468 2391 597 2440 Dum
624 2387 797 2449 corpus
819 2387 1025 2448 Christi,
1041 2390 1156 2437 dum
1179 2391 1300 2438 sacri
1317 2387 1571 2452 sanguinis
1591 2387 1769 2436 undam

529 2453 590 2501 Et
613 2454 824 2514 pretium
847 2452 1010 2500 tnundi
1029 2464 1169 2514 mens
1187 2453 1429 2514 praeor-de
1451 2452 1600 2510 sapit,

469 2514 595 2564 Dum
618 2512 866 2562 memores
881 2526 1080 2561 coenam
1100 2512 1286 2559 Domini
1310 2525 1598 2561 revocamus
1616 2513 1667 2560 in
1685 2520 1857 2570 annos,

533 2577 657 2623 Dum
687 2576 855 2636 plures
879 2577 997 2622 odas
1019 2580 1250 2636 consonat
1273 2573 1378 2632 ipse
1394 2575 1588 2636 chorus.

469 2635 706 2691 Aeternis
724 2637 902 2698 epulis,
924 2647 1048 2694 quas
1072 2635 1269 2691 mystica
1287 2635 1427 2698 signa
1447 2635 1679 2695 ﬁgurant,

521 2695 1002 2760 Digneris'Caroluin
1029 2706 1253 2758 pascere,
1290 2695 1506 2756 Christe,
1537 2703 1690 2744 tuum.
1713 2707 1745 2745 ι

463 2779 578 2835 Huc
601 2779 730 2835 item
763 2778 1004 2848 pertinet
1029 2776 1184 2831 locus
1211 2775 1302 2830 ille
1325 2775 1393 2829 de
1421 2783 1610 2829 sancta
1633 2773 1988 2840 Eucharistia,

393 2888 554 2942 quem
578 2868 860 2926 Hoeﬁerus
886 2869 958 2940 (c)
982 2884 1048 2924 ex
1073 2867 1470 2923 commentario
1493 2867 1719 2936 quodam
1745 2865 1808 2919 ad
1830 2864 1993 2921 Pseu-

401 2961 768 3032 do—Dionysii
818 2962 1179 3030 Areopagitae
1236 2960 1599 3015 hierarchiam
1653 2957 1944 3014 coelestem
1972 2999 1989 3024 ,

403 3069 570 3125 quem
600 3053 796 3108 Scottis
822 3061 1008 3108 noster
1036 3053 1316 3121 scripsisse
1344 3053 1568 3106 traditur
1601 3051 1701 3123 (ά),
1743 3050 1988 3122 protulit.

402 3149 522 3218 lpse
547 3147 697 3202 locus
729 3146 815 3200 hic
864 3155 946 3201 est
979 3165 992 3199 :
1028 3166 1046 3196 ι
1085 3145 1338 3214 Sequitur
1368 3163 1380 3198 :
1411 3151 1462 3199 et
1489 3144 1541 3198 in
1567 3159 1734 3198 unum
1783 3142 1990 3213 princi-

395 3241 632 3310 pationis
656 3239 726 3309 (e)
759 3239 928 3308 ipsam
959 3238 1323 3292 divinissimae
1353 3236 1731 3290 Eucharistiac
1778 3249 1992 3291 assum-

390 3331 652 3402 ptionem.
709 3328 941 3393 Intuere,
994 3344 1155 3398 quam
1205 3327 1471 3397 pulchre,
1523 3342 1685 3396 quam
1731 3339 1992 3396 expresse

390 3425 611 3488 asserit,
634 3423 903 3478 visibilem
929 3422 1070 3477 hanc
1112 3419 1537 3482 Eucharistiam,
1565 3434 1727 3488 quam
1750 3417 1994 3486 quotidie

392 3517 702 3575 sacerdotes
752 3516 1024 3572 Ecclesiae
1075 3515 1129 3569 in
1179 3513 1335 3568 altari
1391 3514 1709 3576 coniiciunt,
1755 3513 1989 3582 typicam

392 3627 512 3668 esse
537 3609 946 3666 similitudinem
967 3607 1260 3678 spiritualis
1294 3605 1706 3675 principationis
1729 3603 1806 3675 (ί)
1839 3601 1988 3667 Jcsn,

393 3718 556 3774 quam
585 3700 820 3757 ﬁdeliter
850 3699 966 3756 solo
1000 3700 1278 3755 intellectu
1307 3708 1609 3770 gustamus,
1641 3697 1744 3752 hoc
1769 3704 1871 3760 est,
1904 3695 1988 3749 in-

399 3793 708 3862 telligimus,
740 3793 902 3862 inque
939 3801 1158 3847 nostrae
1187 3800 1415 3845 naturae
1457 3789 1718 3844 interiora
1773 3787 1990 3841 viscera

403 3885 684 3948 sumimus,
701 3883 766 3937 ad
791 3892 1033 3938 nostram
1057 3883 1284 3937 salutem
1309 3891 1365 3937 et
1388 3880 1667 3952 spirituale
1688 3880 1991 3935 incremen-

407 3984 518 4030 tum
541 3983 596 4031 et
637 3973 959 4030 inell'abilem
990 3974 1408 4030 deiﬁcationem.
1445 3972 1677 4042 Oportet
1728 3987 1877 4042 ergo,
1907 3971 1991 4025 in-

401 4066 540 4136 quit,
571 4067 864 4120 humanum
920 4064 1161 4119 animum
1209 4079 1276 4119 ex
1332 4062 1679 4119 scnsibilibus
1726 4063 1888 4116 rebus
1935 4060 1989 4115 in

401 4157 714 4212 coelestium
753 4157 1017 4211 virtutum
1049 4156 1465 4211 similitudinem
1508 4162 1564 4208 et
1604 4153 1987 4224 aequalitatem

405 4244 781 4300 ascendentem
829 4247 1104 4311 arbitrari,
1137 4243 1535 4300 divmissimam
1588 4239 1988 4296 Eucharistiam

407 4335 700 4400 visibilem,
737 4339 789 4390 in
814 4337 1052 4393 Ecclesia
1089 4336 1503 4400 conformatam,
1533 4335 1769 4390 maxime
1801 4345 1987 4406 typum

409 4436 530 4476 csse
555 4423 978 4494 participationis
1004 4423 1078 4496 (g)
1109 4424 1296 4494 ipsius,
1333 4437 1438 4493 qua
1477 4433 1531 4478 et
1575 4438 1719 4477 nunc
1764 4422 1987 4492 panicio

476 4545 554 4618 (α)
591 4546 672 4602 Cl.
714 4548 861 4604 Scoti
898 4549 989 4603 lib.
1021 4549 1088 4603 de
1117 4549 1224 4603 div.
1254 4547 1377 4602 Nat.

2020 1918 2070 1978 B

2094 641 2216 682 mus
2241 625 2302 697 (i)
2327 639 2423 696 per
2453 625 2708 694 speciem,
2733 625 2892 694 eique
2933 622 3289 677 adunabimus
3319 622 3380 693 (ἱ)
3412 636 3510 690 per
3546 623 3693 677 cari-

2092 723 2284 772 tatem.
2321 715 2460 783 Quid
2489 731 2618 787 ergo
2647 717 2716 771 ad
2763 717 2904 770 hanc
2948 715 3130 785 magni
3171 712 3409 784 theologi
3449 713 3694 784 Dionysii

2095 808 2598 880 praeclarissimam
2653 807 2836 861 tubam
2885 805 3237 875 respondent,
3279 802 3374 872 qui
3423 793 3694 858 visibilem

2096 900 2496 956 Eucharistiam
2525 899 2600 953 nil
2647 898 2791 953 aliud
2836 897 3143 968 signiﬁcare
3169 903 3386 964 praeter
3430 911 3490 950 se
3518 895 3694 965 ipsam

2097 994 2288 1049 volunt
2312 993 2595 1048 asserere?
2628 991 2764 1045 Dum
2809 990 3111 1046 clarissima
3145 990 3270 1043 tuba
3299 985 3543 1057 praefata
3584 987 3696 1042 cla—

2097 1093 2228 1151 mat,
2276 1101 2384 1139 non
2432 1084 2520 1138 illa
2569 1090 2912 1140 sacramenta
2943 1081 3186 1140 .visibilia
3233 1080 3480 1143 colenda,
3517 1093 3694 1148 neque

2097 1191 2195 1247 pro
2224 1176 2459 1230 veritate
2503 1173 2880 1245 amplexanda,
2909 1173 3036 1242 quia
3066 1171 3422 1242 signiﬁcativa
3447 1169 3694 1224 veritatis

2099 1277 2247 1333 sunt,
2280 1283 2455 1337 neque
2475 1277 2696 1338 prepter
2719 1283 2776 1322 se
2800 1267 2913 1336 ipsa
2941 1267 3180 1329 inventa,
3200 1265 3456 1334 quoniam
3480 1263 3535 1317 in
3565 1263 3697 1332 ipsis

2098 1362 2223 1416 ﬁnis
2266 1359 2653 1429 intelligentiae
2688 1374 2792 1414 non
2839 1368 2941 1423 est,
2979 1356 3073 1411 sed
3117 1365 3340 1426 pr0pter
3383 1355 3725 1424 incompre-_.

2098 1452 2434 1507 hensibilem
2462 1451 2704 1506 veritatis
2731 1451 3009 1514 virtutem,
3039 1464 3178 1518 quae
3219 1447 3471 1503 Christus
3501 1455 3609 1510 est,
3638 1429 3726 1500 in9

2098 1545 2308 1599 unitate
2350 1545 2620 1599 humanae
2651 1545 2972 1613 divinaeque
3013 1558 3140 1599 suae
3174 1538 3695 1604 substantiaeultra

2099 1651 2260 1691 omne
2311 1635 2454 1705 quod
2509 1648 2672 1690 sensu
2703 1637 2938 1690 sentitur
2979 1647 3265 1703 corporeo,
3299 1646 3461 1701 super
3507 1607 3734 1694 omne,"

2098 1729 2244 1800 quod
2273 1729 2473 1785 virtute
2497 1731 2793 1800 percipitur
2829 1729 3215 1801 intelligentiae
3239 1727 3382 1783 Dens
3406 1725 3692 1782 invisibilis

2099 1822 2155 1875 in
2182 1830 2411 1891 utraque
2442 1837 2537 1878 sua
2567 1830 2760 1875 natura
2799 1841 2817 1872 ι
2856 1822 2908 1874 λι.

2733 1911 2959 1967 CAPUT
2985 1910 3048 1966 V.

2102 1994 2234 2050 Cum
2262 1997 2326 2050 de
2353 1995 2472 2050 aliis
2492 1995 2805 2065 quibusdam
2831 1996 3000 2056 rebus,
3029 2009 3145 2064 qum
3170 2004 3420 2063 prazterea
3452 1995 3521 2048 ad
3547 1993 3696 2050 Scoti

2171 2068 2327 2120 vitam
2375 2066 2748 2120 illustrandum
2795 2067 3128 2137 pertineant,
3173 2075 3281 2118 tum
3323 2067 3582 2137 prwripue
3630 2066 3696 2120 de

2171 2137 2372 2190 ultimis
2398 2139 2563 2206 ipsius
2590 2137 2734 2205 fatis.

2169 2230 2468 2298 Postquam
2499 2230 2664 2300 igitur
2693 2229 2907 2295 Scotus,
2937 2237 2997 2284 ut
3019 2230 3178 2301 longe
3204 2229 3320 2284 veri
3356 2229 3692 2284 simillimum

2099 2339 2220 2380 esse
2241 2322 2610 2393 probavimus,
2643 2323 2862 2378 circiter
2903 2339 3105 2378 annum
3137 2321 3455 2378 DCCCXLV
3486 2323 3552 2377 ad
3583 2322 3692 2377 Ca-

2098 2415 2274 2471 rolum
2300 2413 2529 2470 Calvum
2553 2415 2733 2480 venit,
2772 2415 2819 2469 is
2847 2414 3046 2470 multos
3080 2429 3252 2470 annos
3291 2415 3548 2484 deinceps
3584 2429 3692 2470 non

2100 2508 2272 2564 solum
2295 2508 2663 2563 convictorem
2686 2523 2812 2564 eum
2839 2516 3002 2578 atque
3023 2509 3255 2564 amicum
3274 2507 3485 2573 habuit,
3501 2523 3693 2563 verum

2098 2601 2283 2664 etiam,
2315 2600 2460 2670 quod
2501 2600 2630 2656 item
2659 2601 2904 2671 pluribus
2943 2617 2975 2655 a
3020 2603 3177 2658 nobis
3208 2610 3292 2657 est
3331 2601 3587 2666 relatum,
3631 2609 3694 2656 ut

2096 2707 2186 2749 res
2228 2690 2428 2747 multas
2475 2706 2678 2761 easque
2717 2707 2912 2763 graves
2949 2702 3340 2762 exsequeretur
3363 2735 3378 2758 ,
3421 2692 3699 2748 voluntate

2079 2781 2196 2841 sua
2224 2782 2537 2839 commovit.
2582 2783 2661 2836 Eo
2699 2792 2878 2837 autem
2923 2782 3042 2838 loco
3098 2793 3152 2839 et
3201 2785 3408 2838 honore
3436 2784 3696 2853 quamdiu

2099 2874 2296 2930 Scotus
2321 2871 2718 2943 permanserit,
2757 2872 3025 2925 incertum
3069 2881 3194 2927 est:
3227 2886 3553 2939 quamquam
3591 2873 3698 2928 hoc

2099 2965 2234 3020 satis
2260 2962 2599 3032 exploratum
2629 2961 2832 3016 habere
2860 2961 3127 3027 videmur,
3151 2960 3278 3016 illud
3317 2969 3554 3029 tempus,
3584 2977 3692 3030 quo

2100 3054 2228 3111 inde
2255 3055 2410 3119 abiit,
2442 3054 2531 3108 vix
2555 3061 2681 3108 ante
2718 3068 2918 3108 annum
2947 3050 3282 3109 DCCCLXI“
3308 3052 3492 3107 fuisse.
3531 3051 3694 3108 Nam-

2098 3160 2224 3217 que,
2249 3157 2309 3200 ut
2338 3146 2444 3201 alia
2471 3146 2648 3201 minus
2676 3156 2825 3203 certa
2855 3147 3134 3201 mittamus
3162 3147 3264 3218 (j),
3295 3155 3474 3202 exstat
3503 3147 3696 3216 poema

2098 3241 2368 3310 quoddam
2395 3238 2542 3295 Scoti
2565 3241 2630 3294 ad
2653 3239 2904 3296 Carolum
2927 3237 3022 3310 (lt),
3044 3240 3098 3293 in
3121 3256 3227 3310 quo
3251 3240 3694 3295 manifestissima

2095 3332 2443 3402 reperiuntur
2456 3332 2702 3402 vestigia,
2723 3331 2892 3396 illum,
2916 3347 3023 3401 quo
3042 3332 3094 3386 id
3115 3340 3358 3402 tempore
3385 3333 3688 3402 scripserit,

2072 3427 2276 3482 'adhuc
2305 3427 2362 3481 in
2401 3425 2580 3482 Caroli
2631 3427 2775 3497 regia
2812 3427 3054 3482 haesisse
3078 3467 3091 3491 ,
3123 3427 3403 3496 quodque,
3433 3429 3693 3495 quoniam

2095 3517 2151 3570 in
2171 3516 2422 3582 victoria,
2447 3531 2610 3585 quam
2627 3514 2855 3571 Carolus
2884 3516 3036 3571 brevi
3065 3525 3190 3570 ante
3206 3516 3272 3569 de
3304 3516 3690 3572 Northmannis

2093 3609 2383 3679 pepererit,
2415 3623 2514 3679 pro
2544 3623 2694 3662 more
2721 3607 3012 3679 gloriatur,
3056 3623 3197 3663 anno
3223 3608 3538 3664 DCCCLXII
3559 3610 3692 3665 scri-

2092 3705 2246 3768 ptum
2273 3712 2395 3752 esse
2423 3706 2634 3767 oportet
2660 3697 2742 3768 (ο).

2164 3786 2238 3842 At
2260 3787 2306 3842 si
2331 3802 2435 3842 non
2468 3787 2523 3842 in
2569 3785 2713 3857 regia
2734 3828 2748 3851 ,
2782 3798 2932 3842 certe
2964 3796 3142 3842 tamen
3190 3788 3246 3842 in
3297 3803 3462 3857 regno
3507 3787 3687 3844 Caroli

2093 3893 2265 3949 usque
2290 3878 2359 3933 ad
2385 3894 2586 3933 annum
2619 3876 3006 3935 DCCCLXXlll
3035 3879 3184 3933 vixit.
3218 3877 3371 3946 Quod
3404 3878 3478 3932 illi
3509 3879 3686 3934 versi-

2091 3970 2200 4026 culi
2229 3977 2514 4035 testantur,
2539 3985 2766 4039 quorum
2786 3970 2898 4039 jam
2929 3985 3089 4039 supra
3127 3969 3221 4041 (ιη)
3246 3971 3446 4025 mentio
3473 3981 3559 4025 est
3599 3969 3686 4024 itt-

2044 4129 2046 4132 ,
2086 4060 2254 4129 jecta.
2299 4059 2394 4114 His
2420 4061 2564 4114 enim
2601 4059 2925 4116 Hincmarus
2955 4061 3301 4132 (Bernensis),
3335 4059 3543 4114 Liuddo
3571 4060 3686 4130 qui-

2095 4152 2240 4217 dam,
2267 4155 2430 4207 homo
2452 4151 2714 4216 Graecus,
2745 4154 2835 4222 qui
2869 4155 3010 4221 apud
3036 4151 3387 4206 Hincmarum
3417 4152 3584 4208 fuisse
3606 4140 3700 4204 vi-'

2095 4239 2389 4312 dctur(n),
2445 4249 2606 4309 atque
2658 4240 2894 4293 Joannes
2943 4239 3076 4303 VIII,
3125 4240 3282 4294 Pont.
3315 4239 3484 4306 Max.,
3521 4255 3684 4309 quem

2094 4340 2325 4387 exeunte
2375 4345 2520 4385 anno
2565 4326 2950 4383 DCCCLXXII.
3003 4327 3058 4379 in
3086 4325 3175 4379 illo
3204 4327 3482 4393 dignitatis
3512 4329 3684 4397 gradu

2095 4423 2415 4481 collocatum
2463 4433 2584 4475 esse
2609 4424 2842 4481 constat,
2875 4413 3166 4469 admodum
3201 4411 3503 4468 honoriﬁce
3537 4432 3687 4471 com-

2092 4540 2268 4611 psisse
2280 4537 2460 4612 _(Cap.
2488 4534 2575 4608 Ill)
2608 4532 2971 4612 narravimus.
3001 4529 3349 4612 lnneanenini,
3369 4541 3433 4612 _ut
3455 4531 3686 4612 habetur

473 4601 550 4694 ἐῶ
579 4601 1460 4694 Carpi?aiis—Paséhiitstarisclo
1482 4615 1585 4671 Mai
1611 4615 1770 4671 class-
1800 4616 1986 4684 Αυοιη
2015 4634 2070 4694 1)
2094 4601 2246 4694 δυβιά.
2280 4601 2567 4694 “uiarum?
2598 4606 2838 4694 Et}???
2866 4622 2925 4694 1.
2943 4601 3450 4694 FPES‘E‘..P3§‘1‘?‘E‘.D
3491 4603 3685 4694 0439‘

400 4699 440 4743 t.
468 4689 535 4754 V,
561 4706 616 4759 p.
643 4690 766 4744 452.
793 4691 1080 4745 Schltteter
1106 4705 1161 4759 p.
1194 4690 1342 4756 597.)

472 4762 544 4830 (c)
564 4758 672 4816 Die
703 4763 997 4816 deutschen
1028 4758 1244 4828 Papstc.
1275 4759 1512 4814 Abtheil.
1545 4759 1609 4821 ll,
1641 4775 1694 4829 p.
1723 4758 1812 4814 80.

474 4833 553 4903 (tl)
589 4831 672 4887 Cl.
705 4831 801 4886 inl‘.
828 4831 959 4903 Cap.
993 4830 1060 4886 Ἦ
1081 4839 1220 4885 extr.
1253 4831 1320 4886 de
1347 4831 1564 4900 scriptis
1593 4832 1854 4902 Erigenae
1886 4829 1986 4884 du-

399 4902 524 4958 biis.
569 4904 695 4958 Nro.
727 4903 814 4958 ιιι.
1313 4949 1316 4953 ,

403 4973 821 5116 ἱηῗζέιὶξιΐυτ,
850 4973 1134 5045 legendum
1160 4986 1280 5028 esse
1308 4992 1326 5025 ‹
1358 4973 1787 5044 participationis
1823 4991 1871 5024 ι.
1899 4971 1984 5027 Cf.

476 5115 552 5255 ﬂ
574 5113 657 5170 Cl.
689 5113 802 5200 not.
831 5133 880 5171 ε.
931 5187 944 5200 ο
1281 5186 1295 5200 .
1669 5185 1680 5197 .

501 5203 531 5255 g
581 5186 658 5240 Ex
705 5187 790 5242 his
842 5186 977 5243 locis
1020 5195 1210 5255 patere
1243 5186 1478 5252 Videtur,
1522 5200 1630 5255 quo
1661 5202 1680 5254 ι

501 5186 552 5257 g)
581 5186 658 5259 Ex
705 5187 797 5259 his
842 5186 977 5243 locis
1020 5195 1210 5259 patere
1243 5186 1478 5259 videtur,
1522 5200 1646 5259 quo_
1661 5186 1783 5254 jure
1828 5201 1990 5259 supra

405 5255 585 5312 notL'e
615 5257 895 5328 legendum
946 5255 1070 5314 esse
1112 5259 1357 5312 arbitrati
1408 5257 1577 5311 simus
1614 5255 1720 5312 Pro
1767 5275 1784 5308 ι
1843 5258 1992 5327 prin-

401 5329 691 5401 cipationis
732 5349 751 5382 ι
785 5358 858 5370 --
896 5348 916 5382 ί
943 5329 1374 5401 participationis
1409 5348 1452 5383 ›.

495 5401 550 5456 hl
585 5418 604 5452 ι
639 5398 821 5456 fuwro
863 5419 910 5454 ι.

495 5403 527 5454 It
585 5418 604 5452 ι
639 5403 821 5456 fuwro
863 5419 910 5454 ι.

495 5472 514 5525 i
577 5471 956 5526 adunabimur.
1819 5500 1828 5508 ς

580 5540 738 5613 Velut
768 5541 916 5599 illam
937 5542 1246 5613 epistolam,
1271 5557 1432 5613 quam
1458 5541 1734 5600 Nicolaum
1763 5544 1828 5610 l,‘

507 5540 550 5614 ἱ)
580 5540 738 5614 Velut
768 5541 916 5599 illam
937 5542 1246 5614 epistolam,
1271 5557 1433 5614 quam
1458 5541 1734 5600 Nicolaum
1763 5544 1804 5610 l,
1826 5543 1987 5599 Pont.

399 5611 543 5669 Maii;
601 5615 668 5668 de
707 5611 918 5670 Joanne
965 5611 1154 5670 nestt-o
1190 5615 1260 5670 ad
1280 5611 1532 5670 Carolum
1581 5615 1989 5672 Calvum:scri-

469 5727 502 5757 "
530 5725 706 5798 Locus
729 5726 1058 5798 depravatus
1085 5735 1142 5782 et
1180 5743 1246 5782 ex
1277 5735 1432 5797 parte
1464 5727 1688 5783 mutilus
1709 5734 1808 5782 est.
1858 5725 1992 5788 Inte-

399 5809 497 5924 ger
532 5806 586 5851 et
615 5797 684 5852 ad
714 5797 882 5882 trium
915 5798 1164 5879 codicum
1204 5799 1365 5881 ﬁdem
1411 5801 1706 5875 castigatus
1744 5800 1901 5882 'extat
1927 5799 1993 5879 in

437 5907 450 5922 .
484 5866 1106 5924 Stichexnosutontbus.
1139 5881 1171 5923 a
1199 5868 1358 5924 nobis
1385 5883 1532 5924 nunc
1562 5882 1794 5924 primum
1809 5868 1992 5924 editis.

437 5907 450 5922 .
484 5866 634 5926 Scot.
651 5868 1106 5941 expositionibus,
1139 5881 1171 5923 a
1199 5868 1358 5926 nobis
1385 5883 1532 5925 nunc
1556 5866 1992 5939 pr'imumcditis,

2098 4673 2316 4738 scholae
2345 4680 2639 4750 palatinae,
2667 4673 2830 4750 quam
2851 4674 3155 4750 vocabant)
3179 4673 3293 4743 jam
3317 4674 3446 4730 olim
3481 4673 3511 4727 ι’
3537 4677 3683 4750 capi-

2098 4753 2180 4834 tal_
2209 4744 2377 4834 fuisse
2408 4770 2426 4801 ι
2464 4744 2787 4834 dici.tur.;Ex
2811 4747 2896 4801 liis
2924 4744 3162 4834 colligas,
3187 4761 3294 4834 (ηρ
3325 4744 3687 4834 ιθιιῳοι-ςιΝἱ-

2099 4823 2202 4878 col.
2242 4822 2282 4875 Ι.
2318 4821 2464 4875 illam
2496 4817 2777 4890 epistolam
2808 4816 3130 4885 composuit,
3163 4831 3228 4870 eo
3256 4816 3479 4872 Scotum
3509 4819 3686 4873 adhuc

2097 4894 2152 4948 in
2188 4911 2208 4945 ‹
2246 4892 2448 4964 palatio
2485 4911 2502 4942 ι
2539 4890 2684 4961 regis
2735 4889 3026 4942 habitasse.
3079 4883 3684 4964 Cpnvenit_atitctit,_ut

2099 4955 2359 5032 diximus,
2390 4963 2533 5017 inter
2570 4955 2784 5025 omnes,
2817 4966 2908 5032 aut
2939 4971 3080 5011 anno
3112 4955 3380 5013 DCCCLX
3406 4970 3499 5016 aut
3525 4960 3683 5030 quin-

2097 5028 2480 5106 quennio'post
2505 5046 2624 5106 eam
2651 5045 2772 5106 esse
2795 5028 3070 5106 scriptam.

2167 5107 2241 5178 (Ιε)
2286 5098 2885 5178 Carmen__l_,__§_ngelo
2946 5099 3050 5154 Mai
3099 5098 3136 5153 l.
3194 5099 3231 5153 l.
3286 5115 3340 5168 p.
3402 5099 3508 5154 426
3567 5113 3682 5168 seq.

2097 5171 2490 5256 δοῇῑυειρτιρε
2517 5171 2792 5256 ἕὲδδ-δθδκ
2845 5241 2879 5256 ..

2169 5248 2230 5320 (ι)
2261 5246 2344 5302 Cf.
2388 5236 2593 5300 Habill.
2635 5242 2815 5296 annal.
2845 5241 2940 5296 lib.
2967 5236 3183 5302 XXXV,
3220 5253 3273 5290 n.
3299 5236 3466 5290 95-94
3492 5245 3548 5292 et
3578 5237 3682 5292 107

2093 5328 2303 5376 extrem
2313 5360 2325 5372 .

2193 5391 2264 5460 ιη)
2293 5385 2603 5460 Ωΐηςθρκῐ,
2633 5384 2736 5441 col.
2765 5383 3044 5460 _6,_n_ot._

2274 5459 2357 5517 cr.
2387 5447 2598 5516 Matini;
2620 5455 2800 5510 annal.
2829 5452 2922 5507 lib.
2953 5447 3241 5515 xxxv,n.
3268 5448 3371 5519 58;
3395 5448 3686 5524 xxxvut,

2095 5551 2293 5590 ἢμην
2365 5570 2374 5579 -
2533 5566 2546 5579 ο

2096 5735 2236 5790 infra
2265 5730 2368 5786 c‘o‘l.
2392 5726 2514 5786 140.
2535 5723 2774 5796 Respice
2800 5738 2888 5791 ea,
2920 5739 3058 5796 quae
3111 5727 3184 5786 ibi
3217 5727 3272 5786 in
3303 5729 3446 5786 hunc
3504 5729 3682 5785 locum

2059 5831 2070 5844 -
2097 5797 2598 5876 animadvertimus.
2622 5795 2891 5877 Δίπυλον.
2918 5797 3076 5857 Eutr.
