4152 6276
516 403 586 458 45
1517 409 1603 462 DE
1636 409 1899 465 JOANNE
1939 409 2162 466 SCOTO
2191 410 2714 470 OOMIIENTA'I‘IO.
3721 418 3794 476 44

512 517 890 574 memorantur
910 517 964 572 ³⁸⁸.
994 517 1171 588 Atque
1211 519 1330 576 illos
1371 521 1667 578 versiculos
1693 532 1938 581 extremo
1959 526 2102 582 vitae
2127 529 2178 588 Α
2207 523 2370 590 dicat,
2412 527 2652 598 ignotum
2687 537 2793 584 est.
2834 529 3028 586 Petrus
3072 531 3279 588 Alixius
3319 547 3447 588 eum
3473 530 3644 592 fuisse
3673 536 3788 590 exi-

517 619 784 682 tempore,
821 614 882 664 ut
905 611 1210 680 opinamur,
1255 614 1514 670 condidit.
1542 615 1725 687 Neque
1747 620 1912 685 enim,
1961 624 2104 692 quod

514 711 703 774 postea
761 703 1060 772 scripserit,
1123 705 1392 774 reperitur
1441 708 1738 778 quidquam
1787 711 1884 784 (α),
1911 722 1967 769 et
2015 715 2103 770 vix

513 797 753 852 triennio
800 797 1085 868 iuterjecto
1127 799 1467 867 Anastasius,
1521 801 1967 861 bibliothecirius
1996 806 2104 862 Ro-

515 899 730 958 manus,
775 892 830 947 in
860 891 1086 964 epistola
1119 894 1186 948 ad
1240 894 1492 951 Carolum
1536 896 1760 954 Calvum
1792 901 1977 967 missa,
2027 903 2102 956 ita

514 981 670 1039 δῦρο
699 985 1026 1040 mentionem
1070 985 1220 1051 fecit,
1266 995 1326 1041 ut
1355 1002 1483 1042 eum
1525 989 1655 1046 tunc
1673 991 1787 1061 jam
1827 997 2102 1048 mortuum

514 1076 684 1132 fuisse
710 1080 918 1133 credas.
942 1078 1286 1150 Conquestus
1314 1085 1458 1138 enim
1485 1084 1554 1139 de
1577 1098 1662 1151 eo,
1709 1088 1855 1156 quod
1891 1089 1945 1142 in
1974 1101 2097 1143 ver--

513 1169 677 1245 ten’do
712 1168 1039 1240 Areopagita
1071 1181 1182 1228 tam
1222 1175 1488 1231 obscurus
1531 1175 1715 1242 fuerit,
1747 1179 1946 1235 haecce
1970 1181 2103 1249 adjiI-

507 1259 586 1313 cit
625 1257 746 1331 (b):
783 1275 801 1312 ι
849 1259 1005 1328 Quod
1049 1271 1172 1318 eum
1205 1277 1310 1320 non
1353 1267 1526 1336 egisse
1573 1269 1642 1322 oh
1684 1269 1843 1324 aliam
1881 1285 2100 1327 causam

511 1351 784 1419 eilatitno,
836 1355 940 1410 nisi
972 1360 1136 1428 quod,
1165 1367 1290 1415 cum
1321 1370 1460 1415 esset
1488 1362 1706 1418 Immitis
1735 1361 1948 1434 Spiritu,
1993 1375 2099 1420 non

509 1447 874 1521 praesumpsit
937 1454 1086 1507 verbi
1133 1449 1522 1526 proprietatem
1561 1459 1811 1514 deserere
1861 1480 1905 1514 ι.
1957 1460 2101 1517 Haec

509 1534 758 1614 epitttola,
793 1545 927 1602 utin
965 1548 1151 1604 codice
1190 1562 1290 1604 ms.
1336 1549 1554 1605 Patrum
1602 1551 1725 1607 See.
1767 1553 1876 1609 ὕες.
1908 1552 2102 1610 Bituri-

499 1632 753 1690 ‘censlum
801 1633 1001 1692 lectum
1049 1645 1171 1695 esse
1211 1641 1289 1694 ait
1318 1634 1490 1694 Natal.
1525 1641 1848 1708 Alexander,
1899 1647 2096 1715 scripta

507 1731 594 1784 est
625 1745 646 1780 ι
681 1725 748 1782 Χ.
803 1727 922 1785 Cal.
952 1727 1172 1800 Aprilis,
1223 1724 1514 1788 indictione
1554 1733 1667 1789 VIII
1699 1752 1744 1801 ι,
1771 1735 1862 1804 qui
1892 1743 1975 1791 est
2004 1750 2098 1791 aus

507 1834 612 1874 nus
641 1817 1030 1887 DCCCLXXV.

2209 615 2449 670 stimavit
2468 616 2800 685 Wulfadum,
2837 621 3070 690 primum
3091 621 3414 678 Remensem
3445 626 3792 696 cationicum,

2204 720 2391 782 postea
2416 711 2812 769 Bituriceusem
2837 715 3148 786 episcopum
3172 715 3265 786 (ε).
3291 714 3444 772 Hanc
3461 716 3624 775 Alixii
3656 736 3790 776 con—

2197 802 2465 872 jecturam
2493 804 2845 864 Schlueterus
2872 808 2949 877 (Ῑ)
2993 816 3054 864 ut.
3077 824 3193 863 rem
3235 808 3538 866 confessam
3565 814 3791 885 recepit.

2275 896 2590 963 Quaesitum
2626 908 2713 953 est
2748 900 2935 966 etiam,
2993 917 3122 956 num
3169 900 3405 973 Erigena
3447 899 3678 960 clericus
3705 903 3789 960 Iu-

2201 988 2327 1054 erit,
2359 1004 2547 1045 necne.
2580 989 2786 1062 Negant
2812 990 3050 1048 Hiortius
3081 991 3178 1064 (g),
3211 991 3450 1050 Thomas
3480 992 3663 1050 Moore
3691 995 3790 1068 (In),

2203 1079 2380 1136 Natal.
2425 1082 2729 1140 Alexander
2761 1083 2846 1155 (i),
2879 1084 3220 1144 Mabillonius
3261 1086 3336 1158 (j)
3366 1105 3379 1142 :
3423 1089 3540 1144 veri
3577 1089 3791 1146 similli-

2205 1191 2352 1232 mum
2399 1186 2594 1246 putant
2623 1177 2863 1234 Hockius
2893 1177 2968 1251 (k)
2991 1217 3006 1245 ,
3047 1177 3528 1236 Staudenmaierus
3572 1181 3632 1254 (ι)
3664 1201 3677 1235 ;
3713 1181 3792 1236 af-

2203 1267 2384 1322 firmat
2417 1283 2435 1322 t
2473 1271 2620 1341 (lieet
2659 1271 2750 1326 alii
2780 1271 3046 1342 dubitent)
3081 1293 3126 1337 ι,
3157 1270 3507 1328 Schlueterus
3535 1272 3650 1345 (ιη).
3685 1273 3790 1330 Sed

2203 1361 2291 1430 qui
2309 1370 2527 1431 negant,
2555 1363 2723 1418 multo
2742 1361 2940 1434 magis,
2957 1371 3120 1432 quam
3145 1363 3236 1433 qui
3264 1363 3532 1418 aIIlrrriant
3555 1364 3788 1418 allihna-

2202 1451 2400 1518 rintve,
2430 1453 2594 1508 rebus
2617 1455 2782 1509 certis
2804 1453 3067 1528 factisque
3083 1455 3350 1510 nituntur.
3375 1445 3441 1511 Hi
3463 1452 3630 1522 enim,
3654 1471 3791 1526 quae

2202 1554 2524 1613 sequantur,
2575 1545 2627 1600 in
2675 1561 2741 1600 eo
2786 1545 2962 1617 posita
3009 1557 3127 1604 esse
3179 1548 3386 1613 dicunt,
3415 1551 3562 1619 quod
3597 1549 3789 1605 Scottis

2205 1637 2506 1706 theologiae
2544 1654 2609 1692 ac
2643 1629 3011 1711 philosophiae
3035 1627 3216 1697 studio
3241 1636 3399 1696 unice
3429 1637 3644 1698 deditus
3679 1642 3789 1698 fue-

2203 1727 2293 1791 rit,
2325 1744 2580 1799 cumque,
2609 1738 2723 1784 orta
2751 1729 2820 1812 de
2857 1731 3016 1787 rebus
3053 1732 3368 1805 theologicis
3400 1733 3538 1799 rixa,
3568 1733 3654 1788 vel
3679 1736 3791 1805 epi-

2203 1821 2372 1890 scopi,
2403 1831 2462 1876 ut
2487 1817 2638 1877 suam
2671 1823 2737 1878 de
2762 1811 2868 1880 illis
2897 1825 3224 1881 sententiam
3257 1825 3606 1896 proponeret,
3633 1841 3789 1899 roga-

487 1977 494 1982 ,
577 1910 823 1967 Certiora
851 1913 1012 1983 hujus
1035 1914 1112 1967 rei
1135 1908 1335 1970 indicia
1357 1908 1424 1970 ad
1454 1926 1698 1973 nostram
1724 1926 1956 1973 aetatem
1987 1934 2094 1974 non
2123 1899 2172 1963 Β
2199 1913 2415 1980 verint;
2457 1914 2619 1970 ἤθεα
2659 1915 2839 1971 alii!!!"
2867 1919 2954 1972 1'08
2989 1916 3078 1972 illa
3114 1925 3310 1984 381810.
3343 1918 3447 1974 nisi
3473 1919 3528 1974 ill
3574 1919 3791 1976 homine

505 2006 891 2072 pervenerunt.
920 1997 1106 2074 Neque
1133 2005 1240 2060 ullo
1263 2009 1592 2076 testimonio,
1613 2011 1699 2064 cui
1727 2011 1944 2080 quidem
1974 2013 2095 2068 sine

506 2093 712 2150 erroris
751 2093 992 2164 periculo
1017 2095 1241 2153 credere
1269 2099 1560 2170 possimus,
1617 2084 1758 2156 inter
1787 2117 1968 2157 rerum
2003 2119 2095 2156 au-

501 2195 688 2244 ctores
734 2189 820 2245 vel
848 2189 954 2244 hoc
979 2201 1231 2247 constare
1260 2194 1549 2263 reperitur,
1581 2209 1687 2262 quo
1716 2193 1835 2248 loco
1862 2193 2096 2265 Erigena

505 2281 674 2336 vitam
719 2282 982 2351 posuerit,
1007 2294 1367 2354 praeterquam
1396 2285 1540 2355 quod
1587 2269 1925 2341 Mabiiiouius
1951 2306 1970 2338 ι
2011 2286 2094 2340 vi-

503 2373 666 2428 detur
707 2391 753 2440 ι,
779 2373 874 2440 ait,
911 2391 931 2425 ι
961 2373 1014 2427 in
1040 2374 1267 2430 Francia
1288 2391 1666 2446 perseverasse
1704 2398 1748 2432 ι.

577 2463 723 2522 Suut‘
747 2465 963 2535 quidem
1007 2467 1097 2536 qui
1147 2468 1372 2522 Scotum
1421 2469 1622 2524 diutius
1670 2471 1889 2536 vixisse,
1932 2481 2096 2542 atque

505 2556 640 2612 adeo
672 2557 895 2614 circiter
925 2573 1128 2614 annum
1156 2558 1525 2616 DCCCLXXX
1555 2563 1621 2618 ab
1652 2547 1870 2624 Alfredo
1905 2564 2095 2636 Magno

504 2648 561 2704 in
587 2648 838 2723 Angliam
865 2652 1191 2708 accersitum
1219 2667 1341 2709 esse
1369 2655 1722 2727 contendant,
1767 2657 1860 2711 sed
1904 2672 2093 2711 eorum

501 2758 666 2800 causa
696 2744 775 2799 sic
824 2743 1068 2815 profecto
1100 2755 1188 2802 est
1233 2758 1580 2820 comparata,
1604 2749 1804 2804 nullam
1850 2759 1909 2804 ut
1937 2751 2004 2806 iis
2039 2747 2096 2806 li-

501 2836 624 2892 dem
654 2837 855 2895 habere
881 2854 1070 2909 queas.
1104 2839 1258 2908 Quod
1289 2857 1413 2898 mox
1448 2841 1769 2900 videbimus.

573 2933 735 2990 Plura
762 2937 984 2990 omnino
1021 2919 1213 2992 Joanni
1241 2948 1429 2994 nostro
1469 2940 1672 3010 scripta
1724 2940 2035 3012 tribuuntur
2073 2957 2088 2996 :

499 3039 732 3098 quorum
766 3030 990 3098 partim,
1017 3040 1202 3099 utpote
1231 3032 1428 3100 quibus
1478 3043 1662 3090 certus
1689 3033 1910 3104 quidam
1943 3034 2092 3092 locus

501 3121 780 3176 videretur
827 3122 1141 3188 convenire,
1191 3138 1254 3176 eo
1279 3121 1392 3193 jam
1433 3125 1590 3191 satis,
1639 3125 1950 3196 opinamur,
2001 3143 2094 3184 co-

483 3211 656 3282 piose
692 3211 1098 3280 descripsimus,
1153 3215 1351 3283 partim
1401 3213 1566 3280 infra,
1596 3231 1720 3270 cum
1755 3218 1892 3273 nihil
1936 3219 2093 3290 plane

2199 2006 2418 2072 clerico,
2447 2005 2533 2060 vix
2570 2015 2664 2062 aut
2706 2023 2772 2062 ne
2808 2008 2897 2064 vix
2938 1995 3155 2078 quidem
3185 2024 3283 2064 usu
3317 2000 3486 2065 fuisse
3513 2020 3788 2066 venturas.

2199 2101 2362 2168 Quasi
2391 2116 2540 2167 vero,
2567 2101 2660 2172 qui
2709 2105 2839 2156 tunc
2869 2093 3050 2174 aliquo
3076 2113 3228 2168 casu,
3277 2101 3506 2158 forsitan
3536 2103 3650 2174 ipsi!
3698 2119 3791 2159 na-

2200 2200 2320 2245 tura
2347 2191 2576 2256 ferente,
2609 2195 2662 2246 in
2693 2177 2894 2248 scholis
2917 2189 2982 2248 ad
3011 2185 3384 2264 philosophiae
3411 2203 3468 2249 et
3490 2185 3786 2266 ihcologiae

2199 2281 2374 2336 studia
2403 2281 2612 2338 delatus
2633 2295 2698 2338 ett
2737 2283 3064 2348 adamasset,
3097 2283 3159 2338 'ut
3181 2283 3234 2338 in
3265 2285 3334 2338 iis
3371 2294 3650 2356 per-stant,
3675 2284 3786 2340 cle-

2198 2375 2349 2430 ricus
2378 2377 2652 2433 debuisset
2687 2369 2959 2432 evadere!
2989 2367 3289 2448 Episcopus
3315 2377 3494 2434 autem
3526 2373 3644 2434 illos
3673 2386 3787 2432 tum

2198 2464 2487 2536 Erigonam
2517 2467 2716 2522 adiisse
2747 2477 2978 2529 conetat,
3023 2479 3210 2538 qutun,
3255 2470 3421 2525 rebus
3447 2469 3570 2525 suis
3605 2469 3794 2525 admo-

2197 2556 2323 2610 dum
2381 2549 2646 2627 angustis,
2697 2575 2728 2613 a
2771 2575 2881 2629 quo
2925 2553 3362 2628 defemlcreutui‘,
3412 2555 3795 2618 vixhabercnt

2195 2665 2546 2721 quemquam.
2573 2651 2758 2718 Quare
2779 2663 2878 2706 nos
2905 2652 3077 2724 magis
3097 2652 3266 2707 altera
3294 2651 3384 2708 illa
3409 2652 3548 2707 ratio
3575 2662 3790 2708 movet:

2196 2740 2360 2812 idque
2385 2725 2468 2795 vei
2501 2741 2604 2796 hac
2633 2741 2746 2798 sola
2773 2743 2839 2797 de
2869 2755 3058 2808 causa,
3088 2741 3252 2814 quod,
3283 2739 3382 2798 eisi
3410 2739 3516 2796 illis
3575 2749 3790 2814 tempo-

2105 2874 2114 2882 .
2197 2837 2348 2892 ribus
2377 2853 2528 2892 more
2562 2837 2662 2892 fuit
2691 2847 2986 2906 receptum,
3015 2845 3095 2904 ut,
3126 2837 3219 2910 qui
3246 2833 3470 2910 aliquem
3499 2835 3794 2893 clericatus

2195 2911 2420 2997 gradum
2451 2924 2800 2996 obtinuisset,
2833 2929 3185 2986 continenter
3213 2927 3325 2986 fere
3349 2943 3415 2985 eo
3449 2929 3666 2986 nomine
3696 2941 3794 3000 ap-

2194 3005 2512 3090 pellaretur,
2561 3021 2758 3078 Scotus
2801 3034 2980 3079 tamen
3014 3037 3114 3079 nec
3161 3019 3229 3080 ab
3264 3007 3386 3080 aliis
3414 3017 3790 3093 scriptoribus,

2196 3113 2288 3186 qui
2319 3129 2444 3170 cum
2462 3129 2528 3170 eo
2551 3115 2826 3181 vixerunt,
2855 3131 2955 3172 nec
2977 3132 3007 3171 a
3037 3125 3212 3172 semet
3247 3117 3364 3187 ipso
3386 3103 3686 3188 appellatus
3714 3116 3791 3170 in-

2196 3205 2432 3269 venitur,
2459 3205 2565 3260 nisi
2587 3224 2606 3257 ι
2643 3205 2928 3278 Scotigeua
2957 3228 2998 3273 ο,
3029 3229 3047 3260 ‹
3081 3207 3381 3265 Scotusille
3403 3229 3450 3275 ›,
3473 3227 3492 3260 ι
3516 3217 3788 3264 extremus

503 3264 572 3358 ite
599 3303 665 3357 iis
689 3264 986 3358 memoiiae
1006 3303 1081 3358 sit
1106 3264 1402 3374 proditum,
1427 3304 1529 3360 nisi
1559 3306 1661 3361 hoc
1691 3307 1888 3376 ipsum,
1910 3264 2094 3382 Erige.
2119 3264 2165 3330 Ο
2199 3297 2423 3382 scphiae
2457 3297 2788 3354 studentium
2818 3319 2864 3363 ι,
2891 3308 2944 3354 et
2965 3316 3103 3370 quae
3132 3299 3257 3357 sunt
3285 3301 3501 3374 generis
3523 3296 3785 3371 ejusdem.

501 3406 628 3446 nam
675 3406 797 3447 esse
831 3406 1020 3448 eorum
1071 3403 1368 3459 auctorem,
1401 3395 1658 3466 peculiari
1691 3398 1866 3468 capite
1905 3415 2093 3456 recen-

505 3493 626 3539 sere
655 3485 709 3538 in
737 3483 980 3540 animum
1005 3486 1334 3542 indusimus.

2268 3389 2424 3446 Haud
2469 3389 2630 3446 facile
2681 3382 3089 3458 crediderimus,
3147 3389 3290 3448 inter
3320 3387 3589 3459 homines,
3617 3385 3792 3462 qualis

2198 3482 2429 3554 Erigena
2465 3483 2587 3550 fuit,
2616 3499 2943 3555 quemquam
2991 3485 3288 3552 exstitisse,
3340 3483 3408 3540 dc
3449 3496 3558 3556 quo
3588 3483 3791 3554 majora

576 3572 844 3640 Quoniam
883 3584 1064 3630 autem
1109 3577 1418 3634 hominibus
1445 3587 1498 3633 et
1523 3581 1741 3652 ingenio
1765 3590 1820 3636 et
1845 3583 2090 3638 doctrina
2197 3577 2690 3630 controversiarum
2717 3563 3061 3633 multitudine
3091 3577 3158 3631 ab
3196 3566 3473 3632 historicis
3522 3576 3789 3647 agitatum

504 3668 906 3738 praestantibus
929 3668 1151 3724 solenne
1175 3678 1280 3737 est,
1307 3680 1384 3736 ut,
1414 3673 1508 3742 qui
1533 3689 1722 3730 eorum
1751 3675 2090 3746 disciplinam
2196 3667 2288 3722 sit.
2310 3667 2513 3737 Itaque,
2543 3669 2790 3737 quamvis
2833 3683 3080 3739 magnam
3130 3669 3316 3722 “earum
3349 3665 3634 3722 numerum
3675 3663 3788 3734 jam

499 3769 818 3826 sequantur,
873 3758 1123 3824 habeant,
1171 3761 1478 3830 complures
1519 3764 1850 3820 arbitramur
1885 3753 2094 3834 praeci-
2197 3761 2573 3832 adtigerimus,
2599 3777 2704 3816 una
2737 3771 2916 3816 tamen
2961 3759 3043 3816 est
3075 3753 3298 3831 reliqua.
3335 3756 3570 3814 Narrant
3598 3758 3786 3828 (enim)

502 3861 666 3919 puum
701 3849 968 3922 Erigenae
1001 3865 1224 3922 operam
1252 3854 1486 3920 dedisse,
1533 3855 1759 3926 ejusque
1798 3867 2092 3914 sectatores
2197 3853 2448 3924 permulti
2479 3862 2749 3918 auctores,
2787 3862 2977 3909 contra
3033 3849 3174 3922 quod
3225 3851 3380 3906 nobis
3415 3851 3466 3904 in
3504 3847 3700 3910 Gallia,
3731 3858 3788 3904 ut

500 3941 797 4007 etstitisse,
823 3943 1142 4012 praesertim
1166 3960 1290 3998 cum
1315 3945 1700 4002 celeberrimae
1723 3947 1796 4002 illi
1827 3949 2094 4006 «scholae
2199 3947 2456 4012 diximus,
2513 3955 2758 4002 mortuus
2805 3961 2926 4002 esse
2983 3944 3218 4012 videtur,
3279 3943 3400 3999 etim
3442 3944 3510 3999 ‘ab
3569 3938 3787 3998 Alfrch

501 4033 778 4101 palatinae
803 4045 824 4088 δ
851 4033 1152 4104 praefuisse
1170 4037 1444 4092 credatur.
1471 4037 1812 4108 Quamquam
1834 4040 1926 4096 vix
1955 4056 2094 4096 unus
2198 4039 2390 4110 Magno
2422 4037 2662 4109 (circiter
2687 4054 2738 4093 a.
2771 4019 3165 4106 DCCCXXX")
3197 4030 3249 4092 in
3294 4035 3566 4107 Angliam,
3605 4045 3662 4090 ut
3693 4032 3784 4089 (Ιοο

499 4135 692 4181 eorum
721 4126 1042 4182 nominatim
1073 4135 1253 4196 potest
1279 4126 1531 4197 proferri.
1565 4127 1690 4184 Sola
1739 4131 1884 4186 enim
1924 4130 2094 4186 histo-

499 4217 584 4272 ria
613 4217 988 4288 episcqiorum
1037 4218 1589 4278 Autissiodurensiqu
1620 4221 1892 4290 quendam
1944 4205 2093 4277 Secti

499 4309 823 4379 discipulum
845 4309 1016 4375 novit,
1044 4309 1406 4367 Humbaldum
1425 4311 1904 4382 Cameracensem;
1929 4329 2091 4384 quem

497 4400 570 4456 ab
589 4403 766 4458 omnis
789 4403 1070 4457 doctrinae
1087 4403 1360 4472 elegantia
1389 4419 1734 4474 summopere
1769 4405 2093 4460 instructum

497 4497 668 4554 fuisse
711 4499 903 4556 scribit
931 4499 1023 4570 (c).
1057 4498 1262 4553 Deinde
1286 4499 1391 4553 hoc
1430 4499 1548 4554 loco
1579 4501 1635 4556 id
1662 4515 1877 4570 quoque
1916 4503 2091 4557 moni-

498 4598 614 4644 tum
640 4589 890 4654 velimus,
921 4590 1066 4658 quod
1094 4589 1288 4644 Scottis
1335 4591 1450 4659 ipse
1494 4591 1548 4646 in
1602 4590 1708 4646 ﬁne
1731 4577 1991 4650 librorum
2027 4595 2093 4650 de

467 4746 473 4756 ν
499 4675 722 4737 Naturis
754 4679 834 4752 (ti)
870 4681 1141 4735 hominem
1173 4683 1476 4753 compellat,
1507 4692 1616 4754 quo
1640 4687 1827 4741 utatur
1852 4686 2086 4744 familia-

501 4769 744 4841 rissime,
777 4769 1038 4841 cujusque
1065 4777 1120 4826 ct
1167 4771 1636 4831 exhortationibus
1661 4785 1717 4831 et
1765 4778 1986 4834 solertia
2025 4777 2090 4834 Il—

503 4864 595 4920 lud
627 4879 767 4936 opus
813 4864 1125 4920 inchoatum
1162 4881 1227 4922 ac
1257 4864 1556 4935 perfectum
1586 4867 1674 4923 sit.
1707 4861 1876 4936 Quem
1908 4871 2087 4926 autem

535 5043 542 5047 _
575 4977 652 5050 (ᾳ)
792 4977 992 5035 Mabili.
1020 4981 1205 5050 annal.
1233 4979 1328 5035 lib.
1357 4975 1502 5050 XXX
1516 4975 1643 5045 VIII,
1677 4992 1733 5050 η.
1767 4983 1850 5037 72.

575 4979 631 5050 (a
681 4977 765 5035 Cf.
792 4977 992 5035 Mabili.
1020 4981 1198 5035 annal.
1233 4979 1328 5035 lib.
1357 4977 1643 5045 XXXVIII,
1677 4992 1730 5035 η.
1767 4983 1850 5037 72.

575 4977 652 5175 (bi
678 5049 761 5106 Cf.
787 5049 964 5106 Natal.
996 5051 1149 5105 Alex.
1177 5049 1448 5106 dissertat.
1475 5049 1610 5107 XIV.
1643 5054 1696 5107 in
1728 5049 1854 5109 hist.
1885 5055 2080 5112 cheles.

575 5137 625 5175 δυ
651 5119 667 5175 i
698 5117 790 5175 IX.
817 5131 872 5175 et
900 5117 968 5175 X.
1001 5131 1056 5175 et
1087 5121 1113 5175 ε
1149 5119 1188 5175 I.
1231 5139 1283 5175 n.
1316 5117 1400 5175 VI.

501 5117 667 5178 seculi
698 5117 790 5176 IX.
817 5131 872 5175 et
900 5117 968 5176 Χ.
1001 5131 1056 5177 et
1087 5121 1114 5247 ξ
1149 5119 1188 5188 I,
1231 5139 1283 5176 n.
1316 5117 1400 5176 VI.
1679 5195 1690 5212 .

571 5191 643 5247 (cl
671 5191 754 5247 Cf.
786 5191 981 5247 Thom.
1015 5192 1092 5247 Ga
1117 5210 1165 5247 e.
1200 5193 1241 5246 Ι.
1276 5192 1365 5247 Sc.
1391 5188 1538 5247 Eric.
1571 5205 1690 5247 testi

571 5191 643 5266 (ο)
671 5191 754 5266 (ξς.
786 5191 981 5266 Thom.
1015 5188 1165 5248 Gale.
1200 5193 1241 5246 I.
1276 5192 1365 5249 Sc.
1391 5188 1538 5266 Erig.
1571 5195 1768 5250 testim.
1800 5201 1854 5266 ι).
1887 5197 1938 5251 5.

519 5407 527 5418 ,
571 5261 650 5406 is;
783 5263 986 5418 él‘fbom:
1018 5335 1169 5392 Gale.
1201 5337 1236 5390 l.
1270 5335 1306 5388 l.
1352 5336 1583 5409 append.
1615 5350 1670 5406 p.
1710 5335 1796 5392 80.
1841 5336 1916 5393 De
1939 5337 2095 5393 Wul-

501 5407 625 5462 lado
657 5405 731 5462 cf.
766 5405 910 5462 Hm.
943 5407 1045 5460 (ιιι.
1079 5407 1142 5460 de
1171 5406 1224 5460 la
1248 5403 1344 5460 Fr.
1377 5412 1506 5461 tum.
1531 5403 1597 5462 v.
1623 5415 1678 5462 ιδ.
1707 5393 1831 5461 471.

481 5405 625 5462 .I'ado
657 5405 731 5468 εις.
766 5405 910 5462 Hist.
943 5407 1045 5460 (iu.
1079 5407 1142 5460 de
1171 5406 1224 5460 la
1248 5405 1344 5460 Fr.
1377 5405 1506 5461 mm.
1531 5405 1597 5470 v,
1622 5405 1678 5477 ι).
1707 5405 1831 5461 477.

573 5469 1368 5548 trist-1.3c.ErIg-p.592.
1569 5536 1584 5548 .
1649 5539 1658 5548 .
1725 5535 1768 5547 ..

574 5545 648 5618 (θ)
683 5544 766 5618 gr.
792 5546 843 5618 _I.
879 5546 969 5601 Sc.
1005 5544 1236 5618 Erigfp.
1265 5547 1356 5602 te.
1692 5544 1767 5617 :,'i
1949 5551 1984 5615 ἒ.

574 5545 626 5614 (g
683 5545 766 5598 Cf.
805 5546 843 5598 I.
879 5546 969 5601 Sc.
1005 5545 1236 5618 Eri'gfp.
1265 5547 1356 5602 46.
1692 5552 1708 5596 ;

594 5617 624 5668 Ιι
677 5613 760 5669 Cf.
792 5615 918 5671 hist.
957 5619 1018 5673 of
1042 5619 1162 5673 Irel.
1201 5619 1306 5672 vol.
1333 5619 1374 5672 I.
1406 5619 1441 5672 I.
1469 5618 1556 5672 I3.
1611 5629 1626 5672 ἶ
1685 5631 1712 5674 .’

572 5545 648 5758 ii;
673 5682 759 5741 Cf.
790 5685 1075 5743 Dissertat.
1129 5687 1266 5744 XIV.
1301 5689 1350 5742 in
1383 5690 1507 5744 hist.
1547 5687 1712 5744 eccies

1557 5775 1568 5786 α

2200 4133 2372 4186 trinae
2400 4145 2528 4186 suae
2556 4130 2742 4202 Anglis
2771 4129 3079 4186 hominibus
3107 4125 3317 4198 copiam
3346 4125 3572 4193 faceret,
3599 4139 3784 4182 accer-

2198 4221 2360 4277 situm
2384 4236 2536 4286 esse;
2565 4220 2652 4276 hic
2671 4219 2736 4276 ad
2753 4217 2965 4275 abbatis
2986 4215 3301 4291 digniialcm
3328 4219 3450 4274 eum
3473 4217 3783 4289 pervenisse

2197 4324 2270 4381 et,
2304 4331 2466 4385 quum
2509 4315 2740 4370 violenta
2793 4329 2925 4372 nece
2969 4306 3273 4378 occidisset,
3303 4311 3469 4368 etiam
3500 4309 3551 4365 in
3587 4315 3606 4362 ἁ
3661 4325 3784 4365 sau-

2195 4417 2405 4463 ciorum
2429 4418 2726 4477 martyrum
2759 4427 2778 4460 ι
2809 4421 3034 4461 numero
3051 4421 3170 4460 esse
3191 4401 3452 4460 habitum.
3487 4391 3636 4457 lianc
3663 4418 3784 4456 nar-

2199 4500 2463 4554 rationem
2499 4499 2583 4554 his
2611 4499 2855 4553 ducentis
2885 4499 2999 4552 fere
3027 4499 3205 4564 annis,
3244 4512 3368 4552 cum
3391 4511 3457 4549 eo
3492 4507 3660 4560 usque
3690 4493 3782 4546 diu

2197 4593 2519 4648 inconcussa
2544 4591 2802 4656 stetisset,
2833 4573 3144 4644 Mabillonio
3166 4589 3244 4660 (η)
3271 4589 3405 4644 duce
3429 4600 3494 4640 ae
3515 4582 3780 4654 signifero

2197 4683 2596 4755 diligentissimi
2619 4681 2816 4752 quique
2831 4680 3072 4738 historici
3094 4683 3362 4738 acerrime
3377 4682 3777 4752 impugnarunt.

2197 4775 2389 4830 Nostra
2417 4784 2598 4828 autem
2623 4781 2802 4828 aetate
2837 4775 3069 4841 exstitit,
3097 4773 3189 4845 qui
3220 4788 3335 4830 rem
3359 4773 3696 4841 desperatam
3731 4770 3780 4823 in

2195 4867 2485 4936 pristinum
2515 4863 2801 4920 restituere
2846 4859 3134 4921 certaretur
3159 4863 3256 4936 (ο).
3290 4861 3428 4930 Hoc,
3461 4869 3623 4932 quam
3677 4878 3780 4915 nou

2200 4976 2263 5031 Χ.
2294 4977 2321 5033 ﬁ
2347 4977 2384 5031 I.
2411 4994 2467 5033 n.
2500 4975 2563 5033 II.

2265 4977 2612 5120 (f)lt.3i"3.Ali:‘ta
2652 5048 2854 5104 Bened.
2909 5064 3019 5120 sec.
3061 5045 3148 5120 IV.
3176 5063 3230 5118 p.
3261 5043 3326 5103 II.
3359 5063 3482 5120 pag.
3511 5043 3649 5111 5l0;
3683 5061 3780 5099 ano

2195 5119 2530 5176 nal.'Bened.
2563 5121 2654 5174 lib.
2689 5119 2969 5176 XXXVIII.
2999 5136 3052 5173 η.
3079 5119 3166 5173 72.

2261 5170 2466 5261 (ιη-ἅς
2481 5170 3250 5262 ἔρίᾖὲιίιέτῖῐὶὸὶἷὲιὸῆᾲ.ξῐάεο.
3284 5170 3426 5246 XVI.
3467 5204 3520 5260 p.
3545 5177 3636 5243 86.

2287 5253 2329 5332 li
2358 5262 2442 5316 Cf.
2480 5253 2706 5332 ιεεοοι.
2747 5261 2892 5332 ﬁrig.
2923 5277 2977 5331 ρ.
3010 5253 3130 5332 ωλι.

2288 5329 2359 5400 m)
2387 5332 2468 5388 Cf.
2501 5333 2540 5386 I.
2571 5331 2720 5388 Scot.
2751 5331 2896 5401 Erig.
2926 5329 2982 5400 p.
3013 5329 3130 5401 III._
3339 5387 3348 5393 .

2266 5391 2452 5475 inici.
2487 5406 2620 5458 Acta
2669 5391 2877 5475 Benda
2911 5391 3022 5458 sec.
3065 5391 3152 5468 IV,
3184 5391 3496 5475 1001.",‘p.
3529 5394 3632 5460 506
3661 5413 3775 5470 ch.

2265 5461 2338 5547 in)
2369 5474 2607 5547 Dicimus
2659 5461 3328 5547 Slaudcnmaierum;._§:f.
3384 5461 3503 5547 ejus
3556 5461 3778 5547 librum,

1753 5535 1768 5546 ο
1976 5535 1985 5543 δ
2009 5533 2019 5541 ⁸
2067 5541 2076 5549 ι

1949 5551 1960 5564 ι

1754 5568 1765 5577 ἡ
1837 5569 1846 5578 α
1863 5569 1872 5580 .
2007 5564 2020 5574 .
2064 5573 2071 5580 ι

1753 5595 1767 5613 ι
1874 5598 1886 5609 ⁸
1952 5583 1984 5615 'a
2072 5595 2084 5609 θ

2196 5533 2678 5618 quiﬁinscrihitur:
2725 5543 2964 5618 Joannes
2995 5533 3616 5618 Scotus'AErigetiaicet'.
3672 5533 3776 5618 cet.

2269 5617 2388 5675 .tlo
2415 5629 2532 5684 seq.
2561 5614 2699 5682 Huic
2740 5617 3042 5674 adsentitur
3087 5614 3436 5673 Schlueterus
3475 5617 3528 5674 iu
3577 5631 3674 5671 sua
3720 5616 3776 5668 li-

677 5632 760 5669 ω.
793 5632 918 5671 ωει.
957 5632 1010 5673 οι
1042 5632 1162 5673 .IreI.
1201 5632 1306 5672 VOI.
1333 5632 1374 5672 ι.
1406 5632 1441 5672 I.
1469 5632 1556 5672 to.
1611 5632 1626 5672 ε
1685 5632 1712 5674 .’
1751 5637 1765 5674 ς
1803 5633 1822 5676 .·
1848 5633 1858 5641 '
1883 5632 1912 5675 ‘.
1945 5635 1965 5676 .”
2005 5633 2014 5668 :
2183 5659 2190 5672 .
2233 5632 2388 5675 ..r.lu
2415 5632 2532 5684 seq.
2561 5632 2699 5682 nunc
2740 5632 3042 5674 aasenutur
3087 5632 3341 5673 actnuete

673 5682 759 5741 Cf.
790 5685 1075 5743 Dissertat.
1129 5687 1266 5744 XIV.
1301 5689 1350 5742 in
1383 5690 1507 5744 hist.
1547 5687 1743 5744 eccies.
1947 5686 2022 5746 IX
2041 5698 2100 5745 et
2188 5632 2413 5764 brorum
2437 5687 2504 5741 de
2524 5685 2633 5762 djy,
2665 5686 2782 5743 Nat.
2815 5689 3049 5744 editione
3072 5703 3126 5758 p.
3159 5687 3196 5740 V
3233 5706 3345 5758 seq.

570 5805 603 5841 ⁸
645 5801 976 5885 Luiddone_rp
1013 5770 1724 5885 graecumziuhiseoﬁistis
1768 5789 2246 5872 versibus‘i-eapista
2277 5775 2386 5879 noti
2427 5781 2688 5885 sequitur.
2733 5803 2904 5875 Ipsius
2943 5804 3144 5860 mentio
3193 5805 3252 5858 iit
3295 5805 3434 5875 apud
3485 5806 3777 5866 Fiodoard.

501 5878 641 5934 Hist.
671 5873 865 5930 Rhein.
896 5873 1094 5941 III,12.
1125 5871 1210 5924 I5.
1251 5860 1705 5928 Asiusivi'Ebn.
