4152 6276
469 366 534 421 47
1507 359 1594 415 DE
1633 355 1898 416 JOANNE
1938 354 2162 414 SCOTO
2195 354 2718 414 COMMENTATIO.
3687 361 3757 418 £8

471 481 592 536 aliis
619 479 843 550 10οἱ5((ι)
865 478 1001 533 nihil
1023 477 1252 534 dubitat.
1277 475 1430 542 Quod
1457 482 1640 529 autem
1660 473 1748 528 his
1770 471 1904 541 ipsis
1921 470 2058 527 locis
2087 488 2139 545 Α
2164 488 2394 528 numero
2435 471 2557 528 XIV
2598 433 2630 529 εἰ
2658 473 2712 527 in
2759 475 3034 544 prooemio
3078 473 3201 529 libri
3244 474 3312 529 de
3360 474 3753 544 praedestinat.

472 573 661 641 adjicit
682 591 700 625 ε
735 580 789 627 ut
811 587 877 627 ex
902 572 1121 640 scriptis
1149 569 1290 640 regis
1320 566 1570 638 (Alfredi)
1595 563 1860 629 intellexi,
1879 562 2062 633 (Joan-

476 665 595 737 nes)
645 654 897 720 sublimis
942 661 1353 718 Malmesburiae
1408 658 1701 721 resedit»,
1750 657 1885 711 haec
1938 669 2063 725 pro.

475 748 644 820 fecto,
674 752 835 809 rebus
857 751 1096 823 alioquin
1127 750 1224 815 ita,
1257 759 1315 803 ut
1365 748 1693 818 explicatum
1723 754 1826 809 est,
1876 760 1933 799 se
1962 745 2060 798 ba-

475 845 748 910 bentibus,
776 859 964 914 parum
997 858 1094 896 nos
1131 849 1369 897 movent.
1405 839 1499 894 Est
1534 839 1678 893 enim
1709 834 1966 900 fortasse,
2005 841 2067 889 ut

476 953 542 993 ex
586 937 730 1008 regis
754 935 969 1006 scriptis
1016 933 1344 989 intellexerit
1377 950 1396 982 ι
1435 930 1701 986 resedisse
1744 927 2065 983 Malmesbu—

478 1019 597 1084 riae
616 1026 878 1084 Joannem
907 1047 952 1092 ι,
980 1026 1047 1080 de
1074 1041 1173 1080 suo
1201 1032 1380 1080 autem
1413 1022 1704 1087 addiderit,
1735 1022 1923 1077 eadem
1953 1020 2068 1075 fere

476 1137 600 1177 cum
647 1120 855 1191 Ingulfo
892 1121 1122 1186 ratione,
1172 1138 1190 1169 ‹
1241 1118 1405 1173 fuisse
1445 1117 1590 1172 hunc
1628 1114 1889 1171 Joannem
1936 1113 2068 1169 Sco-

476 1227 590 1272 tum
617 1217 903 1286 Erigenam
941 1236 985 1268 ι.
1012 1213 1286 1284 Ejusmodi
1313 1225 1530 1268 errores
1559 1209 1664 1264 illis
1692 1208 2062 1279 scriptoribus,

477 1327 545 1367 ex
572 1326 802 1382 quorum
833 1324 1061 1364 numero
1103 1317 1189 1363 est
1214 1306 1535 1369 Guilelmus,
1570 1303 1886 1372 saepissime
1910 1299 2067 1355 oﬂ‘usi

480 1411 628 1457 sunt.
656 1403 831 1470 Atque
860 1401 1156 1456 faciliorem
1202 1400 1366 1454 etiam
1405 1399 1544 1452 haec
1576 1405 1685 1451 tota
1720 1411 1807 1451 res
1832 1395 2069 1465 explica-

484 1508 596 1551 tum
624 1497 805 1560 habet,
831 1495 876 1549 si
903 1493 1164 1548 Joannem
1191 1492 1362 1557 illum,
1392 1500 1452 1545 ut
1487 1499 1752 1556 nostrum,
1779 1489 2067 1544 Scotorum

481 1589 660 1659 gentis
687 1587 852 1643 fuisse
900 1586 1210 1642 fecerimus.
1265 1585 1479 1641 Scimus
1527 1592 1729 1647 autem,
1775 1582 2068 1636 maximam

481 1698 543 1735 ea
601 1690 778 1736 aetate
835 1681 1119 1735 doctorum
1174 1677 1451 1732 hominum
1508 1674 1930 1738 multitudinem,
1978 1672 2068 1742 qui

482 1774 768 1830 Scotorum
803 1776 978 1844 gentis
1009 1781 1214 1839 essent,
1235 1772 1525 1843 praecipue
1559 1786 1626 1825 ex
1657 1768 1913 1824 Hibernia
1942 1782 2070 1837 pro-

2168 565 2429 622 babeturl
2448 584 2462 632 ;
2485 566 2766 636 prooemio
2795 567 3258 635 interpretationis
3275 566 3758 640 Pseudo-Dionysii

2168 661 2377 730 adjecta
2418 673 2545 718 sunt
2585 661 2658 727 II;
2707 661 2943 733 Cangius
2987 663 3039 716 in
3078 661 3413 731 praefatione
3441 663 3510 716 ad
3555 661 3758 719 Labbei

2168 753 2490 826 glossarium
2521 754 2688 808 edidit
2713 754 2767 819 l;
2801 751 3153 808 Schlueterus
3183 768 3251 807 ex
3272 753 3549 808 codicibus
3569 752 3758 825 Angeli

2170 845 2318 911 Maii,
2343 855 2402 901 ut
2427 846 2579 912 dicit,
2609 860 2748 900 nova
2774 845 2996 913 protulit
3018 845 3068 901 X
3091 845 3160 916 (f)
3183 845 3232 898 ¥.
3259 844 3645 900 Brevissimum
3668 846 3758 913 IV,

2171 939 2546 1010 longissimum
2575 940 2640 993 ad
2665 939 2857 994 LXXX
2882 954 3070 994 versus
3104 939 3282 994 habet.
3314 939 3476 994 Missa
3502 939 3613 994 fere
3637 947 3762 996 sunt

2171 1030 2368 1086 Carolo
2399 1031 2582 1086 Calvo.
2615 1031 2866 1086 Omnium
2891 1030 3060 1085 ferme
3091 1041 3407 1101 argumenta
3431 1046 3496 1086 ex
3523 1031 3764 1100 philoso-

2171 1124 2400 1194 phorum
2442 1124 2925 1194 theologorumque
2967 1123 3172 1178 chartis
3213 1124 3530 1195 deprompta
3573 1133 3697 1179 sunt
3744 1139 3761 1179 :

2173 1217 2386 1272 canitur
2412 1234 2431 1266 ι
2459 1215 2712 1271 Christus
2738 1213 3035 1270 cruciﬁxus
3066 1234 3113 1280 ι,
3149 1234 3166 1266 1
3197 1230 3331 1269 crux
3367 1236 3414 1280 ι,
3451 1233 3472 1266 ‹
3498 1217 3698 1286 pascha
3739 1235 3758 1269 ι

2173 1319 2336 1379 atque
2370 1309 2585 1364 similia.
2629 1309 2858 1364 Errores
2893 1308 3174 1362 continent
3207 1309 3404 1363 multos
3440 1308 3764 1379 eosdemque

2173 1403 2563 1472 propemodum
2600 1417 2721 1456 cum
2768 1401 2922 1457 libris
2957 1401 3022 1455 de
3053 1399 3316 1456 divisione
3348 1399 3584 1456 Naturae
3624 1410 3678 1457 et
3703 1403 3765 1458 de

2173 1495 2687 1566 praedestinatione.
2745 1494 3037 1548 Auctorem
3079 1493 3202 1548 sibi
3260 1493 3426 1548 fuisse
3477 1496 3766 1549 ostendunt

2175 1587 2344 1641 mullo
2390 1587 2564 1657 magis
2602 1585 2895 1650 eruditum,
2939 1599 3100 1653 quam
3142 1584 3350 1655 poetica
3392 1584 3649 1639 facultate
3684 1586 3767 1638 in-

2178 1682 2404 1750 signem.
2457 1678 2669 1734 Habent
2699 1679 2918 1733 omnino
2962 1676 3228 1748 permulta
3269 1677 3347 1732 sic
3385 1677 3569 1745 putida
3611 1687 3768 1748 atque

2178 1782 2391 1845 arguta,
2429 1781 2489 1826 ut
2531 1771 2840 1841 diligentem
2881 1770 3140 1824 lectorem
3187 1784 3296 1823 non
3346 1767 3622 1825 oﬂ‘endere
3663 1786 3768 1825 non

479 1868 673 1934 rectos,
699 1868 749 1921 in
775 1868 986 1937 Anglia,
1015 1866 1184 1922 Gallia
1212 1862 1522 1934 vixissc(b).
1542 1862 1657 1918 Huc
1679 1857 2070 1928 acoedit,quod
2099 1896 2146 1955 Β
2177 1872 2400 1936 queant.
2437 1863 2712 1928 Attamen,
2741 1878 2882 1931 quae
2913 1861 3126 1916 illorum
3165 1870 3466 1931 temporum
3493 1871 3579 1917 est
3609 1862 3769 1928 ratio,

480 1961 654 2029 majus
684 1962 846 2015 etiam
877 1971 980 2025 est,
1029 1969 1087 2013 ut
1133 1959 1355 2013 annales
1395 1957 1658 2011 Hidenses
1697 1955 1914 2010 disertis
1946 1968 2070 2007 ver-

477 2052 566 2107 bis
594 2051 978 2122 testeutur(c),
1023 2051 1191 2106 fuisse
1216 2052 1358 2105 inter
1398 2064 1515 2113 eos,
1563 2048 1654 2117 qui
1703 2048 1803 2102 sub
1851 2045 2070 2101 Alfredo

479 2160 609 2214 rege
639 2142 834 2198 Oxonii
860 2145 1196 2212 juventutem
1231 2141 1595 2197 instituissent
1626 2139 1681 2194 in
1707 2139 1915 2193 artibus
1936 2138 2074 2206 opti-

479 2233 607 2298 mis,
635 2243 854 2303 praetcr
872 2233 1021 2290 illum
1043 2232 1306 2289 Joannem
1329 2231 1721 2286 Ealdsaxonem
1749 2230 1848 2301 (ά),
1877 2232 1941 2284 de
1967 2245 2073 2300 quo

481 2341 644 2394 supra
673 2326 775 2380 fuit
809 2327 1034 2392 mentio,
1061 2325 1224 2381 etiam
1247 2322 1532 2387 Joannem,
1586 2323 1849 2380 ecclesiae
1899 2323 2074 2377 Mene~

479 2419 666 2473 vensis
705 2419 1050 2474 monachum.
1095 2418 1350 2473 Potuitne
1375 2433 1506 2489 ergo
1541 2417 1681 2482 fieri,
1712 2425 1772 2471 ut
1821 2415 2074 2470 Alfredus

479 2511 628 2564 hunc
648 2510 849 2579 ipsum,
873 2509 1203 2581 aliquamdiu
1226 2524 1453 2564 munere
1479 2507 1570 2563 illo
1595 2507 1860 2571 functum,
1886 2521 2074 2576 quem-

482 2601 773 2656 admodum
818 2599 1082 2657 Joannem
1132 2600 1531 2657 Ealdsaxonem
1578 2599 2074 2668 Aethelingiensem

483 2693 735 2746 abbatem
760 2693 1058 2760 constituit,
1089 2693 1164 2746 ita
1181 2693 1234 2746 in
1256 2691 1734 2747 Malmesburiense
1756 2691 2073 2746 coenobium

480 2784 761 2840 mitteret?
784 2784 1033 2840 Potuitne
1067 2785 1206 2851 fieri,
1236 2794 1296 2839 ut
1344 2785 1434 2839 hic
1459 2783 1592 2854 ipse,
1653 2797 1819 2853 quum
1863 2783 2076 2838 dicatur

481 2877 781 2931 monachus
820 2876 1096 2932 Ecclesiae
1134 2875 1495 2941 Menevensis,
1552 2877 1717 2932 etiam
1769 2875 1964 2930 Seotus
1992 2874 2076 2928 vel

483 2977 648 3031 esset,
675 2966 761 3022 vel
794 2967 1192 3038 appellaretur?
1220 2967 1380 3022 Certe
1406 2969 1551 3022 enim
1580 2967 1947 3033 meminimus,
1975 2969 2076 3022 do-

482 3074 606 3113 cere
628 3075 729 3113 nos
756 3075 917 3128 supra
949 3059 1100 3129 (Cap.
1133 3058 1198 3123 II,
1220 3059 1323 3113 col.
1343 3058 1412 3111 12
1426 3067 1537 3112 not.
1556 3061 1587 3110 ἡ
1603 3068 1657 3112 et
1677 3058 1807 3127 Cap.
1836 3059 1901 3130 I),
1926 3060 2080 3113 habi-

483 3159 629 3204 tasse
652 3149 839 3218 procul
859 3149 1022 3205 dubio
1049 3150 1102 3202 in
1136 3149 1225 3204 illa
1255 3150 1370 3220 ipsa
1395 3149 1617 3217 regione
1649 3149 1955 3205 Menevensi
1982 3152 2078 3206 ho-

2176 1975 2387 2016 summa
2409 1957 2655 2030 profecto
2680 1957 2839 2011 laude
2863 1957 3020 2028 digna
3044 1964 3188 2010 sunt.
3214 1952 3772 2024 Walafridusquidem

2177 2053 2377 2110 Strabo
2397 2067 2499 2108 nec
2526 2049 2827 2115 facilitatis,
2856 2064 2957 2104 nec
2993 2048 3292 2119 elegantiae
3319 2047 3551 2118 palmam
3573 2047 3772 2101 Nostro

2175 2131 2716 2220 praeripere-potuit.
2760 2145 3025 2201 Libellum
3063 2163 3083 2196 ε
3134 2144 3202 2199 de
3236 2144 3446 2198 visione
3471 2143 3562 2197 Dei
3609 2163 3626 2192 ι
3658 2141 3769 2194 Ma-

2177 2244 2432 2300 billouius
2472 2241 2829 2312 deprehendit
2861 2240 2915 2293 in
2944 2253 3046 2293 ms.
3085 2237 3270 2292 codice
3295 2232 3766 2290 Claromariscensi

2178 2349 2347 2405 pr0pe
2371 2331 2864 2402 Audomaropolim.
2897 2329 3025 2384 Post
3050 2343 3195 2393 eum,
3221 2327 3364 2398 quod
3395 2326 3610 2395 quidem
3633 2323 3772 2378 scia-

2177 2443 2321 2493 mus,
2347 2428 2438 2496 qui
2466 2426 2664 2480 librum
2685 2423 2902 2488 viderit,
2922 2421 3023 2476 fuit
3043 2435 3223 2486 nemo,
3247 2433 3574 2490 quamquam
3596 2416 3776 2488 plures

2179 2534 2302 2574 eum
2333 2516 2746 2588 diligentissime
2773 2515 3156 2585 quaesiverunt
3187 2514 3282 2584 (g).

2252 2609 2435 2666 Refert
2457 2609 2820 2672 Mabillonius,
2857 2607 3074 2661 initium
3106 2606 3224 2677 ejus
3244 2605 3346 2660 hoc
3374 2603 3569 2658 fuisse:
3592 2620 3612 2654 ι
3644 2602 3778 2657 Tra-

2181 2711 2361 2759 ctatus
2393 2700 2619 2758 Joannis
2645 2699 2796 2756 Scoti
2839 2700 2904 2754 de
2946 2699 3155 2755 visione
3198 2699 3307 2755 Dei.
3339 2696 3541 2754 Omnes
3581 2710 3777 2751 sensus

2182 2796 2434 2867 corporei
2476 2811 2541 2850 ex
2577 2793 2955 2863 conjunctione
2991 2803 3286 2849 nascuntur
3330 2791 3537 2845 animae
3565 2798 3621 2844 et
3651 2805 3775 2844 cor-

2183 2889 2333 2960 poris
2361 2887 2438 2960 (h)
2471 2907 2518 2942 ι.
2544 2889 2933 2958 Argumentum
2957 2885 3144 2952 libelli,
3172 2885 3226 2939 ni
3249 2882 3477 2946 fallatur,
3507 2883 3563 2936 in
3585 2881 3778 2936 eadem

2185 2995 2264 3047 re,
2297 2981 2398 3046 ait,
2422 2988 2697 3035 versatum
2729 2995 2870 3045 esse,
2899 2993 3006 3048 qua
3035 2977 3194 3049 Lupi,
3227 2976 3436 3032 abbatis
3467 2975 3781 3030 Ferrarieu-

2186 3073 2282 3138 sis,
2322 3071 2547 3141 epistola
2579 3069 2728 3126 XXX
2754 3071 2820 3125 ad
2860 3068 3292 3132 Gotbescalctnn,
3327 3066 3650 3122 monachum
3681 3063 3779 3120 Oro

2184 3161 2496 3216 baccnsem.
2538 3160 2688 3229 Quae
2726 3158 2862 3230 Lupi
2907 3158 3135 3229 epistola
3189 3157 3252 3230 (ξ)
3303 3157 3482 3212 locum
3509 3155 3776 3227 quendam

485 3238 660 3331 mines
699 3237 1116 3331 Sco_tos,_atque
1146 3240 1282 3294 adeo
1335 3238 1556 3294 Scotum
1605 3247 1850 3293 nostrum
1879 3240 2076 3297 ibide
2109 3269 2153 3331 ο
2190 3255 2443 3324 explicat,
2495 3253 2586 3323 qui
2627 3261 2712 3308 οει
2758 3252 2900 3322 apud
2942 3250 2998 3306 s,
3041 3250 3401 3322 Augustinum
3443 3248 3681 3305 inlibris
3711 3248 3778 3303 de

487 3328 584 3401 (cf.
613 3328 744 3400 Cap.
775 3328 836 3396 II,
865 3329 968 3385 col.
1011 3331 1077 3384 12
1107 3341 1220 3386 not.
1254 3331 1309 3403 ἡ)
1342 3343 1530 3387 natum
1561 3332 1754 3386 videri.

1111 3485 1340 3544 CAPUT
1383 3488 1465 3543 Vl.

487 3618 568 3678 De
595 3617 703 3674 illis
722 3619 980 3690 Erigenae
995 3620 1222 3690 scriptis,
1249 3637 1383 3690 quae
1404 3619 1575 3674 adhuc
1604 3636 1634 3672 a
1657 3619 1803 3675 nobis
1828 3624 2084 3677 recensita

1145 3706 1249 3745 ηοη
1274 3701 1414 3745 sunt.

560 3801 1184 3875 PostPseudo-Dionysii
1200 3812 1252 3858 et
1273 3803 1332 3858 S.
1351 3803 1567 3857 Maximi
1587 3805 2079 3876 interpretationes,

488 3904 612 3967 post
643 3893 811 3950 libros
837 3895 901 3948 de
930 3895 1424 3964 praedestinatione
1446 3909 1500 3948 et
1534 3897 1600 3950 de
1627 3895 1686 3952 S.
1717 3896 2084 3962 Eucharistia,

488 4001 717 4058 quorum
753 3987 866 4056 jam
904 3987 1106 4041 mentio
1132 3987 1405 4053 estfacta,
1435 4003 1596 4059 super
1637 3987 1764 4055 illis,
1795 3972 2084 4060 quae'item

490 4092 621 4133 vere
655 4087 781 4133 sunt
812 4078 1153 4149 Erigeniana,
1197 4078 1405 4148 aliquot
1449 4079 1803 4145 carminibus,
1851 4089 2086 4136 tractatu

492 4173 560 4229 de
594 4173 805 4228 visione
841 4172 957 4236 Dei,
1008 4171 1159 4227 libris
1199 4171 1243 4228 V
1275 4173 1344 4227 de
1382 4171 1649 4230 divisione
1675 4173 1916 4230 Naturae
1961 4177 2084 4230 data

489 4279 654 4334 opera
687 4265 962 4335 disputare
997 4265 1338 4320 decrevimus
1365 4264 1456 4335 (ε).
1487 4264 1618 4320 Nam
1643 4282 1782 4336 quae
1805 4281 1834 4320 a
1858 4268 2086 4322 nonnul-

490 4357 860 4429 lis-praeterea
889 4357 1052 4413 Scoto
1074 4359 1347 4429 adscripta
1370 4366 1518 4424 sunt,
1541 4373 1648 4413 non
1668 4359 1877 4414 reddita
1904 4369 2086 4414 tamen

496 4450 705 4505 ratione
729 4449 1016 4518 probabili,
1049 4465 1137 4512 ea,
1173 4464 1340 4517 quum
1383 4449 1645 4502 librorum
1679 4463 1781 4517 ope
1813 4450 2086 4504 destitutis

491 4538 650 4594 nobis
676 4539 920 4608 ipsorum
950 4553 1170 4592 causam
1201 4537 1499 4607 dijudicare
1535 4551 1640 4590 non
1669 4535 1906 4602 licuerit,
1934 4539 2087 4594 dein-

494 4645 620 4701 ceps
649 4630 967 4699 simpliciter
1006 4639 1212 4684 tantum
1234 4628 1600 4684 enumeranda
1630 4629 1972 4686 arbitramur.

569 4723 822 4779 Carmina
863 4723 1025 4794 igitur
1071 4722 1239 4789 Scoti,
1274 4737 1414 4793 quae
1443 4723 1598 4779 nobis
1634 4724 1934 4794 innotuere,
1959 4736 2086 4785 sunt

570 4837 648 4908 (τι)
678 4837 830 4908 Apud
858 4835 1010 4908 Cale.
1040 4836 1076 4891 ι.
1105 4836 1224 4908 ἰηι).
1257 4835 1379 4892 6-8.

595 4905 646 4978 b)
677 4905 760 4978 Cf.
793 4921 909 4978 sup.
934 4905 1061 4978 Cap.
1092 4905 1229 4962 I-III.

596 4977 644 5048 ε)
676 4977 755 5048 Cf.
789 4977 941 5040 Gale,
968 4977 1066 5031 l.'l.
1100 4987 1224 5034 test.
1255 4993 1311 5048 p.
1337 4979 1390 5036 5.

677 5046 912 5105 Joannes
933 5048 1201 5120 Ealdsaxo
1229 5046 1311 5105 est
1351 5051 1419 5116 is,
1453 5065 1614 5120 quem
1645 5050 1868 5107 annales
1891 5051 2084 5106 Biden-

501 5119 590 5175 ses
617 5119 805 5175 dicunt
831 5139 849 5172 α
877 5119 1134 5188 collegam
1167 5120 1222 5174 S.
1253 5119 1573 5177 Grimba’ldi.
1605 5142 1624 5173 ι
1656 5122 1765 5177 Hos
1796 5122 1939 5177 enim
1977 5137 2080 5175 una

502 5204 568 5246 ex
601 5191 898 5249 continenti
930 5192 999 5246 ab
1026 5190 1246 5246 Alfredo
1277 5195 1570 5248 accersitos
1601 5203 1833 5248 constat.

574 5260 644 5333 (ε)
675 5261 832 5328 Sunt,
866 5263 958 5333 qui
991 5264 1155 5317 etiam
1187 5263 1251 5317 de
1272 5264 1514 5331 epistolis
1545 5263 1852 5333 loquantur.
1886 5263 2084 5317 Verum

500 5332 720 5402 praeter
747 5332 899 5400 illas,
921 5349 1059 5404 quae
1082 5334 1445 5404 Areopagitae
1468 5343 1524 5388 et
1559 5332 1774 5404 Maximi
1815 5333 2080 5404 interpre-

503 5403 765 5475 tationum
791 5402 1070 5473 prooemia
1090 5402 1245 5470 sunt,
1262 5419 1487 5475 prorsus
1507 5402 1684 5458 nullae
1710 5411 1943 5470 exstant,
1960 5402 2087 5457 nul-

503 5469 588 5525 lae
617 5469 1007 5529 memorantur.

577 5539 652 5617 (f)
781 5542 909 5612 Ejus
938 5544 1071 5617 e_dit.
1101 5543 1224 5617 libr.
1251 5544 1444 5617 deigb'v.
1477 5543 1602 5617 Nat.
1625 5562 1684 5617 ι).
1705 5545 1740 5604 1,
1769 5563 1819 5614 p.
1843 5546 1945 5600 595
1968 5561 2082 5616 seq.

577 5609 654 5687 (9)
797 5609 918 5665 acta
950 5612 1150 5687 Bened.
1176 5630 1285 5687 sec.
1318 5613 1403 5687 IV.
1437 5633 1488 5687 p.
1519 5616 1575 5679 II,
1674 5609 1856 5672 LXVI.
1893 5609 2084 5671 Thom.

505 5679 657 5738 Gale.
690 5679 726 5734 l.
758 5680 794 5734 l.
824 5689 948 5738 teat.
974 5698 1029 5752 p.
1059 5683 1145 5736 12.
1181 5685 1353 5740 I-Iiort.
1387 5679 1492 5740 l.'l.
1521 5703 1574 5757 p.
1603 5679 1695 5744 16.

2188 3347 2411 3402 civitate
2433 3345 2528 3401 Dei
2547 3343 2714 3409 XXII,
2742 3344 2814 3399 29
2843 3363 2855 3399 :
2887 3363 2907 3396 ι
2945 3345 3011 3399 de
3031 3343 3290 3413 qualitate
3322 3341 3569 3408 visionis,
3597 3356 3703 3412 qua
3723 3339 3776 3395 in

2189 3438 2370 3492 futuro
2400 3435 2616 3492 saeculo
2647 3436 2822 3491 sancti
2853 3435 3021 3491 Deum
3046 3436 3155 3490 sint
3177 3434 3345 3489 visuri
3375 3453 3418 3486 ι.

2259 3528 2546 3582 Librorum
2584 3525 2628 3581 V
2662 3547 2680 3579 ‹
2721 3527 2786 3582 de
2813 3526 3078 3581 divisione
3116 3523 3351 3579 Naturae
3385 3545 3405 3578 ι
3436 3527 3547 3578 sive
3592 3542 3610 3575 ι
3660 3525 3776 3598 περὶ

2189 3622 2390 3694 φύσεως
2436 3624 2685 3696 μερισμοῦ
2721 3636 2772 3683 ι,
2815 3614 2908 3685 qui
2945 3616 3107 3670 iidem
3151 3614 3490 3685 appellantur
3519 3631 3538 3664 ε
3575 3613 3640 3667 de
3668 3611 3773 3665 Na-

2179 3711 2328 3764 turis
2360 3729 2378 3761 ι
2398 3710 2512 3765 sive
2541 3728 2558 3760 ‹
2590 3709 2931 3784 περὶφύσεως
2957 3726 2976 3759 ι
2997 3706 3177 3776 plures
3199 3705 3400 3775 reperti
3423 3713 3552 3760 sunt
3567 3704 3779 3759 codices

2192 3817 2321 3857 mss.
2355 3801 2448 3871 (j).
2474 3801 2619 3856 Duos
2640 3816 2826 3855 eorum
2863 3799 3203 3854 Mahillonius
3234 3798 3403 3868 ipsius
3426 3797 3575 3853 Scoti
3605 3805 3778 3852 aetate

2191 3904 2442 3950 exaratos
2494 3895 2625 3949 dicit
2670 3911 2683 3946 :
2735 3907 2837 3947 nec
2887 3901 3066 3946 tamen
3103 3892 3245 3947 ullus
3289 3907 3485 3947 nomen
3543 3892 3780 3947 auctoris

2193 3991 2399 4046 habuit.
2472 3988 2770 4045 Guilelmus
2833 3987 3332 4043 Malmesburiensis
3396 3997 3452 4042 et
3529 3987 3682 4058 Hugo
3748 4003 3779 4043 a

2193 4084 2250 4140 S.
2295 4084 2515 4140 Victore
2547 4081 2706 4152 primi
2755 4080 2850 4154 (It),
2901 4090 3162 4151 quantum
3208 4096 3308 4152 pro
3353 4089 3503 4135 certo
3544 4075 3596 4134 a'
3622 4080 3778 4133 nobis

2191 4179 2358 4235 statui
2386 4186 2582 4248 potest,
2610 4175 2775 4232 Scoto
2805 4157 2995 4230 nostro
3031 4175 3198 4230 libros
3240 4189 3367 4229 suos
3390 4174 3774 4228 attribuerunt.

2191 4269 2552 4325 Nihilominus
2579 4276 2762 4323 tamen
2811 4268 2975 4322 etiam
3005 4267 3226 4321 ineunte
3265 4266 3446 4320 seculo
3474 4265 3590 4321 XIII
3607 4266 3776 4331 fuere,

2191 4362 2285 4432 qui
2313 4361 2574 4417 Amalrici
2598 4361 2858 4415 Benensis
2881 4374 2978 4415 eos
3005 4374 3126 4416 esse
3151 4359 3504 4430 opinarentur
3531 4358 3636 4429 (l):
3665 4358 3782 4412 Tri-

2195 4454 2430 4510 themius
2463 4453 2632 4508 abbas
2670 4461 2728 4507 et
2762 4450 2958 4506 Baleus
2982 4451 3117 4507 adeo
3152 4451 3219 4507 ad
3247 4450 3504 4508 Joannem
3530 4449 3772 4514 Scotum,

2192 4561 2353 4616 quem
2385 4544 2716 4600 Mailrosium
2745 4552 2965 4609 vocant,
2997 4543 3176 4600 Bedae
3211 4541 3544 4600 Venerabilis
3575 4555 3776 4609 aequa-

2110 4628 2164 4687 D
2191 4637 2316 4705 lem,
2356 4638 2457 4693 bos
2493 4635 2661 4691 libros
2685 4634 2988 4690 retulerunt
3025 4635 3141 4707 (νη).
3169 4634 3368 4692 Verum
3403 4632 3699 4696 enimvero,
3729 4632 3777 4687 si

2189 4729 2313 4800 quis
2339 4727 2425 4783 vel
2455 4726 2600 4782 aliud
2621 4726 2828 4797 agendo
2851 4726 3018 4783 libros
3035 4727 3104 4782 de
3129 4726 3347 4783 Naturis
3372 4741 3496 4782 cum
3514 4725 3782 4796 Erigenae

2283 4843 2339 4911 It)
2368 4842 2545 4897 Etiam
2576 4841 2630 4894 in
2673 4840 2766 4896 lib.
2808 4840 2870 4895 II.
2905 4841 2972 4896 de
3007 4841 3115 4896 div.
3148 4841 3270 4897 Nat.
3315 4857 3367 4897 c.
3410 4840 3502 4896 25.
3542 4841 3730 4898 scribit
3764 4859 3777 4895 :

2195 4933 2214 4965 ι
2252 4911 2503 4970 Exterior
2523 4927 2714 4968 sensus
2739 4911 3049 4982 conjunctio
3077 4913 3342 4982 quaedam
3371 4921 3458 4969 est
3486 4914 3702 4969 animae
3728 4921 3782 4969 et

2189 4985 2434 5068 corporis
2454 5003 2513 5068 ιι..

2260 5054 2322 5128 (ί)
2345 5055 2606 5128 ρίζΜωι.
2625 5054 2874 5128 biblioth.
2900 5064 3006 5110 vet.
3030 5054 3254 5110 Patrum
3293 5063 3399 5110 cet.
3431 5054 3780 5127 Lugdunens.

2187 5125 2319 5182 tom.
2350 5125 2466 5181 xv.
2498 5143 2548 5194 p.
2587 5127 2655 5182 is
2686 5127 2726 5181 E
2753 5142 2866 5194 seq.

2258 5196 2328 5267 (j)
2371 5195 2450 5250 Cf.
2503 5196 2694 5251 Thom.
2740 5197 2890 5267 Cale.
2945 5197 3241 5267 testimtp.
3292 5196 3376 5267 12.
3429 5196 3631 5251 Manili,
3665 5204 3782 5250 acta

2258 5212 2328 5267 υ)
2371 5212 2450 5250 ω.
2504 5212 2694 5251 't'nom.
2740 5212 2890 5252 uale.
2945 5212 3241 5321 tesunva.
3292 5212 3376 5278 12_.
3429 5212 3631 5278 Manut.
3665 5212 3782 5250 aeta

2187 5267 2387 5336 Bened.
2434 5283 2544 5323 sec.
2599 5268 2688 5323 IV.
2750 5282 2804 5336 p.
2848 5266 2908 5320 II.
2950 5281 3003 5336 p.
3058 5265 3154 5323 LX
3203 5268 3244 5322 I.
3289 5266 3428 5322 Hist.
3476 5267 3581 5321 Im.
3627 5269 3692 5321 de
3731 5267 3783 5321 la

2188 5334 2416 5407 France,
2443 5346 2573 5393 tom.
2612 5336 2672 5393 V.
2705 5334 2768 5407 p.—
2797 5336 2921 5392 425.

2262 5405 2464 5490 (k)_C'f.
2501 5405 2876 5490 TllomiGalc.
2919 5409 3119 5490 testim.
3140 5426 3209 5490 ρ.
3242 5409 3340 5490 12.
3370 5423 3424 5478 p.
3457 5408 3580 5490 6-7.
3618 5409 3783 5465 Albe-

2192 5477 2324 5546 rici,
2342 5477 2529 5530 Trium
2555 5478 2803 5533 Fontium
2829 5481 3102 5546 monachi,
3135 5477 3441 5535 ChronicOn
3483 5480 3549 5534 ad
3582 5495 3780 5536 annum

2193 5545 2616 5622 MCCXXVLed.
2646 5548 2874 5622 Leibnit.
2907 5559 3036 5604 tom.
3067 5551 3108 5605 I.
3140 5567 3194 5622 p.
3219 5550 3344 5622 514,
3375 5549 3500 5604 515.

2291 5618 2330 5692 ι)
2359 5617 2452 5692 C_f._
2481 5617 2674 5692 [norm
2717 5618 2867 5692 Cale.
2901 5622 3100 5692 testim.
3130 5617 3182 5692 ᾖ.
3215 5621 3302 5676 12.

2288 5687 2362 5760 in)
2385 5687 2466 5744 Cf.
2498 5687 2691 5743 Thom.
2723 5689 2873 5745 Ga‘le.
2904 5689 2939 5744 l.
2968 5690 3003 5744 l.
3034 5707 3086 5761 p.
3121 5687 3209 5746 12.

575 5793 974 5875 "__Scb|ueterns
1006 5795 1093 5875 illa
1116 5798 1412 5875 carminae
1438 5802 1712 5875 codicibus
1736 5802 2095 5875 bibliothecae
2198 5801 2423 5875 classic.
2453 5799 2612 5875 liuet.
2659 5810 2696 5875 t_.
2727 5802 2790 5875 V,
2823 5817 2873 5875 p.
2907 5800 3011 5854 426
3041 5817 3194 5875 seqq.
3229 5803 3374 5859 edita
3407 5803 3549 5874 typis
3579 5805 3785 5875 repeti-

510 5865 805 5922 Vaticanae
829 5881 938 5924 non
965 5867 1174 5936 primus
1201 5869 1445 5936 protulit,
1475 5873 1568 5926 sed
1595 5874 1664 5928 ab
1709 5873 1932 5942 Angelo.
1955 5871 2097 5927 Maio
2197 5873 2294 5928 vit.
2325 5870 2407 5928 Cf.
2443 5865 2796 5955 Prooemium.
2823 5865 3094 5926 limum.
3118 5865 3284 5930 Ὲυιτ.
