4152 6276
393 392 466 446 49
1214 383 1301 438 DE
1345 381 1501 438 VITA
1535 381 1625 437 ET
1665 379 2074 439 PRJECEPTIS
2107 379 2159 436 .I.
2200 379 2418 437 SCOTI.
2459 409 2531 422 —-
2561 379 2741 437 PARS
2778 381 2819 436 I.
3613 381 3686 438 50

397 508 545 562 libro
575 504 646 561 de
685 498 1170 572 praedestinatione
1215 495 1524 561 contulerit,
1573 494 1710 550 nihil
1760 509 1982 566 prorsus
2009 502 2063 558 Α
2089 494 2213 551 dem
2237 494 2289 549 in
2313 495 2522 551 fontem
2545 495 2921 566 originemque
2937 509 3090 552 suam
3117 493 3193 569 (id
3221 502 3304 552 est
3330 495 3522 568 Deum)
3563 498 3686 554 red-

403 596 758 655 dubitationis
797 593 845 648 ei
879 591 1232 659 relinquetur.
1265 589 1383 656 Quo
1419 586 1620 642 factum
1650 596 1758 651 est,
1791 595 1852 641 ut
1871 584 1986 655 jam

403 689 611 760 pridem
657 685 799 740 inter
840 682 988 736 viros
1025 680 1218 736 doctos
1245 693 1353 735 uno
1382 678 1537 749 quasi
1566 691 1664 732 ore
1704 677 1810 733 hac
1847 675 1900 731 in
1926 690 1987 732 re

403 783 474 838 sit
497 791 831 835 consensum.

466 874 612 942 Quod
657 881 842 927 autem
885 867 1125 926 Thomas
1166 866 1366 924 Galeus
1405 867 1459 921 in
1498 863 1838 935 praefatione
1873 863 1988 919 edi-

337 949 344 954 ’
395 967 555 1023 tionis
575 979 705 1021 suae
727 966 806 1034 (p.
844 963 902 1030 Δ)
926 963 1136 1027 scribit,
1159 967 1329 1015 testes
1350 958 1455 1013 fide
1474 957 1666 1028 dignos
1690 955 1982 1022 afﬁrmare,

388 1059 610 1115 Florum
649 1056 729 1127 (α)
775 1057 878 1111 hos
912 1055 1100 1119 libros,
1135 1068 1241 1124 quo
1283 1051 1498 1108 facilius
1531 1050 1859 1116 confutaret,
1893 1051 1986 1105 de-

388 1147 856 1220 pravasse,‘haec
897 1143 1112 1214 quidem
1149 1144 1367 1198 omnino
1392 1143 1568 1197 inanis
1593 1151 1678 1198 est
1725 1142 1982 1212 suspicio.

391 1241 590 1296 Testes
619 1238 695 1292 illi
741 1244 893 1303 sunt,
932 1235 1221 1298 credimus,
1266 1234 1520 1289 Matthias
1555 1234 1985 1290 Westmonaste—

395 1333 598 1386 riensis
626 1328 716 1401 (ad
741 1343 938 1383 annum
964 1326 1451 1397 DCCCLXXXIII),
1488 1336 1541 1382 et
1568 1328 1612 1382 si
1649 1329 1741 1397 qui
1766 1328 1902 1383 forte
1932 1329 1985 1383 in

397 1423 560 1494 hujus
598 1421 760 1476 verba
797 1419 1068 1487 jurarunt.
1108 1418 1236 1482 Sed,
1285 1419 1596 1488 quicunque
1627 1427 1771 1484 sunt,
1819 1434 1986 1488 quum

397 1515 587 1570 Florus
625 1513 712 1568 ille
747 1514 929 1584 (quem
968 1511 1574 1568 Westmonasteriensis
1620 1533 1637 1563 ι
1685 1513 1926 1583 ignorari
1964 1533 1981 1566 ι

392 1605 691 1676 contendit)
719 1619 824 1658 non
847 1603 1016 1659 libros
1039 1604 1105 1659 de
1126 1603 1371 1668 Naturis,
1392 1606 1486 1660 sed
1508 1607 1707 1662 librum
1735 1608 1804 1662 de
1833 1623 2009 1677 prae--

357 1697 752 1772 destinatione
794 1697 1209 1768 impugnaverit,
1259 1699 1736 1757 vehementissime
1771 1717 1990 1758 errave-

386 1797 533 1844 runt.
568 1787 685 1844 Huc
721 1789 957 1854 accedit,
979 1790 1125 1858 quod
1151 1790 1300 1860 ipsos
1335 1791 1502 1847 libros
1526 1803 1781 1848 accurate
1809 1795 1986 1864 perle-

2091 587 2234 643 itura
2259 602 2383 643 esse
2417 608 2464 642 ι.

2161 681 2308 746 Quae
2331 680 2688 752 philosophia,
2714 690 2878 751 quam
2911 688 3162 737 accurate
3187 680 3510 736 lutulentum
3540 679 3684 735 istud

2089 772 2184 843 (sit
2207 773 2362 828 venia
2395 771 2586 844 verbo)
2627 773 2796 830 chaos
2827 771 3254 828 Alexandrinum
3286 772 3680 828 recentiorum~

2088 879 2195 935 que
2223 865 2645 931 Platonicorum,
2680 880 2815 935 quos
2841 874 3059 933 vocant,
3105 864 3330 933 referat,
3377 881 3536 921 nemo
3573 881 3683 921 non

2089 957 2257 1024 videt,
2287 967 2451 1029 atque
2482 959 2536 1013 in
2568 961 2743 1030 capite
2764 960 2809 1014 II
2845 960 3067 1015 uberius
3096 975 3128 1015 a
3164 961 3320 1016 nobis
3351 960 3685 1016 demonstra-

2089 1058 2202 1103 tum
2229 1057 2334 1104 est.
2367 1050 2552 1119 Itaque
2573 1049 2688 1120 jam
2735 1066 2832 1120 per
2875 1066 2935 1106 se
2965 1050 3174 1120 liquere
3209 1052 3558 1116 arbitramur,
3591 1052 3683 1122 qui

2089 1139 2294 1197 factum
2324 1142 2414 1207 sit,
2447 1151 2506 1196 ut
2539 1143 2627 1196 alii
2668 1143 3068 1214 philosophiam
3110 1143 3271 1199 istam
3305 1143 3684 1214 Erigenianatu

2089 1252 2249 1307 quam
2283 1238 2518 1292 maxime
2563 1240 2670 1294 sint
2699 1239 3034 1305 abominati,
3057 1238 3146 1293 alii
3175 1248 3365 1294 contra
3396 1238 3686 1309 amplexati

2087 1330 2296 1385 fuerint
2332 1332 2699 1402 cupidissime.
2752 1333 2954 1387 Horum
3002 1342 3202 1399 autem,
3247 1334 3337 1404 qui
3378 1333 3684 1399 laudarent,

2088 1437 2370 1486 numerus,
2401 1437 2567 1492 quum
2609 1432 2826 1493 patrum
2857 1432 3166 1480 nostrorum
3205 1423 3465 1478 memoria
3496 1425 3686 1477 admo-

2090 1514 2215 1569 dum
2267 1513 2496 1583 exiguus
2532 1514 2756 1580 fuisset,
2813 1523 2995 1570 nostra
3047 1523 3262 1578 aetate,
3315 1530 3416 1570 nec
3472 1523 3689 1583 praeter

2088 1620 2298 1670 eorum,
2335 1605 2426 1673 qui
2464 1606 2698 1674 sapiunt,
2749 1607 3088 1676 opinionem!
3143 1607 3378 1661 immane
3423 1616 3686 1677 quantum

2089 1705 2175 1752 est
2224 1704 2437 1751 auCtus.
2490 1696 2730 1763 Quorum
2781 1707 3016 1768 partem,
3066 1700 3156 1768 qui
3205 1715 3404 1770 operae
3451 1700 3687 1770 pretium

2091 1791 2311 1850 duxerit.
2355 1792 2692 1861 cognovisse,
2745 1791 2904 1847 adeat
2945 1793 3249 1848 Schlueteri
3291 1793 3686 1862 praefationem

384 1883 532 1955 genti
553 1898 617 1937 ea
641 1891 870 1953 apparet
882 1883 1120 1952 partium
1147 1884 1518 1951 cohaerentia,
1545 1886 1591 1940 is
1613 1884 1840 1942 offertur
1855 1904 1980 1944 sen-
2017 1867 2064 1928 Β
2086 1899 2142 1954 p.
2168 1878 2258 1938 VII
2287 1898 2405 1954 seq.
2434 1884 2530 1939 Est
2551 1892 2750 1950 tamen,
2777 1893 2836 1939 ut
2868 1885 2922 1939 in
2957 1880 3146 1940 senatu
3171 1886 3264 1939 illo
3285 1916 3356 1924 --
3379 1904 3397 1936 ‹
3431 1893 3686 1954 tanquam

385 1979 680 2032 tentiarum
703 1992 896 2038 nexus,
927 1985 986 2030 ut
1014 1978 1116 2033 hoc
1135 1978 1250 2033 solo
1280 1989 1604 2050 argumento
1635 1981 1874 2036 conﬁsus
1901 1982 1987 2036 vir

383 2072 765 2138 doctissimus,
816 2071 1076 2138 Hockius,
1124 2072 1268 2128 illam
1320 2072 1560 2130 Thomae
1610 2073 1765 2130 Galei
1809 2077 1985 2147 suspi-

382 2164 619 2229 cionem,
652 2171 714 2218 ut
739 2179 956 2230 vanam,
978 2163 1106 2233 jure
1131 2165 1499 2235 repudiaverit
1519 2164 1620 2238 (ὁ).

453 2257 544 2311 Bis
569 2257 792 2311 omnino
820 2256 942 2313 libri
974 2258 1042 2313 de
1088 2259 1352 2314 divisione
1392 2257 1632 2314 Naturae
1677 2260 1822 2331 typis
1858 2269 1986 2314 sunt

386 2348 688 2418 descripti:
729 2349 962 2418 primum
1010 2364 1062 2403 a.
1095 2349 1454 2406 MDCLXXXI
1481 2351 1743 2423 prodiere
1786 2351 1986 2406 Oxonii

392 2453 491 2508 per
553 2438 817 2492 Thomam
871 2439 1098 2496 Galeam
1125 2482 1141 2506 ,
1200 2441 1593 2509 Oxoniensem;
1668 2443 1861 2499 deinde
1929 2459 1982 2497 a.

393 2525 896 2584 MDCCCXXXVIII
938 2528 1254 2584 Monasterii
1313 2529 1764 2601 Guestphalorum
1816 2549 1985 2602 opera

386 2619 448 2677 C.
503 2621 566 2675 Β.
619 2619 952 2688 Schlueteri,
995 2619 1456 2678 Monasteriensis.
1498 2622 1777 2679 Posterior
1826 2627 1986 2682 editio

385 2721 614 2784 propter
658 2712 1067 2769 multitudinem
1111 2713 1455 2780 mendorum,
1479 2730 1713 2785 quorum
1741 2731 1807 2772 ne
1829 2717 1987 2773 index

386 2806 604 2876 quidem
624 2804 874 2876 adjectus
891 2813 992 2871 est,
1021 2806 1192 2875 priori
1220 2805 1380 2877 longe
1399 2816 1482 2862 est
1499 2808 1865 2876 postponenda
1889 2809 1981 2879 (ε).

459 2895 702 2952 Externa
730 2897 1032 2952 disserendi
1058 2895 1258 2962 forma,
1287 2912 1394 2967 qua
1419 2897 1614 2952 Scotus
1642 2899 1725 2953 his
1751 2899 1803 2952 in
1833 2899 1985 2956 libris

393 2991 587 3055 utitur,
623 2999 710 3046 est
743 2990 940 3061 dialogi
969 3010 984 3046 :
1026 2992 1347 3062 magistrum
1393 2993 1538 3047 enim
1565 3007 1682 3047 cum
1722 2993 1985 3064 discipulo

397 3080 796 3151 colloquentem
837 3080 1013 3148 finxit,
1055 3081 1354 3153 horumque
1391 3084 1729 3140 sermonibus
1758 3085 1984 3141 alternis

397 3179 567 3228 totam
615 3171 1033 3242 disputationem
1079 3174 1184 3229 rite
1226 3173 1453 3229 deducit.
1500 3173 1567 3230 Ut
1595 3174 1878 3244 magister,
1910 3175 1981 3228 ita

2090 1977 2282 2033 altiore
2346 1979 2537 2048 spiritu
2602 1975 2782 2032 atﬂato
2840 1998 2858 2031 ›
2915 1979 3196 2034 videamus
3246 1994 3354 2034 non
3417 1980 3688 2034 neminem

2091 2070 2166 2138 (p.
2202 2067 2493 2139 XII-XIII),
2518 2082 2676 2138 quem
2704 2059 3384 2139 supercilium’censorium
3424 2085 3688 2140 perquam

2091 2159 2251 2215 facile
2299 2160 2462 2215 istinc
2499 2161 2747 2216 moverit.
2790 2159 2910 2216 Jam
2958 2177 3090 2217 vero
3136 2161 3255 2217 illos
3295 2162 3388 2232 qui
3417 2163 3688 2232 vitupera-

2089 2258 2241 2314 runt,
2264 2249 2310 2304 si
2329 2263 2652 2304 enumerare
2673 2249 2923 2316 velimus,
2945 2251 3062 2307 dies
3082 2251 3325 2321 profecto
3345 2251 3564 2306 deﬁciat
3588 2253 3678 2322 (e).

2089 2341 2268 2408 Quare
2295 2342 2399 2396 hoc
2421 2341 2542 2397 loco
2569 2357 2630 2398 ea
2663 2350 2871 2397 tantum
2911 2343 3277 2409 narrabimus,
3302 2358 3442 2413 quae
3474 2343 3542 2398 ab
3574 2343 3686 2408 his,

2090 2435 2180 2506 qui
2211 2434 2279 2488 ad
2321 2433 2380 2490 S.
2421 2434 2697 2491 Ecclesiae
2742 2445 2927 2490 nostra
2960 2437 3322 2507 gubernacula
3367 2436 3683 2502 consedere,

2091 2525 2353 2581 adversus
2377 2525 2545 2581 libros
2573 2527 2640 2582 de
2665 2526 2888 2582 Natu-ris
2917 2536 3066 2598 gesta
3091 2538 3238 2584 sunt.

2078 2635 2080 2638 ν
2159 2615 2284 2672 Fuit
2314 2616 2481 2686 igitur
2503 2618 2725 2674 ineunte
2767 2619 2985 2675 saeculo
3026 2618 3159 2685 XIII,
3191 2635 3355 2690 quum
3382 2619 3687 2676 Amalricus

2089 2707 2377 2775 Benensis,
2401 2708 2569 2763 David
2597 2709 2664 2764 de
2695 2709 2944 2765 Dinando
2979 2711 3048 2781 (s.
3093 2710 3349 2780 Dinanto)
3382 2711 3686 2779 horumque

2088 2802 2301 2873 reliqua
2355 2802 2512 2856 turba
2555 2803 2720 2856 totius
2750 2801 2954 2858 Galliae
2993 2802 3288 2857 Ecclesiam
3325 2803 3690 2857 vehementis-

2089 2893 2238 2949 sime
2261 2891 2552 2948 vexabant.
2606 2892 2916 2947 Doctrinam
2962 2906 3138 2955 suam,
3180 2899 3447 2960 quatenus
3481 2907 3686 2948 memo-

2089 2986 2206 3042 riae
2250 2993 2334 3042 est
2363 2985 2660 3054 proditum,
2694 2984 2812 3041 fere
2839 2983 3066 3043 Joannis
3094 2983 3240 3040 Scoti
3288 2983 3428 3047 libro
3458 2986 3526 3041 de
3553 2986 3687 3040 divi-

2090 3077 2245 3134 sione
2269 3076 2512 3134 Naturae
2539 3077 2828 3135 debebant.
2851 3077 3155 3135 Gersouius
3191 3078 3428 3148 quidem,
3462 3079 3547 3133 vir
3584 3077 3684 3136 do-

2089 3170 2386 3237 ctissimus,
2417 3171 2653 3228 univers.
2684 3169 2857 3229 Paris.
2890 3172 3138 3236 cancel|.,
3169 3172 3306 3227 haec
3327 3172 3578 3229 docuisse
3611 3173 3690 3229 ait

393 3261 686 3334 discipulus
704 3278 851 3318 nunc
876 3265 1190 3336 interrogat,
1223 3281 1363 3322 nunc
1385 3266 1781 3337 interrogatur;
1813 3276 1975 3337 atque
2002 3254 2050 3318 C
2077 3263 2413 3319 Amalricum
2440 3264 2537 3335 (f):
2575 3282 2594 3316 ‹
2631 3262 2825 3321 Omnia
2850 3264 2974 3320 sunt
3007 3264 3150 3320 Deus
3176 3263 3352 3320 :Deus
3389 3273 3443 3320 et
3478 3265 3684 3321 omnia.

387 3354 497 3420 ille,
521 3355 647 3410 dum
671 3353 920 3411 altiorem
941 3371 1006 3412 ac
1027 3356 1436 3426 speculativam,
1465 3373 1630 3429 quam
1653 3359 1978 3424 vocitamus,

383 3447 760 3519 philosophiae
808 3447 1221 3519 theologiaeque
1269 3449 1636 3520 cognitionem
1673 3450 1980 3521 exceperis,

384 3542 474 3597 vix
510 3557 620 3598 una
655 3539 841 3598 schola
872 3539 977 3594 dici
1003 3549 1168 3611 queat
1200 3541 1425 3596 doctior.

453 3634 531 3689 De
558 3634 724 3689 totius
754 3633 935 3702 operis
956 3640 1278 3703 argumento
1304 3643 1466 3703 atque
1492 3633 1695 3700 indole,
1725 3632 1984 3704 quoniam

385 3727 439 3783 in
468 3726 638 3784 altera
663 3735 884 3782 nostrae
918 3726 1230 3797 scriptionis
1255 3736 1408 3798 parte
1443 3731 1663 3800 proprie
1697 3729 1980 3800 disputari—-

385 3819 510 3874 dum
559 3827 664 3884 est,
711 3819 816 3874 hoc
861 3818 984 3876 loco
1021 3819 1155 3874 satis
1195 3821 1504 3877 habendum
1545 3822 1893 3887 arbitramur,
1935 3822 1980 3878 si

384 3909 476 3965 illa
502 3908 758 3965 Bruckeri
801 3910 986 3975 verba,
1017 3926 1155 3980 quae
1194 3909 1308 3979 jam
1352 3927 1516 3982 supra
1563 3927 1594 3966 a
1634 3913 1790 3969 nobis
1819 3912 1979 3968 allata

383 4011 532 4069 sunt,
575 4003 767 4058 iterum
811 4012 1001 4059 nostra
1045 4001 1351 4059 fecerimus.
1399 4004 1498 4060 Ait
1541 4004 1704 4076 igitur
1741 4004 1979 4061 Brucke-

381 4110 478 4150 rus
525 4095 628 4166 (Δ),
677 4111 892 4151 omnem
942 4094 1092 4150 Scoti
1143 4095 1538 4165 philosophiam
1587 4097 1694 4152 huc
1743 4095 1975 4152 redire”:

387 4205 407 4237 ί
444 4185 659 4252 Omnia,
687 4203 1043 4258 quaecunque
1078 4198 1224 4254 sunt,
1259 4203 1366 4244 non
1396 4188 1707 4245 radicaliter
1737 4189 1896 4246 modo
1926 4195 1982 4244 et

383 4278 713 4344 virtualiter,
734 4282 828 4337 sed
847 4291 902 4337 et
919 4282 1284 4338 essentialitcr
1306 4283 1359 4338 in
1379 4282 1489 4338 Deo
1510 4284 1800 4350 contineri,
1817 4292 1980 4354 atque

384 4372 529 4428 adeo
568 4373 750 4428 omnia
796 4388 862 4429 ex
889 4374 996 4431 Deo
1048 4376 1116 4430 ab
1161 4383 1382 4430 aeterno
1423 4388 1710 4447 progressa
1756 4389 1878 4432 esse
1925 4384 1979 4430 et

382 4465 632 4534 ﬂuxisse,
663 4467 824 4540 inque
852 4471 1027 4526 varias
1069 4469 1274 4526 classes
1311 4468 1630 4526 inferiorum
1657 4477 1712 4524 et
1737 4470 1979 4540 superio-

380 4577 526 4628 rum,
556 4561 883 4618 deteriorum
914 4563 1306 4634 meliorumque
1343 4563 1546 4619 entium
1580 4564 1830 4619 distincta
1860 4572 1976 4619 tan-

449 4673 529 4747 (a)
557 4673 642 4747 (3f.
669 4691 791 4746 sup.
819 4674 950 4747 Cap.
980 4675 1041 4730 V.
1073 4676 1175 4732 col.
1198 4675 1438 4747 46,7not.
1471 4674 1509 4730 Ι.

449 4744 526 4887 ib;
555 4744 638 4800 Cf.
673 4744 961 4816 Ephemér.
992 4747 1262 4802 Bonnens.
1289 4746 1422 4801 fasc.
1457 4746 1598 4803 XVI.
1631 4763 1683 4817 p.
1710 4745 1800 4801 57.

474 4833 501 4870 ο
567 4817 742 4887 Atque
778 4818 866 4887 hic
897 4818 1032 4872 satis
1068 4819 1305 4887 graviter
1334 4818 1590 4887 conqueri
1639 4832 1745 4872 non
1785 4835 1800 4887 ι

474 4817 526 4890 c)
560 4817 742 4890 gtque
778 4818 877 4890 hic_
897 4818 1032 4890 satis
1068 4819 1305 4890 graviter
1334 4818 1590 4890 conqueri
1639 4832 1749 4890 non
1785 4831 1972 4887 possu-

378 4886 530 4941 mus!
559 4886 652 4942 Est
671 4888 810 4957 apud
838 4886 1406 4942 Galeum’mendorum
1430 4886 1715 4943 multitudo
1742 4886 1931 4957 ingens
1955 4901 1970 4942 :

379 4957 573 5028 desunt
605 4957 855 5027 plurimis
892 4958 1027 5014 locis
1069 4959 1278 5028 integra
1309 4961 1491 5025 verba,
1519 4959 1717 5028 integri
1759 4973 1968 5028 versus.

377 5026 980 5083 llorum’Schlueterus
1027 5030 1129 5082 nisi
1178 5026 1500 5097 paucissima
1550 5026 1658 5083 noui
1703 5027 1967 5082 sustulit:

376 5113 478 5153 nec
502 5114 642 5153 nova
663 5098 876 5154 desunt.
900 5098 1202 5168 Collegerat
1226 5109 1404 5155 autem
1430 5099 1628 5155 Galeus
1653 5114 1749 5153 sua
1781 5100 1970 5152 menda

375 5185 539 5238 quam
563 5169 1003 5242 diligentissime;
1021 5171 1321 5225 inseruerat
1342 5186 1530 5226 eorum
1553 5169 1714 5224 indici
1732 5170 1976 5242 egregias

375 5242 536 5364 Blaane
573 5257 594 5292 ι
633 5241 908 5295 variantes
953 5262 999 5307 δ,
1040 5256 1176 5311 quas
1213 5251 1446 5306 vocant,
1477 5256 1545 5295 ex
1595 5255 1668 5293 m.
1707 5255 1750 5294 s.
1789 5241 1977 5296 codice

455 5310 672 5364 risiensi
702 5329 715 5364 :
761 5311 850 5364 hic
887 5310 1040 5364 Galei
1079 5312 1238 5364 index
1264 5327 1362 5364 ner
1399 5313 1584 5364 decem
1622 5311 1842 5364 paginas
1871 5309 1976 5364 for-

455 5310 672 5366 risiensi
702 5329 715 5364 :
761 5311 850 5366 hic
887 5309 1238 5367 Galei'index
1264 5327 1362 5382 per
1399 5313 1594 5382 decem
1622 5311 1842 5382 paginas
1871 5309 1976 5365 for-

377 5396 503 5454 mae
529 5382 804 5454 maximae
840 5384 1152 5454 porrigitur.
1197 5380 1351 5437 Hunc
1387 5397 1520 5437 vero
1556 5380 1702 5454 Galei
1743 5382 1976 5436 indicem

376 5449 734 5523 Schlueterus
781 5449 895 5507 fere
941 5449 1204 5523 nusquam
1257 5462 1351 5508 aut
1397 5452 1609 5523 curavit
1655 5461 1748 5523 aut
1784 5467 1975 5508 curare

373 5523 566 5596 voluit.
599 5521 774 5596 Ipsius
801 5524 1018 5596 quidem
1042 5521 1318 5596 typotheta
1349 5521 1654 5596 affirmavit,
1686 5521 1972 5578 Schluete-

374 5608 498 5665 rum
523 5594 599 5648 ita
618 5593 845 5665 (solitum
871 5594 1040 5650 fuisse
1059 5593 1240 5665 dicere
1265 5613 1278 5648 :
1304 5613 1322 5645 ‹
1349 5593 1477 5648 illud
1499 5609 1634 5665 opus
1653 5609 1760 5649 non
1781 5609 1902 5648 esse
1922 5614 1969 5650 ι.

372 5664 558 5732 Quare
579 5663 698 5734 ejus
717 5665 1012 5721 editionem
1037 5665 1128 5720 vix
1153 5663 1308 5722 ﬂocci
1333 5665 1518 5733 ducas,
1535 5663 1596 5721 et
1618 5665 1797 5737 potius
1826 5681 1846 5716 ‹
1881 5665 1971 5720 de-

441 5797 476 5832 “
505 5794 594 5852 Cf.
640 5813 728 5864 ea,
776 5813 917 5868 quae
961 5800 1017 5856 in
1047 5799 1331 5856 Prooemio
1359 5801 1427 5856 de
1446 5769 1552 5856 hac
1587 5799 1825 5855 editione
1857 5813 1973 5854 mo-

374 5870 616 5925 nuimus.
646 5869 954 5929 Dolendum
981 5872 1128 5929 enim
1143 5881 1248 5940 est,
1279 5872 1424 5944 quod
1455 5871 1826 5937 Schlueterus,
1858 5871 1974 5941 ipse

2003 4622 2056 4683 D

2077 3353 2314 3423 ,Creator
2355 3365 2411 3411 et
2450 3365 2703 3414 creatura
2745 3357 2890 3412 idem
2941 3365 3087 3412 sunt.
3141 3358 3282 3413 Deus
3322 3359 3442 3414 ideo
3487 3360 3686 3414 dicitur

2087 3447 2502 3514 tinisomnium,
2534 3449 2677 3518 quod
2707 3450 2890 3505 omnia
2923 3465 3208 3506 reversura
3239 3459 3366 3506 sunt
3389 3451 3444 3505 in
3484 3452 3684 3523 ipsum,

2088 3545 2150 3591 ut
2178 3537 2233 3592 in
2258 3553 2326 3594 eo
2357 3537 2776 3596 immutabiliter
2807 3541 3200 3612 conquiescant
3224 3560 3238 3596 :
3265 3550 3325 3597 et
3351 3558 3517 3599 unum
3547 3544 3686 3601 indi-

2084 3629 2308 3686 viduum
2366 3639 2528 3700 atque
2575 3631 3017 3688 incommutabile
3069 3633 3480 3704 permanebunt.
3534 3633 3686 3690 Sicut

2085 3721 2362 3778 Abraham
2400 3732 2454 3780 et
2491 3723 2642 3780 Isaac
2689 3726 2849 3780 unius
2887 3725 3124 3794 ejusdem
3169 3735 3380 3782 naturae
3423 3735 3570 3793 sunt,
3603 3728 3686 3784 sic

2084 3815 2268 3870 omnia
2295 3830 2416 3872 esse
2443 3832 2634 3884 unum,
2654 3825 2710 3873 et
2731 3819 2917 3874 omnia
2949 3833 3070 3875 esse
3099 3819 3268 3876 Deum
3295 3839 3309 3876 :
3340 3819 3510 3877 Deum
3533 3821 3680 3877 enim

2081 3923 2203 3964 esse
2227 3909 2469 3965 omnium
2489 3917 2864 3966 creaturarum
2884 3912 3204 3980 essentiam,
3225 3920 3332 3968 cet.
3356 3931 3401 3967 ι.
3421 3912 3589 3967 David
3616 3912 3683 3968 de

2082 4000 2351 4068 Dinando,
2393 4003 2654 4059 Amalrici
2693 4004 3017 4076 discipulus,
3067 4005 3284 4061 easdem
3334 4021 3424 4061 res
3470 4014 3681 4061 tantum

2079 4105 2189 4146 non
2241 4093 2433 4150 iisdem
2480 4097 2663 4152 verbis
2706 4098 2954 4153 docuisse
3007 4100 3243 4155 traditur
3291 4098 3390 4170 (g).
3437 4097 3678 4166 Quorum

2083 4185 2352 4238 sententia
2379 4185 2514 4238 nihil
2556 4195 2641 4241 est
2671 4187 3032 4258 Erigenianae
3059 4190 3308 4244 similius.
3341 4189 3494 4256 Quod
3540 4192 3679 4247 infra

2081 4291 2112 4330 a
2143 4273 2299 4330 nobis
2322 4283 2645 4345 exponetur.
2675 4277 2863 4346 Neque
2890 4277 3025 4332 haec
3053 4293 3142 4334 res
3167 4279 3254 4332 illa
3287 4287 3464 4334 aetate
3499 4283 3676 4338 latuit.

2081 4368 2293 4424 Diserte
2336 4366 2481 4422 enim
2530 4375 2759 4422 narrant
2810 4366 3080 4432 historici,
3135 4367 3284 4422 Scoti
3332 4370 3502 4424 nostri
3542 4384 3679 4438 opus

2082 4461 2431 4532 compilatum
2455 4477 2574 4519 esse
2611 4461 2680 4518 ab
2711 4459 2981 4518 Amalrico
3011 4458 3110 4534 (It).
3139 4459 3211 4514 At
3245 4459 3465 4516 tradunt
3489 4461 3676 4532 etiam,

2084 4553 2231 4624 illos,
2242 4573 2472 4628 quorum
2493 4567 2630 4624 erat,
2655 4571 2762 4612 non
2785 4554 2960 4612 solum
2983 4555 3266 4612 damnasse
3288 4553 3435 4610 Scoti
3457 4556 3676 4623 librtun,

2079 4688 2357 4760 prav‘atam
2381 4678 2602 4760 indicas,
2621 4690 2782 4760 quam
2798 4682 2870 4760 ut
2892 4673 3007 4744 ipse
3039 4675 3114 4760 (p.
3141 4672 3184 4744 I)
3207 4673 3590 4760 «'e'mendata'm
3627 4693 3643 4726 ι
3659 4716 3672 4730 .

2172 4751 2233 4827 Id_)‘
2260 4749 2343 4804 Cf.
2387 4747 2520 4827 Erit.
2551 4743 2988 4827 philos._h_istot_'.
3036 4743 3173 4827 tom.
3222 4743 3288 4827 I_II
3335 4743 3485 4827 (edit.
3526 4745 3674 4827 lips.

2081 4813 2262 4889 ΠΗ),
2298 4834 2350 4888 p.
2377 4817 2504 4889 (62!.
2541 4813 2719 4889 Atque
2741 4818 2808 4872 de
2835 4818 2918 4871 his
2952 4817 3079 4889 ipsis
3103 4813 3358 4870 Bruckeri
3391 4813 3678 4889 locutioni-

2079 4891 2181 4946 bus
2202 4885 2456 4945 consulas
2493 4885 2719 4944 velimus
2740 4929 2756 4954 ,
2789 4902 2928 4958 quae
2956 4885 3100 4942 dicta
3126 4893 3252 4943 sunt
3281 4900 3404 4956 sup.
3432 4885 3565 4958 Cap.
3599 4886 3665 4955 II,

2079 4959 2638 5156 ϐοξξ)1ἑΐῖἕῆᾖῖ1ἶίθρ.
2667 5029 2733 5095 II,
2764 5029 2870 5084 col.
2900 5028 2962 5083 11
2985 5035 3095 5086 not.
3127 5044 3178 5096 e,
3210 5027 3302 5084 ubi
3331 5042 3517 5084 eorum
3541 5042 3675 5083 non-

2080 5118 2152 5156 nu
2195 5117 2256 5156 os
2282 5117 2311 5155 a
2365 5118 2395 5154 υ
2422 5116 2578 5155 ιιηιιε.

2080 5100 2256 5158 nullus
2282 5100 2578 5155 attulimus.

2153 5170 2330 5295 (ρας.
2363 5170 2521 5225 Joan.
2557 5169 2804 5226 Gersonii
2852 5184 3016 5240 opera
3063 5170 3264 5268 omnia.
3311 5166 3458 5249 Edit.
3512 5165 3675 5248 Ellies

2080 5243 2149 5295 du
2225 5257 2310 5295 tn:
2336 5241 2612 5295 Antwern.
2646 5250 2776 5295 tom.
2803 5239 2888 5295 IV.
2922 5241 3027 5294 col.
3054 5239 3149 5295 821
3199 5253 3312 5295 seu.
3347 5235 3480 5289 Vide
3508 5243 3673 5290 etiam

2080 5235 2310 5308 du‘l’in;
2336 5241 2612 5310 Antwerp.
2646 5250 2776 5296 tom.
2803 5235 2902 5304 IV;
2922 5241 3027 5294 col.
3054 5239 3149 5295 821
3199 5253 3312 5304 seq.
3347 5235 3480 5289 Vide
3508 5235 3673 5290 etiam

2080 5312 2337 5359 Tennem-
2373 5312 2499 5359 hist.
2527 5312 2718 5359 nhilns-
2747 5311 2852 5359 vol.
2879 5309 3013 5359 VIII-
3037 5324 3163 5359 nars
3184 5307 3226 5359 I.
3249 5321 3304 5359 ι).
3323 5304 3427 5358 316
3448 5321 3492 5359 s.
3519 5320 3564 5358 s.

2080 5312 2337 5368 Tennem.
2373 5312 2499 5366 hist.
2527 5307 2718 5382 philos.
2747 5311 2852 5365 vol.
2879 5309 3013 5377 VIII,
3037 5324 3163 5390 pars
3184 5307 3226 5372 I,
3249 5321 3304 5374 ι).
3323 5307 3427 5358 316
3448 5321 3492 5359 s.
3519 5320 3594 5388 ε..

2153 5383 2228 5453 (q)
2257 5381 2564 5453 Cl'.'.I‘hom.
2602 5381 2800 5453 Aquin.
2838 5380 2987 5453 ίηίιγ
3019 5374 3518 5453 hbros_sen_tent._ll
3545 5376 3669 5434 dist.

2131 5383 2228 5509 ‘5?)
2257 5383 2340 5438 Cf.
2371 5383 2564 5437 Thom.
2602 5383 2800 5453 Aquin.
2838 5383 2889 5435 in
2919 5383 2987 5434 IV
3019 5383 3184 5431 libros
3207 5383 3441 5429 sentent.
3478 5383 3518 5429 ll
3545 5383 3669 5434 dist.

2078 5453 2169 5569 IXV‘
2200 5452 2394 5569 Ἀρὰ
2425 5443 3335 5569 Αὗξὴὲηὲἒῐξᾞὲιιίιῖδῖωιιιειιιῡοι.
3361 5460 3413 5516 p.
3442 5445 3482 5502 I.
3513 5456 3671 5505 tract.

2081 5524 2169 5581 IV.
2200 5519 2418 5592 QIXX.
2453 5522 2587 5578 Vide
2617 5521 2878 5577 Tennem.
2907 5519 2944 5572 l.
2976 5519 3013 5569 l.

2081 5666 2093 5668 _
2151 5594 2230 5668 (Ιι)
2266 5591 2350 5650 Ci.
2395 5593 2625 5650 Gersou.
2679 5601 2735 5646 et
2785 5589 3047 5646 Tennem.
3095 5585 3203 5644 loc.
3252 5603 3370 5664 sup.
3422 5591 3554 5662 (not.
3604 5595 3669 5666 Γ.)

2078 5666 2219 5722 laud.

2079 5801 2354 5858 oculorum
2381 5796 2584 5869 lumine
2613 5795 2877 5868 privatus,
2901 5812 3008 5852 non
3031 5797 3137 5854 nisi
3161 5811 3260 5869 per
3312 5797 3446 5852 alios
3487 5810 3668 5869 rerum

2080 5873 2260 5928 minus
2271 5870 2474 5940 peritos
2486 5867 2781 5928 editiOnem
2795 5884 2989 5942 parare
3008 5867 3202 5943 potuit.
3227 5870 3493 5926 Amunv.
3513 5868 3667 5922 Enn.
