4152 6276
319 387 390 444 55
1191 390 1275 444 DE
1315 390 1474 448 ἮΤΔ
1514 390 1602 446 ΕΤ
1637 391 2046 447 PRAﬁGi'JP'l'iS
2084 393 2130 447 J.
2177 394 2395 450 SCOTI.
2425 401 2496 436 '—-'-
2542 395 2723 452 PARS
2765 397 2806 452 ll
3025 411 3034 420 '
3547 405 3616 460 54

1077 499 1192 571 δε.

403 589 444 645 l.
485 611 504 643 ‹
537 579 717 646 Prima
769 607 830 646 ac
857 607 1064 646 summa
1103 593 1396 664 (naturae)
1445 595 1640 650 divisio
1671 596 1832 650 estin
1862 611 1925 650 ea

334 700 476 754 (piae
499 693 640 750 sunt,
671 694 722 738 et
749 686 802 738 in
833 683 893 738 ea
924 702 1064 756 quae
1093 703 1196 742 non
1227 697 1354 742 sunt
1389 709 1431 740 ι.
1467 688 1550 758 (l,
1589 688 1678 758 Ι.)

405 775 677 830 Habentur
699 787 880 832 autem
907 779 1147 848 quinque
1179 799 1197 831 ‹
1225 782 1366 836 modi
1415 802 1462 846 ι,
1495 782 1692 851 quibus
1721 781 1926 851 aliquid

336 868 433 922 dici
456 878 636 936 potest
661 869 746 922 vel
781 889 798 920 ι
831 886 974 936 esse,
1010 893 1026 922 ι
1063 872 1148 926 vel
1185 891 1202 923 ι
1235 889 1338 926 non
1373 889 1490 927 esse
1527 893 1570 928 ι.

1075 973 1184 1060 ξε.

399 1116 418 1148 ι
447 1095 700 1165 Quorum
727 1099 942 1169 primus
968 1099 1196 1166 Videtur,
1219 1115 1316 1172 per
1343 1101 1508 1173 quem
1539 1103 1676 1160 ratio
1708 1105 1920 1170 snadet,
2013 1149 2016 1152 .

327 1191 512 1254 omnia
535 1231 549 1256 ,
595 1203 740 1260 quae
769 1193 1032 1262 corporeo
1063 1193 1240 1248 sensui
1267 1193 1352 1249 vel
1391 1193 1777 1264 intelligentiae
1801 1213 1924 1267 per-

331 1280 576 1351 ceptioni
607 1284 986 1350 succumbunt,
1015 1289 1173 1354 posse
1209 1285 1598 1342 rationabiliter
1625 1283 1726 1342 dici
1757 1303 1878 1342 esse
1905 1305 1920 1340 :

335 1385 480 1441 quae
525 1383 654 1426 vero
697 1387 794 1441 per
839 1373 1212 1429 excelluntiain
1265 1387 1394 1432 suae
1443 1379 1667 1432 naturae
1706 1391 1924 1434 omnem

337 1477 578 1528 sensum,
599 1464 927 1519 intellectum
959 1469 1333 1536 rationemque
1361 1467 1588 1538 fugiunt,
1607 1465 1729 1536 jure
1749 1461 1924 1523 videri

335 1567 442 1608 non
469 1567 588 1608 esse
623 1573 666 1606 ι.
707 1554 820 1610 Hoc
851 1557 1016 1626 igitur
1045 1559 1204 1612 modo
1229 1559 1482 1614 dicuntur
1511 1573 1630 1615 esse
1658 1559 1922 1630 quaedam

331 1645 758 1716 uniuscujusque
803 1651 1076 1705 essentiae
1119 1653 1448 1717 accidentia,
1491 1667 1598 1706 non
1640 1667 1760 1708 esse
1797 1669 1926 1708 vero

327 1737 472 1807 ipsas
499 1741 810 1806 essentias;
853 1743 1126 1798 essentiae
1167 1743 1376 1816 (enim)
1409 1749 1777 1814 agnoscuntur
1817 1747 1924 1799 non

329 1849 346 1880 ε
378 1831 508 1901 quid
535 1832 646 1888 sint
675 1845 724 1900 1,
753 1835 849 1890 sed
876 1835 1130 1906 (tantum)
1169 1857 1186 1888 ι
1213 1837 1343 1906 quia
1369 1839 1480 1892 sint
1511 1857 1554 1891 ι.
1590 1837 1652 1910 (Ῑ,
1683 1835 1852 1909 2δ5.)

1061 1939 1176 2020 gi.

400 2075 418 2106 ι
449 2054 733 2113 Secundus
761 2059 955 2115 modus
997 2061 1050 2115 in
1087 2071 1404 2117 naturarum
1438 2073 1746 2120 creatarum
1776 2065 1926 2119 ordi-

324 2139 482 2202 nibus
531 2149 926 2206 consideratur.
975 2145 1357 2224 Unusquisque
1406 2155 1540 2210 ordo
1589 2163 1768 2227 potest
1815 2157 1920 2210 dici

328 2255 476 2306 esse,
527 2253 580 2297 et
615 2261 718 2299 non
749 2261 886 2300 esse.
921 2245 1198 2302 Inferioris
1241 2249 1385 2304 enim
1418 2249 1728 2316 aﬂirmatio,
1761 2265 1927 2322 supe-

335 2329 488 2384 rioris
512 2341 592 2386 est
619 2336 868 2405 negatio;
912 2337 1186 2394 inferioris
1223 2341 1468 2414 negatio,
1503 2349 1586 2396 est
1621 2343 1923 2412 superioris

339 2419 622 2476 allii-mulio
650 2444 666 2474 ι
703 2433 806 2478 θυι.
847 2421 912 2496 tl,
935 2427 1014 2499 4.)

1067 2540 1176 2610 gs.

405 2665 422 2696 ι
460 2645 644 2702 Tertio
675 2648 834 2702 modo
863 2663 952 2713 ea,
983 2661 1124 2719 quae
1150 2665 1216 2705 ex
1245 2643 1427 2706 causis
1455 2653 1567 2706 suis
1605 2654 1658 2706 in
1698 2657 1924 2711 materia

317 2737 580 2801 iiii-mata,
613 2738 665 2790 in
697 2739 1038 2808 temporibus
1063 2747 1120 2794 et
1147 2739 1282 2795 locis
1305 2743 1560 2812 generata
1591 2755 1922 2815 cognoscun-

327 2837 436 2894 tur,
472 2831 704 2899 quadam
733 2833 1129 2888 consttetudiue
1159 2833 1395 2890 dicimus
1431 2845 1584 2901 esse;
1627 2853 1763 2907 quae
1791 2849 1920 2894 vero

327 2917 508 2974 adhuc
547 2921 598 2972 in
639 2922 770 2990 ipsis
815 2931 1044 2978 naturae
1075 2925 1288 2981 sinibus
1311 2925 1682 2992 continentur,
1723 2941 1826 2984 nec
1863 2927 1918 2986 in

337 3008 572 3064 formata
605 3017 831 3067 materia
864 3055 876 3068 .
911 3055 924 3068 .
965 3053 979 3068 .
1011 3027 1292 3087 apparent,
1323 3022 1504 3076 eadem
1529 3024 1920 3079 consuetudine

333 3103 568 3157 dicimus
599 3119 704 3160 non
735 3120 856 3162 esse
895 3128 939 3160 ι.
976 3107 1026 3179 (Ι
1049 3151 1062 3175 ,
1091 3109 1184 3180 5.)

1059 3221 1176 3296 go.

399 3348 418 3378 ‹
451 3327 688 3396 Quartus
718 3333 908 3388 modus
953 3339 1244 3391 secundum
1289 3339 1638 3412 philosorihos
1667 3359 1777 3397 non
1811 3343 1912 3398 im-

317 3413 671 3488 probabiliter
703 3438 764 3476 ea
797 3433 999 3478 tantum
1031 3443 1154 3482 vere
1179 3445 1296 3484 esse
1326 3431 1479 3498 dicit,
1505 3421 1656 3502 quae
1688 3435 1804 3490 solo
1834 3437 1912 3490 in-

319 3513 534 3567 tellectu
567 3503 1128 3587 comprehenduntur;
1158 3539 1294 3590 quae
1320 3535 1498 3580 autem
1525 3525 1766 3582 locorum
1791 3544 1916 3600 spa-

315 3605 406 3658 tiis
455 3607 866 3676 temporumque
913 3609 1146 3665 metilius
1191 3615 1504 3680 variantur,
1555 3611 1908 3686 colliguntur,

315 3696 624 3766 solvuntur,
653 3713 784 3754 vere
816 3697 1068 3756 dicuntur
1098 3717 1204 3758 non
1233 3720 1352 3760 esse
1383 3727 1425 3760 ι.
1459 3706 1532 3777 (ι,
1564 3707 1642 3780 6.)

1055 3833 1168 3912 ετ.

403 3955 422 3996 t
457 3943 685 4012 Quintus
713 3947 906 4006 modus
929 3951 983 4005 in
1011 3951 1124 4006 sola
1155 3959 1346 4007 natura
1375 3953 1610 4011 humana
1641 3971 1669 4011 a
1703 3943 1911 4017 ratione

315 4039 672 4108 conspicitur.
707 4040 856 4098 Haec
903 4045 1080 4112 enim,
1129 4047 1380 4115 quoniam
1419 4049 1630 4104 divinae
1663 4051 1910 4123 imaginis

313 4133 664 4202 dignitatem,
695 4136 748 4188 in
783 4149 887 4205 qua
919 4137 1136 4208 proprie
1162 4141 1423 4207 Substitit,
1457 4141 1726 4212 peccando
1754 4147 1908 4200 (lese-

315 4228 452 4290 ruit,
480 4229 676 4283 merito
703 4243 823 4284 esse
849 4245 1002 4285 suum
1035 4233 1301 4302 perdidit,
1334 4245 1388 4288 et
1423 4235 1542 4290 ideo
1574 4237 1768 4292 dicitur
1805 4253 1910 4293 non

323 4333 486 4384 esse;
539 4323 666 4374 dum
715 4335 842 4377 vero
883 4323 976 4379 Del
1027 4327 1201 4396 gratia
1249 4331 1552 4384 restaurata
1599 4333 1664 4384 ad
1721 4327 1910 4399 pristi-

323 4425 456 4462 num
493 4409 818 4468 substantiae
846 4425 972 4471 suae
1001 4425 1202 4472 statum
1251 4419 1544 4486 reducitur,
1587 4421 1804 4477 inchoat
1837 4425 1910 4478 vi—

321 4515 450 4555 vere
474 4499 551 4573 (η)
583 4519 627 4556 ι.
655 4501 723 4575 (Ι,
755 4503 831 4574 7.)

393 4725 411 4756 ε
441 4703 702 4764 Videmus
735 4709 919 4784 itaque
939 4753 954 4774 ,
991 4713 1288 4769 cavendum
1318 4733 1468 4782 esse,
1502 4734 1568 4773 nc
1595 4719 1701 4774 illis
1723 4759 1736 4786 ,
1769 4736 1907 4790 quae

317 4795 515 4852 Scottis
539 4797 780 4855 Naturae
818 4803 1036 4858 nomine
1069 4807 1510 4876 comprehemiit,
1559 4809 1909 4881 pluribusque

315 4889 492 4945 modis
521 4901 613 4944 aut
639 4907 758 4948 esse
785 4903 876 4949 aut.
909 4911 1012 4950 non
1048 4914 1166 4952 esse
1193 4895 1296 4953 dici
1323 4918 1480 4970 posae
1507 4903 1760 4967 declarat,
1804 4907 1909 4962 ullo

315 4989 476 5048 pacto
503 4985 768 5038 contineri
800 4987 1172 5043 existimemus
1215 5006 1336 5056 res,
1370 5008 1509 5062 quae
1543 5011 1666 5049 vere
1695 5011 1757 5048 ac
1782 5013 1907 5062 pro—

395 5137 470 5219 (a)
499 5135 810 5219 Reducetur
835 5143 1090 5219 videlicet
1119 5147 1430 5217 aliquando,
1454 5151 1811 5219 quodcun‘qnc
1833 5159 1914 5204 est

317 5209 598 5288 hominm"
634 5215 710 5285 (et
737 5219 862 5269 cum
889 5209 1400 5288 ituminiluts'etiam
1419 5209 1640 5288 reliqua
1677 5237 1692 5268 ι
1725 5209 1914 5275 'visibi-

315 5279 452 5360 lium
482 5279 657 5360 rerum
687 5297 884 5360 neutra
915 5287 975 5360 ι)
1003 5287 1434 5360 substantialitcr
1471 5292 1524 5343 in
1551 5279 1910 5348 substantiam

313 5351 578 5428 divinant.
611 5355 764 5422 Quod
799 5351 1124 5428 infra'latius
1146 5375 1499 5428 exponemus.

385 5423 462 5502 (ὁ)
613 5441 898 5502 sup_._cap._
922 5426 1136 5502 lV.7coi.
1161 5423 1254 5496 ai,
1281 5441 1400 5486 uel.
1421 5445 1452 5483 ἐ
1477 5443 1627 5502 seqq.

385 5493 460 5566 (cr)
489 5495 572 5566 tit”.
605 5493 976 5552 tie—Divaat.
1013 5501 1050 5566 I-,
1084 5501 1136 5554 ὅ.

345 5565 464 5648 qui.)
495 5565 702 5648 Quarta
733 5567 826 5624 illa
863 5579 1088 5624 naturae
1133 5573 1445 5648 speciesita
1485 5593 1504 5626 ι
1541 5576 1679 5632 inter
1709 5579 1910 5648 impos-

309 5634 490 5716 sibilia
527 5642 752 5705 ponitur
790 5661 832 5706 ι,
863 5651 922 5696 ιιι
957 5653 1062 5696 non
1104 5634 1176 5697 sit
1218 5646 1486 5713 quoddam
1519 5661 1614 5716 per
1641 5663 1700 5704 se
1734 5667 1750 5696 α
1789 5634 1915 5701 sub-

305 5713 512 5785 sistens
549 5729 566 5760 ι
599 5721 972 5785 quartumque
1005 5727 1037 5766 a
1079 5716 1252 5770 tribus
1287 5716 1392 5771 illis
1421 5713 1712 5773 diversum.
1745 5717 1914 5773 Doce—

309 5773 494 5856 biums
523 5773 702 5836 autcm
741 5773 900 5848 inira;
933 5797 1186 5859 quartato
1231 5797 1468 5842 nostram
1519 5799 1740 5844 mitur-ae
1787 5805 1910 5859 spe“-

311 5861 452 5902 crem
481 5865 606 5908 esse
631 5870 797 5910 unam
819 5857 1156 5928 eandemque
1177 5873 1300 5914 cum
1323 5859 1502 5928 specie
1521 5861 1714 5930 prima,
1739 5857 1914 5932 ipsum

1949 1869 1996 1928 Β

1949 506 1998 566 Α
2029 505 2144 572 prie
2171 504 2350 558 miliae
2375 507 2485 560 sint
2519 505 2812 573 dicendae,
2847 513 2987 580 quae
3025 515 3154 566 vere
3182 526 3246 566 ac
3273 517 3492 585 proprie
3535 531 3617 570 re-

2029 597 2310 665 periantur
2335 611 2620 666 nusquam.
2655 599 2836 666 Quare
2861 599 3020 672 longe
3047 603 3154 658 alia
3191 613 3274 659 est
3301 607 3464 674 ratio,
3494 625 3616 663 cum

2029 687 2226 744 Scutus
2245 699 2465 758 peccata
2485 701 2942 764 peccatorumque
2962 710 3165 765 poenas
3185 711 3306 752 esse
3331 710 3494 770 negat
3509 701 3613 771 (bi:

2023 791 2246 847 peccata
2291 783 2434 836 enim
2484 791 2540 838 et
2583 797 2790 852 poenae
2827 786 2876 840 ei
2907 801 3032 842 vere
3059 788 3201 842 nulla
3231 799 3387 855 sunt,
3421 793 3618 862 quippe

2028 887 2167 940 quae
2213 873 2314 926 nisi
2357 873 2410 927 in
2459 889 2672 940 rerum,
2709 889 2846 944 quae
2884 887 3044 946 sunt,
3083 879 3480 948 privationibus
3511 897 3614 938 nou

2028 963 2398 1033 intelligantur
2428 966 2520 1036 (c).

2097 1159 2158 1224 il.
2189 1170 2308 1226 Jam
2339 1189 2468 1228 vero
2515 1173 2616 1228 alia
2665 1185 2748 1228 est
2797 1175 3071 1248 multoque
3119 1181 3336 1250 gravior
3383 1183 3614 1240 Naturae

2027 1249 2240 1316 divisio.

2103 1373 2120 1404 ε
2159 1354 2307 1420 Quae
2337 1355 2530 1410 divisio
2561 1357 2773 1413 videtur
2816 1369 3048 1428 quatuor
3087 1363 3294 1430 species
3331 1365 3611 1434 recipere:

2025 1461 2254 1514 quarum
2293 1447 2469 1516 prima
2507 1457 2620 1512 est,
2666 1465 2804 1519 quae
2850 1459 2998 1506 creat
3029 1461 3083 1506 et
3113 1469 3218 1508 non
3252 1465 3498 1522 creatur;
3532 1473 3615 1512 sc-

2025 1539 2222 1602 cunda,
2256 1555 2393 1607 quae
2434 1551 2651 1596 creatur
2678 1549 2732 1595 et
2775 1553 2956 1610 creat;
3010 1545 3166 1599 tertia
3191 1587 3203 1610 ,
3235 1562 3373 1616 quae
3401 1557 3616 1602 creatur

2026 1637 2080 1684 et
2109 1645 2213 1682 non
2245 1638 2425 1695 creat;
2475 1641 2701 1702 quarta,
2734 1649 2870 1702 quae
2903 1651 3002 1690 nec
3034 1645 3185 1690 creat
3231 1651 3330 1692 nec
3372 1648 3613 1694 creatur.

2025 1719 2229 1774 Harum
2279 1731 2513 1789 quatuor
2559 1725 2718 1778 binae
2765 1725 2906 1779 inter
2953 1742 3010 1781 se
3055 1737 3430 1798 opponuntur:
3485 1745 3610 1784 nam

2029 1811 2186 1864 tertia
2213 1813 2501 1881 opponitur
2523 1815 2748 1882 primae,
2766 1825 2957 1886 quarta
2981 1818 3267 1872 secundae.
3285 1818 3388 1873 Sed
3416 1813 3602 1890 quarta

2027 1901 2168 1954 inter
2196 1901 2548 1971 impossibilia
2579 1906 2814 1972 ponitur,
2858 1906 3010 1976 cujus
3042 1907 3338 1962 differentia
3371 1919 3471 1974 est,
3505 1927 3610 1964 non

2025 2009 2185 2065 posse
2235 2010 2369 2052 esse.
2401 2027 2472 2036 —
2499 1995 2723 2052 Multum
2757 1997 3074 2070 (discipulus
3124 2000 3260 2073 iniit)
3307 2018 3393 2057 me
3435 2012 3616 2058 movet

2028 2098 2221 2158 quarta
2253 2089 2502 2159 species;
2547 2107 2666 2144 nam
2698 2092 2762 2146 de
2792 2092 2912 2146 aliis
2944 2091 3113 2147 tribus
3140 2093 3284 2148 nullo
3311 2095 3468 2150 modo
3491 2096 3616 2152 bae-

2027 2182 2192 2236 sitarc
2223 2183 2425 2247 ausim,
2476 2199 2597 2238 cum
2641 2185 2812 2252 prima
2861 2186 2914 2240 in
2961 2201 3122 2240 causa
3153 2187 3430 2252 omnium,
3475 2204 3612 2256 quae

2027 2281 2167 2336 sunt,
2199 2279 2250 2326 et
2283 2289 2421 2340 quae
2449 2289 2554 2326 non
2582 2283 2724 2340 sunt,
2759 2275 3105 2346 intelligatur;
3135 2278 3368 2331 secunda
3397 2293 3525 2332 vero
3557 2280 3610 2334 in

2028 2365 2462 2434 pz-imortiialilms
2501 2367 2707 2432 causis;
2749 2367 2908 2421 tertia
2955 2368 3004 2420 in
3053 2368 3169 2433 bis,
3207 2385 3344 2440 quae
3375 2369 3424 2422 in
3453 2384 3617 2440 gene-

2029 2457 2232 2512 l'illiOiiC
2285 2461 2724 2532 temporibusque
2775 2479 2838 2516 ac.
2881 2461 3012 2516 locis
3061 2471 3461 2532 cognoscuntur
3510 2463 3604 2534 ((1).

2023 2551 2198 2622 Atque
2245 2553 2310 2606 de
2361 2553 2588 2624 singulis
2637 2555 2902 2628 disputari
2951 2555 3198 2611 subtilius
3245 2557 3608 2612 necessarium

2020 2653 2103 2699 est
2145 2665 2187 2697 ι.
2228 2645 2374 2716 (1,1,
2409 2647 2469 2711 ιι,
2505 2647 2582 2718 ι.)

2742 2740 2768 2808 §
2817 2741 2902 2794 to.

2096 2853 2158 2906 A.
2195 2871 2210 2902 ι
2243 2851 2423 2906 Prima
2451 2851 2614 2919 igitur
2636 2849 2868 2906 Naturae
2893 2852 3100 2920 species
3125 2851 3236 2905 visa
3264 2861 3348 2906 est
3369 2867 3453 2918 ea,
3478 2866 3616 2922 quae

2022 2951 2172 2996 creat
2200 2953 2254 2996 et
2283 2947 2644 2998 numerentur
2679 2949 2724 2992 ι.

2099 3035 2242 3088 llaec
2279 3053 2295 3085 ι
2332 3035 2397 3088 de
2426 3033 2538 3088 solo
2571 3031 2679 3088 Deo
2727 3041 2873 3088 recte
2920 3031 3299 3104 praeditiaiur‘:
3339 3021 3427 3087 hic
3471 3025 3613 3088 enim

2022 3115 2169 3183 solus
2205 3128 2387 3182 omnia
2434 3143 2627 3182 creans
2647 3169 2660 3192 ,
2695 3127 2840 3182 solus
2869 3127 2982 3182 sine
3013 3125 3277 3200 principio
3307 3143 3426 3182 esse
3453 3123 3612 3210 inte].

1947 3227 1993 3290 (ζ
2023 3219 2229 3290 ligitur,
2256 3221 2378 3290 quia
2407 3219 2722 3290 principalis
2750 3235 2912 3275 causa
2944 3219 3206 3286 ontnium,
3247 3223 3384 3291 quae
3408 3233 3470 3274 ex
3502 3220 3616 3290 ipso

2015 3321 2070 3369 et
2099 3329 2196 3383 per
2235 3313 2405 3381 ipsum
2451 3313 2590 3368 facta
2641 3315 2797 3378 sunt,
2849 3311 2991 3367 solus
3033 3321 3152 3377 est;
3188 3330 3248 3368 ac
3291 3313 3386 3384 per
3417 3305 3517 3367 hoc
3561 3320 3616 3367 et

2015 3405 2258 3458 omnium
2283 3445 2296 3467 ,
2329 3419 2466 3472 quae
2493 3421 2555 3457 ex
2593 3403 2708 3473 ipso
2738 3407 2894 3465 sunt,
2929 3403 3049 3456 linis
3085 3407 3204 3456 est:
3255 3401 3426 3473 ipsum
3467 3403 3612 3456 cnim

2022 3493 2202 3546 omnia
2251 3503 2530 3564 appetunt.
2561 3485 2890 3563 Principium
2923 3503 3034 3576 oft,
3084 3493 3206 3562 quia
3247 3507 3314 3548 ex
3345 3494 3460 3564 ipso
3491 3499 3618 3547 Sunt

1995 3585 2217 3648 ,onu’tia,
2257 3601 2394 3655 quae
2436 3587 2725 3639 essentiam
2789 3575 3151 3656 participaui;
3195 3575 3314 3640 iiuis
3348 3595 3450 3650 est,
3488 3589 3613 3654 quia

2017 3675 2082 3729 ad
2116 3677 2290 3746 ipsimi
2325 3685 2610 3732 moventur
2638 3679 2838 3742 ontnia,
2867 3679 3098 3746 quietem
3139 3687 3317 3732 motus
3347 3679 3427 3733 sui
3457 3687 3612 3732 suae-

2015 3771 2119 3838 q'ue
2143 3765 2491 3838 perfectionis
2519 3769 2866 3825 stabilitatem
2900 3771 3217 3838 quaerentia
3258 3789 3301 3824 ι.
3339 3763 3415 3841 (1,
3449 3757 3559 3842 l2.)

2728 3877 2880 3956 §11.

2091 4013 2108 4044 ι
2155 3995 2232 4048 Ex
2262 3997 2492 4050 essentia
2523 4012 2728 4060 eorum,
2762 4012 2900 4065 quae
2928 4006 3072 4061 sunt,
3093 4011 3160 4050 ex
3179 3997 3406 4050 mirabili
3433 4011 3611 4052 rerum

2013 4085 2226 4148 ordine,
2253 4101 2318 4139 cx
2351 4095 2496 4140 motu
2539 4089 2780 4140 omnium
2808 4088 2984 4140 stabili
3011 4087 3242 4154 theologi
3269 4095 3416 4140 recte
3453 4087 3612 4141 intel-

2017 4177 2292 4241 lexerunt,
2327 4177 2582 4230 Naturam
2617 4181 2932 4232 creati-iecur
2963 4188 3018 4230 et
3055 4195 3193 4240 esse,
3223 4187 3278 4232 et
3319 4194 3526 4246 sapere,
3560 4188 3610 4236 et

2015 4267 2216 4321 vivere;
2247 4267 2324 4321 Ac
2355 4283 2449 4336 per
2471 4267 2572 4322 hoc
2603 4268 2950 4336 inquisitores
2981 4269 3222 4320 veritatis
3248 4271 3608 4336 tradiderunt,

2015 4377 2110 4432 per
2131 4359 2424 4414 essentiam
2441 4358 2662 4430 intelligi
2683 4359 2920 4420 Patrem,
2935 4373 3030 4428 per
3051 4357 3366 4424 sapientiam
3391 4358 3608 4424 Filium,

2019 4467 2113 4522 per
2143 4453 2308 4506 vitam
2339 4451 2598 4521 Spiritum
2630 4449 2910 4504 Sanctum.
2951 4448 3140 4518 itaque
3185 4447 3479 4503 trinitatem
3511 4448 3609 4504 do-

2019 4555 2248 4600 cuerunt
2277 4561 2396 4601 esse
2437 4545 2490 4598 in
2521 4543 2744 4598 unitate.
2785 4573 2855 4582 ——
2891 4541 3062 4598 Unam
3097 4539 3338 4596 omnium
3387 4555 3608 4596 causam

1935 4623 1987 4684 D
2016 4637 2268 4692 dixerunt
2298 4639 2582 4691 unitatem.
2613 4634 2782 4703 Hujus
2811 4643 3010 4700 autem,
3053 4634 3288 4690 mirabili
3313 4650 3434 4690 eam
3466 4635 3576 4690 mul

2019 4729 2300 4796 tipiicitate
2320 4737 2656 4794 contuentes,
2689 4735 2796 4784 tres
2819 4727 3242 4800 substantias.(.c)
3259 4727 3603 4784 intellexere:

2017 4819 2332 4887 ingenitam,
2358 4807 2615 4888 genitum,
2649 4821 3045 4888 procedentem.
3081 4819 3332 4874 Habitum
3360 4821 3428 4894 (s.
3473 4821 3608 4876 rela-

2021 4910 2240 4979 tionem)
2275 4911 2542 4979 ingenitae
2570 4911 2634 4964 ad
2663 4912 2898 4981 genitam
2931 4911 3348 4966 nominaverunt
3370 4913 3604 4976 Patrem,

2020 4997 2260 5052 habitum
2285 5001 2498 5068 genitae
2529 5001 2596 5056 ad
2625 5000 2918 5072 ingenitam
2950 5002 3206 5057 dixerunt
3241 5001 3459 5068 Filium,
3507 5004 3606 5057 ba-

2027 5157 2211 5210 lteum.
2243 5157 2385 5210 Deus
2416 5155 2581 5220 enim,
2613 5157 2868 5234 quoniam
2906 5167 2971 5212 ex
3015 5171 3071 5211 se
3101 5155 3302 5234 eduxit,
3338 5167 3605 5234 quaecun-

2021 5243 2126 5290 uue
2169 5239 2348 5280 rerum
2390 5223 2694 5282 creatarttm
2729 5229 2932 5282 ambitu
2981 5227 3359 5282 continentur,
3411 5223 3606 5275 dicitur

2022 5299 2222 5352 Natura
2247 5313 2350 5352 non
2379 5307 2558 5354 creata
2587 5314 2798 5372 creans,
2829 5301 3081 5372 quoniam
3107 5305 3287 5372 autem
3315 5293 3606 5372 aliquando

2021 5370 2202 5423 munia
2235 5369 2320 5422 illa
2370 5371 2422 5423 in
2465 5387 2522 5424 se
2569 5371 2790 5424 reducta
2822 5363 3275 5434 ciunprciwmict,
3323 5363 3454 5415 nihil
3495 5381 3606 5416 am-

2023 5440 2160 5510 plius
2203 5456 2268 5492 ex
2313 5455 2370 5494 se
2411 5442 2672 5510 edocens,
2720 5441 2918 5510 Natura
2950 5435 3246 5502 appellatur
3287 5447 3390 5486 non
3423 5445 3602 5490 creata

2027 5507 2128 5565 non
2159 5523 2372 5565 creans.
2399 5511 2481 5564 (if.
2509 5509 2574 5572 il,
2609 5511 2642 5560 ‘2
2667 5525 2680 5574 ;
2721 5510 2804 5570 lli,
2833 5507 2920 5558 ‘25.

2098 5583 2164 5650 (τι)
2207 5579 2321 5635 Lib.
2369 5581 2434 5642 ll,
2467 5581 2540 5632 ‘29
2591 5577 2782 5650 scribit
2825 5591 2865 5650 :_
2903 5573 3014 5650 Una
3059 5575 3292 5630 essentia
3335 5578 3384 5630 in
3435 5581 3606 5634 tribus

2023 5645 2357 5710 substantiis,
2387 5661 2439 5702 et
2465 5659 2576 5701 tres
2603 5645 2936 5698 substantiae.
2967 5645 3022 5696 in
3050 5653 3153 5699 una
3176 5651 3406 5702 essentia
3429 5681 3495 5690 —
3519 5651 3604 5704 vel

2023 5727 2314 5777 secundum
2367 5733 2518 5771 usum
2573 5719 2846 5770 Romanae
2889 5715 3137 5787 linguae:
3171 5727 3274 5774 tina
3303 5723 3600 5775 substantia

2025 5795 2076 5846 iu
2107 5793 2281 5846 tribus
2311 5789 2575 5860 personis,
2607 5793 2662 5840 et
2683 5791 2792 5839 tres
2835 5801 3098 5860 personae
3139 5791 3191 5845 in
3219 5805 3322 5846 una
3353 5792 3600 5846 substan-

2025 5863 2219 5918 tia.t.‘.t'.
2247 5857 2322 5930 u,‘
2341 5857 2537 5915 suam
