4152 6276
566 395 632 452 55
1602 398 1692 454 ns
1728 397 1995 457 manus
2022 400 2246 459 sco'ro
2272 402 2795 467 COMMENTATIO.
2956 380 2963 387 ’
3781 425 3859 483 ευ

472 564 475 571 λ
565 509 732 565 bitum
754 509 1199 614 pr‘oe'edentisﬂad
1223 510 1516 614 ingenitam
1535 511 1888 614 genitamque
1913 516 2150 587 appella-
2173 521 2223 581 Α
2251 520 2467 578 bonitas
2497 522 2883 598 (superbonus)
2912 537 3021 584 etc.
3043 529 3260 600 Omnia,
3289 546 3432 604 quae
3456 536 3690 607 adjectis
3724 558 3858 614 par-

566 608 757 653 verunt
801 599 1064 670 Spiritum
1096 599 1375 659 Sanctum.
1413 604 1491 659 Ita
1518 604 1911 663 Abraham'est
1956 622 2154 666 nomen

563 690 899 747 substantiae
924 691 992 765 (ε.
1024 695 1313 766 personae)
1352 702 1408 751 et
1451 692 1602 752 Isaac
1645 705 1733 752 est
1776 712 1975 755 nomen
2029 699 2158 756 sub.

563 785 825 841 stantiae:
860 784 1005 842 illius
1025 786 1242 843 habitus
1276 790 1345 844 ad
1376 788 1522 845 hunc
1550 789 1755 845 dicitur
1780 799 1956 862 pater,
1998 792 2158 866 hujus

564 876 779 933 habitus
800 874 868 932 ad
893 875 1044 933 illum
1078 886 1309 935 vocatur
1328 878 1472 935 ﬁlius
1507 898 1554 935 ι.
1582 879 1646 951 (l,
1670 880 1786 953 14.)

1277 992 1305 1065 §
1344 993 1432 1048 is.

634 1108 711 1163 De
730 1107 1076 1178 processione
1098 1107 1337 1179 Spiritus
1358 1110 1532 1167 sancti
1563 1110 1760 1168 Scotus
1784 1114 1953 1171 multo
1981 1117 2157 1189 magis
2249 1158 2252 1162 .

560 1200 888 1258 Graecorum
933 1203 1238 1257 sententiae
1274 1200 1439 1270 favet,
1470 1218 1632 1274 quam
1678 1205 2013 1263 Latinorum.
2065 1210 2157 1265 Ait

560 1293 746 1363 igitur,
777 1292 1233 1363 quemadmodum
1269 1294 1499 1361 dicatur,
1545 1311 1651 1350 una
1693 1298 1927 1352 essentia
1974 1297 2154 1355 divina

560 1387 615 1441 in
659 1387 834 1441 tribus
886 1385 1202 1441 substantiis
1236 1395 1367 1454 etc.,
1411 1389 1484 1443 ita
1515 1388 1659 1459 (cum
1687 1390 1925 1446 essentia
1974 1391 2156 1449 divina

562 1477 635 1533 sit
655 1477 897 1532 omnium
919 1475 1106 1548 causa)
1135 1478 1298 1533 etiam
1329 1478 1432 1533 dici
1463 1494 1642 1548 posse,
1665 1497 1825 1535 unam
1851 1497 2072 1537 causam
2099 1483 2156 1539 in

562 1567 736 1623 tribus
762 1569 961 1629 causis.
984 1567 1103 1623 Jam
1139 1584 1291 1635 vero,
1320 1585 1445 1625 cum
1473 1570 1660 1626 nullihi
1688 1572 1743 1627 in
1759 1587 1941 1627 rerum
1961 1581 2157 1629 natura

561 1677 629 1717 ex
658 1662 864 1718 duabus
904 1664 1084 1718 causis
1111 1662 1205 1717 ﬁat
1232 1679 1362 1729 una,
1392 1678 1450 1719 se
1478 1680 1582 1719 non
1616 1665 1822 1730 videre,
1854 1682 1962 1737 quo
1994 1676 2157 1737 pacto

559 1767 628 1808 ex
662 1753 823 1808 Patre
857 1761 912 1809 et
950 1753 1088 1810 Filio
1135 1752 1368 1827 (duabus
1405 1756 1606 1823 causis)
1638 1760 1933 1827 procedere
1980 1761 2155 1831 possit

560 1844 794 1915 Spiritus
820 1855 1043 1902 sanctus
1072 1843 1202 1919 [una
1232 1861 1396 1903 causa
1426 1846 1547 1920 (a)].
1580 1847 1732 1916 Quod
1757 1850 1801 1904 si
1832 1851 1999 1917 dicas,
2033 1851 2153 1907 ideo
2182 1887 2232 1949 Β

560 1936 824 2005 Spiritum
849 1946 1097 1993 sanctum
1126 1938 1194 1993 de
1213 1937 1371 1994 Patre
1394 1938 1641 2009 Filioque
1669 1942 1981 2009 procedere,
2009 1945 2152 2012 quod

558 2041 656 2095 per
699 2026 895 2082 Filium
924 2028 992 2082 de
1010 2028 1174 2083 Patre
1196 2029 1479 2099 procedat,
1510 2029 1567 2083 in
1597 2029 1701 2085 hoc
1740 2032 1827 2085 vix
1860 2031 2155 2102 quidquam

560 2130 700 2181 esse,
737 2130 860 2171 cum
889 2116 1060 2172 Filius
1089 2126 1143 2173 et
1172 2119 1288 2188 ipse
1328 2134 1547 2174 causam
1593 2134 1745 2174 suam
1796 2121 1997 2177 habeat
2054 2122 2154 2179 Pa-

562 2215 699 2263 trem
730 2207 813 2279 (ΙΙ,
844 2208 946 2275 19;
975 2208 1043 2273 ll,
1073 2208 1282 2280 50-55).
1331 2208 1516 2280 Neque
1540 2219 1719 2265 tamen
1752 2226 2005 2268 recusare
2056 2229 2155 2269 au-

560 2302 672 2370 det,
696 2301 987 2372 quominus
1008 2303 1195 2357 credat
1219 2301 1483 2373 Spiritum
1498 2303 1562 2359 de
1587 2302 1750 2359 Patre
1770 2303 2017 2375 Filioque
2030 2322 2156 2377 pro-

560 2397 785 2454 cedere:
811 2412 935 2453 nam
959 2406 1178 2454 sanctos
1199 2407 1383 2468 patres
1394 2398 1618 2455 Latinos
1636 2417 1656 2451 ι
1682 2398 2079 2457 rationabiliter
2105 2421 2152 2470 ι,

560 2489 607 2544 si
636 2489 759 2558 quis
785 2503 880 2544 eos
909 2489 1013 2546 hac
1055 2492 1121 2545 de
1170 2505 1232 2545 re
1270 2490 1681 2563 interrogasset,
1729 2492 1833 2548 sibi
1873 2510 1893 2545 ‹
1933 2508 2159 2563 respon-

561 2594 717 2636 suros
752 2598 771 2632 ›
806 2580 1003 2648 videri,
1033 2588 1090 2635 et
1133 2596 1325 2638 sacrae
1354 2580 1673 2654 Scripturae
1708 2580 1936 2639 forsitan
1962 2592 2155 2641 aucto-

561 2672 724 2729 ritate
744 2688 906 2744 posse
929 2674 1167 2732 defendi.
1200 2675 1288 2748 (ΙΙ,
1322 2675 1439 2749 '55.)

1267 2789 1296 2862 ς
1344 2791 1433 2847 ιδ.

632 2920 655 2954 ‹
700 2901 838 2957 Num
859 2902 1047 2960 decem
1077 2904 1382 2977 categoriae
1403 2919 1533 2961 vere
1572 2921 1638 2962 ac
1679 2907 1899 2978 proprie
1941 2908 2007 2963 de
2054 2924 2155 2965 nu-

558 2994 704 3050 mine
724 2994 907 3052 divino
934 2996 1145 3067 possint
1161 2996 1488 3066 praedicari,
1520 2996 1735 3055 ditiicile
1754 3008 1840 3055 est
1863 2999 2034 3055 dictu.
2059 3000 2157 3056 Est

558 3093 738 3141 autem
771 3086 825 3140 in
854 3086 959 3142 hac
980 3086 1299 3156 quaestione
1328 3087 1450 3142 usui
1478 3087 1748 3158 theologia
1783 3092 2070 3163 ἁποφατική
2098 3099 2155 3146 et

2264 612 2441 669 ticulis
2470 629 2653 686 super,
2685 616 2994 689 plusquam,
3020 620 3088 676 de
3114 620 3226 679 Deo
3262 626 3676 698 praedicantur,
3721 612 3860 694 duas

2262 706 2382 764 illas
2409 708 2706 783 theologias
2749 715 3253 785 comprehendunt:
3306 717 3363 775 in
3403 725 3860 790 pronunciatioue

2258 808 2343 855 est
2368 799 2545 857 forma
2572 814 2934 879 καταφατικῆς,
2951 807 3005 863 in
3027 807 3303 866 intellectu
3333 820 3515 869 autem
3539 817 3861 894 ἀποφατικῆς

2259 892 2451 950 virtus.
2486 894 2550 966 (Ι,
2582 896 2697 967 l6.)
2981 970 3010 1043 ³
3049 971 3118 1027 15

2332 1079 2488 1137 Patet
2516 1081 2682 1154 igitur
2706 1097 2773 1139 ex
2797 1083 2885 1150 iis,
2917 1099 3059 1156 quae
3079 1102 3242 1158 supra
3264 1094 3664 1163 proposuimus,
3683 1096 3857 1156 Deum

2260 1172 2529 1230 humanae
2549 1176 2748 1233 mentis
2779 1178 2896 1233 acie
2931 1194 3155 1250 prorsus
3199 1180 3314 1239 fere
3332 1199 3465 1251 esse
3494 1187 3854 1262 inaccessum.

2261 1266 2462 1322 Verum
2489 1268 2605 1338 ipse
2645 1272 2994 1342 semetipsum
3023 1278 3321 1346 cognoscit.
3353 1280 3450 1336 Est
3479 1283 3700 1352 quidem
3731 1300 3853 1340 om-

2261 1357 2389 1412 nino
2434 1357 2759 1415 dicendum:
2816 1380 2835 1413 ‹
2872 1363 3085 1420 nescire
3117 1365 3304 1443 Deum,
3355 1384 3414 1423 se
3460 1371 3589 1441 quid
3633 1387 3753 1429 esse
3806 1399 3853 1443 ι,

2266 1467 2286 1500 ‹
2321 1450 2491 1505 Deum
2522 1467 2630 1506 non
2659 1452 2714 1506 in
2744 1453 2925 1523 aliquo
2953 1470 3012 1512 se
3046 1439 3374 1528 cognoscere
3412 1479 3459 1526 ι,
3479 1439 3544 1516 γει
3568 1479 3690 1533 qua:
3730 1439 3855 1521 sunt

2259 1544 2477 1614 generis
2506 1546 2771 1615 ejusdem,
2797 1555 2853 1601 at
2881 1550 3015 1606 haec
3040 1560 3125 1606 est
3157 1567 3283 1608 vera
3307 1554 3480 1610 virtus
3508 1556 3676 1621 illius,
3716 1576 3855 1629 quae

2261 1636 2316 1690 in
2363 1637 2475 1692 Deo
2515 1647 2620 1703 est,
2672 1644 3038 1712 cognoscendi
3091 1645 3382 1703 facultatis.
3444 1648 3655 1706 Revera
3710 1655 3852 1709 enim

2261 1726 2403 1782 Deus
2434 1743 2541 1784 non
2564 1740 2647 1785 est
2669 1733 2821 1802 quid,
2841 1748 2944 1788 non
2973 1742 3055 1790 est
3083 1736 3139 1790 in
3164 1737 3367 1808 aliquo,
3394 1740 3498 1796 hoc
3521 1750 3608 1797 est
3634 1758 3740 1799 non
3772 1756 3856 1802 est

2260 1828 2470 1874 certum
2515 1820 2738 1893 aliquid,
2789 1840 2897 1914 nep
2940 1826 3170 1883 habetur
3195 1838 3249 1885 et
3294 1833 3756 1892 circumscribitur
3796 1838 3851 1894 in

2260 1908 2441 1978 aliquo
2464 1923 2674 1975 eorum,
2692 1926 2830 1980 quae
2848 1908 2975 1970 sunt
3002 1924 3056 1973 et
3079 1932 3261 1973 rerum
3286 1930 3596 1978 creatarum
3624 1941 3849 1983 numero

2260 1998 2812 2068 comprehenduntur.
2840 2004 2925 2073 (ll,
2962 2003 3175 2078 28-29.)

2247 2100 2254 2109 ‘
2332 2090 2427 2145 Sin
2456 2105 2586 2147 vero
2614 2096 2932 2164 quaesieris,
2969 2114 3073 2169 qua
3122 2101 3332 2158 ratione
3368 2105 3530 2173 Deus,
3574 2123 3710 2179 quae
3752 2125 3845 2165 co-

2258 2184 2489 2254 gnoscit,
2535 2198 2863 2256 cognoscere
2903 2190 3206 2247 existimari
3237 2194 3449 2264 debeat,
3501 2200 3844 2269 respondebi-

2259 2283 2381 2332 tur:
2421 2295 2441 2328 ‹
2470 2280 2613 2349 quod
2640 2295 2741 2336 nec
2780 2281 3055 2338 sensibilia
3080 2298 3179 2353 per
3203 2301 3445 2355 sensum,
3472 2304 3567 2345 nec
3592 2291 3844 2363 intelligi-

2257 2371 2386 2428 hilia
2412 2373 2885 2443 perintellectum,
2916 2392 3017 2432 nec
3055 2380 3332 2437 sensibilia
3375 2399 3470 2455 per
3493 2385 3842 2453 intellectum,

2257 2479 2358 2520 nec
2380 2465 2734 2539 iutelligibilia
2765 2482 2864 2539 per
2892 2484 3131 2538 sensum,
3164 2474 3262 2529 sed
3289 2477 3472 2531 omnia
3516 2478 3573 2532 in
3614 2477 3847 2534 aeternis

2258 2559 2373 2614 suis
2401 2560 2703 2616 rationibus
2732 2564 3130 2634 contemplatur
3167 2584 3212 2621 ι.
3265 2567 3534 2639 (Prooem.
3569 2572 3637 2626 ad
3686 2573 3849 2628 inter-

2254 2654 2395 2720 pret.
2422 2650 2618 2708 Amhb.
2650 2650 2712 2708 S.
2735 2651 2878 2708 Max.
2917 2669 3008 2726 ap.
3037 2654 3187 2714 Gale.
3236 2673 3357 2730 app.
3399 2676 3452 2730 p.
3483 2660 3587 2727 IV;
3625 2664 3693 2718 de
3735 2664 3844 2720 div.

2256 2738 2378 2796 Nat.
2411 2738 2477 2806 ll,
2501 2740 2592 2807 20,
2623 2741 2730 2809 28;
2755 2739 2825 2809 V,
2859 2743 2974 2815 i7.)
3009 2765 3028 2797 ‹
3062 2746 3329 2805 Aeternae
3368 2749 3494 2805 illae
3539 2751 3788 2809 rationes
3821 2773 3841 2807 ι

2254 2837 2384 2885 sunt
2421 2848 2440 2881 ι
2476 2830 2630 2888 ideae
2659 2851 2710 2895 ι,
2755 2849 2892 2905 quas
2930 2846 3149 2905 vocant,
3180 2841 3416 2895 omnium
3447 2855 3652 2910 rerum,
3701 2859 3847 2914 quae

2256 2920 2399 2977 Deus
2424 2930 2543 2977 erat
2570 2921 2839 2992 facturus,
2869 2944 2887 2978 ι
2927 2929 3252 2999 exemplaria
3292 2930 3607 3003 principalia
3639 2950 3688 2988 ι.
3728 2931 3848 2991 Hae

2256 3022 2383 3071 sunt
2408 3030 2590 3071 rerum
2620 3025 2831 3073 tantum
2861 3020 3322 3089 substantialium,
3366 3031 3424 3079 et
3448 3025 3601 3094 ipsae
3629 3040 3845 3097 quoque

2256 3121 2345 3163 res
2373 3107 2776 3166 substantiales.
2804 3109 2909 3180 (Cf.
2936 3112 3031 3167 int‘.
3061 3112 3088 3185 §
3113 3114 3185 3168 25
3204 3114 3328 3187 —-§
3360 3114 3476 3188 50.)
3496 3114 3633 3171 Hinc
3654 3114 3844 3172 Scoms

558 3181 894 3249 καταφατική,
945 3191 1175 3246 quarum
1211 3177 1302 3231 illa
1347 3188 1527 3250 negat,
1574 3179 1709 3234 haec
1756 3179 2007 3247 allirmat,
2032 3196 2154 3237 esse

2262 3214 2361 3255 suo
2389 3198 2515 3268 jure
2537 3202 2700 3257 etiam
2743 3203 2847 3259 hoc
2875 3207 3187 3263 contendit:
3224 3226 3244 3259 ι
3278 3208 3468 3263 Divina
3498 3209 3719 3263 scientia
3760 3217 3843 3263 est

561 3265 799 3320 divinam
830 3265 1192 3321 substantiam
1216 3266 1321 3322 hoc
1343 3266 1427 3323 vel
1452 3267 1581 3323 illud
1604 3282 1815 3334 eorum,
1842 3286 1983 3342 quae
2005 3281 2150 3338 sunt,
2184 3250 2230 3314 ε

561 3356 709 3413 velut
728 3358 1041 3425 essentiam,
1071 3358 1392 3425 bonitatem,
1429 3358 1619 3428 solem,
1650 3360 1883 3430 stellam,
1932 3378 2150 3435 aquam,

559 3446 793 3515 leonem,
839 3464 1026 3509 ursum
1055 3469 1105 3516 ι,
1127 3459 1236 3507 cet.
1266 3449 1531 3509 Videntur
1552 3453 1688 3509 haec
1729 3470 1851 3512 esse
1906 3457 2050 3513 inter
2093 3473 2155 3517 se

562 3540 858 3607 contraria,
881 3542 998 3606 sed,
1028 3555 1153 3597 cum
1178 3542 1325 3599 circa
1346 3544 1585 3600 divinam
1598 3556 1885 3602 versentur
1900 3549 2155 3607 substan-

563 3634 716 3699 tiam,
746 3632 968 3689 omnino
997 3635 1362 3691 consentiunt.
1410 3634 1657 3708 Namque
1684 3645 2002 3712 καταφατική
2042 3657 2151 3699 non

559 3724 654 3793 ait,
683 3725 921 3781 divinam
952 3724 1313 3784 substantiam
1341 3743 1461 3785 esse
1491 3729 1623 3788 illud
1642 3733 1882 3803 proprie,
1914 3735 2008 3790 sed
2031 3735 2153 3807 (per

559 3816 956 3890 metaphoram)
1002 3817 1079 3873 ita
1128 3833 1287 3890 posse
1341 3822 1638 3893 appellari;
1685 3828 1970 3899 ἀποφαταή
2019 3842 2150 3885 vero

560 3909 840 3965 contendit
885 3911 1247 3968 substantiam
1277 3913 1515 3971 divinam
1557 3930 1659 3973 nec
1691 3932 1818 3975 vere
1844 3918 1976 3975 illud
2004 3933 2145 3988 esse,

556 4013 658 4056 nec
686 4000 905 4072 proprie
932 4001 1007 4057 ita
1034 4004 1240 4059 vocari.

539 4111 547 4115 -
627 4090 774 4160 Quas
794 4092 1012 4163 quidem
1037 4095 1335 4168 theologias
1360 4098 1728 4170 pulcherrime
1757 4117 1787 4158 a
1816 4103 1873 4159 S.
1892 4103 2148 4179 Dionysio

555 4182 880 4258 Areopagita
907 4186 1010 4243 sibi
1055 4190 1445 4260 suppeditatas,
1489 4192 1720 4266 Erigena
1766 4196 2148 4255 immortaliter

553 4282 766 4353 gaudet.
798 4281 865 4356 (Ι,
894 4284 982 4352 υ,
1014 4286 1103 4352 16,
1142 4286 1210 4343 78
1241 4298 1375 4358 cet.,
1418 4299 1526 4347 cet.
1574 4291 1758 4351 Praef.
1814 4296 1883 4352 ad
1925 4296 2146 4354 Maximi

555 4378 802 4450 ambigua
835 4376 1009 4454 [Gale.
1041 4397 1166 4454 app.
1190 4398 1245 4453 p.
1277 4383 1395 4456 1V].
1424 4384 1659 4458 ).Longa
1693 4396 1874 4445 autem
1897 4392 2146 4447 oratione

551 4472 915 4540 persequitur,
945 4474 1149 4530 nullam
1184 4490 1306 4531 esse
1342 4476 1488 4532 inter
1530 4478 1716 4535 decem
1762 4481 1885 4539 illas
1925 4494 2144 4556 catego-

554 4559 665 4614 rias
688 4559 1083 4627 Aristotelicas,
1110 4579 1273 4634 quam
1297 4579 1427 4623 vere
1447 4583 1510 4624 ac
1531 4572 1748 4642 proprie
1774 4573 1841 4629 de
1871 4576 1984 4632 Deo
2010 4591 2143 4648 pos-

555 4648 629 4703 sis
654 4651 972 4720 praedicare
999 4670 1025 4706 :v
1043 4653 1203 4709 simul
1233 4656 1428 4714 harum
1454 4658 1689 4732 aliquam
1717 4663 1784 4719 de
1830 4665 1947 4735 ipso
1998 4665 2142 4721 allir-

556 4741 785 4796 maverit
809 4748 1431 4819 mamtxﬁcontinuo
1459 4766 1578 4808 eam
1599 4755 1784 4826 negari
1823 4758 2136 4838 ἁποφατικῇ.
2162 4796 2170 4806 .

555 4839 619 4914 (ι,
652 4841 862 4916 17-30.)

1257 4921 1286 4996 ς
1329 4922 1418 4979 it.

631 5041 652 5077 ‹
694 5026 858 5095 Deus,
887 5028 1031 5099 quod
1080 5029 1182 5102 ipsi
1224 5033 1529 5104 oppositum
1575 5035 1664 5103 sit,
1698 5050 1805 5090 non
1834 5034 1998 5091 habet
2030 5033 2131 5109 (ὁ).

553 5118 729 5190 Quum
756 5137 888 5180 vero
914 5125 1184 5183 essentiae
1211 5136 1515 5199 opponatur
1528 5129 1930 5196 nihil,bonitati
1953 5138 2136 5186 autem

552 5213 753 5271 malitia
783 5225 917 5283 etc...
942 5214 1084 5273 Deus
1098 5232 1207 5273 non
1227 5227 1314 5274 est
1338 5219 1599 5285 essentia,
1620 5218 1859 5285 bonitas,
1894 5228 2002 5276 etc.
2039 5221 2138 5277 sed

549 5306 670 5378 plus
714 5325 879 5380 quam
915 5311 1151 5368 essentia
1195 5313 1216 5380 (
1238 5311 1779 5383 superesseutialis),
1824 5311 1945 5383 plus
1973 5328 2136 5383 quam

622 5420 698 5493 (a)
737 5423 906 5490 Quam
931 5424 1070 5480 haec
1094 5422 1620 5493 concludendiratio
1648 5423 1795 5479 nulla
1823 5425 1914 5491 sit,
1941 5423 2138 5485 Scottis

549 5491 1142 5566 ipseLauimadvertisse
1162 5495 1420 5566 videtur:
1458 5491 1527 5549 iis
1567 5502 1773 5560 autem,
1802 5495 1897 5565 qui
1921 5510 2133 5566 repre-

549 5563 806 5635 hendgant,
833 5565 906 5620 ita
945 5565 1255 5635 respondet,
1299 5562 1412 5618 sola
1448 5578 1639 5635 rerum
1656 5562 1863 5635 natura
1901 5562 2037 5621 duce
2062 5567 2131 5624 ad

549 5633 785 5690 numinis
828 5634 995 5705 divini
1034 5633 1370 5705 ignotaeque
1417 5633 2131 5705 trinitatiswintelligentiam

547 5705 891 5776 perveniri!_
925 5703 1006 5776 Cf.
1061 5703 1148 5769 ll,
1202 5703 1296 5776 51⁷
1338 5706 1439 5776 sub
1504 5703 1596 5761 tln.
1674 5703 2128 5776 Habeturprae-

549 5774 696 5832 terea
754 5774 896 5844 apud
955 5775 1179 5844 Scotum
1240 5775 1295 5829 in
1350 5775 1593 5832 doctrina
1646 5777 1714 5832 de
1769 5775 1827 5832 S.
1886 5774 2128 5838 trinitate

548 5848 714 5901 etiam
761 5843 904 5912 hoc,
952 5859 1024 5902 ne
1088 5843 1212 5915 quis
1257 5851 1451 5916 putet,
1509 5864 1532 5900 c
1580 5845 1753 5905 tilium
1811 5862 1878 5902 ex
1941 5862 2126 5908 esseu-

2262 3306 2445 3346 rerum
2488 3293 2751 3362 omnium,
2782 3311 2922 3366 quae
2966 3306 3110 3366 sunt,
3161 3313 3324 3355 causa
3362 3318 3381 3352 ι
3437 3331 3509 3342 -
3552 3319 3570 3353 ι
3613 3316 3841 3371 quorum

2258 3384 2402 3443 Deus
2441 3403 2604 3444 causa
2634 3406 2742 3447 non
2770 3400 2873 3459 est,
2916 3407 2980 3449 ea
3029 3394 3203 3449 nescit
3235 3413 3253 3446 ι
3295 3424 3369 3436 -
3406 3413 3427 3446 ι
3464 3408 3670 3463 rerum,
3707 3408 3843 3465 quae

2242 3478 2401 3548 sunt,
2424 3483 2662 3553 cognitio
2689 3502 2709 3536 ι
2745 3484 3015 3557 (videlicet
3046 3486 3101 3541 in
3126 3485 3255 3559 Deo)
3291 3507 3311 3540 ι
3351 3496 3438 3544 est
3464 3486 3729 3543 veraciter
3757 3501 3842 3542 res

2256 3589 2374 3641 eae,
2411 3590 2552 3646 quae
2581 3586 2705 3633 sunt
2741 3597 2784 3633 ι.
2824 3578 2907 3649 (ΙΙ,
2936 3579 3028 3635 20.
3055 3580 3126 3638 28
3153 3599 3166 3635 :
3192 3581 3261 3647 V,
3298 3583 3402 3650 27;
3434 3581 3520 3650 Ill,
3552 3581 3607 3638 6.
3640 3581 3841 3640 Deinde

2254 3663 2324 3720 cf.
2360 3664 2533 3737 ejusd.
2568 3668 2633 3724 de
2659 3672 2846 3740 praed.
2876 3685 2999 3742 sup.
3027 3670 3159 3742 Cap.
3185 3671 3300 3745 Ν.)

2964 3814 2991 3885 5
3041 3814 3129 3870 16.

2323 3940 2456 3997 Cum
2488 3941 2634 3999 nulla
2656 3944 2929 4016 categoria
2959 3946 3179 4017 proprie
3211 3947 3280 4003 de
3316 3947 3428 4004 Deo
3469 3950 3835 4022 praedicatur,

2251 4042 2364 4090 tum
2400 4049 2576 4105 neque
2604 4050 2748 4092 nona
2773 4038 2828 4091 in
2850 4052 2972 4093 eum
2994 4039 3160 4104 cadit,
3204 4042 3467 4116 πράττειν.
3498 4043 3705 4098 Dicitur
3735 4058 3832 4098 au-

2250 4135 2358 4184 tem
2379 4127 2524 4185 Deus
2552 4144 2789 4185 creasse.
2821 4128 2929 4186 Sed
2965 4145 3155 4187 creare
3192 4140 3249 4187 et
3275 4148 3397 4188 esse
3443 4135 3498 4190 in
3530 4135 3640 4191 Deo
3669 4152 3830 4190 tinum

2247 4217 2499 4289 idemque
2518 4229 2643 4276 sunt
2674 4220 2941 4276 habenda.
2992 4239 3011 4273 ‹
3049 4221 3191 4278 Deus
3217 4239 3322 4278 non
3350 4232 3487 4292 erat,
3515 4227 3828 4296 priusquam

2240 4292 2427 4365 omnia
2454 4308 2676 4367 faceret.
2716 4309 3074 4369 Coaeternum
3126 4322 3211 4369 est
3248 4314 3358 4370 Deo
3388 4292 3546 4370 suum
3574 4292 3755 4371 facere
3778 4324 3833 4371 et

2247 4400 2624 4457 coessentiale.
2668 4401 2811 4457 Deus
2830 4411 2886 4458 et
2909 4419 3065 4459 suum
3088 4403 3287 4472 facere,
3316 4406 3418 4462 hoc
3438 4416 3537 4470 est,
3572 4422 3670 4467 sua
3690 4408 3831 4464 actio

2246 4503 2372 4550 sunt
2396 4509 2561 4548 unum
2593 4494 2819 4565 simplex
2869 4504 2925 4550 et
2972 4497 3339 4565 individuum;
3371 4513 3494 4553 nam
3542 4500 3702 4562 Deus,
3735 4500 3833 4569 qui

2247 4595 2332 4643 est
2358 4585 2791 4652 innumerabilis,
2821 4602 3108 4644 numerum
3140 4590 3195 4646 in
3220 4605 3279 4647 se
3303 4605 3405 4646 non
3434 4588 3643 4657 recipit.
3689 4587 3828 4643 Cum

2247 4692 2377 4748 ergo
2403 4676 2670 4739 audimus,
2686 4675 2854 4733 Deum
2877 4679 3060 4736 omnia
3085 4678 3287 4747 facere,
3303 4679 3379 4735 nil
3402 4676 3545 4734 aliud
3571 4676 3834 4735 debemus

2246 4766 2563 4838 intelligere,
2586 4781 2750 4837 quam
2776 4765 2947 4824 Deum
2970 4767 3026 4824 iu
3050 4770 3302 4826 omnibus
3327 4784 3469 4836 esse,
3493 4770 3597 4824 hoc
3621 4776 3723 4835 est,
3753 4783 3836 4825 es-

2241 4858 2471 4913 sentiam
2504 4858 2745 4914 omnium
2773 4859 3089 4917 subsistere.
3129 4861 3249 4934 lpse
3294 4862 3440 4917 enim
3480 4859 3627 4917 solus
3650 4874 3748 4930 per
3774 4874 3833 4915 se

2240 4964 2370 5007 vere
2391 4960 2495 5020 est,
2522 4959 2579 5008 et
2600 4966 2780 5020 omne,
2801 4953 2947 5024 quod
2968 4968 3100 5009 vere
3129 4954 3182 5009 in
3207 4954 3314 5021 his,
3348 4968 3490 5023 quae
3517 4960 3664 5019 sunt,
3701 4951 3834 5008 dici-

2242 5050 2335 5098 tur
2357 5058 2495 5112 esse,
2536 5044 2653 5115 ipse
2698 5044 2846 5101 solus
2892 5052 2994 5101 est.
3042 5043 3189 5101 Nihil
3237 5045 3383 5100 enim
3431 5058 3644 5109 eorum,
3693 5058 3833 5114 quae

2240 5144 2389 5203 sunt,
2421 5152 2518 5208 per
2544 5152 2606 5193 se
2632 5138 2810 5209 ipsum
2837 5151 2968 5193 vere
2993 5146 3112 5203 est;
3146 5138 3507 5209 quodcunque
3550 5144 3730 5195 autem
3776 5136 3833 5192 in

2239 5238 2452 5284 eovere
2479 5227 2823 5299 intelligitur,
2856 5226 3276 5297 participatione
3316 5226 3488 5297 ipsius
3519 5226 3702 5292 unius,
3738 5224 3833 5296 qui

2237 5316 2385 5374 solus
2412 5334 2511 5391 per
2536 5334 2596 5376 se
2623 5321 2800 5390 ipsum
2829 5326 2937 5385 est,
2966 5332 3098 5376 vere
3127 5333 3247 5375 esse
3278 5319 3476 5388 accipit
3507 5337 3552 5372 ι.
3579 5318 3646 5390 (Ι,
3679 5316 3794 5388 74.)

2243 5427 2316 5481 tia
2344 5430 2514 5500 patris
2536 5441 2746 5496 natum,
2789 5438 2886 5486 aut
2911 5430 3162 5500 spiritum
3193 5440 3443 5488 sanctum
3477 5446 3543 5489 ex
3594 5432 3835 5490 essentia

2239 5498 2410 5574 patris
2445 5502 2760 5568 procedere,
2797 5498 3023 5574 cumg'ex
3071 5503 3512 5574 persona.patris
3546 5511 3707 5559 natus
3760 5507 3835 5561 sit

2239 5568 2403 5643 filius,
2433 5581 2501 5643 ex
2534 5585 2763 5638 persona
2802 5573 2975 5643 patris
3010 5568 3269 5643 procedat
3302 5568 3527 5641 spiritus
3558 5582 3781 5628 sanctus
3813 5589 3830 5627 :
3914 5576 3924 5585 '

2239 5637 2547 5713 dicigenim,’
2560 5653 2628 5694 ex
2650 5637 3025 5711 patre'natum'
3042 5644 3235 5709 illium,
3265 5637 3512 5713 ex'patre
3532 5645 3835 5713 procedere

2235 5709 2513 5779 spiritum,
2541 5709 2716 5781 neque
2744 5721 2925 5768 tamen
2955 5713 3313 5771 substantiam
3351 5709 3448 5770 sed
3489 5709 3661 5771 solam
3701 5729 3835 5777 per-

2235 5780 3040 5918 arcessieram
3067 5802 3113 5839 »·
3149 5783 3290 5857 (ει)
