4152 6276
302 416 376 472 57

1033 519 1064 593 5
1099 521 1184 575 Π.

396 670 575 738 Atque
597 663 685 720 hic
724 664 839 730 ipse
876 656 1024 713 Scoti
1068 655 1217 711 locus
1263 649 1709 725 percommodum
1752 646 1909 703 nobis

319 761 605 817 transitum
630 761 784 826 parat
805 751 873 808 ad
902 749 1066 805 aliam
1091 749 1366 822 quandam
1387 746 1455 802 de
1485 744 1751 801 creatrice
1793 741 1912 812 ejus

315 853 522 910 Natura
553 846 992 918 disputationem.

389 942 474 998 Nil
512 940 674 1012 igitur
699 939 806 994 hoc
827 937 946 992 loco
969 934 1182 990 videtur
1211 931 1482 1003 apertius!
1533 926 1718 985 Oculis
1761 923 1912 980 cerni

313 1031 522 1089 dixeris
552 1029 888 1085 horrendum
917 1024 1242 1098 pantheismi
1267 1019 1600 1077 monstrum!
1627 1015 1914 1087 Expressis

311 1124 504 1180 verbis
559 1122 823 1188 scriptum
874 1126 990 1182 est,
1044 1115 1361 1170 creatricem
1406 1111 1697 1174 Naturam,
1749 1122 1912 1176 quam

313 1217 498 1272 Deum
524 1212 782 1284 appellari
807 1209 1059 1272 diximus,
1090 1208 1164 1261 ita
1193 1222 1310 1264 esse
1334 1207 1390 1259 in
1428 1202 1681 1260 omnibus
1725 1200 1908 1264 rebus,

319 1323 466 1377 quas
512 1305 658 1369 fecit,
705 1312 762 1358 ut
788 1316 850 1357 ea
881 1301 997 1370 ipsa
1044 1299 1115 1354 sit
1139 1297 1253 1353 sola
1278 1311 1339 1351 ac
1363 1310 1493 1350 vera
1519 1294 1706 1347 harum
1735 1304 1914 1346 rerum

323 1396 587 1453 essentia.
629 1394 802 1462 Atque
854 1389 1043 1444 eadem
1095 1401 1322 1456 prorsus
1377 1385 1587 1438 ratione
1627 1381 1918 1452 Erigenam

327 1486 646 1556 saepissime
689 1484 920 1538 locutum
953 1479 1278 1533 invenimus.
1311 1475 1543 1532 Velutin
1574 1474 1712 1530 libro
1739 1472 1920 1542 primo

323 1579 394 1634 de
425 1579 533 1633 div.
575 1576 695 1631 Nat.
737 1588 856 1643 cap.
888 1573 1002 1626 75:
1041 1589 1059 1623 ι
1101 1569 1249 1624 Fieri
1281 1589 1327 1634 i,
1371 1567 1567 1637 inquit,
1605 1584 1624 1617 ‹
1663 1565 1920 1619 aestima-

321 1681 413 1729 tur
438 1672 580 1727 Deus
607 1670 662 1724 in
689 1667 956 1724 creaturis
998 1664 1110 1720 suis
1148 1659 1547 1724 universaliter,
1592 1658 1720 1712 dum
1763 1656 1818 1709 in
1844 1655 1924 1710 eis

317 1780 432 1820 non
463 1763 640 1819 solum
669 1758 990 1828 intelligitur
1015 1770 1155 1818 esse,
1201 1753 1320 1808 sine
1363 1765 1473 1820 quo
1506 1763 1628 1803 esse
1668 1761 1776 1801 non
1803 1759 1924 1814 pos-

319 1865 473 1920 sunt,
502 1854 597 1910 sed
624 1861 681 1910 et
705 1865 896 1907 eorum
917 1847 1150 1904 essentia
1180 1845 1252 1899 sit
1281 1862 1326 1896 ν.
1368 1841 1437 1895 Et
1465 1839 1665 1894 ibidem
1695 1851 1814 1905 cap.
1846 1837 1881 1890 '5
1906 1853 1920 1888 :
1951 1862 1999 1922 Β

327 1967 348 2000 ι
382 1949 524 2002 Deus
552 1958 788 2015 namque
807 1939 1050 1998 omnium
1078 1934 1316 1992 essentia
1361 1940 1464 1996 est,
1499 1929 1592 1999 qui
1619 1927 1768 1984 solus
1797 1940 1924 1980 vere

321 2051 407 2097 est
438 2061 484 2094 i.
509 2037 694 2108 Neque
708 2051 816 2091 non
841 2027 1386 2089 animadvertendum
1407 2031 1513 2088 est,
1538 2021 1730 2077 ultimo
1753 2020 1924 2074 hocce

325 2136 447 2190 loco
477 2147 594 2188 eam
617 2133 790 2201 ipsam
820 2143 957 2192 rem,
986 2140 1152 2197 quam
1179 2120 1473 2178 essentiam
1516 2117 1713 2172 Scotus
1739 2121 1921 2178 vocat,

328 2228 488 2282 etiam
517 2221 849 2281 substantiae
891 2220 1106 2274 nomine
1155 2218 1224 2271 ab
1257 2230 1324 2270 eo
1371 2209 1649 2283 appellari,
1682 2223 1784 2264 nec
1814 2221 1925 2261 non

336 2320 467 2375 satis
495 2325 744 2374 accurate
784 2316 864 2369 ita
887 2312 1139 2377 describi,
1183 2319 1242 2364 ut
1266 2321 1395 2363 vere
1425 2321 1491 2360 ac
1536 2303 1755 2374 proprie
1791 2302 1922 2355 sub-

342 2411 595 2465 stantiam
620 2420 913 2480 agnoscere
948 2405 1120 2459 coacti
1159 2404 1353 2458 simus.
1406 2401 1464 2453 In
1507 2397 1649 2452 libro
1684 2393 1925 2450 secundo

344 2502 410 2556 de
436 2501 542 2555 div.
587 2497 709 2552 Nat.
746 2511 867 2564 cap.
895 2497 970 2548 2:
1010 2514 1030 2546 ‹
1065 2493 1207 2559 Quid
1237 2512 1287 2557 ι,
1331 2492 1433 2554 ait,
1468 2508 1487 2539 ‹
1525 2490 1572 2543 si
1618 2488 1924 2542 creaturam

339 2593 574 2649 creatori
600 2588 934 2658 adjunxeris,
962 2586 1034 2640 ita
1063 2591 1124 2638 ut
1156 2581 1291 2636 nihil
1319 2579 1466 2634 aliud
1490 2579 1548 2631 in
1573 2593 1638 2632 ea
1661 2575 1925 2645 intelligas

335 2694 550 2756 praeter
581 2685 779 2754 ipsum,
812 2679 904 2748 qui
937 2677 1086 2733 solus
1111 2689 1242 2729 vere
1267 2671 1400 2728 est?
1449 2669 1534 2723 Nil
1587 2668 1733 2722 enim
1779 2675 1929 2720 extra

333 2778 510 2847 ipsum
558 2790 689 2831 vere
734 2769 1025 2828 essentiale
1075 2767 1319 2830 dicitur,
1368 2762 1496 2833 quia
1527 2759 1727 2823 omnia,
1788 2769 1927 2825 quae

333 2872 406 2926 ab
434 2885 499 2925 eo
524 2876 668 2934 sunt,
700 2866 776 2920 nil
821 2863 968 2918 aliud
1010 2869 1162 2924 sunt,
1214 2859 1269 2912 in
1317 2863 1581 2927 quantum
1625 2858 1769 2915 sunt,
1821 2848 1924 2902 nisi

337 2960 686 3032 participatio
713 2958 905 3026 ipsius,
937 2953 1034 3023 qui
1066 2967 1096 3005 a
1122 2966 1181 3005 se
1204 2950 1322 3019 ipso
1356 2947 1502 3002 solus
1528 2959 1626 3015 per
1646 2957 1704 2997 se
1748 2941 1926 3011 ipsum

344 3048 615 3104 subsistit.
669 3044 806 3099 Num
847 3042 1108 3112 negabis,
1159 3048 1456 3094 creatorem
1510 3043 1564 3089 et
1618 3039 1926 3088 creaturam

343 3156 518 3195 unum
546 3138 698 3195 esse?
735 3135 853 3190 Non
876 3133 1074 3189 facile:
1103 3131 1227 3186 huic
1260 3128 1402 3184 enim
1428 3127 1685 3181 resistere
1727 3122 1929 3177 ridicu—

343 3230 520 3287 losum
544 3229 756 3284 videtur
787 3245 831 3280 ι.

1053 3336 1082 3407 5
1121 3333 1207 3390 ιε.

407 3481 527 3536 Huc
551 3479 678 3534 item
699 3483 783 3532 est
805 3469 1174 3533 referendum,
1204 3467 1348 3537 quod
1374 3463 1576 3522 Noster
1605 3461 1750 3536 (sup.
1781 3460 1811 3534 ς
1837 3459 1928 3532 μ)

329 3576 604 3637 aﬁirmat,
655 3570 764 3624 Deo
793 3565 928 3622 nihil
956 3575 1181 3633 prorsus
1209 3559 1427 3629 opponi,
1459 3572 1566 3626 qua
1612 3571 1673 3610 re
1703 3554 1815 3619 ﬁat,
1849 3558 1930 3616 ut,

332 3685 457 3725 cum
503 3685 522 3718 ι
555 3662 826 3730 essentiae
853 3678 871 3710 ›
915 3661 1220 3725 opponatur
1264 3667 1283 3702 ι
1312 3650 1542 3704 nihilum
1572 3667 1622 3713 ι,
1654 3647 1799 3702 Deus
1826 3660 1932 3699 non

335 3764 411 3818 sit
436 3757 670 3815 essentia
701 3796 715 3821 ,
761 3753 854 3808 sed
899 3751 1020 3820 plus
1047 3761 1207 3817 quam
1246 3743 1503 3808 essentia;
1541 3741 1656 3795 sive
1687 3752 1936 3809 superes—

339 3849 600 3908 sentialis.
634 3845 768 3900 Nam
798 3845 843 3898 si
876 3858 982 3896 non
1012 3849 1115 3904 est,
1143 3837 1288 3908 quod
1326 3836 1434 3890 Deo
1473 3839 1796 3903 opponatur,
1831 3831 1933 3884 hoc

344 3935 930 3999 certe‘concedendum
979 3931 1332 3991 arbitramur,
1379 3925 1514 3979 nihil
1562 3937 1683 3978 esse
1717 3929 1936 3991 praeter

344 4037 537 4097 Deum,
570 4032 671 4086 hoc
697 4037 800 4095 est,
827 4028 1000 4081 Deum
1027 4037 1168 4087 esse,
1197 4015 1457 4091 quidquid
1483 4026 1586 4071 est.
1611 4013 1726 4070 Hac
1755 4021 1934 4067 autem

343 4142 404 4183 re
429 4128 592 4182 missa
618 4135 913 4193 sequamur
941 4115 1339 4174 consectarium
1373 4110 1525 4176 illud,
1558 4108 1701 4179 quod
1738 4106 1936 4162 Scotus

343 4221 462 4291 ipse
487 4216 788 4288 proposuit,
816 4213 1006 4276 Deum,
1028 4223 1197 4279 quum
1233 4225 1252 4258 ι
1283 4205 1552 4260 essentiae
1583 4220 1602 4253 ι
1633 4207 1938 4271 opponatur

355 4332 373 4363 ι
406 4309 634 4364 nihilum
661 4327 708 4372 ι,
730 4321 834 4360 non
858 4303 1170 4363 essentiam,
1197 4300 1290 4354 sed
1315 4298 1434 4367 plus
1455 4311 1615 4367 quam
1645 4293 1936 4350 essentiam

349 4418 497 4466 esse,
527 4402 642 4458 sive
667 4395 1190 4474 superessentialem.
1220 4391 1366 4447 Haec
1393 4389 1558 4461 igitur
1585 4398 1937 4457 superessen-

346 4498 549 4553 tialitas
577 4501 859 4565 propterea
895 4492 961 4546 de
985 4488 1206 4544 numine
1245 4484 1427 4542 divino
1455 4482 1797 4554 praedicatur
1835 4477 1934 4549 (a),

1120 403 1207 458 DE
1249 399 1408 457 VlTA
1443 396 1534 455 ET
1573 392 1980 454 PRIECEPTIS
2015 391 2068 450 J.
2110 388 2330 448 SCOTI.
2368 415 2439 429 --
2472 383 2654 442 PARS
2691 381 2758 439 ll.
3518 371 3592 429 58

1931 515 1987 576 Α
2008 517 2065 566 et
2088 508 2211 580 plus
2238 521 2399 578 quam
2439 503 2705 559 inﬁnitum
2732 539 2749 566 ,
2800 495 3040 554 inﬁnitas
3077 493 3222 550 enim
3257 489 3593 546 inﬁnitorum

2009 579 2114 666 est,
2141 606 2197 654 et
2229 596 2548 667 simplicem,
2576 602 2633 648 et
2654 590 2775 661 plus
2812 603 2975 660 quam
3004 583 3325 655 simplicem,
3350 579 3595 636 omnium

2011 690 2156 747 enim
2173 687 2499 759 simplicium
2518 682 2839 753 simplicitas
2851 687 2954 735 est.
2967 677 3037 732 Et
3054 689 3178 731 cum
3193 673 3311 744 ipso
3324 670 3460 726 nihil
3473 683 3598 726 esse

2013 779 2186 835 credit
2197 776 2282 832 vel
2298 774 2575 845 intelligit;
2591 771 2847 842 quoniam
2861 770 2976 840 ipse
2987 776 3071 822 est
3085 763 3322 820 ambitus
3331 760 3593 826 omnium,

2015 885 2156 941 quae
2193 876 2340 935 sunt,
2366 874 2574 936 etquae
2596 879 2704 920 non
2731 871 2878 928 sunt,
2909 869 2966 916 et
2984 874 3126 930 quae
3147 872 3268 914 esse
3289 863 3517 927 possunt
3544 859 3601 908 et

2014 975 2154 1032 quae
2165 971 2287 1016 esse
2298 975 2406 1016 non
2416 964 2664 1028 possunt,
2677 965 2881 1027 etquae
2897 953 2945 1007 ei
2959 950 3229 1008 contraria
3242 964 3336 1004 seu
3352 946 3599 1018 opposita

2015 1053 2269 1108 videntur
2298 1066 2441 1116 esse,
2468 1058 2530 1104 ut
2552 1062 2659 1104 non
2682 1046 2858 1102 dicam
2879 1043 3077 1101 similia
3097 1050 3154 1098 et
3180 1039 3479 1097 dissimilia.
3506 1037 3604 1093 Est

2017 1145 2161 1200 enim
2189 1146 2304 1215 ipse
2327 1143 2583 1199 similium
2613 1139 2926 1202 similitudo,
2959 1145 3014 1192 et
3041 1133 3422 1190 dissimilitudo
3447 1129 3605 1186 dissi-

2017 1237 2226 1294 milium
2264 1235 2746 1307 oppositorumque
2794 1229 3058 1301 oppositio
3105 1235 3159 1282 et
3207 1223 3604 1280 contrariorum

2018 1330 2399 1394 contrarietas.
2427 1328 2574 1383 Haec
2597 1327 2740 1382 enim
2777 1324 2959 1381 omnia
2985 1321 3209 1392 pulchra
3240 1315 3606 1385 ineﬁ'abilique

2020 1422 2308 1479 harmonia
2357 1422 2409 1475 in
2460 1434 2566 1474 una
2614 1415 2900 1474 concordia
2949 1411 3150 1482 colligit
3192 1417 3355 1480 atque
3385 1421 3603 1476 compo-

2021 1517 2104 1573 nit
2133 1515 2229 1588 (b).
2284 1514 2348 1586 (l,
2371 1513 2484 1584 74.)
2531 1512 2735 1567 Deinde
2772 1510 2840 1566 ad
2875 1509 3015 1564 hanc
3045 1507 3217 1576 ipsam
3247 1503 3410 1567 illius,
3442 1514 3606 1570 quam

2021 1607 2256 1677 Erigena
2285 1606 2491 1667 statuit,
2525 1603 2740 1658 divinae
2776 1595 3344 1672 superessentialitatis
3370 1592 3606 1663 explica-

2025 1701 2229 1756 tionem
2263 1699 2316 1754 id
2346 1712 2559 1768 quoque
2584 1697 2840 1767 pertinet,
2867 1693 3010 1764 quod
3048 1690 3260 1760 saepius
3299 1688 3362 1759 (Ι,
3387 1687 3442 1741 5.
3467 1686 3557 1755 75)
3591 1702 3604 1738 :

2031 1809 2051 1844 ι
2093 1791 2226 1846 Esse
2274 1791 2550 1855 omnium,
2598 1807 2617 1840 ι
2675 1788 2788 1854 ait,
2849 1803 2868 1837 ‹
2905 1794 3026 1851 est,
3077 1796 3359 1851 superesse
3418 1776 3610 1833 divini-

2027 1882 2154 1937 tatis
2198 1901 2218 1934 ι
2230 1919 2246 1937 .
2781 1885 2783 1887 ’

2101 1971 2276 2041 Atque
2301 1977 2525 2042 propter
2554 1969 2635 2026 rei
2663 1967 3087 2039 magnitudinem
3118 1963 3262 2019 hunc
3292 1976 3508 2032 quoque
3533 1959 3610 2015 lo-

2030 2077 2153 2117 cum
2183 2061 2502 2132 adjiciamus
2539 2078 2551 2113 :
2591 2077 2610 2110 ‹
2644 2057 2812 2114 Nemo
2845 2067 3022 2112 tamen
3058 2063 3145 2109 est
3166 2053 3254 2123 pie
3278 2051 3611 2107 credentium

2029 2161 2085 2207 et
2109 2151 2395 2206 veritatem
2424 2149 2858 2220 intelligentiam,
2890 2147 2980 2217 qui
3012 2161 3119 2201 non
3149 2144 3406 2200 continuo
3433 2141 3612 2197 excla-

2029 2251 2164 2308 met,
2185 2256 2408 2298 causam
2427 2241 2593 2295 totius
2618 2238 2984 2294 universitatis
3008 2234 3327 2292 creatricem
3355 2247 3614 2303 superna-

2029 2335 2263 2406 ,turalem
2309 2350 2430 2391 esse
2464 2343 2518 2390 et
2557 2329 3066 2403 superessentialem
3110 2337 3165 2384 et
3201 2342 3362 2398 supra
3398 2338 3612 2379 omnem

2028 2430 2220 2493 vitam,
2243 2435 2298 2482 et
2333 2426 2678 2496 sapientiam,
2710 2433 2766 2480 ct
2793 2424 3066 2488 virtutem,
3110 2430 3165 2476 et
3202 2434 3366 2490 supra
3407 2417 3612 2483 omnia,

2031 2538 2172 2594 quae
2193 2521 2448 2578 dicuntur
2476 2529 2534 2576 et
2569 2520 2960 2592 intelliguntur,
2992 2525 3048 2572 et
3082 2516 3228 2571 omni
3254 2529 3414 2572 sensu
3441 2513 3617 2584 perci-

2029 2617 2275 2687 piuntur,
2299 2613 2427 2669 dum
2456 2614 2527 2668 sit
2555 2613 2748 2668 horum
2771 2612 3013 2666 omnium
3052 2609 3373 2679 principium
3403 2604 3618 2661 causale

2030 2715 2085 2764 et
2112 2707 2348 2762 medium
2380 2705 2610 2774 implens
2652 2702 2957 2766 essentiale,
2991 2708 3046 2755 et
3084 2699 3207 2754 ﬁnis
3235 2712 3617 2754 consummans

2027 2829 2102 2844 —
2133 2809 2188 2856 et
2215 2799 2454 2855 ambitus
2487 2797 2690 2860 omnia,
2732 2811 2872 2866 quae
2909 2800 3033 2848 sunt
3059 2800 3115 2846 et
3143 2805 3283 2861 quae
3313 2806 3419 2845 non
3469 2797 3615 2854 sunt,

2031 2891 2484 2950 circumscribens
2515 2908 2560 2941 ›.
2591 2886 2700 2957 (Ill,
2730 2885 2809 2956 l.)

2744 3001 2774 3074 ς
2809 2999 2894 3056 19.

2106 3121 2251 3175 Deus
2279 3118 2444 3190 igitur
2475 3115 2626 3171 hicce
2661 3109 3130 3186 superessenti'alis
3163 3109 3239 3166 ita
3270 3109 3422 3180 quasi
3455 3123 3617 3178 supra

1958 3249 2005 3311 ρ
2035 3214 2250 3280 omnia,
2295 3227 2435 3284 quae
2479 3219 2634 3274 sunt,
2684 3223 2824 3278 quae
2869 3206 3203 3276 cogitantur,
3245 3220 3383 3275 quae
3425 3203 3620 3258 mentis

2035 3307 2208 3361 aciem
2244 3302 2537 3375 eﬁ'ugiunt,
2569 3309 2653 3356 est
2680 3299 3037 3361 constitutus,
3082 3305 3138 3350 ut
3167 3312 3230 3351 ea
3260 3304 3472 3360 cuncta,
3508 3302 3622 3350 tan-

2031 3413 2193 3469 quam
2247 3395 2618 3452 universitatis
2666 3395 2935 3464 quoddam
2996 3406 3192 3460 corpus
3239 3406 3334 3444 sua
3385 3391 3621 3445 essentia

2032 3489 2459 3559 complectatur,
2503 3502 2597 3541 sua
2643 3486 2880 3541 essentia
2930 3483 3147 3552 impleat
3175 3524 3189 3548 ,
3245 3498 3339 3537 sua
3385 3482 3620 3537 essentia

2032 3582 2251 3638 efﬁciat.
2285 3580 2472 3650 Itaque
2501 3587 2704 3632 tantum
2739 3579 2912 3641 abest,
2948 3584 3006 3629 ut
3038 3573 3254 3638 Scelus,
3294 3588 3460 3641 quum
3499 3572 3623 3625 Ari—

2034 3673 2336 3730 stotelicam
2368 3671 2636 3728 essentiae
2683 3669 3030 3737 categoriam,
3063 3674 3248 3736 utpote
3290 3665 3376 3718 cui
3407 3663 3624 3733 opposi-

2035 3776 2149 3821 tum
2186 3765 2256 3820 sit
2297 3763 2559 3828 nihilum,
2602 3775 2726 3816 cum
2771 3761 2912 3814 Deus
2940 3800 2954 3826 ,
2999 3759 3142 3828 quod
3169 3758 3271 3826 ipsi
3298 3762 3621 3825 opponatur,

2034 3872 2140 3912 non
2167 3855 2384 3920 habeat,
2417 3854 2482 3908 de
2510 3855 2728 3907 numine
2781 3867 2878 3907 suo
2922 3850 3105 3906 divino
3142 3849 3360 3919 proprie
3413 3849 3626 3918 praedi-

2036 3948 2146 4003 cari
2176 3957 2337 4018 negat
2363 3948 2457 4018 (ε),
2486 3946 2688 4000 idcirco
2720 3959 2901 4001 rerum
2935 3942 3301 3997 universitatis
3331 3941 3620 4007 essentiam

2036 4039 2102 4094 de
2131 4040 2247 4108 ipso
2286 4037 2459 4103 tollat,
2503 4044 2561 4090 ut
2590 4051 2713 4091 eam
2757 4036 2959 4091 diserte
3003 4033 3103 4103 ipsi
3139 4033 3428 4100 relinquat,
3462 4039 3624 4100 atque

2039 4129 2173 4183 adeo
2197 4128 2357 4198 plane
2385 4142 2450 4180 ac
2473 4129 2676 4181 diserte
2706 4127 2927 4182 tribuat.

2765 4262 2792 4333 §
2826 4260 2916 4314 20.

2110 4380 2179 4435 At
2217 4383 2507 4434 occurrent
2542 4373 2729 4440 nobis,
2769 4371 3076 4443 quicunque
3110 4367 3496 4436 attenderunt,
3533 4385 3621 4437 eo,

2037 4476 2180 4545 quod
2205 4471 2436 4543 Erigena
2465 4470 2633 4524 Deum
2671 4482 2716 4525 s.
2745 4467 3006 4523 Naturam
3034 4478 3140 4519 non
3169 4471 3409 4518 creatam
3435 4478 3626 4519 crean-

339 4588 486 4658 quod
523 4556 692 4654 supra
715 4583 860 4636 illam
905 4600 924 4633 ι
951 4579 1244 4636 essentiam
1274 4595 1323 4643 ι,
1355 4575 1445 4630 cui
1473 4572 1764 4643 opponitur
1796 4590 1815 4622 ‹
1849 4570 1930 4625 ni-
1961 4608 2013 4668 Β
2043 4575 2172 4633 tem,
2204 4581 2371 4638 quum
2403 4566 2471 4620 ab
2506 4564 2659 4620 initio
2695 4569 2927 4633 quatuor
2962 4556 3200 4614 Naturae
3240 4557 3448 4628 species
3493 4574 3624 4616 con-

338 4682 513 4737 hilum
540 4699 559 4732 ι
607 4677 750 4748 (sup.
780 4673 812 4748 ς
836 4674 918 4745 8),
939 4674 1010 4728 ita
1040 4669 1439 4742 quodammodo
1459 4667 1532 4722 sit
1554 4665 1930 4728 constitutum,

339 4783 400 4828 ut
429 4775 604 4843 ipsum
645 4769 716 4824 sit
747 4765 906 4838 quasi
931 4765 1150 4821 tertium
1178 4762 1480 4833 quoddam,
1519 4774 1626 4830 quo
1653 4758 1762 4823 illa,
1794 4771 1932 4826 quae

339 4865 486 4919 inter
513 4876 573 4916 se
602 4869 731 4915 sunt
757 4859 1024 4928 opposita,
1056 4854 1217 4911 simul
1241 4851 1787 4923 comprehendantur,
1817 4847 1935 4904 efﬁ-

336 4955 557 5008 ciantur
605 4969 628 5002 (
660 4949 1030 5018 concordique
1053 4965 1111 5012 a,
1143 4955 1202 4999 ut
1230 4945 1302 4998 ita
1337 4943 1600 5007 dicamus,
1639 4960 1659 4993 ι
1709 4955 1841 5011 pace
1865 4937 1933 4992 li—

341 5055 538 5115 gentur
574 5064 622 5099 ι.
671 5039 815 5098 Sunt
869 5041 1012 5096 enim
1067 5037 1208 5108 apud
1258 5035 1477 5092 Scotum
1530 5035 1666 5090 haec
1711 5049 1726 5086 :
1774 5029 1936 5086 Fides

342 5133 610 5189 catholica
637 5147 704 5187 ac
731 5146 862 5188 vera
885 5131 1027 5186 ratio
1053 5129 1275 5196 fatetur,
1300 5129 1470 5185 Deum
1494 5139 1615 5182 esse
1641 5121 1933 5187 inﬁnitum,

417 5313 496 5384 (a)
532 5310 873 5384 Quamquam
900 5309 1021 5384 aliis
1046 5308 1180 5365 locis
1206 5308 1370 5364 etiam
1392 5305 1514 5384 aliis
1535 5302 1604 5359 de
1626 5300 1807 5384 causis
1830 5316 1934 5384 nu-

340 5371 488 5438 men'
517 5371 762 5437 divinum
811 5381 1010 5437 dicitur
1053 5377 1508 5450 superessentiale
1536 5414 1552 5440 ,
1597 5371 1933 5450 velut_ideo,

337 5455 484 5523 quod
513 5470 678 5524 supra
703 5453 888 5508 omnia
916 5443 1264 5524 illustriorem
1285 5448 1439 5524 quasi
1471 5443 1935 5524 essentiaedocum

335 5514 620 5587 obtineat,
661 5524 805 5594 quod
840 5543 858 5576 ‹
890 5522 1132 5594 omnium
1163 5514 1524 5594 essentiarum
1559 5514 1680 5571 fons
1707 5514 1832 5594 si_t_»
1861 5521 1940 5594 _et

335 5610 481 5664 quae
510 5583 639 5650 sunt
664 5583 881 5664 generis
904 5593 1167 5662 ejusdem.
1196 5590 1304 5647 Sed
1321 5603 1476 5664 _nu_nc
1507 5603 1615 5644 non
1642 5594 1726 5642 est
1752 5585 1838 5639 his
1861 5583 1942 5638 lo-

335 5660 458 5720 éus.
509 5665 636 5721 Illas
660 5660 842 5721 autem
883 5660 1274 5736 explicationes
1320 5660 1446 5736 huic
1475 5669 1938 5736 nostrae,mqltam

338 5736 445 5791 hoc
469 5736 592 5792 loco
622 5725 997 5808 preponimus,
1027 5733 1163 5788 nihil
1187 5730 1444 5788 reluctari
1476 5731 1613 5785 infra
1644 5726 1698 5798 (ς
1724 5725 1817 5797 22)
1845 5725 1940 5778 de-

338 5807 692 5862 clarabimus.

337 5821 692 5864 Clarantmus.

415 5878 494 5949 (ὁ)
535 5877 754 5950 Optimo
782 5877 947 5952 igitur
970 5875 1100 5949 jure
1143 5875 1210 5931 de
1256 5873 1422 5931 Scoto
1445 5870 1653 5928 dictum
1687 5874 1938 5939 putamus

2037 4659 2310 4720 stitucret,
2343 4655 2471 4711 item
2502 4653 2740 4709 Naturae
2767 4650 3001 4723 speciem
3049 4665 3175 4706 esse
3215 4649 3433 4716 dixerit,
3465 4659 3626 4720 atque

2038 4749 2174 4803 adeo
2220 4748 2414 4804 tertiae
2453 4745 2690 4801 Naturae
2733 4743 2956 4816 speciei,
2985 4741 3223 4798 Naturae
3271 4751 3486 4798 creatae
3518 4759 3627 4799 non

2040 4839 2271 4905 creanti,
2303 4852 2370 4892 ex
2399 4838 2686 4904 diametro,
2710 4845 2770 4891 ut
2797 4837 2974 4901 aiunt,
3010 4834 3342 4906 opposuerit.
3392 4835 3626 4892 Satisfa-

2039 4933 2147 4988 ciat
2177 4932 2244 4988 iis
2272 4931 2386 5001 ipse
2413 4929 2666 5002 Erigena.
2704 4929 2754 4986 ls
2782 4929 2948 5000 igitur
2977 4929 3043 4984 de
3073 4926 3277 4983 Natura
3305 4945 3412 4985 non
3444 4937 3625 4984 creata

2038 5033 2289 5090 creante,
2333 5023 2507 5094 prima
2546 5023 2635 5078 illa
2673 5021 2909 5078 Naturae
2955 5020 3137 5092 specie
3181 5037 3230 5077 s.
3277 5019 3452 5077 forma
3483 5039 3496 5075 :
3535 5039 3552 5071 α
3582 5019 3627 5074 si

2043 5125 2146 5182 rite
2181 5144 2228 5194 ι,
2278 5123 2374 5189 ait,
2431 5140 2450 5174 ‹
2491 5121 2698 5194 species
2735 5119 2821 5176 vel
2859 5121 3032 5176 l'orma
3060 5119 3286 5176 dicenda
3332 5128 3416 5172 est
3453 5116 3625 5186 prima

2043 5298 2172 5355 illud
2204 5296 2507 5354 Schlueterl
2551 5293 2797 5369 (p._XIII)
2841 5313 2854 5349 :
2900 5313 2920 5346 ι
2955 5288 3429 5369 Doctns_Hegelius
3454 5283 3626 5369 diale-

2042 5354 2224 5436 ctico,
2277 5378 2337 5424 ut
2383 5370 2485 5424 hoc
2532 5354 2699 5423 verbo
2740 5354 2977 5429 utamur,
3023 5354 3290 5436 monisnto
3335 5371 3434 5412 suo
3482 5354 3630 5431 (per-

2043 5426 2570 5513 ouant}__multifa_rie
2594 5439 2860 5509 Erigenae
2893 5426 3150 5513 internoria
3180 5426 3410 5513 aﬂ‘ert‘i.

2037 5560 2040 5562 ν
2119 5499 2387 5585 (ο)Ἠαῃρ
2424 5511 2586 5564 etiam
2625 5499 2912 5585 propterea
2951 5503 3017 5585 de
3046 5502 3157 5556 Deo
3189 5499 3492 5585 praedicari
3530 5514 3630 5585 no-

2077 5571 2152 5649 at,
2173 5571 2326 5653 'quod
2358 5582 2500 5653 Deus
2528 5571 2643 5633 non
2673 5595 2692 5627 ι
2720 5571 2799 5653 sit
2818 5593 2837 5653 ξ
2871 5571 3314 5653 certa__q_uaedam
3344 5581 3507 5644 atque
3533 5573 3628 5628 de-

2085 5639 2538 5710 trita-substantia
2562 5687 2578 5712 ,
2620 5659 2759 5714 quae
2784 5643 2875 5697 hic
2900 5639 2987 5714 vel
3015 5639 3125 5700 illic
3173 5662 3192 5696 ε
3227 5643 3284 5714 in
3321 5639 3626 5714 creatarnm

2009 5758 2023 5774 .
2041 5722 2468 5779 substantiarum
2495 5711 2724 5773 numero
2751 5712 3054 5784 reperiatur
3078 5736 3125 5771 ι.
3173 5713 3257 5773 Cf.
3313 5731 3434 5787 sup.
3466 5713 3496 5784 ᾗ
3524 5711 3624 5776 l5;

2041 5794 2108 5860 ιι,
2131 5791 2315 5850 28-39.
