4152 6276
299 405 362 461 61
1137 395 1224 450 DE
1265 392 1416 450 VITA
1459 391 1546 446 ET
1584 387 1986 445 PRIECEPTIS
2027 387 2072 442 J.
2117 381 2334 440 SCOTI.
2372 381 2644 437 —PA[lS
2680 381 2744 436 ll.
3517 383 3586 438 62

305 519 510 574 merito
541 515 624 570 sic
661 511 1001 586 appellantur
1021 509 1293 582 quoniam,
1331 507 1493 560 Pater
1517 505 1572 558 h.
1618 519 1666 557 e.
1706 503 1902 572 princi-
1931 511 1978 568 Α
2007 515 2072 554 ex
2093 497 2253 552 Patre
2295 496 2372 566 (id
2393 497 2536 564 quod
2571 509 2742 564 usque
2771 493 2839 549 ab
2863 492 3010 550 omni
3035 491 3360 554 aeternitate
3381 492 3582 562 factum

307 613 460 682 pium
491 609 728 664 omnium
748 606 805 660 in
824 604 998 662 Verbo
1013 619 1132 670 suo,
1157 599 1431 671 unigenito
1459 599 1710 652 videlicet
1738 597 1891 661 Filio,

309 703 552 758 omnium
580 715 758 756 rerum
788 698 1050 762 rationes,
1079 712 1213 768 quas
1259 693 1536 748 faciendas
1559 706 1680 746 esse
1707 689 1894 755 voluit,

313 795 618 866 priusquam
655 805 744 846 res
769 789 984 854 ﬁerent,
1017 783 1407 858 praeformavit
1433 801 1476 835 ι.
1505 781 1594 852 (ιι,
1625 781 1679 834 2.
1711 781 1824 852 56.)

1021 899 1049 972 §
1094 901 1184 953 at.

377 1039 394 1070 ι
412 1018 628 1074 Causae
644 1018 808 1086 igitur
823 1013 1214 1085 primm-diales,
1232 1026 1394 1082 quum
1411 1027 1514 1064 non
1535 1007 1894 1079 quarundam,

301 1109 396 1164 sed
421 1108 674 1164 omnium
701 1105 995 1159 visibilium
1018 1101 1472 1169 invisibiliumque
1497 1114 1674 1153 rerum
1705 1111 1900 1150 causae

302 1203 434 1266 sint,
467 1215 706 1255 numero
733 1205 954 1252 careant
977 1210 1194 1249 necesse
1230 1203 1329 1248 est.
1360 1194 1694 1261 Quamquam
1723 1197 1897 1243 autem

307 1309 490 1364 neque
539 1302 752 1348 certum
794 1290 1036 1346 ordinem
1081 1287 1300 1350 habent,
1353 1287 1424 1339 ita
1473 1295 1529 1338 ut
1571 1283 1788 1354 quaevis
1835 1297 1900 1336 ex

311 1386 562 1454 ipsarum
609 1395 832 1436 numero
867 1381 1041 1449 prima
1072 1393 1191 1433 esse
1221 1378 1429 1446 possit,
1473 1373 1529 1430 S.
1569 1383 1746 1428 tamen
1781 1371 1903 1425 Dio-

313 1479 507 1550 nysius
527 1476 673 1546 jure,
726 1483 784 1538 ut
812 1473 1035 1534 videtur,
1093 1471 1190 1526 has
1209 1470 1406 1525 'dcccm
1449 1469 1650 1538 primas
1697 1465 1902 1520 consti-

313 1569 456 1624 tuit:
499 1567 602 1622 Per
628 1580 687 1621 se
727 1565 898 1635 ipsam
931 1563 1166 1628 bonitas,
1209 1577 1306 1630 per
1330 1575 1387 1616 se
1431 1561 1600 1630 ipsam
1639 1557 1902 1620 essentia,

307 1675 492 1732 perpse
521 1660 692 1728 ipsam
725 1658 857 1720 vita,
902 1649 998 1726 per
1029 1670 1088 1710 se
1116 1656 1286 1724 ipsam
1331 1652 1490 1714 ratio,
1521 1665 1615 1720 per
1645 1663 1703 1702 se
1733 1648 1906 1716 ipsam

311 1751 692 1822 intelligentia,
743 1763 838 1818 per
870 1763 928 1801 se
977 1747 1149 1816 ipsam
1183 1744 1468 1814 sapientia,
1523 1757 1618 1812 per
1650 1755 1708 1794 se
1733 1741 1904 1808 ipsam

313 1845 501 1908 virtus,
535 1857 716 1913 perse
743 1838 959 1910 (ipsam)
987 1837 1284 1900 beatitudo,
1331 1850 1429 1906 per
1455 1849 1514 1888 se
1555 1833 1728 1902 ipsam
1754 1829 1902 1886 veri-

313 1946 416 2000 tas,
437 1951 536 2006 per
555 1949 614 1989 sc
643 1935 816 2004 ipsam
849 1931 1144 1986 aeternitas
1163 1927 1260 1999 (tt).
1285 1929 1464 1996 Atque
1495 1925 1568 1979 ita
1595 1925 1739 1978 inter
1769 1937 1898 1977 cau-

307 2048 397 2090 sas
437 2029 832 2101 primordiales,
863 2043 996 2098 quas
1025 2041 1202 2081 rerum
1233 2025 1476 2080 omnium
1501 2021 1770 2093 principia
1823 2019 1902 2072 di-

311 2126 420 2180 vini
447 2126 718 2194 sapientes
747 2121 1052 2194 appellant,
1095 2128 1220 2174 sunt
1245 2131 1436 2174 omnes
1465 2117 1694 2168 virtutes
1721 2127 1786 2166 ae
1813 2126 1902 2165 ra-

315 2219 484 2272 tiones
515 2217 612 2288 (b),
641 2229 776 2286 quas
825 2213 992 2268 semel
1028 2221 1082 2266 et
1119 2210 1280 2266 simul
1305 2209 1470 2263 Pater
1495 2207 1626 2262 fecit
1649 2207 1702 2260 in
1744 2203 1900 2266 Filio,

316 2318 370 2363 et
395 2308 685 2362 secundum
732 2320 868 2376 quas
914 2305 1048 2360 ordo
1091 2303 1336 2357 omnium
1384 2313 1568 2356 rerum
1609 2313 1639 2356 ο
1689 2309 1906 2350 summo

322 2416 492 2470 usque
517 2399 770 2452 deorsum
783 2398 1002 2460 texitur,
1035 2398 1136 2450 hoc
1159 2404 1262 2460 est,
1283 2396 1352 2449 ab
1377 2391 1730 2448 intellectunli
1751 2403 1906 2443 crea-

323 2473 468 2555 tura,
525 2507 661 2560 quae
701 2491 810 2542 Deo
837 2497 955 2558 post
987 2489 1154 2541 Deum
1191 2495 1276 2540 est
1305 2485 1550 2554 proxima
1573 2526 1586 2548 ,
1639 2497 1808 2551 usque
1837 2480 1906 2534 ad

315 2591 628 2637 extremum
678 2595 862 2634 rerum
911 2577 1152 2633 omnium
1195 2576 1484 2639 ordinem,
1535 2589 1644 2642 quo
1684 2585 1908 2639 corpora

311 2675 664 2730 continentur
701 2691 745 2724 ι.
781 2669 888 2742 (ill,
933 2671 1020 2735 l4,
1055 2670 1078 2721 l
1109 2685 1124 2734 ;
1151 2667 1214 2734 ll,
1247 2665 1365 2735 56.)

1021 2783 1049 2864 ς
1094 2783 1189 2836 25.

391 2925 414 2966 ι
445 2903 750 2974 Yisiltiliutn
789 2917 972 2966 rerum
1001 2900 1181 2966 causis
1219 2895 1661 2968 primordialibus
1690 2903 1770 2950 est
1791 2893 1906 2947 exi-

323 2997 436 3058 mia
485 2994 778 3060 “Milites,
807 2991 1092 3058 ittgll'abiiiﬁ
1123 2977 1350 3058 naturae
1379 2987 1688 3066 simplicitas
1731 3001 1904 3056 caque

325 3086 656 3154 obscuritas,
685 3099 823 3158 quae
845 3083 992 3144 nullo,
1017 3081 1214 3140 coloris
1259 3081 1479 3158 lumine,
1527 3078 1669 3130 nulla
1705 3077 1907 3131 forma-

325 3195 446 3238 rum
499 3179 819 3246 discretione
871 3176 945 3240 sit
996 3174 1302 3226 declarata:
1353 3169 1728 3225 intellectualis
1779 3183 1906 3223 vero

321 3274 594 3340 (assentiar;
619 3287 814 3340 causae
837 3269 1215 3348 primordiales
1257 3268 1459 3321 habent
1489 3265 1907 3336 incomprehen-

317 3370 532 3426 sibilem
561 3367 922 3430 altitudinem,
971 3365 1238 3420 inlinitam
1277 3364 1360 3436 sui
1389 3378 1487 3432 per
1539 3362 1721 3416 omnia
1751 3360 1910 3415 dill'n-

317 3464 548 3526 sionem,
590 3473 728 3528 quae
773 3457 918 3511 nullo
947 3455 1247 3526 percipitur
1276 3469 1460 3518 sensu,
1492 3453 1639 3507 nullo
1661 3467 1911 3520 compre-

317 3553 572 3608 henditur
600 3549 900 3614 intellectu,
922 3562 1158 3618 praeque
1179 3545 1471 3601 inell‘abilis
1500 3559 1630 3599 suae
1657 3545 1912 3613 puritatis

315 3643 634 3700 excellentia
663 3643 1010 3696 tenebrarum
1039 3640 1260 3695 nomine
1289 3647 1604 3694 meruerunt
1629 3635 1907 3707 appellari.

317 3737 396 3792 Ex
423 3735 729 3802 effectibus,
781 3737 886 3789 hoc
913 3741 998 3788 est
1045 3747 1109 3788 ex
1139 3732 1579 3802 processionibus
1613 3731 1670 3788 in
1711 3744 1910 3800 genere

319 3828 625 3906 formasque
659 3825 944 3880 sensibiles
971 3835 1132 3893 atque
1161 3823 1526 3894 intelligibiles
1573 3837 1911 3893 cognoscun-

325 3929 430 3982 tur,
455 3919 580 3987 quia
603 3927 750 3982 snnt,
777 3933 880 3972 non
911 3927 1092 3978 tamen
1117 3917 1514 3985 intelliguntur,
1541 3916 1669 3985 quid
1695 3923 1820 3974 sunt
1861 3935 1904 3968 ι.

323 4009 412 4081 (ιι,
443 4009 528 4062 ιι.
557 4009 672 4078 eo.)

401 4231 418 4262 ι
451 4212 508 4267 Si
539 4211 660 4298 quis
690 4225 848 4276 nosse
869 4209 1018 4276 velit,
1049 4221 1230 4265 utrum
1253 4211 1569 4282 principalia
1597 4211 1688 4266 illa
1725 4227 1911 4267 exem-

327 4303 419 4380 pla
467 4319 524 4357 se
563 4305 680 4374 ipsa
709 4305 1024 4374 intelligant,
1075 4305 1388 4374 priusquam
1441 4307 1492 4357 in
1527 4321 1633 4372 res,
1685 4319 1913 4375 quarum

329 4409 536 4449 causae
553 4403 697 4460 sunt,
729 4395 1012 4463 profluam,
1044 4409 1230 4458 necne,
1270 4397 1396 4451 huic
1421 4397 1660 4452 breviter
1691 4411 1915 4466 respon-

329 4485 585 4556 dendum,
621 4487 782 4539 Deum
811 4487 864 4538 in
889 4485 1155 4555 sapientia
1199 4501 1292 4540 sua
1332 4487 1402 4558 (c)
1433 4503 1526 4542 eas
1558 4485 1774 4554 fecisse,
1808 4504 1914 4558 quo

327 4581 440 4642 Iiat,
483 4583 542 4629 ut
585 4593 688 4628 non
741 4577 914 4630 solum
953 4591 1012 4631 se
1057 4577 1170 4646 ipsa
1201 4585 1554 4648 cognoscant,
1607 4577 1704 4631 sed
1749 4579 1912 4631 etiam
1949 4601 1994 4660 ο

327 4687 530 4734 rerum,
577 4683 802 4740 quarum
851 4669 1112 4738 principia
1161 4678 1308 4736 sunt,
1357 4671 1604 4728 notitiam
1657 4669 1911 4725 habeant.

327 4763 440 4816 Non
467 4763 609 4816 enim
641 4763 970 4816 credendum
995 4769 1098 4828 est,
1142 4761 1196 4815 in
1217 4762 1396 4815 divina
1419 4762 1683 4831 sapientia
1711 4761 1914 4830 aliquid

329 4855 588 4924 insipiens
636 4864 692 4910 et
733 4867 794 4909 se
841 4855 1018 4925 ipsum
1067 4856 1326 4926 ignorans
1349 4855 1630 4912 conditum
1659 4855 1848 4910 fuisse.
1887 4873 1906 4906 ι

327 4949 412 5018 ut,
451 4949 653 5015 18,20.
685 4947 894 5024 v.24.)

1037 5045 1068 5120 ς
1122 5037 1211 5099 27.

409 5179 428 5214 ι
459 5159 902 5222 Fueruntautem
943 5173 1140 5216 causae
1165 5158 1290 5220 illae
1315 5157 1695 5230 primordialcs
1743 5170 1916 5228 usque

325 5259 398 5312 ab
427 5257 574 5320 omni
601 5255 940 5324 aeternitatis.
975 5253 1115 5322 Sunt
1129 5255 1344 5332 quidem
1369 5252 1564 5320 factae,
1601 5267 1784 5306 verum
1815 5235 1912 5318 ita,

323 5359 382 5402 ut
411 5364 590 5419 om
619 5349 920 5414 aeternitas
933 5361 1130 5412 parum
1167 5347 1451 5418 Iacturam,
1499 5359 1673 5418 neque
1705 5345 1912 5410 factura

321 5461 510 5504 earum
531 5447 914 5508 aeternitatem
947 5445 1258 5518 praecedat.
1297 5443 1562 5506 Nascentc
1591 5443 1731 5508 enim
1777 5439 1914 5494 Filio

321 5593 501 5658 mente
529 5587 803 5658 oriuntur,
829 5587 994 5658 inque
1022 5599 1086 5642 ea
1105 5584 1436 5652 radicantur,
1463 5597 1555 5636 sua
1584 5590 1762 5636 autem
1789 5596 1915 5650 pro-

319 5657 436 5724 pria
461 5657 704 5726 gaudent
741 5657 1044 5713 snitstantia
1083 5675 1126 5708 ι.

392 5723 654 5797 ((1)11ch
679 5729 804 5788 ideo
829 5745 926 5798 per
950 5743 1010 5784 se
1036 5743 1157 5798 esse
1185 5727 1436 5798 dicuntur
1458 5767 1472 5790 ,
1522 5725 1662 5794 quod
1702 5745 1716 5772 ι
1753 5723 1914 5798 unius

321 5794 698 5872 universorum
723 5794 918 5872 causae
956 5797 1404 5872 participationes
1443 5807 1588 5859 sunt,
1621 5811 1796 5872 neque
1825 5794 1910 5846 illa

323 5867 570 5923 creatura
613 5871 754 5926 inter
779 5871 923 5940 ipsas
955 5867 1010 5925 et
1038 5885 1200 5924 unam
1227 5870 1464 5924 omnium
1492 5883 1710 5921 causam
1756 5867 1916 5918 inter-

1999 597 2104 666 est)
2149 591 2324 648 faetae
2369 597 2496 646 sunt
2523 588 3046 659 praedestinationes
3092 586 3472 648 substantiales
3501 589 3583 656 (ιι.

2000 703 2050 742 e.
2081 699 2278 740 causae
2312 681 2710 752 primordiales)
2759 682 2812 735 in
2843 681 3010 736 verbo
3037 679 3154 740 Dei.
3182 678 3388 740 Causas
3417 679 3587 748 siqui—

2000 780 2120 834 dem
2153 775 2529 848 primordiales
2549 773 2693 828 Patri
2725 781 2780 826 et
2811 771 2948 828 Filio
2979 780 3294 832 coeaternas
3319 785 3442 830 esse
3469 783 3588 825 cre-

1999 871 2178 925 (limus
2208 889 2226 920 ι
2255 867 2362 939 (ιιι,
2390 867 2457 920 ιδ
2481 882 2495 932 ;
2521 865 2586 931 ιι,
2614 864 2754 920 eo.»
2775 863 2890 936 at.)

2073 963 2180 1017 Sed
2219 960 2436 1025 Scottis,
2491 959 2594 1014 etsi
2639 959 2724 1012 his
2755 957 2889 1012 locis
2933 957 3134 1018 diserte
3173 956 3348 1022 dixit,
3391 969 3587 1014 causas

1999 1055 2377 1126 primordiales
2391 1053 2539 1112 Patri
2557 1050 2800 1121 Filioque
2813 1065 2936 1106 esse
2955 1067 2975 1102 ι
3000 1059 3316 1108 coaeternas
3337 1069 3382 1122 ι,
3407 1059 3588 1110 tamen

2004 1149 2124 1202 aliis
2179 1147 2314 1201 locis
2371 1145 2692 1209 contendit,
2731 1144 2876 1212 ipsas
2923 1158 3052 1210 non_
3081 1143 3304 1200 omnino
3333 1142 3422 1216 his
3468 1156 3588 1202 esse

2008 1259 2026 1289 ι
2073 1247 2392 1293 coaeternas
2433 1255 2477 1289 ι.
2535 1255 2553 1285 ε
2601 1235 2724 1290 Ideo
2753 1233 2943 1305 (enim)
2981 1253 3026 1298 ι,
3055 1233 3157 1296 ait,
3203 1252 3222 1284 ι
3257 1246 3450 1294 causas
3475 1231 3588 1302 pris-

2003 1329 2294 1384 mordiales
2325 1329 2434 1383 Deo
2465 1327 2694 1386 dicimus
2737 1337 3076 1392 coaeternus,
3121 1327 3250 1395 quia
3289 1333 3505 1394 semper
3534 1324 3590 1380 in

2005 1423 2114 1476 Deo
2149 1422 2266 1476 sine
2295 1421 2404 1475 ullo
2447 1421 2730 1491 temporali
2787 1421 3052 1491 principio
3097 1420 3422 1485 subsistunt,
3472 1419 3592 1478 ideo

2007 1513 2105 1582 ipsi
2137 1527 2242 1566 non
2276 1518 2613 1576 eoaeternas,
2647 1489 2772 1580 quia
2811 1527 2918 1566 non
2947 1527 2978 1566 a
3007 1526 3066 1566 se
3095 1511 3242 1580 ipsis,
3293 1510 3388 1566 sed
3431 1525 3460 1564 ει
3490 1522 3591 1568 suo

2008 1615 2254 1660 creatore
2275 1605 2542 1674 incipiunt
2561 1619 2704 1669 esse,
2729 1605 2846 1673 ipse
2867 1619 2996 1658 vero
3015 1611 3234 1660 creator
3260 1601 3408 1660 nullo
3431 1603 3594 1662 umth

2009 1697 2196 1765 incipit
2219 1709 2336 1750 esse
2374 1714 2419 1747 ι.
2459 1695 2556 1748 Est
2599 1704 2776 1750 autem
2819 1695 2922 1752 hac
2947 1695 3086 1748 illius
3115 1694 3194 1750 rei
3236 1693 3594 1763 explicatione

2012 1790 2185 1859 magis
2223 1789 2386 1842 etiam
2413 1788 2657 1842 miranda
2685 1787 2824 1840 ratio
2849 1788 3134 1856 quaedam,
3165 1799 3302 1854 quae
3327 1785 3456 1846 huic
3491 1783 3594 1853 ipsi

1935 1871 1977 1928 Β
2009 1879 2354 1948 explicationi
2379 1887 2462 1934 est
2481 1877 2719 1947 adjecta:
2759 1897 2778 1928 ‹
2811 1879 2868 1932 Si
2899 1879 2952 1936 in
2973 1879 3088 1947 ipsa
3117 1892 3278 1936 causa
3305 1891 3592 1934 causaer

2009 1971 2270 2036 omnium,
2311 1969 2362 2024 in
2393 1969 2450 2023 ὃ.
2483 1967 2768 2035 Trinitate,
2801 1969 3066 2038 quaedam
3107 1968 3428 2038 intelligitur
3463 1981 3592 2035 pro-

2008 2065 2182 2120 cessio
2205 2093 2276 2104 —
2309 2062 2491 2118 Deitas
2519 2063 2662 2117 enim
2707 2062 2934 2133 gignens
2957 2071 3013 2116 ot
3059 2061 3277 2118 mittens
3324 2059 3598 2128 praecedit

2010 2156 2246 2224 genitam
2284 2161 2341 2208 et
2377 2153 2779 2222 procedentem,
2817 2154 2944 2207 dum
2979 2153 3052 2206 sit
3079 2167 3182 2206 una
3231 2157 3286 2204 et
3314 2151 3592 2218 insepara—

2011 2247 2134 2302 bilis
2169 2245 2350 2299 Deitas
2373 2275 2444 2284 —
2475 2259 2579 2298 non
2613 2245 2810 2298 mirum
2839 2253 2941 2308 est,
2976 2255 3068 2298 aut
3103 2241 3432 2304 incredibile,
3468 2257 3595 2302 cau-

2011 2354 2192 2394 sarum
2255 2339 2494 2392 omnlum
2541 2353 2758 2396 causam
2819 2338 3146 2408 praecedere
3208 2352 3310 2403 ea,
3364 2351 3596 2404 quorum

2011 2419 2172 2486 causa
2221 2441 2306 2486 est
2339 2451 2382 2483 ι.
2441 2431 2529 2501 (de
2581 2432 2686 2486 div.
2743 2430 2864 2486 Nat.
2917 2431 2978 2496 ll,
3029 2431 3128 2496 Si;
3185 2430 3272 2496 Ill,
3419 2428 3596 2498 seqq.)

2017 2539 2034 2570 ι
2063 2520 2403 2590 Quamquam
2445 2529 2626 2576 autem
2679 2522 2798 2590 capi
2823 2523 3028 2590 nequit,
3077 2521 3346 2591 quomodo
3399 2537 3598 2576 causae

2009 2613 2386 2684 primordiales
2412 2622 2466 2667 et
2508 2615 2686 2667 factae
2715 2625 2770 2666 et
2797 2621 3050 2668 aeternae
3097 2613 3302 2682 possint
3333 2627 3472 2676 esse,
3513 2625 3599 2666 res

2011 2712 2190 2756 tamen
2245 2701 2545 2756 illustratur
2592 2703 2838 2770 exemplo
2887 2715 3261 2764 numerorum,
3295 2700 3388 2767 qui
3437 2698 3596 2752 simul

2009 2796 2216 2856 aeterni
2267 2802 2394 2850 sunt
2415 2803 2470 2848 et
2505 2793 2674 2848 facti:
2723 2793 2930 2848 aeterni
2976 2793 3032 2846 in
3081 2793 3330 2856 monade,
3381 2789 3512 2854 facti
3545 2789 3598 2842 in

2009 2888 2259 2946 monadis
2287 2885 2734 2955 multiplicatione
2761 2903 2804 2938 ι.
2837 2883 2944 2955 (ιιι,
2982 2884 3040 2940 ll
3069 2883 3246 2958 seqq.)

2723 3019 2750 3096 θ
2801 3018 2890 3074 es.

2087 3137 2217 3196 Viva
2242 3137 2404 3208 igitur
2425 3135 2514 3190 illa
2544 3133 2684 3210 (sup.
2710 3134 2847 3208 §26)
2873 3133 3114 3188 omnium
3139 3132 3398 3185 virtutum
3431 3129 3598 3185 ratio-

1934 3235 1980 3299 Ο
2011 3245 2274 3301 numque,
2303 3230 2497 3300 quibus
2524 3243 2704 3288 rerum
2733 3238 2960 3282 naturae
2999 3226 3325 3280 universitas
3351 3223 3598 3290 ellicitur,

2016 3326 2262 3396 exempla
2301 3323 2639 3394 principalia,
2689 3337 2826 3392 quas
2868 3321 3244 3392 primordialcs
3286 3335 3480 3396 causas
3507 3333 3601 3389 ap-

2013 3419 2336 3490 pellavimus
2364 3417 2413 3494 (§
2439 3417 2645 3492 25-24),
2675 3430 2780 3474 non
2811 3415 2983 3494 solum
3011 3413 3122 3468 Deo
3168 3421 3291 3466 sunt
3317 3421 3602 3467 coaeterna

2015 3510 2066 3584 (ᾗ
2097 3511 2209 3584 ‘27),
2239 3527 2428 3566 verum
2453 3511 2618 3564 etiam
2649 3525 2820 3579 usque
2851 3509 2917 3562 ab
2938 3509 3082 3562 onmi
3126 3506 3446 3561 aeternitate
3479 3523 3600 3560 cum

2017 3603 2127 3662 Deo
2144 3602 2432 3670 conjuncta
2455 3611 2638 3678 atque,
2666 3602 2800 3655 adeo
2819 3601 2870 3653 in
2899 3601 3017 3672 ipso
3041 3599 3151 3654 Deo
3166 3597 3330 3652 fuere.
3361 3597 3602 3665 Namque

2015 3709 2044 3748 a
2083 3693 2194 3750 Deo
2247 3695 2429 3762 Patre,
2487 3710 2700 3752 summo
2729 3694 2970 3748 omnium
3023 3708 3199 3747 rerum
3231 3691 3513 3760 principio,
3547 3691 3602 3742 it:

2013 3783 2152 3854 Filio
2183 3785 2481 3858 unigenito,
2506 3794 2686 3854 creata
2710 3801 2804 3840 seu
2829 3783 3042 3839 condita
3075 3799 3168 3838 seu
3197 3783 3335 3836 facta
3367 3789 3511 3844 sunt,
3548 3787 3605 3835 ut

2016 3890 2227 3946 semper
2261 3897 2278 3927 ι
2309 3877 2360 3930 in
2407 3877 2522 3952 ipso
2549 3877 2890 3934 substiterint
2925 3897 2970 3929 ι.
3091 3875 3294 3941 ‘25-‘24;
3331 3871 3361 3946 δ
3392 3873 3602 3944 ‘26-'27.)

2015 3971 2295 4038 Quomodo
2325 3981 2506 4026 autem
2557 3988 2754 4026 causae
2793 3970 3170 4044 primordiales
3221 3970 3275 4023 in
3307 3967 3484 4024 Verbo
3511 3967 3605 4022 Del

2017 4066 2294 4136 unigenito
2320 4067 2569 4122 conditae
2596 4071 2725 4134 sint,
2763 4085 2780 4117 ‹
2811 4081 2998 4122 onmes
3022 4075 3240 4136 superat
3277 4065 3600 4131 intellectus,

2019 4157 2226 4228 solique
2249 4160 2442 4224 Verbo,
2473 4161 2524 4211 in
2557 4176 2666 4238 (μεθ
2694 4169 2817 4218 sunt
2840 4161 3109 4222 conditae,
3137 4159 3408 4238 cognitum
3437 4171 3520 4213 est
3557 4180 3602 4212 ι.

2021 4249 2128 4319 (lli,
2161 4251 2374 4322 lii-l7.)
2403 4249 2764 4320 Nihilominus
2815 4252 3044 4322 Erigena
3095 4251 3198 4306 alio
3225 4252 3458 4318 quodam
3489 4253 3607 4306 loc.)

2021 4345 2254 4410 scribit:
2292 4362 2309 4394 ι
2352 4344 2630 4420 Siqttident
2677 4358 2744 4410 ex
2795 4343 2942 4396 f0nte
2992 4343 3189 4400 linit'icn
3233 4344 3608 4418 principaliter

2021 4451 2227 4505 manat,
2247 4451 2302 4500 et
2322 4455 2419 4512 per
2441 4439 2560 4510 ejus
2585 4439 2796 4516 alveum
2821 4451 2976 4510 aqua,
2999 4451 3137 4512 quae
3158 4435 3329 4508 surgit
3359 4435 3410 4488 in
3436 4435 3602 4500 fonte,

2023 4533 2352 4596 defunditur,
2379 4531 2458 4585 sic
2483 4531 2663 4584 divina
2691 4529 2921 4594 bonitas,
2945 4535 2998 4582 et
3027 4529 3283 4594 essentia,
3313 4538 3366 4582 et
3397 4527 3524 4598 vita,
3554 4537 3610 4582 et

2021 4627 2305 4698 sapientia,
2337 4633 2393 4678 et
2428 4623 2628 4690 omnia,
2657 4637 2794 4694 quae
2823 4621 2877 4682 in
2909 4619 3057 4684 laute
3102 4622 3340 4690 omnium
3371 4619 3448 4693 (Ιι.
3479 4637 3527 4676 e.
3554 4621 3608 4675 in

2021 4717 2134 4784 Deo
2183 4715 2281 4788 (cf.
2349 4715 2454 4788 IV,
2510 4715 2602 4792 νη)
2663 4723 2808 4778 sunt,
2867 4714 2919 4766 in
2985 4715 3365 4782 primordiales
3420 4731 3609 4772 causas

2023 4812 2284 4882 deﬂuunt,
2305 4821 2360 4867 et
2381 4825 2474 4868 eas
2497 4827 2616 4870 esse
2644 4811 2851 4866 faciunt
2879 4831 2923 4864 ι.
2954 4810 3057 4882 (lli,
3085 4811 3166 4884 4.)

2725 4949 2899 5022 529.

2095 5070 2274 5140 Atque
2315 5069 2454 5122 haec
2503 5066 2618 5136 ipsa
2665 5065 2830 5119 verba
2883 5071 3068 5134 aperte
3117 5063 3392 5120 declarant
3446 5065 3610 5118 etiam

2028 5163 2178 5234 illud,
2211 5175 2402 5226 causas
2445 5156 2820 5230 primordiales
2861 5169 2982 5210 esse
3015 5169 3193 5208 rerum
3216 5153 3458 5218 exentpla
3486 5152 3608 5202 sub-

2027 5253 2322 5316 stantialia,
2371 5265 2512 5320 quae
2566 5247 2993 5304 substantialiter
3049 5259 3112 5297 cx
3176 5245 3354 5296 divina
3407 5239 3611 5292 [luxere

2027 5345 2348 5410 substantia,
2373 5343 2720 5414 ejusdemque
2750 5357 2869 5394 cum
2903 5341 3019 5408 ipso
3036 5337 3144 5389 Deo
3166 5341 3288 5386 sunt
3318 5333 3608 5387 csscnlinc.

2028 5443 2420 5512 Quod'Scotus
2466 5440 2598 5496 satis
2645 5447 2957 5494 constanter
3003 5427 3180 5483 tradit.
3210 5427 3466 5498 Legimus
3489 5445 3611 5484 cum

2027 5579 2198 5645 posita
2220 5585 2302 5631 est
2333 5595 2376 5627 ι.
2413 5573 2500 5644 (ll,
2521 5571 2619 5645 56;
2653 5568 2735 5645 Ill,
2776 5565 2850 5644 Β)

2097 5647 2174 5720 (b)
2198 5635 2539 5720 Quaeverba
2569 5635 2878 5720 abnlliortnio
2925 5643 3208 5704 vertuntur
3241 5635 3320 5710 (p.
3353 5635 3464 5708 ιο.)
3513 5635 3612 5689 ulla

2023 5707 2274 5787 liticine},
2307 5713 2612 5787 lebendigeg
2622 5707 2881 5787 ﬂagri/fe.

2099 5777 2183 5856 (cf
2207 5777 2315 5856 Hoc
2341 5793 2442 5856 est,
2471 5777 2526 5832 in
2557 5777 2693 5833 Filio
2717 5794 2812 5836 suo
2838 5780 3130 5853 unigenito.
3161 5781 3240 5836 ω.
3275 5795 3387 5848 sup.
3487 5777 3566 5834 12.
3595 5788 3608 5837 ;

2023 5860 2094 5912 de
2108 5852 2226 5912 div.
2261 5854 2332 5920 ιι,
2361 5852 2450 5906 22.
2945 5852 2950 5853 “
3447 5853 3450 5856 ·
