4152 6276
531 393 599 450 65
1565 380 1656 437 DE
1691 375 1958 437 JOANNE
1989 370 2212 431 SCOTO
2249 363 2774 428 COMMENTATIO.
3745 348 3819 402 61

533 501 701 566 multa
747 505 884 570 alia,
936 510 1051 557 tum
1105 499 1242 554 haec
1270 514 1284 551 :
1331 513 1349 548 ‹
1383 493 1525 550 Dicit
1576 506 1731 548 sacra
1792 488 2074 558 Scriptura
2107 502 2120 538 :
2151 489 2202 547 Α
2230 497 2392 552 quam
2420 479 2605 550 fugere
2628 476 2818 548 possit,
2838 472 3057 528 Scotum
3085 469 3172 524 his
3198 466 3334 523 locis
3362 465 3473 570 (111,
3495 466 3529 521 9
3551 472 3605 570 et
3625 465 3818 536 pracci-

538 620 594 656 η
620 601 678 656 1η
709 596 980 672 principio
1009 591 1140 649 fecit
1164 592 1306 646 Deus
1333 587 1543 644 coelum
1566 592 1622 640 et
1644 584 1894 650 terramji
1911 599 1957 646 ι,
1989 580 2044 634 ιι.
2071 593 2122 633 e.

536 695 682 750 Deus
709 691 875 746 Pater
919 689 973 743 in
1003 686 1118 742 Deo
1138 682 1276 740 Filio
1301 678 1709 736 universitatem
1760 675 1929 728 totius
1976 685 2127 726 crea-

536 797 692 842 turae
718 781 948 838 visibilis
973 788 1030 834 et
1055 775 1340 834 invisibilis
1363 773 1638 837 condidit;
1665 777 1722 825 et
1749 768 1878 838 quid
1906 767 1958 820 in
1980 765 2128 836 prin-

536 876 680 946 cipio
719 888 840 938 suo,
865 873 917 926 in
947 870 1112 924 verbo
1155 882 1276 931 suo,
1304 866 1356 920 in
1386 864 1523 919 Filio
1548 877 1648 918 suo
1671 859 1950 930 unigenito
1974 865 2129 926 pater

537 967 818 1029 conderet,
849 962 989 1032 quod
1020 961 1136 1030 ipse
1187 957 1358 1012 Filius
1402 955 1479 1026 (a)
1532 968 1640 1008 non
1667 951 1845 1006 esset?
1877 947 2126 1016 Alioquin

540 1073 651 1114 non
681 1057 735 1111 in
766 1057 882 1126 ipso
907 1050 1229 1109 condiderit.
1258 1049 1368 1103 Aut
1392 1045 1662 1117 quomodo
1687 1051 1984 1114 pateretur,
2012 1037 2128 1092 ﬁeri

537 1148 595 1204 in
617 1163 677 1203 se
707 1146 932 1202 verbum
975 1143 1070 1215 (ὁ),
1101 1141 1245 1213 quod
1278 1139 1381 1194 sibi
1425 1131 1882 1193 consubstantiale
1912 1144 2019 1184 non
2044 1142 2126 1183 es-

535 1239 656 1294 set?
683 1238 801 1293 Non
824 1237 969 1291 enim
1012 1232 1106 1289 lux'
1149 1232 1281 1287 sinit
1310 1232 1364 1286 in
1394 1245 1454 1284 se
1479 1228 1750 1290 tenebras,
1801 1238 1901 1278 nec
1927 1220 2130 1276 veritas

534 1331 590 1387 in
634 1327 906 1400 se'recipit
934 1328 1250 1398 ﬁgmentum
1291 1344 1336 1380 ι.
1369 1323 1480 1395 (111,
1509 1321 1622 1393 17.)
1651 1320 1889 1376 Habetur
1934 1315 2129 1372 deinde

537 1421 648 1493 (111,
703 1422 753 1492 1)
805 1422 907 1476 hoc
941 1436 956 1474 :
994 1439 1013 1470 ι
1059 1419 1116 1473 ln
1176 1417 1430 1472 omnibus
1477 1415 1655 1470 causis
1691 1408 2130 1482 primordialibus

539 1510 886 1566 uniformiter
929 1510 1065 1564 haec
1118 1507 1301 1578 regula
1345 1507 1692 1569 observatur,
1741 1502 1885 1571 quod
1931 1515 2028 1572 per
2069 1512 2129 1554 se

539 1603 688 1674 ipsas
710 1603 1156 1673 participationes
1180 1598 1506 1671 principales
1532 1605 1659 1653 sunt
1699 1596 1860 1650 unius
1885 1593 2128 1648 omnium

540 1710 760 1759 causae,
786 1708 926 1764 quae
954 1693 1096 1747 Deus
1123 1699 1207 1747 est
1239 1709 1257 1741 ›
1290 1688 1383 1761 (cf.
1415 1689 1478 1755 11,
1506 1687 1619 1756 56).
1647 1686 1787 1754 Quid
1817 1695 1995 1740 autem
2026 1684 2127 1738 ista

543 1802 561 1835 ‹
595 1784 942 1856 participatio
979 1801 996 1833 ›
1035 1780 1252 1852 proprie
1295 1778 1397 1834 sibi
1448 1778 1598 1844 velit,
1649 1775 1894 1847 pluribus
1927 1772 2036 1846 (lll,
2069 1773 2126 1842 3)

535 1877 605 1932 ab
630 1876 858 1947 Erigena
888 1873 1208 1944 explicatur,
1240 1886 1473 1942 quorum
1493 1883 1762 1925 summam
1787 1869 1861 1921 ita
1883 1865 2130 1937 proposi-

535 1977 647 2025 tam
670 1971 975 2024 invenimus
999 1982 1015 2021 :
1039 1987 1056 2018 ι
1087 1966 1224 2021 Hinc
1255 1964 1511 2020 facillime
1532 1965 1693 2020 datur
1719 1961 1968 2032 intelligi,
1995 1959 2127 2014 nihil

539 2061 685 2115 aliud
713 2074 836 2114 esse
862 2057 1357 2129 participationem,
1411 2055 1517 2110 nisi
1546 2070 1614 2110 ex
1647 2052 1912 2123 superiori
1941 2066 2127 2106 essen-

539 2150 615 2205 tia
647 2151 919 2205 secundae
946 2156 1070 2219 post
1096 2161 1216 2201 eam
1247 2145 1518 2200 essentiae
1547 2143 1939 2198 derivationem
1975 2160 2020 2192 ι.

609 2240 687 2296 lta
755 2239 921 2311 igitur
977 2253 1174 2293 causae
1228 2235 1612 2308 primordiales
1666 2234 1827 2289 unius
1887 2232 2128 2286 omnium

537 2348 754 2399 causae,
813 2347 953 2401 quae
1013 2330 1154 2386 Deus
1204 2339 1306 2392 est,
1367 2337 1494 2383 sunt
1546 2326 2014 2398 participationes,
2073 2332 2130 2377 ut

545 2442 563 2474 ι
602 2438 786 2478 earum
817 2420 1053 2477 essentia
1105 2434 1172 2474 ex
1216 2419 1375 2490 hujus
1423 2417 1659 2473 essentia
1707 2416 1778 2471 sit
1830 2416 2068 2470 derivata
2103 2434 2122 2467 ι

539 2516 645 2571 hoc
679 2523 766 2570 est
803 2533 822 2566 ι
864 2524 1121 2584 tanquam
1150 2526 1292 2582 aqua
1327 2525 1394 2565 ex
1419 2509 1568 2566 fonte
1595 2506 1915 2579 profluxerit
1962 2525 2007 2561 ι.
2032 2505 2125 2578 (cf.

539 2606 625 2673 Ill,
667 2605 817 2678 3-5.)

1253 2694 1282 2766 θ
1327 2692 1417 2747 50.

607 2813 794 2886 Neque
822 2823 1004 2871 tamen
1042 2815 1146 2869 hoc
1188 2812 1306 2868 loco
1345 2810 1742 2882 praetereunda
1770 2808 1988 2864 videtur
2040 2806 2129 2861 illa

539 2906 844 2962 Schlueteri
863 2907 1047 2978 opinio
1066 2904 1160 2977 (ο),
1182 2905 1342 2974 plane
1362 2918 1577 2960 errasse
1595 2903 1634 2957 l.
1664 2901 2008 2957 Goerresium
2029 2899 2129 2971 (Δ),

539 3015 703 3070 quum
757 2998 833 3054 ita
886 2999 1169 3064 scriberet,
1230 2996 1489 3052 Naturam
1541 3003 1777 3051 creatam
1834 2999 2131 3057 creantem,

538 3107 700 3162 quam
724 3091 960 3161 Erigena
987 3096 1210 3153 statuat,
1239 3103 1358 3143 esse
1385 3086 1581 3141 Filium
1625 3084 1724 3138 Dei
1775 3083 2128 3152 unigenitum.

540 3187 783 3256 Uterque
824 3198 1014 3238 errore
1061 3185 1253 3236 ductus
1305 3189 1386 3235 est
1434 3198 1446 3232 :
1505 3177 1856 3232 Scliluelerus
1907 3174 2128 3243 majore,

540 3296 704 3352 quam
736 3277 1077 3335 Goerresius.
1132 3275 1267 3328 Nam
1321 3273 1471 3328 Scoti
1519 3270 1790 3326 sententia
1844 3270 1977 3322 haec
2026 3277 2130 3322 est.

542 3373 685 3428 Deus
726 3371 892 3426 Pater
921 3383 1090 3440 usque
1123 3369 1190 3422 ab
1231 3367 1560 3421 aeternitate
1582 3363 1770 3434 genuit
1799 3362 1900 3416 sibi
1928 3361 2131 3415 Filium

543 3480 700 3521 suum
731 3461 1070 3532 unigenitum
1103 3458 1195 3529 (cf.
1231 3474 1348 3528 sup.
1379 3456 1406 3528 ς
1437 3457 1546 3525 ll).
1574 3454 1778 3509 Deinde
1799 3452 1982 3518 Pater,
2007 3452 2135 3508 item

541 3574 714 3628 usque
743 3556 811 3610 ab
841 3554 1183 3617 aeternitate,
1217 3552 1268 3605 in
1300 3553 1402 3605 hoc
1447 3549 1583 3602 Filio
1609 3563 1708 3603 suo
1737 3546 1945 3601 creavit
1970 3544 2051 3618 (h.
2082 3561 2134 3601 e.

547 3668 616 3708 ex
640 3649 943 3706 substantia
968 3663 1064 3703 sua
1085 3645 1516 3700 substantialiter
1539 3639 1740 3711 emisit)
1771 3639 1936 3693 totius
1957 3652 2139 3693 rerum

547 3744 920 3803 universitatis
969 3757 1164 3798 causas
1212 3737 1614 3809 primordiales,
1644 3735 1891 3804 exempla
1941 3732 2142 3803 princi-

543 3840 708 3912 palia,
734 3854 875 3908 quae
897 3837 1137 3907 ejusdem
1156 3834 1314 3905 plane
1336 3848 1458 3888 cum
1481 3830 1620 3886 Filio
1637 3830 1974 3886 substantiae
1989 3834 2140 3891 sunt,

545 3943 885 4000 quorumque
907 3925 1208 3994 complexio
1231 3923 1490 3978 Naturam
1516 3918 1677 3977 efﬁcit
1695 3927 1933 3974 creatam
1958 3933 2146 3973 crean-

546 4032 654 4079 tem
685 4013 738 4096 (§
767 4021 978 4094 23-29).
1006 4021 1193 4090 Itaque
1218 4017 1417 4072 Natura
1447 4025 1628 4070 creata
1673 4028 1889 4079 creans,
1920 4011 2141 4066 univer-

546 4114 659 4170 sale
688 4115 841 4184 quasi
877 4114 1043 4169 totius
1071 4112 1388 4167 condendae
1429 4106 1807 4164 universitatis
1832 4104 2144 4174 exemplum

543 4207 860 4278 principale,
887 4222 992 4261 non
1021 4204 1192 4261 solum
1221 4204 1274 4258 in
1306 4201 1442 4258 Filio
1468 4197 1564 4255 Dei
1595 4199 1872 4270 unigenito
1901 4197 2146 4252 contine-

546 4307 656 4366 tur,
681 4315 866 4355 verum
896 4299 1059 4354 etiam
1090 4295 1331 4367 ejusdem
1361 4309 1485 4350 cum
1532 4294 1651 4364 ipso
1673 4301 1758 4348 est
1784 4290 2141 4347 substantiae.

543 4387 727 4446 Potuit
757 4391 925 4460 igitur
974 4388 1172 4444 Scotus
1193 4387 1318 4457 jure
1344 4383 1766 4454 quodammodo,
1797 4395 1938 4449 quae
1977 4378 2146 4434 Goer-

545 4481 721 4534 rcsius
747 4480 901 4544 dicit,
949 4493 1050 4548 pro
1078 4474 1455 4547 philosOphiae
1498 4487 1631 4526 suae
1677 4469 1913 4525 decretis
1955 4483 2144 4524 revera

546 4569 759 4624 docere.

620 4657 808 4727 Itaque
860 4655 1065 4710 factum
1088 4662 1194 4721 est,
1243 4661 1306 4709 ut
1346 4652 1700 4709 contenderet
1749 4651 1856 4724 (111,
1905 4651 1983 4725 9),
2033 4670 2055 4705 ‹
2092 4660 2148 4707 et

548 4750 724 4822 ipsum
771 4748 1008 4805 Verbum
1055 4748 1135 4817 (h.
1185 4762 1237 4802 e.
1280 4745 1479 4801 Filium
1525 4745 1646 4815 Dei)
1691 4754 1746 4800 et
1793 4744 2144 4816 multiplicem

550 4845 718 4902 totius
745 4843 996 4900 conditae
1021 4839 1396 4897 universitatis
1437 4840 1704 4895 rationem
1757 4838 2147 4910 principalissi-

551 4954 696 4994 mam
724 4939 802 5008 (li.
830 4953 882 4993 e.
929 4935 1190 4990 Naturam
1238 4941 1476 4990 creatam
1530 4933 1829 5004 creantem)
1884 4933 1937 4988 id
1969 4933 2145 5003 ipsum

548 5045 673 5087 esse
701 5049 746 5084 ι.
772 5028 952 5098 Atque
979 5035 1082 5093 est,
1111 5026 1202 5082 ubi
1227 5025 1433 5097 majore
1473 5026 1640 5081 etiam
1669 5025 1791 5081 nisu
1819 5039 1932 5080 rem
1960 5038 2145 5095 gesse-

551 5120 644 5177 rit.
671 5116 915 5174 Aﬁirmat
953 5117 1100 5172 enim
1124 5115 1231 5189 (Ill,
1265 5113 1449 5188 20-21)
1479 5115 1939 5172 conﬁdentissime
1987 5115 2152 5169 etiam

552 5215 691 5272 hoc:
722 5232 742 5267 ι
779 5212 979 5268 Filium
1032 5209 1130 5266 Dei
1168 5229 1188 5262 ι
1214 5209 1347 5282 (non
1376 5210 1639 5282 genitum,
1673 5207 1791 5277 sed)
1828 5227 1847 5261 ι
1879 5215 2150 5274 creatum,

552 5308 608 5362 in
631 5314 1005 5364 creaturarum
1037 5318 1265 5359 numero
1297 5300 1500 5357 factum
1533 5322 1577 5355 ι.

624 5402 827 5456 Verum
853 5400 997 5454 enim
1021 5413 1174 5464 vero,
1204 5412 1327 5453 cum
1370 5396 1507 5451 alias
1535 5393 1670 5450 satis
1715 5399 2032 5448 constanter
2059 5392 2154 5447 do-

552 5499 782 5545 ceantur
806 5505 894 5554 ea,
923 5504 1066 5559 quae
1093 5502 1260 5559 supra
1304 5485 1715 5558 explicavimus,
1755 5497 1931 5551 neque
1963 5497 2152 5553 quem-

629 5648 706 5776 (αἶ
735 5649 891 5717 Quod
918 5663 1024 5704 non
1047 5657 1192 5704 esset
1222 5666 1242 5701 ι
1276 5646 1379 5718 ipsi
1423 5644 1562 5699 Filio
1605 5640 2065 5723 consubstantiale
2099 5661 2146 5696 ι.

657 5721 743 5776 ll.
784 5721 877 5776 l7:
911 5719 974 5776 ll.
1010 5719 1081 5773 20
1117 5734 1308 5776 seum:
1354 5717 1441 5776 111,
1490 5714 1612 5776 8-9;
1657 5726 1950 5776 praeeipue
1987 5711 2049 5776 V,
2076 5711 2146 5768 24

553 5711 877 5786 cl.‘lll,wl7;
911 5719 974 5785 ll,
1010 5719 1081 5773 20
1117 5711 1313 5789 seqq.;'
1354 5717 1441 5782 111,
1490 5714 1612 5780 8-9;
1657 5713 1950 5787 praecipue
1987 5711 2049 5777 V,
2076 5711 2150 5768 24

555 5808 710 5935 sella.
724 5861 839 5920 Hoc
859 5869 945 5917 est
961 5872 1124 5915 causa
1132 5873 1250 5914 rum
1265 5856 1700 5927 primordialium
1716 5837 2150 5926 complexionem

2225 591 2329 646 pue
2357 573 2445 639 111,
2470 570 2653 643 20-21)
2691 569 2851 622 aliam
2875 565 3143 635 quandam
3170 578 3283 617 rem
3328 559 3592 630 probandi
3638 559 3818 614 studio

2227 667 2396 723 fuisse
2424 667 2732 736 abreptum,
2772 675 2871 717 nos
2897 658 3114 730 quidem
3145 656 3256 721 illa,
3281 654 3479 709 Filium
3513 672 3532 704 ‹
3567 653 3662 708 Dei
3695 669 3818 710 cum

2227 757 2430 813 Natura
2487 765 2669 812 creata
2716 761 2937 810 creante
2982 765 3145 806 unum
3191 762 3312 804 esse
3345 753 3402 801 et
3449 744 3503 800 id
3553 745 3730 816 ipsum
3770 765 3819 812 ι,

2235 870 2254 903 ι
2292 851 2488 906 Filium
2517 851 2611 906 Dei
2651 863 2771 905 esse
2811 856 3052 904 creatum
3085 864 3130 911 ι,
3159 859 3264 898 non
3293 841 3518 898 omnino
3545 827 3612 894 ad
3639 839 3820 894 vivum

2229 945 2604 1000 existimamus
2633 941 2945 997 resecanda.

2954 1050 3109 1123 55-1.

2302 1168 2363 1226 C.
2405 1168 2664 1224 Venimus
2715 1183 2860 1222 nunc
2899 1165 2965 1220 ad
2996 1185 3014 1217 ι
3062 1165 3275 1220 tertiam
3299 1162 3535 1218 Naturae
3561 1162 3822 1232 speciem,

2230 1277 2369 1332 quae
2395 1271 2632 1327 creatur,
2660 1270 2714 1316 et
2741 1276 2850 1316 non
2877 1270 3030 1316 creat
3063 1279 3106 1314 ι.

2309 1375 2327 1408 ‹
2359 1355 2507 1410 Haec
2553 1355 2762 1426 species
2810 1354 2866 1408 in
2923 1354 2990 1407 iis
3043 1354 3205 1408 rebus
3236 1349 3574 1420 intelligitur,
3604 1365 3742 1419 quae
3771 1350 3822 1404 in

2232 1452 2581 1520 generatione
2633 1448 3071 1518 temporibusque
3113 1462 3177 1500 ac
3223 1445 3354 1500 locis
3403 1453 3821 1514 cognoscuntur,

2230 1544 2335 1599 hoc
2355 1550 2463 1609 est,
2493 1542 2546 1596 in
2572 1542 3000 1613 primordialium
3023 1553 3308 1596 causarum
3339 1536 3621 1593 eﬁ‘ectibus
3647 1546 3823 1592 extre—

2231 1635 2333 1689 mis
2370 1653 2416 1688 ».
2447 1633 2510 1704 (l,
2545 1634 2608 1699 l;
2643 1631 2734 1698 lV,
2763 1633 2842 1702 1.)

2940 1720 2968 1794 5
3022 1721 3111 1775 δε.

2157 1849 2207 1908 Β
2307 1839 2516 1895 Causae
2549 1837 2712 1909 igitur
2750 1833 3134 1907 primordiales
3161 1847 3345 1887 rerum
3385 1829 3653 1894 omnium,
3691 1843 3828 1898 quae

2239 1931 2442 1986 Natura
2465 1941 2654 1985 creata
2685 1941 2793 1982 non
2821 1933 3042 1980 creante
3063 1921 3614 1993 comprehenduntur,
3647 1935 3827 1974 exem-

2237 2026 2325 2094 pla
2347 2020 2686 2092 principalia,
2711 2034 2848 2089 quas
2872 2017 3017 2072 Deus
3039 2031 3210 2086 usque
3235 2014 3304 2069 ab
3329 2014 3474 2068 omni
3503 2012 3826 2067 aeternitate

2236 2115 2290 2168 in
2314 2114 2452 2169 Filio
2484 2128 2582 2168 suo
2602 2112 2938 2174 condiderat,
2971 2124 3186 2180 semper
3231 2109 3283 2162 in
3338 2095 3525 2161 eodem
3549 2104 3824 2175 unigenito

2235 2205 2329 2260 Dei
2382 2204 2517 2258 Filio
2575 2203 2949 2258 substiterunt.
2985 2201 3038 2272 (§
3091 2198 3286 2264 25-30;
3338 2196 3423 2260 lll,
3465 2195 3602 2266 8-9.)
3631 2214 3649 2244 ι
3686 2195 3817 2246 Dum

2234 2304 2414 2351 autem
2444 2296 2498 2348 in
2520 2293 2790 2364 principio
2810 2291 3069 2353 omnium,
3116 2287 3172 2342 in
3201 2286 3381 2342 Verbo
3402 2286 3492 2340 Dei
3525 2282 3815 2353 unigenito,

2239 2388 2569 2444 substi’tutae
2613 2383 3008 2456 intelliguntur,
3047 2395 3213 2434 unum
3259 2389 3386 2434 sunt
3428 2387 3483 2434 et
3528 2375 3820 2448 simplices,

2233 2481 2490 2550 nulloque
2547 2478 2762 2550 cognito
2816 2476 3007 2531 ordine
3057 2472 3310 2528 deﬁnitae
3350 2480 3442 2526 aut
3488 2477 3822 2541 segregatae.

2233 2574 2346 2628 Hoc
2374 2574 2429 2627 in
2458 2569 2743 2626 eﬁectibus
2768 2568 2882 2624 suis
2910 2566 3206 2637 patiuntur.
3244 2563 3381 2619 Dum
3431 2563 3574 2617 enim
3624 2563 3679 2614 in
3701 2559 3828 2615 ell'e-

2233 2678 2356 2725 ctus
2379 2683 2526 2734 suos,
2551 2667 2607 2721 in
2640 2665 2910 2720 inﬁnitum
2951 2661 3356 2733 multiplicatos,
3381 2659 3678 2728 procedunt
3709 2658 3827 2711 sive

2234 2760 2531 2833 profluunt,
2557 2771 2903 2813 numerosam
2925 2756 3334 2823 ordinatamque
3353 2751 3431 2806 sui
3455 2749 3822 2820 pluralitatem

2238 2851 2530 2920 recipiunt.
2570 2848 2680 2904 Res
2700 2846 2903 2904 clarius
2925 2845 3182 2902 elucescit
3202 2840 3525 2899 intuentibus
3551 2838 3822 2895 circulum

2239 2955 2405 3014 atque
2448 2943 2621 2998 lineas
2664 2955 2733 2996 ex
2763 2948 2952 2995 centro
2981 2939 3049 2993 ad
3076 2953 3197 2992 eum
3224 2937 3432 2990 ductas.
3453 2930 3656 2989 Omnes
3675 2931 3826 2986 enim

2237 3037 2412 3092 lineae
2440 3037 2494 3090 in
2517 3043 2704 3090 centro
2724 3048 2891 3088 unum
2911 3039 3059 3097 sunt,
3075 3045 3176 3084 nec
3197 3027 3304 3084 ullo
3325 3026 3484 3082 modo
3504 3031 3822 3095 separatae:

2238 3137 2366 3192 dum
2397 3152 2526 3192 vero
2563 3151 2632 3191 ex
2680 3143 2869 3191 centro
2923 3130 3339 3204 protenduntur,
3389 3126 3583 3196 spatia,
3633 3123 3825 3194 quibus

2161 3210 2206 3274 (ἶ
2238 3236 2610 3299 segregantur,
2639 3240 2890 3280 crescere
2919 3223 3201 3294 incipiunt,
3244 3221 3416 3275 donec
3438 3217 3505 3274 ad
3526 3225 3823 3273 extremum

2240 3319 2505 3375 circulum
2557 3317 2898 3388 perveniant,
2932 3315 3023 3370 ubi
3074 3313 3336 3369 latissima
3384 3326 3481 3368 sua
3511 3309 3825 3365 diastemata

2241 3421 2624 3469 mensurantur
2660 3431 2705 3464 ι.
2732 3409 2839 3482 (111,
2871 3411 2898 3464 1
2929 3410 3109 3481 seqq.)

2945 3531 2974 3602 §
3021 3531 3108 3586 55.

2320 3673 2338 3705 ι
2373 3651 2575 3708 Deinde
2601 3663 2710 3705 una
2744 3646 2988 3703 omnium
3017 3659 3204 3709 causa,
3264 3643 3427 3709 Deus,
3484 3654 3680 3695 causas
3723 3636 3831 3709 pri-

2245 3745 2559 3809 mordiales,
2586 3739 3041 3812 quemadmodum
3072 3739 3127 3791 in
3151 3735 3288 3791 Filio
3315 3749 3414 3790 suo
3463 3731 3726 3796 condidit,
3760 3729 3831 3784 ita

2245 3853 2343 3908 per
2375 3836 2638 3907 Spiritum
2674 3843 2923 3889 sanctum
2950 3832 3005 3885 in
3029 3828 3254 3884 effectus
3304 3842 3431 3900 suos
3455 3824 3649 3880 dividit
3675 3831 3832 3890 atque

2247 3930 2586 4000 multiplicat.
2637 3926 2727 3981 Ait
2755 3941 2911 3982 sacra
2953 3922 3279 3993 Scriptura:
3318 3939 3336 3972 ‹
3373 3918 3442 3972 Ει
3472 3916 3709 3988 Spiritus
3742 3910 3832 3967 Dei

2248 4023 2524 4078 ferebatur
2547 4034 2709 4089 super
2733 4033 2904 4088 aquas
2932 4035 2983 4071 ι.
3015 4013 3184 4083 Hujus
3213 4012 3291 4066 rei
3319 4009 3612 4065 facillimus
3640 4019 3832 4062 occur-

2249 4115 2323 4168 rit
2365 4111 2692 4176 intellcctus,
2740 4109 2806 4174 si,
2855 4118 2912 4162 ut
2963 4105 3161 4177 Syrum
3202 4101 3472 4173 quendam
3499 4095 3836 4154 transtulisse

2249 4209 2450 4272 ferunt,
2481 4205 2692 4277 legatur
2722 4220 2734 4256 :
2775 4220 2793 4253 ι
2822 4201 2892 4256 Ει
2923 4199 3158 4270 Spiritus
3203 4195 3298 4251 Dei
3330 4193 3548 4249 fovebat
3589 4204 3756 4260 aquas
3787 4206 3834 4241 ι.

2251 4300 2488 4371 Spiritus
2499 4297 2644 4353 enim
2661 4303 2884 4352 sanctus
2895 4305 3183 4349 causarum
3197 4285 3628 4360 primordialium
3645 4295 3836 4352 aquas,

2249 4403 2309 4449 ut
2356 4395 2410 4448 in
2439 4409 2527 4456 ea,
2555 4405 2784 4460 quorum
2831 4402 2995 4443 causa
3035 4392 3182 4449 sunt,
3221 4378 3570 4454 proﬂuerent,
3603 4376 3838 4440 fovebat,

2252 4488 2308 4542 id
2331 4496 2434 4552 est,
2464 4483 2632 4539 divini
2657 4480 2859 4536 amoris
2889 4479 3004 4535 fotu
3030 4478 3324 4534 nutriebat.
3356 4475 3441 4530 Ad
3467 4475 3571 4529 hoc
3603 4485 3842 4541 namque

2173 4585 2226 4645 D
2251 4594 2355 4636 ova
2379 4579 2449 4632 ab
2473 4575 2696 4630 alitibus
2727 4575 2997 4637 foventur,
3036 4581 3096 4626 ut
3121 4572 3312 4626 intima
3341 4564 3734 4632 invisibilisque
3757 4564 3843 4616 vis

2255 4673 2546 4736 seminum,
2575 4683 2716 4740 quae
2745 4669 2801 4724 in
2845 4667 2915 4722 iis
2958 4667 3112 4731 latet,
3161 4682 3259 4738 per
3299 4673 3549 4718 numeros
3594 4657 3843 4713 locorum

2257 4777 2668 4836 temporumque
2697 4763 2751 4816 in
2772 4760 2978 4817 formas
3021 4759 3262 4814 visibiles
3287 4751 3706 4826 corporalesque
3729 4747 3846 4821 pul-

2256 4857 2592 4916 chritudines
2619 4863 2870 4926 erumpat
2907 4873 2954 4908 ».
2987 4853 3074 4926 (11,
3101 4852 3192 4919 56,
3226 4849 3430 4920 19-22.)

2968 4989 2998 5063 5
3045 4989 3135 5044 54.

2334 5131 2352 5164 ι
2388 5112 2536 5168 Haec
2584 5107 2974 5165 autem‘unius
3002 5103 3244 5159 omnium
3289 5113 3511 5165 causae,
3538 5110 3681 5169 quae
3710 5093 3847 5149 Deus

2255 5214 2361 5273 est,
2387 5207 2440 5260 in
2467 5204 2675 5271 omnia,
2706 5215 2847 5272 quae
2901 5205 3046 5263 sunt,
3098 5212 3197 5268 per
3245 5208 3442 5251 causas
3471 5185 3848 5262 primordiales

2258 5303 2452 5360 divisio
2477 5311 2639 5372 atque
2667 5295 3047 5366 multiplicatio
3090 5293 3167 5348 ita
3215 5290 3296 5359 ﬁt,
3339 5297 3400 5345 ut
3421 5302 3520 5360 per
3541 5281 3847 5357 generalem

2257 5396 2502 5453 omnium
2522 5391 2817 5449 essentiam
2840 5387 3042 5460 primo,
3060 5384 3319 5454 deinceps
3342 5394 3442 5450 per
3463 5391 3666 5449 genera
3691 5385 3827 5444 gene

2258 5487 2550 5553 ralissima,
2579 5484 2773 5542 deinde
2817 5495 2916 5552 per
2946 5491 3144 5552 genera
3174 5472 3536 5547 generaliora,
3585 5467 3713 5522 inde
3756 5476 3852 5534 per

2255 5649 2374 5704 sive
2396 5643 2658 5700 Naturam
2682 5649 2922 5698 creatam
2955 5643 3251 5694 creantem.
3285 5627 3371 5685 Cf.
3395 5627 3426 5702 δ
3454 5625 3545 5681 50.

2329 5719 2399 5842 (f2
2430 5715 2513 5772 Cf.
2540 5729 2593 5800 p‘.
2626 5729 2761 5798 xviri
2786 5728 2903 5810 seq.
2936 5783 2945 5794 .
3049 5796 3058 5808 '

2330 5795 2346 5842 ι
2395 5790 2409 5838 i
2436 5786 2519 5842 Cl.
2545 5784 2762 5842 Christi.
2785 5781 2999 5842 Musuk,
3030 5779 3136 5835 vol.
3158 5776 3199 5842 l,
3230 5793 3284 5842 p.
3313 5772 3441 5828 245-

2330 5766 2409 5860 23)
2436 5766 2519 5844 Et}
2541 5766 2762 5842 mea;
2785 5766 2999 5853 iiy‘suk,
3030 5779 3136 5835 vol.
3158 5776 3199 5842 ι,
3230 5793 3284 5846 p.
3313 5766 3570 5828 ess-eu.
