4152 6276
547 316 621 376 ω
1640 314 1643 321 ’
1675 313 1762 368 DE
1797 312 1847 368 Ι.
1885 311 2107 370 SCOTO

2221 306 2569 367 ιΜΜΕΝΤΑΤ
2573 309 2658 369 10.
2742 358 2749 367 .
3742 313 3823 371 68

547 451 568 485 ι
594 431 715 502 ipsa
736 429 992 485 materies
1017 444 1065 492 ι,
1087 426 1192 491 ait,
1220 443 1240 477 ι
1268 424 1336 479 de
1354 438 1462 496 qua
1480 423 1679 496 legitur
1696 425 1840 481 Deus
1862 425 2121 481 mundum
2154 438 2197 496 Α
2225 425 2370 479 enim
2417 426 2613 493 partim
2640 425 2925 496 contingit,
2959 428 3010 479 in
3040 437 3153 483 toto
3186 426 3307 482 ﬁeri
3339 427 3483 485 Deus
3522 443 3632 487 non
3654 433 3814 501 sinit,

538 522 761 587 fecisse,
776 521 847 577 ab
860 522 980 590 ipso
997 528 1053 575 et
1067 517 1254 586 inipso
1265 524 1371 581 est,
1389 524 1447 571 et
1462 515 1645 587 ipsein
1662 530 1725 570 ea
1739 524 1847 579 est,
1864 523 2124 585 quantum

541 614 863 685 intelligitur
888 627 953 668 ea
982 602 1102 667 esse
1131 627 1144 663 :
1178 624 1284 663 non
1315 609 1459 663 enim
1503 607 1706 677 indiget
1732 605 1875 662 Deus
1903 607 2126 660 alterius

544 704 829 767 materiae,
861 715 1000 772 quae
1023 700 1139 769 ipse
1172 713 1278 753 non
1308 698 1414 761 sit,
1454 698 1508 751 in
1538 709 1645 766 qua
1673 710 1734 752 se
1757 693 2122 765 ipsunt'facit;

542 793 782 862 alioquin
833 793 1097 861 impotens
1144 789 1418 844 videretur
1460 796 1518 842 et
1561 787 1617 841 in
1660 801 1721 842 se
1762 786 1881 857 ipso
1930 785 2129 854 imper-

543 884 727 941 Ρδειιιι·
745 904 763 936 ι
773 920 786 936 .

613 973 675 1028 ιι.
717 988 736 1024 ι
770 972 936 1044 (Dens
959 969 1063 1039 est)
1090 982 1253 1025 causa
1282 967 1519 1024 creatrix
1546 967 1897 1023 existentium
1922 974 1981 1020 et
2018 978 2126 1020 non

538 1064 884 1119 cxistentiunt
913 1061 1186 1124 omnium,
1230 1075 1261 1113 a
1296 1058 1443 1115 nullo
1478 1066 1688 1123 creata,
1719 1071 1885 1111 unum
1918 1054 2124 1124 princi-

537 1156 705 1225 pium,
749 1168 855 1208 una
898 1153 1070 1223 origo,
1115 1166 1259 1207 unus
1291 1159 1345 1204 et
1387 1148 1707 1203 universalis
1751 1147 2127 1201 universorum

538 1245 677 1308 fons,
710 1259 742 1299 a
776 1243 924 1299 nullo
960 1256 1214 1306 manans,
1242 1241 1379 1295 dum,
1412 1240 1481 1294 ab
1502 1254 1571 1295 eo
1613 1244 1839 1293 tenuant
1860 1235 2045 1291 omnia
2077 1253 2122 1288 ο.

538 1334 652 1405 (tv,
683 1335 763 1406 t.)

609 1425 697 1480 lli.
738 1444 757 1478 ι
786 1424 912 1494 ipse
939 1423 1087 1480 Deus
1104 1422 1348 1479 omnium
1379 1431 1463 1478 est
1489 1421 1665 1478 factor
1696 1431 1755 1477 et
1791 1421 1844 1476 in
1871 1420 2128 1476 omnibus

540 1519 738 1584 factus,
768 1527 825 1573 et
867 1519 995 1573 dum
1028 1533 1192 1588 super
1216 1517 1397 1571 omnia
1418 1516 1721 1591 quaeritur,
1759 1515 1814 1569 in
1857 1512 2002 1567 nulla
2046 1513 2127 1566 in-

536 1610 756 1667 venitur
793 1607 1063 1671 essentia;
1097 1607 1334 1661 nondum
1362 1606 1506 1659 enim
1534 1611 1618 1657 est
1644 1617 1769 1661 esse
1795 1621 1808 1655 :
1842 1602 1969 1656 dum
1998 1614 2125 1655 vero

516 1699 595 1763 in
623 1697 875 1754 omnibus
921 1695 1259 1767 intelligitur,
1305 1692 1380 1747 nil
1430 1693 1481 1746 in
1530 1691 1617 1757 iis,
1674 1691 1774 1745 nisi
1818 1688 1963 1745 solus
2012 1688 2124 1759 ipse

2229 513 2384 582 cujus
2409 529 2513 568 nec
2535 514 2905 569 universitatis
2934 518 3210 586 turpitudo
3230 519 3406 588 turpis
3424 528 3507 575 est
3522 559 3539 586 ,
3568 536 3670 578 nec
3694 539 3815 580 ma-

2226 602 2341 659 iitia
2372 613 2550 670 nocet,
2582 619 2682 661 nec
2703 620 2859 659 error
2884 617 3033 660 errat
3068 626 3115 660 ι.

2295 693 2470 762 Atque
2489 695 2675 747 codem
2701 695 2859 749 modo
2880 696 3040 750 etiam
3066 697 3191 752 alibi
3214 697 3304 770 (cf.
3330 699 3418 764 lii,
3446 701 3532 775 l7)
3559 712 3612 758 et
3635 714 3825 763 rectae

2226 785 2454 840 rationis
2495 794 2551 839 et
2596 786 2876 842 doctrinae
2919 786 3260 844 Christianae
3300 794 3572 847 sententia
3621 793 3819 866 (huius

2229 890 2411 931 rerum
2442 876 2809 934 universitatis
2845 879 3204 936 substantiam
3242 898 3274 938 a
3302 884 3603 940 substantia
3630 888 3814 943 divina

2226 979 2346 1021 osse
2372 965 2588 1035 penitus
2606 967 2900 1037 diversam)
2929 969 3149 1025 disertis
3173 972 3353 1027 verbis
3378 980 3540 1042 atque
3567 975 3637 1029 de
3662 977 3817 1033 indu.

2227 1056 2361 1111 stria
2388 1056 2668 1123 refellitur,
2701 1073 2802 1114 nec
2829 1070 2945 1115 non
2966 1059 3200 1115 ludibrio
3226 1060 3342 1118 fere
3366 1063 3618 1119 habetur.

2258 1174 2265 1179 -
2300 1143 2364 1197 ν.
2404 1144 2565 1202 Hisce
2608 1161 2777 1201 unum
2814 1148 3050 1219 denique
3092 1150 3270 1211 locum
3321 1151 3673 1221 adjiciamus,
3720 1157 3817 1224 qui

2227 1236 2391 1291 etiam
2421 1238 2523 1292 hoc
2545 1236 2762 1304 doceat,
2786 1254 2947 1309 quam
2971 1241 3169 1297 acerbe
3187 1257 3252 1296 ac
3288 1243 3603 1312 petulanter
3618 1244 3820 1305 Sestus
3866 1234 3869 1237 ’

2227 1342 2417 1383 sacrae
2446 1327 2767 1400 Scriptores
2795 1346 3033 1395 sensum,
3063 1342 3124 1386 ut
3162 1333 3231 1387 ad
3256 1348 3410 1389 suam
3442 1348 3567 1390 eum
3590 1348 3814 1393 senten-

2230 1420 2359 1474 tiam
2381 1422 2717 1489 detorqueat,
2743 1423 3039 1487 vexaverit,
3066 1423 3462 1493 damnaverit,
3489 1428 3815 1497 con-aperit.

2228 1508 2431 1563 Verum
2458 1510 2597 1565 haec
2619 1525 2710 1566 res
2731 1521 2815 1565 est
2832 1510 3077 1581 profecto
3097 1526 3185 1576 ea,
3211 1527 3351 1582 quae
3373 1514 3522 1569 sanis
3541 1517 3815 1575 mentibus

2228 1615 2495 1655 summam
2527 1609 2641 1655 tum
2665 1601 3072 1658 miserationem
3102 1610 3216 1657 tum
3242 1603 3669 1675 indignationem
3704 1621 3815 1664 non

2228 1706 2445 1749 movere
2473 1708 2582 1748 non
2611 1701 2794 1763 queat.

535 1788 805 1859 subsistit,
833 1796 886 1845 et
915 1802 1090 1856 neque
1119 1794 1202 1839 est
1231 1786 1355 1851 hoc,
1386 1783 1489 1837 boc
1517 1791 1696 1835 autem
1729 1796 1857 1847 non,
1889 1780 1983 1836 scd
2010 1794 2123 1833 οηι⁴
2156 1778 2205 1837 Β
2297 1780 2477 1836 luitis
2502 1783 2684 1851 igitur,
2709 1783 2905 1852 quibus
2929 1782 3066 1839 nihil
3092 1783 3327 1841 fortasse
3346 1800 3584 1856 utquam
3611 1787 3819 1846 dictum

534 1879 627 1934 nia
652 1886 735 1935 est
758 1892 773 1930 :
794 1875 1025 1945 proinde
1045 1890 1111 1930 ex
1141 1871 1695 1943 superessentialitate
1718 1885 1849 1924 suae
1875 1879 2122 1933 naturae,

534 1968 590 2024 in
618 1982 725 2039 qua
755 1967 952 2023 dicitur
990 1981 1095 2023 non
1127 1980 1269 2029 esse,
1298 1964 1535 2034 primum
1563 1961 1895 2017 descendens
1931 1960 1983 2014 in
2018 1960 2125 2030 pri-

532 2056 888 2119 mordialibus
914 2055 1137 2128 (causis)
1169 2070 1201 2109 a
1235 2068 1293 2108 se
1331 2055 1447 2124 ipso
1475 2061 1712 2117 creatur,
1749 2060 1805 2104 et
1840 2049 1900 2105 fit
1927 2049 2125 2127 princif

533 2146 684 2219 pium
725 2143 901 2199 omnis
940 2144 1225 2209 essentiae,
1270 2141 1446 2196 omnis
1489 2143 1655 2204 vitae,
1701 2141 1880 2194 omnis
1924 2138 2121 2193 intelli-

534 2235 783 2308 gentiae,
813 2246 867 2289 et
897 2233 1161 2298 omnium,
1195 2245 1335 2302 quae
1377 2232 1430 2285 in
1468 2226 1905 2302 primordialibus
1946 2230 2125 2285 causis

534 2326 865 2392 considerat,
905 2324 1149 2394 gnostica
1193 2324 1397 2380 tbeoria
1433 2341 1447 2377 :
1481 2324 1675 2379 deinde
1715 2338 1779 2379 ex
1804 2322 2125 2393 primordia-

533 2419 676 2474 libus
718 2416 919 2481 causis,
949 2430 1089 2487 quae
1117 2415 1457 2471 medietatem
1488 2412 1758 2484 quandam
1788 2414 1930 2469 inter
1954 2411 2126 2467 Deum

532 2517 586 2573 et
629 2515 938 2563 creaturam
970 2506 1237 2569 obtinent,
1270 2504 1373 2561 hoc
1397 2511 1498 2568 est,
1533 2503 1674 2561 inter
1698 2501 1841 2557 illam
1872 2502 2123 2569 ineffabie

531 2595 639 2652 lem
674 2595 1284 2667 supcressentialitatem
1326 2608 1489 2664 super
1517 2606 1732 2647 onmem
1768 2590 2123 2656 intellectum,

530 2696 586 2740 et
622 2685 969 2740 manifestam
998 2683 1424 2739 substantialiter
1453 2691 1721 2746 naturam,
1754 2682 1904 2752 puris
1927 2680 2124 2737 animis

532 2775 878 2844 conspicuus,
907 2772 1244 2829 descendens
1287 2772 1340 2826 in
1370 2770 1651 2825 effectibus
1680 2769 1919 2841 ipsarum
1952 2768 2031 2833 fit,
2068 2777 2124 2823 et

528 2864 816 2921 manifeste
852 2865 905 2920 in
939 2863 1279 2934 theophauiis
1321 2863 1434 2917 suis
1462 2862 1749 2931 aperitur:
1780 2860 1974 2916 deinde
2021 2874 2119 2929 per

529 2956 854 3027 multiplices
896 2953 1187 3010 eﬂectuum
1235 2950 1439 3009 formas
1484 2966 1653 3023 usque
1700 2951 1769 3006 ad
1811 2959 2118 3007 extremum

531 3047 696 3102 totius
730 3045 968 3099 Naturae
998 3038 1285 3106 ordinem,
1327 3057 1435 3110 quo
1476 3056 1703 3112 corpora
1749 3041 2115 3104 continentur,

2227 1872 2301 1929 sit
2317 1872 2561 1939 delirius,
2583 1888 2924 1943 quorumque
2937 1882 3147 1944 partem
3168 1875 3283 1944 jam
3304 1889 3468 1944 supra
3490 1875 3541 1947 (5
3558 1875 3650 1932 29.
3671 1877 3827 1950 533}

2227 1962 2529 2028 retulimus,
2558 1964 2653 2018 sed
2678 1963 2865 2019 multis
2890 1965 2958 2019 de
2982 1963 3100 2033 ipso
3138 1964 3367 2023 Genesis
3387 1967 3610 2021 exordio
3636 1966 3823 2024 eunti-

2226 2053 2315 2117 tis,
2344 2053 2479 2107 haec
2500 2053 2763 2109 docentur
2792 2072 2807 2107 :
2835 2073 2854 2106 ι
2886 2055 3008 2110 Fiat
3030 2056 3123 2111 lux
3149 2075 3168 2107 ι
3193 2057 3206 2109 l
3232 2057 3331 2111 hoc
3361 2065 3445 2112 est
3476 2075 3494 2107 σ
3522 2060 3819 2128 procedant

2225 2141 2603 2213 primordiales
2623 2158 2821 2200 causae
2838 2159 2909 2199 ex
2936 2144 3570 2215 incompreltensibilibus
3587 2157 3812 2203 naturae

2226 2249 2359 2289 suae
2371 2235 2601 2290 secretis
2621 2235 2673 2288 in
2696 2236 2901 2291 formas
2916 2244 2978 2290 et
2994 2237 3205 2306 species
3226 2236 3734 2306 comprehensibiles
3750 2256 3807 2292 ι.

2230 2342 2251 2375 ι
2280 2324 2348 2378 Ει
2373 2323 2515 2379 facta
2536 2331 2621 2379 est
2642 2324 2731 2379 lux
2765 2344 2813 2391 ι,
2838 2326 2943 2379 hoc
2964 2334 3047 2380 est
3082 2342 3102 2376 ι
3134 2324 3246 2382 Deo
3270 2326 3482 2383 volente
3512 2342 3574 2383 ac
3596 2327 3813 2383 dicente

2225 2416 2529 2473 obscuritas
2569 2416 3002 2485 primordialium
3049 2432 3337 2473 causarum
3396 2418 3455 2472 in
3504 2418 3706 2475 formas
3754 2426 3815 2475 et

2225 2507 2434 2578 species
2470 2507 2736 2577 processit
2759 2516 2972 2577 apertas
2998 2526 3046 2561 ι.
3075 2527 3093 2559 ι
3141 2508 3209 2563 Ει
3232 2509 3414 2563 divisit
3443 2508 3586 2565 Deus
3609 2526 3644 2569 a
3669 2518 3818 2566 tene

2226 2599 2338 2655 bris
2358 2619 2376 2651 ιι
2391 2639 2406 2664 ,
2421 2599 2530 2675 hoc
2552 2609 2635 2653 est
2661 2618 2679 2649 ι
2716 2599 3021 2669 segregavit
3049 2600 3293 2654 notitiam
3315 2601 3601 2655 etl'ectuum
3625 2601 3695 2654 ab
3717 2601 3819 2655 ob—

2224 2687 2486 2742 scuritatc
2535 2699 2755 2740 suarum
2810 2684 3189 2755 principalium
3245 2698 3550 2742 causarum.
3604 2685 3816 2741 Divisio

2223 2776 2420 2845 quippe
2448 2774 2584 2829 lucis
2619 2788 2651 2828 a
2683 2775 2922 2830 tenebris
2950 2785 3035 2829 est
3062 2776 3314 2831 discretio
3336 2786 3542 2841 rerum,
3566 2789 3669 2844 per
3693 2774 3816 2831 for-

2225 2876 2343 2919 mas
2383 2873 2439 2918 et
2482 2865 2690 2934 species
2733 2866 3133 2933 apparentium,
3164 2880 3194 2920 a
3233 2864 3509 2935 principiis
3555 2865 3704 2930 suis,
3753 2866 3812 2921 in

2222 2956 2416 3025 quibus
2443 2970 2661 3010 omnem
2687 2964 2947 3025 superant
2970 2955 3298 3012 intellectum
3328 2974 3373 3009 ι.
3394 2956 3626 3027 ldquue
3652 2970 3816 3027 prae-

2223 3044 2357 3100 dixit
2383 3061 2397 3098 :
2419 3062 2436 3094 ι
2458 3044 2526 3097 Ει
2544 3043 2679 3097 vidit
2692 3044 2838 3098 Deus
2856 3044 3057 3109 lucem,
3072 3045 3201 3113 quia
3218 3051 3362 3100 esset
3379 3043 3519 3099 bona
3540 3063 3561 3097 ι
3576 3044 3712 3110 ,boc
3729 3052 3815 3100 est

527 3135 795 3208 procedit.
825 3147 891 3188 ac
928 3132 1009 3187 sic
1044 3132 1297 3187 ordinate
1327 3131 1381 3184 in
1420 3131 1600 3184 omnia
1632 3130 1956 3200 proveniens
1993 3128 2121 3182 facit
2148 3114 2194 3177 C
2230 3150 2252 3183 ι
2289 3132 2491 3201 placuit
2531 3132 2663 3195 Deo,
2703 3132 2996 3202 originales
3021 3146 3234 3197 causas.
3269 3141 3397 3188 ante
3416 3146 3634 3189 onmem
3661 3146 3813 3188 creau-

526 3224 734 3287 emuia,
746 3231 805 3277 et
823 3221 887 3275 ﬁt
904 3220 963 3274 in
977 3218 1231 3279 omnibus
1242 3218 1448 3282 omnia,
1462 3228 1535 3282 et,
1549 3219 1677 3274 dum
1700 3219 1754 3272 in
1767 3218 2020 3273 omnibus
2036 3217 2116 3283 lit,

529 3326 695 3381 super
719 3310 905 3367 omnia
933 3323 1056 3365 esse
1078 3323 1189 3363 non
1215 3307 1444 3373 desinit,
1471 3320 1536 3364 ac
1560 3309 1628 3364 de
1656 3307 1827 3365 nihilo
1854 3307 1982 3363 facit
2002 3322 2120 3365 om-

530 3400 645 3467 nia,
668 3399 739 3455 de
755 3414 854 3455 sua
871 3399 1085 3454 scilicet
1102 3396 1654 3468 superessentialitate
1674 3396 1923 3467 producit
1938 3414 2121 3454 essen-

533 3492 661 3555 tias,
682 3489 752 3547 de
770 3487 1199 3559 supervitaiitate
1214 3487 1376 3554 vitas,
1400 3488 1467 3542 de
1494 3488 2119 3558 superinteilectualitate

531 3579 856 3644 intellectus,
885 3577 952 3634 de
979 3577 1263 3648 negatione
1286 3577 1557 3643 omnium,
1579 3591 1721 3647 quae
1749 3586 1876 3632 sunt
1899 3586 2118 3646 etquae

532 3687 643 3729 non
670 3680 815 3735 sunt,
846 3670 1230 3726 aﬂirmationes
1253 3669 1516 3735 onmium,
1545 3683 1687 3738 quae
1716 3677 1863 3733 sunt,
1893 3679 1949 3724 et
1977 3684 2117 3738 quae

531 3781 640 3823 non
661 3774 789 3821 sunt
814 3785 860 3818 ι.
893 3762 1001 3834 (Ill,
1022 3762 1139 3832 20.)
1166 3762 1248 3817 Cf.
1280 3770 1561 3832 praeterea
1586 3761 1668 3824 lll,
1689 3760 1744 3816 4.
1769 3761 1855 3815 l7.
1874 3761 1966 3826 25,
1991 3761 2114 3830 qui—

440 3886 443 3887 ν
532 3857 636 3912 bus
658 3855 795 3911 locis
814 3855 1001 3910 eadem
1028 3869 1117 3909 res
1145 3852 1335 3910 iisdem
1360 3852 1479 3909 fere
1508 3852 1690 3909 verbis
1711 3852 1982 3909 declarata
2008 3860 2115 3909 est.

2224 3232 2427 3288 turam,
2455 3223 2594 3277 ultra
2622 3218 2840 3278 omnem
2856 3220 3201 3279 intellectum
3231 3224 3499 3287 conditas,
3528 3222 3809 3279 intellecti-

2221 3312 2321 3366 bus
2342 3311 2456 3366 sive
2477 3311 2726 3365 humanis
2758 3312 2871 3365 sive
2910 3312 3192 3382 angelicis,
3214 3311 3334 3367 lucc
3358 3309 3813 3381 quadam

2220 3401 2435 3474 gentiae
2478 3401 2792 3470 superfusas
2840 3401 3179 3459 manifestari
3224 3420 3277 3455 ι.
3330 3419 3350 3451 ο
3403 3401 3812 3472 Appellavitquo

2219 3490 2393 3546 lucem
2419 3492 2584 3558 diem,
2610 3499 2664 3545 et
2690 3491 2943 3546 tenebras
2962 3501 3174 3545 noctem
3209 3510 3229 3543 ι
3245 3529 3261 3555 ,
3284 3491 3389 3545 hoc
3408 3499 3494 3544 est
3522 3509 3543 3542 ι
3573 3498 3811 3544 content-

2219 3580 2494 3650 plantibus
2520 3580 2716 3635 animis
2754 3581 3050 3650 praestitit,
3092 3580 3595 3636 manifestationent
3629 3580 3810 3635 visibiv

2219 3668 2349 3723 lium
2373 3678 2431 3725 et
2456 3669 2808 3725 invisibilium
2849 3685 2948 3740 per
2989 3671 3196 3725 formas
3229 3677 3287 3725 et
3309 3671 3520 3739 species
3536 3670 3688 3724 diem
3715 3683 3808 3739 ap-

2217 3761 2457 3832 pellare,
2502 3776 2692 3816 comm
2724 3770 2907 3816 autem
2938 3761 2994 3815 iu
3037 3761 3319 3830 principiis
3352 3761 3466 3817 suis
3511 3761 3810 3830 incompre-

2221 3850 2539 3906 bensibilem
2553 3850 2892 3905 altitudinem
2915 3864 3111 3904 vocare
3127 3861 3338 3905 noctem
3363 3869 3408 3903 ι.
3429 3869 3449 3902 ε
3474 3849 3809 3920 Factumque

599 3969 690 4025 IV.
724 3968 937 4031 Scottis,
963 3974 1251 4037 postquam
1272 3980 1357 4031 ea,
1394 3979 1534 4035 quae
1556 3965 1714 4020 modo
1739 3964 1790 4037 (§
1818 3965 1908 4030 58,
1938 3965 2024 4031 lli,
2050 3966 2124 4021 de
2220 3949 2305 4037 ξεί
2335 3954 2567 4037 νθερετθ
2594 3949 2661 4037 ,εί
2710 3955 2869 3996 mane
2897 3940 3012 3997 die“
3055 3955 3193 3996 "M3
3220 3959 3238 4037 ξ
3262 3980 3277 4004 ν
3306 3958 3347 4037 _‘
3389 3941 3639 4037 ειυειπιξίε
3666 3943 3807 4037 alii“

529 4061 639 4117 div.
669 4059 794 4115 Nat.
824 4059 924 4126 ill,
948 4059 1040 4131 20)
1068 4059 1294 4129 integris
1320 4058 1439 4127 ejus
1464 4057 1645 4113 verbis
1673 4057 1939 4127 explicata
1967 4066 2113 4121 sunt,

526 4151 845 4216 edisseruit,
877 4149 980 4205 bac
1020 4149 1231 4203 ratione
1266 4147 1443 4218 pergit
1471 4164 1489 4203 :
1526 4164 1546 4198 ι
1582 4145 1727 4201 Haec
1762 4147 1930 4202 ardua
1959 4146 2117 4201 valde

524 4251 680 4308 sunt,
701 4249 759 4299 et
778 4255 811 4296 a
831 4241 1081 4297 sensibus
1099 4239 1399 4310 corporalia
1423 4247 1479 4294 et
1501 4238 1733 4294 visibilia
1759 4239 2113 4310 cogitantium

528 4343 766 4402 remota;
816 4334 903 4391 bis
945 4348 1092 4400 vero,
1131 4333 1224 4402 qui
1265 4331 1622 4402 api-ritualiter
1659 4330 1714 4387 in
1752 4330 2112 4399 cognitionem

524 4428 774 4484 veritatis
797 4428 1117 4489 ascendunt,
1148 4426 1430 4480 verissime
1457 4422 1784 4478 clarescunt.
1814 4420 1946 4487 Quis
1967 4420 2113 4475 enim

526 4515 739 4570 claram
760 4514 1058 4583 sapientiae
1084 4512 1257 4565 lucem
1288 4524 1513 4565 cernere
1539 4507 1836 4563 nolentium
1863 4506 1987 4561 talia
2016 4522 2113 4562 au-

528 4604 684 4659 dicas
717 4616 825 4656 non
852 4603 1114 4656 continuo
1142 4608 1391 4668 erumpat
1419 4615 1435 4652 :
1469 4616 1488 4649 ‹
1522 4597 1833 4663 insaniunt,
1859 4599 1950 4668 qui
1979 4599 2114 4655 haec

531 4687 755 4745 dicunt?
778 4687 1059 4754 Quomodo
1077 4686 1220 4741 enim
1245 4687 1381 4741 Deus
1408 4686 1713 4752 invisibilis,
1730 4687 2110 4759 incorporalis,

530 4774 958 4845 incorruptibilis
990 4781 1171 4845 potest
1210 4788 1243 4829 a
1288 4788 1348 4831 se
1394 4775 1512 4855 ipse
1558 4775 1905 4840 descendere,
1952 4786 2007 4834 et
2054 4786 2113 4833 se

529 4868 710 4940 ipsum
736 4866 793 4922 in
820 4866 1074 4922 ominus
1104 4878 1315 4932 creare,
1346 4874 1409 4920 ut
1445 4865 1519 4921 sit
1549 4866 1731 4920 omnia
1756 4866 1809 4921 in
1837 4867 2111 4932 munibus,

528 4968 589 5019 et
612 4970 787 5028 usque
813 4957 881 5012 ad
910 4965 1197 5012 extremas!
1215 4954 1376 5025 hujus
1408 4955 1595 5010 mundi
1621 4954 1849 5011 visibilis
1875 4955 2111 5024 turpitua

526 5051 686 5107 dines
721 5062 776 5105 et
813 5048 1190 5119 eorruptiones
1222 5046 1538 5109 vilissimas,
1574 5045 1773 5102 formas
1811 5054 1866 5102 et
1904 5046 2114 5114 species

527 5140 843 5213 procedere;
873 5146 936 5194 ut
964 5138 1080 5208 ipse
1107 5135 1273 5191 etiam
1298 5136 1358 5197 in
1396 5135 1467 5190 iis
1495 5135 1587 5201 sit,
1618 5136 1664 5190 si
1693 5135 1876 5189 omnia
1912 5135 1968 5189 in
1994 5150 2114 5193 om-

526 5232 891 5290 niimsesti‘!

603 5341 623 5376 ι
658 5323 916 5396 Ignorans
952 5319 1113 5393 (est),
1159 5318 1253 5389 qui
1299 5316 1434 5373 dicit
1474 5316 1676 5373 nullam
1727 5314 2111 5384 turpitudinem

524 5414 583 5470 in
618 5414 975 5471 universitate
1021 5410 1188 5466 totius
1234 5416 1520 5465 creaturae
1558 5418 1718 5475 posse
1760 5403 1913 5459 esse?
1956 5403 2111 5469 Quod

602 5546 679 5619 (η)
724 5543 833 5619 Nec
880 5542 1126 5599 dissimili
1179 5518 1594 5619 ratione__atque
1638 5532 2110 5619 intertlummqlius

530 5603 695 5671 una
742 5613 795 5665 in
839 5620 995 5666 toto}
1027 5622 1191 5679 opere
1229 5624 1321 5664 sex
1365 5603 1573 5679 dierum
1605 5603 1974 5679 {exponendo
2000 5604 2106 5669 (lii,

534 5684 730 5753 “td-40;
773 5680 861 5750 iV,
890 5681 924 5735 5
950 5671 1128 5749 seqq.)
1171 5692 1310 5748 quae
1338 5692 1493 5734 sacra
1523 5673 1805 5742 Scriptura
1842 5671 1926 5727 vel
1957 5687 2109 5743 aper-

2222 4030 2365 4083 inter
2392 4029 2776 4084 obscuritatem
2806 4042 3091 4084 causarum
3114 4038 3170 4083 et
3190 4028 3491 4084 claritatem
3519 4027 3809 4084 ell‘ectttum

2220 4118 2417 4175 divisio
2439 4119 2772 4191 intelligatur
2808 4128 2863 4175 et
2887 4118 3214 4185 diﬁ‘erentia,
3259 4135 3399 4174 unus
3428 4127 3609 4190 tamen
3639 4119 3809 4175 ident-

2219 4229 2326 4286 que
2353 4216 2468 4271 dies
2495 4225 2600 4282 est,
2633 4216 2739 4272 hoc
2762 4224 2871 4282 est,
2900 4231 3040 4272 unus
3080 4226 3272 4271 eorum
3319 4215 3644 4277 intellectus;
3695 4228 3804 4268 non

2218 4305 2367 4359 enim
2389 4304 2495 4359 alia
2516 4314 2764 4362 creatura
2794 4305 3114 4377 intelligitur
3142 4320 3197 4359 tu
3220 4306 3401 4360 causis
3424 4304 3593 4367 facta,
3619 4302 3723 4357 alia
3750 4302 3805 4359 in

2219 4388 2503 4447 ell‘ectibus
2548 4407 2835 4448 causarum
2870 4394 3106 4459 condita,
3138 4394 3232 4447 sed
3277 4407 3386 4447 una
3422 4392 3722 4460 eademque
3748 4390 3806 4447 ἢ

2144 4454 2193 4515 Β
2217 4479 2520 4537 rationibus
2567 4483 2833 4546 aeternis,
2883 4483 3050 4538 veluti
3092 4454 3153 4538 in
3200 4482 3517 4552 quibusdam
3568 4454 3808 4535 tenebris

2216 4572 2617 4628 secretissimae
2650 4573 2972 4642 sapientiae,
2992 4575 3141 4629 omni
3163 4573 3430 4629 intellectu
3452 4577 3713 4633 remotae,
3743 4577 3803 4624 et

2216 4661 2275 4718 in
2313 4663 2757 4733 processionibus
2797 4665 3024 4721 rationis
3072 4666 3124 4720 in
3174 4666 3396 4721 eﬂ‘ectus
3438 4659 3803 4716 intellectibus

2215 4755 2598 4818 succumbens,
2629 4754 2792 4810 veluti
2826 4754 2882 4810 in
2913 4756 3149 4822 qundam
3170 4757 3259 4811 die
3281 4753 3552 4825 perfectae
3576 4749 3806 4805 notitiae

2216 4843 2564 4909 manifestata
2593 4843 2670 4915 (α)
2704 4863 2751 4898 ι.
2779 4843 2890 4915 (lli,
2920 4843 3039 4915 as.)
3508 4872 3509 4875 γ

2935 4955 2964 5027 s
2992 4956 3083 5011 se.

2290 5042 2474 5113 Neque
2501 5042 2735 5099 alienum
2761 5044 2992 5107 videtur,
3024 5045 3067 5099 si
3093 5045 3204 5116 jam
3230 5060 3378 5100 nunc
3395 5085 3410 5109 ,
3438 5059 3548 5113 quo
3570 5042 3802 5108 facilius,

2216 5134 2309 5202 qui
2337 5134 2472 5189 haec
2500 5135 2691 5191 lecturi
2725 5135 2855 5200 sint,
2900 5150 3122 5190 causam
3168 5143 3521 5206 cognoscant,
3565 5134 3633 5189 de
3674 5149 3807 5204 pan-

2218 5223 2451 5278 theismo
2497 5225 2821 5294 Erigeniauo
2861 5236 2986 5278 cum
3044 5224 3150 5280 illis
3191 5227 3558 5296 argumentis,
3608 5240 3747 5294 quae
3774 5238 3805 5278 a

2216 5312 2638 5388 Scbluetero.(b)
2676 5315 2831 5370 nobis
2867 5316 3114 5385 opposita
3142 5326 3300 5382 sunt,
3333 5331 3447 5371 rem
3479 5325 3649 5370 totam
3677 5330 3807 5370 con-

2214 5405 2519 5461 fecerimus.
2742 5438 2745 5441 -
2768 5426 2773 5431 ο
3138 5434 3141 5437 ν

2213 5537 2424 5614 tissime
2458 5550 2708 5614 enarrat,
2745 5534 3104 5610 Erigenianac
3151 5541 3527 5614 philosophiae
3570 5541 3810 5600 decretisl

2214 5607 2419 5677 illigata
2440 5607 2875 5677 distorquentan

2216 5756 2221 5759 ν
2285 5674 2360 5748 (b)
2386 5674 2467 5732 Cf.
2496 5674 2666 5748 praef.
2692 5678 2935 5736 Schluot.
2964 5694 3019 5749 p.
3045 5693 3313 5737 art-nm
