4152 6276
331 351 410 410 ω
1195 345 1286 406 DE
1323 347 1479 403 VITA
1517 339 1610 402 ET
1643 337 2054 402 PRzECEP'TIS
2083 340 2136 397 J.
2181 339 2397 400 SCOTI.
2437 371 2506 390 -ν-
2541 339 2724 398 PARS
2757 339 2820 398 Π.
3545 345 3618 404 π

1071 461 1220 533 gto.

415 577 611 650 Itaque
637 583 820 632 nostro
844 573 1055 629 tandem
1079 571 1100 642 j
1109 587 1202 627 ure
1229 571 1330 626 hoc
1355 569 1512 626 nobis
1537 583 1755 624 sumere
1779 565 1930 622 vide-

345 687 498 735 mur,
529 670 770 725 docuisse
801 668 1085 737 Erigonam
1117 679 1175 719 re
1205 671 1258 718 et
1287 663 1433 717 I‘acto
1467 662 1585 727 illa,
1619 661 1815 730 quibus
1843 673 1932 713 suc

345 775 448 828 .pra
482 759 534 831 (ς
563 759 652 828 22)
681 768 846 812 totam
879 755 995 824 ejus
1038 755 1431 824 philosophiam
1478 752 1747 807 contineri
1792 749 1928 804 dixi-

343 865 482 912 mus,
524 847 950 916 substantialiter
992 861 1058 900 ex
1103 843 1404 899 substantia
1451 843 1632 896 divina
1681 839 1926 904 ﬂuxisse,

345 953 590 992 manasse
613 953 812 991 causas
843 935 1222 1005 primordiales
1249 933 1494 987 «omnium
1519 945 1727 994 rerum,
1761 941 1930 998 quae-

341 1043 552 1098 cunque
578 1030 686 1082 hoc
715 1028 1085 1082 universitatis
1121 1041 1346 1094 corpore
1375 1024 1926 1093 comprehendantur,

331 1119 590 1187 exempla
629 1118 954 1188 principalia
997 1119 1200 1185 hasque
1241 1117 1432 1171 deinde
1472 1129 1666 1170 causas
1698 1115 1928 1183 primor-

343 1211 518 1266 diales
546 1211 602 1263 in
627 1227 816 1265 earum
843 1207 1082 1272 effectus,
1117 1211 1255 1262 hanc
1291 1209 1462 1278 ipsam
1506 1221 1683 1261 rerum
1714 1207 1928 1260 univcr-

341 1303 601 1368 sitatem,
633 1300 982 1371 proﬂuxisse,
1027 1314 1408 1370 promanasse,
1439 1299 1512 1352 ita
1540 1305 1604 1352 ut
1651 1313 1824 1366 neque
1859 1297 1927 1350 de

347 1393 570 1460 propria
597 1407 690 1446 sua
721 1391 860 1452 sede,
885 1405 1046 1458 quam
1073 1403 1244 1457 usque
1272 1389 1338 1441 ab
1363 1388 1507 1442 omni
1533 1389 1850 1440 aeternitate
1873 1385 1926 1438 in

347 1483 471 1552 ipso
501 1486 608 1538 Deo
635 1481 854 1551 ejusque
879 1483 1166 1552 splendore
1189 1481 1408 1536 coelesti
1437 1481 1791 1544 obtinuerint,
1821 1480 1931 1534 sint

345 1573 604 1636 deiectae,
631 1583 686 1627 et
713 1573 825 1628 sela
857 1575 1094 1641 ipsarum
1127 1573 1540 1642 participatione
1585 1569 1929 1624 substantiali

339 1663 410 1716 sit
429 1665 486 1716 id
515 1665 710 1732 ipsum,
741 1665 884 1732 quod
913 1664 964 1714 in
993 1663 1094 1715 hac
1119 1675 1299 1714 rerum
1333 1660 1686 1714 universitate
1714 1659 1931 1730 proprie

327 1765 458 1806 esse
485 1752 721 1816 dicatur,
751 1752 992 1805 omnium
1017 1765 1197 1804 rerum
1224 1750 1548 1804 substantia.

1051 1858 1079 1928 §
1120 1858 1212 1912 tt.

404 1971 591 2028 Potuit
643 1973 828 2042 igitur,
879 1973 986 2028 imo
1029 1988 1161 2026 vero
1199 1974 1368 2028 etiam
1399 1973 1582 2028 debuit
1625 1972 1840 2036 Scotus,
1879 1971 1926 2026 si

331 2063 497 2128 haec,
525 2079 686 2132 quam
711 2064 902 2132 paucis
925 2064 1334 2130 explicavimus,
1367 2079 1495 2117 vera
1525 2062 1643 2131 ejus
1673 2062 1774 2116 fuit
1802 2077 1926 2116 sen-

329 2155 538 2216 tentia,
587 2163 642 2208 et
694 2169 818 2206 cuin
873 2153 959 2216 iis,
1011 2155 1104 2222 qui
1149 2153 1550 2220 pantheismum
1599 2161 1924 2221 sequuntur,

335 2259 500 2297 unam
522 2253 726 2296 tantum
747 2244 800 2296 in
819 2243 1072 2297 omnibus
1095 2244 1254 2296 rebus
1274 2243 1634 2296 substantiam
1657 2250 1922 2303 statuere,

331 2349 566 2402 eamque
611 2336 872 2397 divinam,
917 2342 970 2388 et
1014 2349 1124 2390 uno
1165 2335 1464 2402 eodemque
1509 2343 1754 2403 tempore
1797 2349 1926 2388 cum

343 2423 614 2476 communi
663 2423 970 2486 hominum,
1023 2425 1114 2491 qui
1165 2432 1310 2478 recte
1357 2424 1634 2486 sentiunt,
1667 2423 1924 2491 loquendi

343 2526 446 2566 usu
477 2511 644 2566 Deum
679 2525 996 2580 agnoscere,
1024 2511 1176 2579 cujus
1200 2513 1354 2566 sedes
1392 2514 1548 2580 quasi
1593 2528 1656 2568 ac
1695 2512 1924 2566 domici-

335 2601 472 2656 lium
519 2604 594 2658 sit
640 2617 808 2671 supra
862 2617 1078 2656 omnem
1129 2616 1308 2654 rerum
1355 2611 1636 2664 naturam,
1668 2603 1758 2669 qui
1788 2603 1926 2658 hanc

333 2697 503 2746 tatam
537 2707 718 2746 rerum
749 2699 1002 2744 naturam
1031 2691 1318 2754 creaverit,
1342 2705 1548 2758 suaque
1574 2691 1802 2744 essentia
1823 2731 1838 2754 ,
1869 2699 1928 2746 ut

333 2779 412 2832 ita
441 2779 710 2843 dicamus,
745 2779 1168 2845 superemineat.
1197 2778 1354 2832 Modo
1403 2795 1474 2833 ne
1517 2779 1618 2833 hoc
1655 2782 1922 2849 expressis

335 2871 522 2925 verbis
559 2871 886 2934 contendat,
929 2871 1292 2936 substantiam
1339 2870 1576 2924 divinam
1621 2871 1688 2924 ab
1727 2885 1920 2926 earum

339 2978 550 3027 rerum,
577 2979 720 3032 quae
745 2980 780 3017 a
809 2966 918 3018 Deo
945 2974 1161 3019 creatae
1187 2964 1458 3030 dicantur,
1497 2963 1788 3020 substantia
1817 2981 1916 3036 pe-

341 3051 491 3106 nitus
517 3068 642 3108 esse
667 3055 957 3110 diversam.

1049 3148 1082 3220 5
1125 3147 1216 3203 is.

415 3255 612 3312 Verum
653 3257 928 3312 enimvero
959 3266 1164 3312 tantum
1207 3259 1394 3325 abest,
1427 3269 1513 3322 ut,
1553 3263 1698 3330 quod
1729 3261 1924 3318 ultimo.

331 3346 456 3402 Ioco
477 3348 784 3416 posuimus,
817 3347 964 3402 ullibi
1009 3348 1062 3402 in
1105 3349 1259 3404 libris
1285 3351 1352 3404 de
1391 3351 1656 3406 divisione
1683 3351 1922 3406 Naturae

321 3436 696 3500 contenderit,
723 3443 782 3489 ut
809 3436 1008 3505 ubique
1033 3435 1146 3492 fere
1177 3452 1274 3505 per
1299 3439 1418 3494 illos
1445 3439 1632 3504 libros,
1659 3440 1742 3494 vel
1769 3439 1918 3494 aliud

325 3524 538 3594 agendo
575 3523 676 3592 (α),
721 3523 804 3578 vel
840 3525 960 3579 data
1008 3540 1172 3594 opera
1217 3542 1299 3588 ea,
1349 3543 1490 3596 quae
1529 3529 1692 3584 modo
1729 3529 1922 3598 paucis

323 3618 720 3686 compreheusa
772 3620 1168 3686 proposuimus,
1214 3621 1490 3683 docuerit,
1541 3637 1606 3675 ac
1637 3631 1916 3690 praetcrea

325 3707 490 3759 etiam
521 3707 768 3776 pluribus
801 3707 934 3763 locis
967 3709 1108 3778 (sup.
1146 3709 1174 3780 ξ
1213 3710 1310 3774 58,
1347 3711 1384 3764 I.
1433 3712 1520 3780 IV)
1555 3722 1746 3766 contra
1775 3712 1912 3778 illos,

323 3797 424 3866 qui
451 3796 659 3850 diversa
689 3797 946 3862 sentiant,
977 3800 1241 3854 acerrime
1269 3801 1590 3856 defenderit.

405 3885 498 3938 Illa
521 3901 667 3946 vero.
699 3901 844 3958 quae
875 3887 1004 3942 item
1032 3888 1100 3942 ab
1123 3889 1356 3958 Erigeua
1385 3891 1566 3944 doceri
1595 3898 1650 3943 et
1675 3905 1834 3960 posse
1859 3901 1918 3947 et

331 3971 534 4028 debere
567 3975 1074 4040 animadvertimus,
1109 3996 1127 4028 ι
1159 3993 1284 4032 esse
1321 3979 1412 4034 Dei
1442 3981 1624 4034 sedem
1666 3982 1820 4049 quasi
1852 3997 1916 4036 ac

329 4062 662 4118 domicilium
689 4077 852 4133 supra
879 4081 1095 4122 omnem
1127 4083 1310 4122 rerum
1333 4079 1582 4124 naturam
1615 4089 1634 4120 ι
1656 4101 1726 4111 --
1743 4091 1762 4122 ι
1796 4085 1916 4128 esse

327 4149 503 4206 Deum
539 4153 708 4207 totius
757 4167 940 4208 rerum
983 4165 1210 4210 naturae
1243 4171 1464 4212 causam
1509 4175 1528 4208 ι
1571 4189 1642 4200 -
1674 4177 1694 4211 r
1727 4175 1914 4228 super-

325 4242 560 4296 emineri
589 4245 725 4298 hanc
753 4261 934 4300 rerum
971 4247 1376 4303 universitatem
1403 4251 1672 4306 essentiae
1701 4252 1916 4308 divinae

331 4333 666 4400 praestantia
697 4353 714 4383 ι
751 4348 766 4384 :
795 4335 925 4390 haec
951 4336 1137 4405 igitur,
1165 4346 1221 4391 et
1248 4339 1332 4392 his
1358 4338 1552 4392 similia
1589 4340 1642 4393 in
1671 4341 1826 4394 libris
1849 4343 1916 4396 de

325 4419 602 4476 divisione
631 4423 860 4479 Naturae
903 4427 1147 4496 pluribus
1178 4428 1308 4483 locis
1339 4431 1658 4500 reperimus.
1691 4432 1913 4502 Legitur

1955 459 2008 521 Α
2035 455 2284 512 accidens
2315 464 2400 510 est
2439 473 2464 516 :_
2507 475 2526 508 ι
2569 463 2628 510 et
2653 469 2844 512 rursus
2873 454 2966 526 '(ll,
3003 455 3054 528 I)
3090 473 3105 510 :
3141 473 3162 508 ι
3194 455 3312 512 Non
3343 465 3436 516 est
3471 459 3626 518 Deus

2032 561 2202 616 genus
2245 553 2552 612 creaturae,
2601 559 2703 612 nec
2749 554 3000 602 creatura
3037 546 3246 615 species
3291 546 3420 614 Dei,
3473 550 3626 606 sicut

2031 648 2282 692 creatura
2327 654 2432 693 non
2489 646 2574 692 est
2612 652 2782 708 genus
2828 638 2954 704 Dei,
3000 652 3174 707 neque
3219 638 3364 694 Deus
3406 641 3628 710 species

2030 736 2312 782 creaturae
2339 736 2441 783 est.
2458 727 2684 784 ——Deus
2712 743 2818 799 non
2839 739 2930 784 est
2945 737 3114 784 totum
3131 739 3414 785 creaturae
3440 743 3618 802 neque

2030 827 2279 874 creatura
2306 833 2434 889 pars
2471 819 2602 885 Dei;
2641 835 2742 876 nec
2761 830 3016 876 creatura
3052 831 3137 876 est
3163 829 3336 877 totum
3371 822 3618 889 Dei,'ne-

2030 924 2136 979 que
2163 909 2304 966 Deus
2330 926 2456 982 pars
2471 921 2770 968 creaturae.
2790 912 3238 984 --Metaphoriee
3256 915 3398 971 Deus
3419 916 3618 974 dicitur

2029 1011 2084 1057 et
2107 1017 2300 1071 genus,
2344 1013 2398 1058 et
2437 1011 2629 1069 totum,
2654 1011 2710 1058 et
2735 1006 2941 1071 species
2973 1013 3029 1060 et
3065 1020 3230 1076 pars;
3259 1021 3420 1063 omne
3445 1007 3620 1072 enim,”

2028 1096 2172 1164 quod
2219 1095 2274 1148 in
2318 1095 2434 1164 ipso
2475 1105 2530 1150 et
2573 1110 2637 1150 ex
2691 1096 2807 1164 ipso
2858 1105 2971 1162 est,
3005 1097 3398 1154 rationabiliter
3441 1099 3508 1154 de
3547 1111 3624 1154 ω·

2025 1185 2327 1254 praedicari
2347 1193 2543 1254 potest,
2561 1186 2652 1240 sed
2669 1185 2984 1254 intelligibili
2999 1189 3230 1256 quadam
3247 1189 3617 1247 univcrsitatis

2028 1274 2484 1342 contemplatione
2513 1293 2528 1328 :
2558 1277 2964 1332 universitatem
2993 1278 3114 1332 dico
3139 1279 3331 1333 Deum
3367 1287 3424 1334 et
3451 1279 3617 1336 Crea-

2029 1371 2206 1418 turam
2241 1381 2260 1414 ι
2300 1379 2314 1415 :
2351 1373 2626 1433 postremo
2663 1367 2827 1421 etiam
2873 1368 2975 1422 hoc
3003 1367 3114 1438 (Ill,
3141 1367 3236 1438 5):
3269 1387 3290 1420 ι
3319 1369 3494 1425 Causa
3531 1380 3628 1426 to-‘

2028 1455 2136 1508 tius
2157 1454 2526 1514 universitatis
2551 1457 2802 1510 conditae
2827 1459 3064 1512 creatrix
3085 1466 3170 1513 est
3187 1459 3624 1529 supernaturalisv

2025 1551 2084 1596 et
2112 1545 2578 1611 superessentialis
2605 1553 2664 1600 et
2687 1561 2846 1614 supra
2873 1561 3090 1602 clunem
3129 1548 3296 1604 vitam
3319 1557 3377 1604 et
3400 1549 3624 1620 saplend

2031 1635 2160 1688 tiam
2184 1643 2240 1688 et
2263 1633 2536 1699 virtutem,
2557 1645 2614 1690 et
2635 1651 2796 1707 supra
2820 1641 3001 1692 omnia
3021 1653 3160 1707 quae
3177 1639 3430 1696 dicuntur
3453 1648 3510 1695 et
3531 1641 3616 1696 in-

2027 1725 2342 1794 telliguntur
2369 1733 2424 1780 et
2453 1727 2600 1780 omni
2631 1743 2792 1782 sensu
2826 1729 3216 1798 percipiuntur,
3247 1731 3376 1786 du
3405 1739 3490 1786 est
3517 1733 3618 1786 ho-

1955 1805 2004 1862 Β
2033 1831 2150 1870 rum
2174 1819 2414 1870 omnium
2443 1819 2766 1888 principium
2797 1835 2994 1875 causae
3028 1831 3084 1876 et
3123 1823 3358 1877 medium
3389 1823 3624 1894 impletis

2028 1905 2336 1972 essentiale,
2365 1918 2421 1961 et
2445 1907 2567 1963 lin-is
2597 1923 3060 1964 consummans—
3075 1919 3132 1966 et
3153 1912 3386 1967 ambitus
3409 1912 3622 1978 omnia,-

1993 2059 1998 2062 _
2030 2011 2170 2066 quae
2197 2005 2342 2057 sunt.
2369 2005 2426 2052 et
2449 2012 2588 2066 quae
2611 2013 2718 2054 non
2743 2007 2885 2066 sunt,
2915 2001 3372 2057 circumscribeus
3395 2020 3446 2054 s.

2743 2131 2772 2204 §
2814 2131 2902 2186 45.

2102 2239 2244 2294 Ilaec
2269 2240 2432 2310 igitur
2457 2251 2515 2296 et
2543 2243 2626 2296 his
2651 2243 2867 2308 Similia,
2905 2253 2966 2299 ut
2995 2259 3217 2300 necesse
3238 2253 3343 2312 est,
3375 2246 3430 2300 in
3459 2246 3614 2306 libris

2029 2330 2096 2386 de
2141 2331 2404 2386 divisione
2447 2331 2682 2388 Naturae
2725 2334 2990 2404 leguntur.
3035 2336 3108 2390 At
3149 2351 3281 2392 sane
3307 2337 3624 2398 mirandum

2026 2429 2128 2483 cst,
2157 2424 2248 2490 qui
2273 2425 2470 2478 factum
2498 2425 2592 2490 sit,
2617 2433 2676 2478 ut
2705 2425 2930 2494 Scelus,
2955 2443 3122 2498 quum
3151 2429 3286 2484 haec
3319 2427 3433 2484 sola
3461 2444 3614 2484 com-

2027 2527 2243 2566 munem
2275 2514 2550 2568 hominum
2579 2515 2826 2584 loquendi
2857 2533 3012 2574 usum
3059 2516 3265 2574 referre
3296 2519 3608 2586 videantur,

2025 2603 2160 2656 haec
2190 2613 2364 2658 tamen
2397 2606 2509 2674 ipsa
2536 2606 2693 2676 longo
2732 2608 3080 2676 paucioribus
3105 2608 3260 2674 locis,
3291 2625 3456 2680 quam
3481 2626 3610 2674 cras

2025 2693 2204 2758 dcres,
2233 2695 2516 2763 scripsisse
2543 2697 2991 2764 deprehendatur.

2095 2787 2228 2851 Quis
2252 2794 2433 2840 autem
2475 2796 2578 2848 est,
2607 2789 2734 2854 quin
2768 2791 2974 2850 videat,
3029 2806 3134 2846 non
3181 2807 3304 2846 esse
3333 2793 3474 2846 inter
3507 2795 3614 2850 hos

2023 2872 2192 2936 locos,
2223 2873 2417 2940 quibus
2465 2874 2838 2942 pantheismus
2883 2876 3256 2944 Erigenianus,
3289 2893 3451 2946 quem
3490 2883 3610 2950 qui...

2023 2965 2144 3018 dein
2173 2979 2334 3032 supra
2361 2964 2784 3032 explicavii‘nus,
2813 2966 2922 3022 ullo
2943 2975 3106 3037 pacto
3133 2966 3512 3036 labefactetur,
3541 2987 3616 3034 ne

2023 3057 2266 3112 dicamus
2298 3055 2627 3136 disjiciatur?
2655 3057 2792 3112 Sunt
2834 3067 3022 3114 contra
3053 3060 3108 3114 in
3135 3075 3324 3116 eorum
3359 3077 3608 3132 numero,

1945 3167 1992 3228 ρ
2023 3151 2112 3219 qui
2148 3151 2304 3219 plane
2329 3165 2393 3204 ac
2419 3150 2618 3205 diserte
2649 3153 3048 3220 pantlteismum
3072 3153 3334 3210 doceant!

2091 3243 2240 3308 Quae
2263 3257 2428 3310 quum
2451 3243 2524 3296 ita
2547 3243 2674 3308 sint,
2699 3245 2800 3299 hoc
2823 3243 3068 3314 profecto
3087 3253 3235 3300 stare
3255 3247 3602 3314 arbitramur,

2019 3331 2150 3384 nihil
2190 3332 2399 3386 omnino
2428 3348 2492 3384 ea:
2515 3331 2660 3386 libris
2689 3333 2752 3386 de
2779 3335 3031 3390 divisione
3060 3333 3304 3392 Naturae
3333 3355 3481 3408 posse
3503 3355 3612 3396 ιιι-η

1998 3413 2192 3488 φῶσὶ,
2227 3420 2365 3488 quod
2397 3419 2462 3472 ab
2495 3419 2588 3474 illo
2635 3421 2986 3489 paullacismo,
3039 3439 3190 3493 quem
3233 3427 3612 3495 emanatioum,

2016 3508 2154 3575 quod
2204 3517 2410 3573 uocant,
2453 3520 2678 3578 systema
2721 3511 2986 3580 eaprtmil,
3033 3515 3171 3582 ipso:
3203 3514 3415 3572 liberari
3455 3533 3610 3587 pom
3665 3511 3668 3514 ’

2017 3596 2263 3650 declaret.

2749 3693 2776 3763 §
2805 3695 2892 3748 ιιτι.

2085 3798 2446 3856 Nihilominus
2476 3799 2828 3858 Schluetcrus
2853 3804 2928 3874 (p.
2963 3801 3077 3858 XIV
3123 3823 3254 3878 seqq
3282 3809 3302 3880 )
3335 3811 3610 3872 invenisse

2015 3889 2118 3944 sibi
2149 3890 2384 3955 videtur,
2435 3907 2574 3960 quae
2603 3893 2814 3948 illorum
2852 3895 3111 3950 librorum
3143 3899 3444 3956 doctrinam
3471 3917 3604 3972 pan-

2015 3979 2242 4036 tlieismo
2265 3983 2422 4051 plane
2449 3984 2748 4039 absolvant.
2779 3984 2988 4056 Pugnat
3015 3995 3192 4044 autem
3233 3991 3323 4044 illo
3361 3995 3478 4047 loco
3499 3996 3608 4050 ada

2015 4085 2208 4124 versus
2251 4071 2630 4138 Goerrcsium,
2671 4075 2758 4129 cui
2809 4075 2948 4130 hanc
2995 4077 3184 4133 tribuit
3230 4083 3598 4140 sententiam:

2019 4177 2038 4206 ‹
2067 4159 2286 4212 Scotum
2324 4161 2684 4231 Areopagitae
2723 4165 2874 4218 ideas
2903 4180 2968 4219 ac
2993 4169 3242 4223 notiones
3269 4171 3599 4230 cvolventem

2013 4247 2332 4303 necessitate
2361 4253 2592 4319 quadam
2635 4261 2790 4306 vetus
2820 4255 3142 4320 pantlteismi
3195 4259 3492 4326 periculum
3517 4267 3602 4319 iu-

2013 4337 2266 4402 currisse,
2297 4339 2388 4408 qui
2421 4340 2472 4392 in
2500 4340 2720 4409 scriptis
2765 4343 3124 4412 Areopagitae
3147 4381 3160 4395 .
3191 4383 3206 4397 .
3231 4384 3245 4399 .
3285 4346 3596 4406 latuerit...

2013 4429 2270 4484 Naturam
2295 4441 2536 4488 creatam
2563 4439 2838 4487 creantem
2867 4445 2990 4488 esse
3025 4431 3186 4509 λόγον,
3215 4435 3454 4493 nredium
3495 4444 3600 4496 sci-

323 4511 474 4567 enim
519 4513 730 4583 saepius
753 4515 818 4586 (Ι,
851 4516 904 4570 5.
937 4513 970 4571 7
1010 4517 1142 4590 cet.)
1174 4535 1190 4574 :
1223 4537 1242 4570 ι
1287 4517 1408 4588 Ipse
1443 4519 1584 4576 Deus
1612 4523 1664 4575 in
1695 4537 1754 4576 se
1793 4523 1912 4591 ipso
1943 4509 1990 4568 Ι)
2016 4521 2143 4577 licet
2165 4521 2306 4576 inter
2341 4537 2448 4577 non
2473 4531 2713 4578 creatam
2735 4531 3010 4582 creantem
3033 4525 3248 4599 (Deum)
3277 4536 3331 4582 et
3359 4541 3608 4589 creatam

321 4601 464 4656 ultra
493 4617 710 4658 omnem
738 4615 1044 4662 creamram
1067 4607 1216 4664 nullo
1249 4609 1520 4664 intellectu
1551 4615 1908 4681 comprehen-

321 4691 472 4748 ditur
519 4713 538 4744 ο
575 4711 588 4746 :
633 4694 764 4748 item
793 4695 930 4762 (IV,
959 4696 1022 4766 1)
1055 4713 1117 4748 τε
1155 4699 1296 4752 Deus
1340 4707 1428 4754 est
1468 4715 1628 4755 causa
1676 4702 1910 4756 creatrix

319 4782 670 4836 existentium
719 4791 775 4838 et
817 4799 924 4838 non
969 4787 1316 4842 existentium
1355 4790 1596 4844 omnium
1623 4811 1642 4842 ι
1679 4809 1692 4845 :
1729 4793 1914 4846 ethoc

317 4869 386 4939 (I,
417 4872 508 4940 l7)
537 4887 552 4924 :
577 4891 596 4922 ι
629 4873 1036 4944 Categoriarum
1067 4875 1512 4946 signiﬁcationes,
1533 4895 1674 4948 quae
1699 4882 1914 4951 proprie

319 4957 378 5013 in
421 4961 590 5015 rebus
631 4963 868 5017 conditis
899 4964 1313 5034 dignoscantur,
1352 4969 1420 5024 de
1461 4983 1626 5024 causa
1669 4971 1912 5026 omnium

321 5063 432 5104 non
459 5052 694 5108 absurde
737 5065 964 5124 possunt
989 5055 1272 5126 proferri;
1323 5073 1422 5132 nec
1465 5069 1644 5114 tamen
1674 5061 1912 5130 proprie,

323 5143 424 5196 sed
469 5145 824 5201 translative:
867 5161 994 5202 nam
1037 5148 1084 5202 si
1133 5149 1314 5219 aliqua
1363 5152 1636 5220 categorla
1683 5153 1752 5206 de
1797 5153 1910 5210 Deo

319 5234 542 5300 proprie
577 5237 1000 5304 praedicaretur,
1040 5243 1348 5296 necessario
1378 5242 1547 5296 Deum
1579 5257 1748 5312 genus
1791 5259 1910 5300 esse

318 5335 670 5393 sequeretur;
707 5327 850 5382 Deus
895 5339 1076 5385 autem
1119 5347 1220 5387 nec
1245 5347 1418 5402 genus
1445 5347 1546 5388 nec
1573 5334 1780 5403 species
1809 5351 1908 5392 nec

387 5439 466 5506 (α)
497 5439 852 5512 Saepissime,
891 5449 948 5494 ut
988 5443 1094 5497 alia
1133 5453 1407 5500 taceamus
1428 5485 1442 5506 ,
1471 5443 1666 5512 legitur
1699 5465 1716 5497 ι
1753 5463 1909 5501 mun-

315 5507 418 5562 dus
459 5507 634 5584 estea:
683 5510 806 5584 pro
838 5532 856 5564 ι
891 5521 944 5584 et
973 5529 1108 5584 quae
1139 5527 1265 5584 sunt
1290 5515 1502 5584 generis
1525 5507 1790 5584 Ejusdem.
1821 5517 1904 5572 Cf.

315 5577 494 5648 λαως
535 5579 635 5642 10;
666 5579 731 5632 de
759 5581 866 5633 div.
897 5577 1018 5636 Nat.
1051 5583 1112 5646 II,
1141 5577 1383 5638 lQ-ﬂOVet
1410 5593 1519 5638 toto
1544 5577 1654 5640 fere
1676 5587 1832 5640 libro.

387 5647 460 5712 (b)
477 5647 561 5702 Ex
585 5649 860 5704 Goerresii
883 5654 1152 5707 sententia
1177 5653 1524 5709 Schlueterus
1547 5658 1646 5710 hoc
1667 5655 1908 5710 scribere

313 5713 500 5771 debuit
543 5735 554 5770 :
595 5735 616 5770 ι
660 5718 922 5776 Naturam
971 5732 1212 5778 creatam
1264 5733 1540 5798 creantem
1588 5723 1730 5797 λόγον
1787 5740 1907 5780 esse

2013 4627 2119 4668 non
2168 4623 2440 4669 creantem
2493 4613 2853 4686 (Creatorem)
2901 4617 3158 4684 positum.
3205 4619 3392 4692 Itaque
3427 4623 3602 4680 Deum

2016 4704 2216 4758 trinum
2245 4719 2366 4758 sese
2395 4703 2564 4758 Scuto
2583 4717 2704 4766 cum
2721 4713 2979 4761 creatura
3001 4709 3377 4768 miscuisse...
3401 4712 3602 4771 Creati-

2019 4803 2124 4848 tem
2163 4803 2342 4848 autem
2379 4797 2558 4850 creari
2592 4807 2838 4850 naturam
2885 4797 3008 4854 ideo
3031 4802 3100 4856 ab
3127 4802 3358 4872 Erigena
3387 4806 3596 4874 doceri,

2016 4885 2146 4955 quia
2166 4884 2310 4940 Deus
2337 4885 2892 4955 superessentialis-et
2929 4893 3446 4961 superqualitatiws
3463 4893 3594 4954 dum

2015 4991 2082 5030 ex
2129 4978 2446 5032 aonomasia
2489 4977 2544 5030 in
2583 4981 3052 5048 pantonomasiam
3094 4997 3192 5051 per
3239 4985 3596 5055 theophanias

2013 5069 2166 5137 quasi
2211 5070 2488 5138 procedat,
2528 5085 2625 5140 per
2667 5071 2808 5128 hanc
2851 5075 3256 5141 processionem
3305 5079 3594 5146 (quatenus

2011 5173 2108 5228 per
2139 5159 2317 5214 ideas.
2339 5197 2352 5212 .
2375 5197 2390 5212 .
2419 5173 2538 5216 sese
2577 5157 2832 5232 eXplicet)
2871 5165 3272 5233 quodammodo
3311 5165 3500 5219 omnia
3533 5165 3594 5216 in

2010 5251 2260 5305 omnibus
2295 5251 2388 5306 ﬂat
2413 5252 2488 5323 (b)
2518 5271 2563 5308 ι.

2079 5343 2420 5413 Adjiciuntur
2445 5347 2530 5401 his
2561 5347 2694 5418 ipsis
2721 5349 2976 5403 nonnulla
3001 5363 3070 5402 ex
3095 5344 3383 5401 Goerresio
3411 5345 3478 5400 de
3501 5361 3594 5402 re»

2009 5453 2131 5528 ideo
2183 5455 2251 5508 ab
2305 5453 2538 5523 Erigena
2589 5457 2794 5528 doceri,
2850 5457 2992 5524 quod
3044 5455 3271 5528 Erigena
3319 5455 3588 5528 docuerit,"

2009 5523 2178 5578 Deum
2209 5540 2276 5580 ex
2329 5527 2638 5582 aonomasia
2677 5528 2730 5578 in
2781 5523 3247 5594 pantonomasiam
3337 5545 3398 5583 er
3433 5523 3588 5586 thes-’-

2009 5595 2235 5656 pbanias
2279 5595 2594 5656 procedere,
2645 5607 2746 5646 nec
2799 5607 2905 5646 non
2951 5591 3054 5646 dici
3087 5609 3264 5656 posse.
3296 5545 3464 5656 Betim
3491 5617 3588 5656 per

2047 5595 2235 5648 banias
2279 5595 2594 5672 procedere,
2645 5591 2905 5672 necinon
2951 5591 3054 5646 dici
3087 5609 3264 5666 posse,
3296 5591 3464 5658 Deum
3489 5617 3588 5672 per

2025 5679 2146 5720 iailc
2171 5663 2569 5735 processionem
2601 5663 2946 5732 semetipsum
2976 5677 3160 5723 creare
3184 5687 3228 5723 ι.
