4152 6276
551 349 626 404 1r
1055 323 1068 334 '
1687 345 1776 400 DE
1807 335 1861 401 ‘J.
1905 343 2127 401 θεοτο
2163 341 2684 400 con-unumne.
3746 353 3822 412 ιι

546 465 662 519 ditu
693 463 1143 520 amnium'rerum
1185 463 1244 516 in-
1275 461 1442 516 Deum
1467 476 1484 526 ;
1517 475 1658 530 quae
1687 460 1930 529 quidem,
1963 473 2131 528 quam
2164 465 2208 525 Α
2238 471 2352 513 rem
2378 467 2436 512 ut
2458 460 2666 528 probet,
2693 457 2878 514 laudat
2916 459 3265 517 Schlueterus
3284 461 3352 517 de
3380 459 3488 518 div.
3513 461 3636 519 Nat.
3663 461 3756 530 IV,
3782 467 3820 521 5

549 554 650 608 hoc
675 553 796 607 loco
810 552 1017 606 nullius
1033 551 1148 605 sint
1173 549 1453 615 momenti,
1495 548 1982 620 praetermittenda
2009 563 2132 603 esse

539 643 999 698 existimavimus.

619 733 822 788 Deinde
852 732 1208 788 Sehlueterus
1239 740 1408 787 totam
1433 731 1584 786 hanc
1599 729 1882 786 Goerresii
1911 743 2137 785 accusa-

548 825 749 880 tionem
807 824 895 878 his
934 823 1115 878 verbis
1149 823 1561 892 comprehendit
1591 824 1667 892 (p.
1704 822 1846 892 XVI)
1875 841 1887 876 :
1941 841 1959 873 ι
1992 823 2136 891 (Eri-

547 915 707 986 gena)
738 914 1137 985 pantlteismum
1171 914 1482 984 proﬁtetur,
1531 930 1697 984 quum
1745 915 1910 986 λόγον,
1963 913 2134 967 Deum

548 1003 766 1068 Filium,
793 1010 1135 1058 emanantem
1175 1017 1206 1056 a
1236 1001 1428 1068 Patre,
1461 1002 1982 1058 creaturam-Patris
2005 1016 2137 1058 esse

546 1091 772 1148 aﬂirmct
795 1112 840 1147 ι.

1276 1163 1302 1233 §
1331 1162 1421 1217 ts.

613 1273 728 1329 lIoc
784 1281 968 1330 autem
1022 1283 1184 1344 pacto
1237 1276 1568 1344 depravatus
1623 1283 1788 1346 atque
1856 1276 2136 1332 mutilatas

543 1362 865 1418 Goerresius
879 1361 1024 1418 facili
1041 1364 1156 1432 jam
1177 1363 1362 1418 labore
1383 1363 1711 1420 devincitur.
1733 1366 1930 1420 Verum
1949 1366 1994 1420 si
2014 1367 2138 1434 quis

545 1453 688 1508 scire
710 1453 919 1521 cupiat,
949 1452 1144 1520 quibus
1179 1453 1521 1522 potissimum
1551 1454 1887 1524 argumentis
1932 1455 2136 1525 petitus

546 1543 635 1606 sit,
661 1541 780 1598 fere
806 1543 943 1597 baec
963 1550 1088 1597 sunt
1113 1558 1128 1596 :

613 1634 702 1688 I.t
730 1633 1069 1704 Quamquam
1101 1654 1146 1701 ι,
1196 1645 1255 1690 ut
1301 1635 1654 1692 Scltluetertts
1704 1637 1781 1708 (p.
1825 1636 2010 1710 XVIII)
2037 1638 2132 1704 ait,

552 1742 569 1775 ι
593 1725 880 1781 nonullis
912 1725 1059 1781 .locis
1107 1725 1309 1781 Natura
1337 1737 1535 1798 creata
1587 1743 1785 1784 creans
1833 1743 1957 1783 cum
1988 1729 2134 1800 Lago

2235 549 2336 604 sub
2365 548 2481 613 εἰη..
2509 549 2599 603 ubi
2630 550 2766 604 haec
2807 549 3058 619 leguntur
3085 569 3097 603 :
3125 571 3143 600 ε
3183 551 3324 606 Deus
3349 561 3405 606 et
3433 567 3597 624 supra
3634 557 3815 610 omnia

2234 648 2289 696 et
2318 641 2371 694 in
2398 641 2652 696 omnibus
2677 651 2781 707 est,
2838 643 2952 712 ipse
3008 643 3276 712 siquidem
3293 646 3540 700 essentia
3571 649 3819 704 omnium

2234 735 2340 790 est,
2375 728 2468 796 qui
2506 743 2634 784 vere
2662 728 2811 783 solus
2845 747 2864 780 ι
2902 729 3071 799 (solus
3101 731 3248 802 vere)
3277 740 3382 786 est.
3831 725 3841 735 ’

2306 818 2391 874 III.
2425 818 2628 875 Monito
2672 829 2853 876 autem
2882 822 2958 892 (p.
2988 820 3133 892 XX),
3161 837 3228 877 ne
3269 824 3394 892 quis
3430 824 3818 896 Erigenianum

2236 907 2382 963 illum
2408 908 2640 964 Naturae
2675 912 3084 979 quaternarium
3132 928 3257 967 cum
3310 912 3370 968 S.
3425 915 3695 973 Teroario
3723 922 3816 974 do-

2234 996 2432 1067 gmatis
2455 1000 2562 1055 ullo
2607 1003 2768 1056 modo
2797 1018 2962 1056 unum
2986 1018 3108 1059 esse
3127 1013 3308 1072 putet,
3333 1005 3528 1063 Scotus
3550 1008 3624 1078 (p.
3654 1009 3819 1084 XXII)

2119 1161 2121 1163 ι
2233 1092 2382 1146 omni
2435 1092 2595 1161 culpa
2649 1093 2972 1158 absolvitur,
3029 1104 3314 1164 propterea
3358 1098 3546 1166 quodt
3585 1099 3632 1153 si
3687 1116 3818 1170 pan-

2237 1181 2526 1236 theismum
2575 1180 2742 1236 fuerit
2797 1190 3080 1249 sectatus,
3132 1185 3329 1240 docere
3379 1202 3487 1241 non
3531 1189 3816 1258 potuisset,

2234 1285 2373 1340 quae
2395 1271 2638 1325 docuerit
2666 1289 2679 1326 :
2704 1271 2756 1338 a)
2801 1271 2968 1327 Deum
3003 1288 3125 1329 esse
3149 1275 3618 1344 supernaturalem
3648 1288 3705 1334 et
3725 1295 3815 1334 su-

2235 1360 2676 1430 peresscntialem
2717 1369 2771 1416 et
2823 1376 2985 1431 supra
3027 1360 3230 1428 omnia,
3282 1378 3421 1432 quae
3448 1366 3604 1420 omni
3656 1382 3816 1422 sensu

2235 1451 2630 1522 percipiantur,
2675 1453 2803 1506 dum
2855 1453 2928 1506 sit
2975 1454 3166 1507 horum
3211 1456 3451 1509 omnium
3493 1458 3819 1529 principium

2235 1543 2470 1605 causale,
2503 1551 2559 1597 et
2581 1543 2815 1598 medium
2846 1543 3076 1612 impleas
3123 1546 3434 1610 essentiale,
3461 1555 3518 1602 et
3542 1548 3664 1604 linis
3692 1566 3818 1606 cona-

2234 1647 2513 1687 summans
2541 1664 2610 1674 —
2629 1641 2685 1687 ct
2713 1633 2949 1692 ambitus
2992 1628 3472 1703 circumscribens,
3492 1667 3562 1678 —
3590 1655 3764 1710 neque
3791 1661 3813 1694 ι

2239 1721 2681 1794 (Aristotelicam)
2710 1741 2729 1775 t
2760 1719 3090 1794 categoriam
3119 1721 3389 1781 essentiae
3411 1764 3430 1792 ,
3457 1738 3635 1798 neque
3673 1742 3819 1786 cete-

544 1815 794 1882 cenl'usa,
821 1816 908 1871 vel
929 1831 1036 1872 non
1065 1819 1198 1873 satis
1224 1819 1293 1872 ab
1311 1833 1376 1873 eo
1403 1820 1658 1875 distincta
1685 1819 1922 1884 videtur,
1950 1821 2136 1874 multis
2165 1809 2210 1870 Β
2239 1827 2329 1866 ras
2377 1827 2571 1868 novem
2619 1813 2927 1882 categorias
2955 1832 2974 1865 ³
3010 1814 3174 1882 (quae
3227 1829 3418 1870 omnes
3474 1821 3712 1888 ντορΐὶθν
3761 1827 3820 1874 ιιι

543 1914 725 1964 tamen
759 1907 892 1962 locis
911 1908 1274 1965 determinate
1289 1926 1320 1964 a
1352 1909 1496 1980 Logo
1523 1920 1746 1966 aeterne
1767 1911 1956 1980 genito
1976 1927 2138 1964 mun-

545 1998 646 2052 dus
677 1998 733 2052 in
758 1997 912 2066 Logo
940 1999 1197 2054 conditus
1218 2007 1272 2053 et
1292 2015 1396 2069 per
1415 1998 1608 2070 Logon
1637 1999 1813 2054 factus
1839 2009 1900 2054 ut
1930 1999 2136 2054 Natura

546 2097 768 2142 aeterne
793 2096 974 2142 creata
1005 2089 1352 2152 discernitur,
1394 2089 1518 2144 licet
1545 2105 1668 2145 cum
1725 2090 1871 2160 Logo
1912 2091 2137 2160 conjun-

545 2188 686 2241 etus,
719 2179 937 2248 quando
963 2178 1200 2235 Naturae
1223 2188 1438 2235 creatae
1466 2197 1570 2235 non
1595 2182 1800 2236 creanti
1823 2182 2132 2250 opponitur,

547 2269 690 2324 idem
715 2276 773 2323 et
797 2277 986 2322 creata
1007 2277 1062 2322 et
1087 2282 1279 2323 creans
1304 2269 1604 2339 appelletur
1622 2266 1852 2324 Natura.
1875 2269 2134 2323 Praeter-

539 2370 609 2412 ea
655 2357 852 2412 Scotus
898 2357 952 2411 in
1006 2358 1452 2426 expositionibus,
1497 2373 1636 2430 quas
1661 2359 1727 2414 de
1773 2357 1830 2413 S.
1872 2359 2136 2414 Ternario

543 2448 777 2518 profert,
809 2449 1051 2520 singulas
1082 2465 1341 2519 personas
1372 2452 1668 2506 secundum
1699 2451 1894 2522 dogma
1946 2451 2136 2505 distin-

549 2540 688 2611 guit,
712 2553 874 2611 atque
894 2541 966 2596 ita
990 2541 1174 2612 Logon
1200 2543 1333 2598 dicit
1354 2550 1575 2598 aetente
1598 2541 1863 2613 genitum,
1885 2555 1986 2596 nec
2010 2557 2136 2611 pro-

553 2632 864 2698 cedentem,
893 2647 993 2688 nec
1019 2641 1262 2687 creatum
1285 2652 1332 2686 ι.

620 2719 772 2786 Loci,
802 2721 1000 2791 quibus
1040 2722 1128 2775 illa
1155 2721 1296 2776 inter
1318 2721 1500 2792 Logon
1527 2730 1581 2776 et
1606 2719 1865 2776 Naturam
1890 2729 2131 2777 creatam

547 2818 823 2865 creantem
853 2818 907 2864 ct
935 2809 1195 2864 Naturam
1225 2819 1466 2865 creatam
1491 2825 1597 2865 non
1629 2805 1904 2864 c'reantem
1935 2811 2131 2864 distin-

551 2899 666 2954 ctio
719 2898 1023 2954 clarissime
1071 2899 1323 2953 videatur
1364 2898 1677 2953 illucescere
1726 2897 1963 2968 (praeter
1989 2898 2129 2963 illos,

543 2989 739 3060 quibus
772 2989 912 3044 Deus
937 2991 1152 3060 genitus
1181 3004 1211 3042 a
1236 2989 1348 3043 Deo
1386 2999 1678 3058 generante
1708 2997 1764 3043 et
1809 2989 2132 3058 procedente

544 3096 650 3136 non
680 3080 879 3145 minus,
932 3094 1096 3149 quam
1128 3095 1158 3134 a
1189 3087 1438 3134 creatura
1465 3077 1850 3149 distinguatur)
1878 3092 1947 3132 ex
1989 3076 2128 3133 mul-

544 3171 615 3226 tis
640 3169 942 3224 afferuntur
969 3170 1022 3223 hi
1048 3187 1060 3222 :

615 3258 738 3313 Lib.
763 3258 828 3322 II,
858 3257 922 3310 21
955 3275 968 3310 :
1001 3275 1020 3308 ι
1057 3255 1250 3312 Omnis
1290 3264 1536 3310 creatura
1583 3253 1776 3323 incipit
1820 3269 1961 3319 esse,
2006 3255 2133 3325 quia

546 3355 688 3412 erat,
721 3361 888 3416 quum
922 3361 1030 3400 non
1061 3355 1222 3409 erat;
1263 3353 1382 3401 erat
1435 3344 1490 3398 i-n
1531 3345 1712 3400 causis
1739 3346 1978 3414 quidem,
2025 3360 2135 3400 non

547 3447 668 3493 erat
693 3437 748 3491 in
777 3435 1094 3492 ell'ectibus:
1145 3435 1500 3491 non-omnino
1553 3435 1720 3506 igitur
1745 3449 1874 3489 vere
1903 3435 2136 3489 aeterni-

548 3527 646 3582 tati
678 3535 968 3582 coaeterna
999 3534 1080 3582 est
1100 3544 1145 3579 ι,
1175 3554 1246 3565 -
1273 3523 1476 3580 Deinde
1506 3525 1772 3580 habentur
1805 3522 1896 3578 lib.
1924 3523 2011 3588 III,
2044 3523 2130 3578 l6.

548 3619 637 3674 l7.
685 3618 777 3673 I8.
824 3617 889 3682 II,
921 3617 1012 3683 22,
1047 3615 1243 3686 quibus
1270 3615 1426 3681 locis,
1466 3623 1528 3670 ut
1563 3629 1664 3670 nos
1707 3627 1922 3683 quoque
1971 3629 2133 3682 supra

545 3709 600 3784 (ᾗ
622 3710 775 3784 ως
821 3709 912 3782 '50)
950 3708 1275 3773 audivimus,
1321 3727 1340 3761 ε
1386 3706 1551 3762 totius
1598 3715 1881 3761 creaturae
1909 3704 2129 3758 univcro

546 3802 762 3860 Iitasin
790 3799 934 3854 Filio
965 3799 1058 3853 Dei
1086 3799 1362 3870 unigenito
1394 3797 1570 3863 facta,
1606 3795 1822 3852 condita
1852 3815 1877 3846 -ι
1911 3795 2130 3850 dicitur.

619 3891 682 3947 II.
733 3891 872 3946 Tum
923 3889 1276 3946 Scltlueterus
1328 3889 1404 3960 (p.
1456 3887 1600 3958 XIX)
1638 3887 1714 3942 ita
1767 3886 1880 3942 fere
1911 3886 2131 3958 pergit:

549 4003 572 4038 ι
610 3984 666 4040 Si
698 3997 828 4040 vero
856 3982 1088 4054 Erigena
1115 3981 1235 4036 aliis
1267 3981 1406 4036 locis
1437 3979 1544 4052 (III,
1569 3979 1640 4034 20
1688 3977 1868 4049 seqq.)
1911 3987 2136 4033 conten-

546 4076 661 4132 dit:
693 4095 712 4129 ι
748 4074 921 4130 Deum
945 4072 1120 4128 creari
1148 4072 1200 4125 in
1219 4071 1494 4136 omnibus,
1522 4087 1540 4120 ι
1579 4069 1734 4124 sive:
1765 4088 1784 4121 ι
1821 4069 1991 4122 Deum
2013 4081 2136 4122 esse

543 4167 602 4224 in
625 4181 710 4233 se,
741 4165 862 4221 ﬁeri
894 4165 950 4220 in
968 4162 1260 4229 creaturis,
1301 4180 1321 4213 ι
1355 4161 1524 4228 idem,
1570 4167 1632 4215 ut
1656 4159 1812 4215 multi
1856 4157 1947 4213 alii
1988 4155 2135 4212 iece-

544 4269 696 4326 runt,
754 4257 1044 4316 lectionem
1102 4264 1312 4311 tantum
1368 4254 1512 4311 illam
1562 4254 1706 4323 apud
1751 4251 1820 4307 S.
1867 4251 2134 4306 Joannem

542 4350 797 4422 Evangel.
835 4349 882 4415 I,
929 4347 1046 4402 5-4
1085 4364 1098 4400 :
1138 4366 1166 4398 1
1201 4345 1576 4414 Quodcunque
1603 4343 1810 4398 factum
1836 4343 1985 4396 enim
2030 4349 2134 4404 est,

545 4443 599 4498 in
625 4443 745 4513 ipso
784 4441 896 4496 vita
923 4447 1066 4496 erat.
1122 4438 1194 4492 Et
1236 4438 1347 4491 vita
1376 4444 1635 4489 erat......
1675 4453 1697 4486 ι
1749 4433 2014 4500 sequitur.
2065 4432 2137 4486 At

544 4546 678 4588 sane
725 4529 985 4598 iniustum
1034 4526 1196 4590 foret,
1229 4533 1452 4593 propter
1481 4523 1619 4578 haec
1654 4522 1817 4576 verba
1847 4521 2134 4592 Erigenam

545 4619 876 4690 pantheismi
905 4630 1166 4672 accusare
1192 4617 1206 4668 !
1233 4614 1424 4668 Nonne
1453 4614 1616 4668 etiam
1643 4613 1841 4682 pictor,
1864 4615 1959 4683 qui
1990 4615 2134 4686 regis

550 4708 844 4777 imaginem
881 4705 1076 4774 pingit,
1129 4702 1412 4773 quaerenti
1441 4702 1571 4771 quid
1600 4701 1786 4767 faciat,
1820 4704 2132 4774 respondet,

548 4797 611 4853 ﬁt
640 4797 818 4863 rex)?

620 4888 748 4943 Post
777 4886 1030 4942 nonnulla
1051 4901 1118 4942 ex
1141 4885 1199 4942 S.
1231 4885 1538 4956 Augustino
1554 4893 1610 4940 et
1629 4900 1697 4942 ex
1718 4886 1784 4941 A.
1817 4886 2134 4944 Guenthero

550 4979 608 5035 in
631 4977 1026 5033 alienissimum
1072 4977 1176 5033 sibi
1228 4977 1405 5032 locum
1445 4977 1744 5048 compulsa,
1784 4977 2138 5034 Schlueterus

549 5068 625 5140 (p.
653 5067 774 5141 XX)
811 5068 949 5124 haec
1002 5068 1201 5123 habet:
1235 5085 1255 5120 ς
1288 5068 1406 5140 Age
1449 5083 1599 5140 ergo,
1664 5069 1829 5124 etiam
1872 5069 2137 5140 Erigenae

550 5158 923 5230 indulgeamus
950 5159 1191 5216 dicenti:
1222 5177 1241 5210 ‹
1272 5157 1417 5214 Deus
1445 5170 1531 5214 est
1553 5160 1606 5214 in
1657 5173 1737 5223 se,
1779 5157 1841 5212 lit
1880 5159 1938 5212 .in
1981 5172 2136 5214 crea-

458 5239 461 5243 ’
550 5252 686 5308 turis
709 5270 756 5317 ι,
785 5265 952 5321 quum
978 5258 1198 5321 propter
1228 5247 1511 5304 Paulinum
1539 5247 1668 5304 illud
1696 5265 1710 5302 :
1745 5267 1764 5298 ‹
1801 5249 1892 5316 qui
1927 5255 2013 5303 est
2037 5261 2136 5317 per

549 5343 731 5402 omnia
761 5350 817 5398 et
847 5343 902 5397 in
943 5341 1198 5397 omnibus
1225 5359 1277 5406 ι,
1313 5340 1542 5397 alterum
1581 5339 1825 5409 ejusdem
1854 5338 2092 5408 Apostoli
2117 5355 2131 5392 :

557 5451 576 5482 ι
613 5433 707 5502 qui
734 5441 821 5488 est
847 5449 1011 5503 supra
1035 5432 1239 5497 omnia,
1267 5445 1537 5500 nusquam
1567 5429 1865 5500 neglexerit
1890 5448 1934 5480 ι.
1962 5429 2136 5494 Quam

624 5567 701 5636 (α)
728 5563 840 5621 IIoc
877 5568 992 5623 loco
1019 5585 1123 5624 non
1169 5571 1284 5636 ipsa
1331 5565 1638 5630 Scblueteri
1688 5565 1848 5620 verba
1876 5563 2136 5636 allegavi-

557 5635 701 5708 mus,
728 5636 821 5708 sed
851 5637 936 5691 illa
970 5638 1081 5693 fere
1103 5635 1456 5706 scripsimus,
1483 5635 1766 5708 quacjpsc
1803 5635 1928 5708 suis
1957 5635 2139 5708 verbis

555 5721 622 5762 ex
660 5705 922 5777 Erigenac
966 5715 1280 5778 argumento
1325 5705 1564 5776 protulit.
1618 5705 2024 5789 tecum-illum
2074 5705 2138 5760 de

2243 1901 2438 1958 Scottis
2465 1901 2531 1973 ['I,
2567 1901 2656 1970 l7)
2683 1903 2778 1966 ait,
2823 1903 2879 1957 in
2929 1903 3092 1959 rebus
3139 1905 3372 1959 conditis
3410 1907 3820 1979 dignoscantur)

2245 2007 2264 2042 ο
2295 1991 2348 2046 in
2378 1991 2545 2046 Deum
2566 2007 2726 2062 posse
2744 1992 2941 2046 cadere
2967 2011 2986 2044 ι
3009 1991 3106 2061 (a.).
3137 1990 3172 2046 b
3197 2010 3216 2044 α
3247 1991 3550 2049 Humanam
3577 1996 3820 2052 volunta-

2240 2090 2347 2137 tem
2375 2098 2494 2138 esse
2519 2083 2744 2138 liberam
2771 2083 2836 2137 ad
2882 2082 3186 2154 eligendum
3218 2083 3304 2138 vel
3346 2085 3545 2140 bonum
3595 2089 3677 2142 vel
3703 2104 3823 2142 ma-

2239 2172 2370 2239 lum,
2411 2184 2467 2230 et
2495 2188 2669 2244 gaius
2702 2175 3000 2228 humanum
3031 2174 3084 2227 in
3134 2173 3342 2228 Adamo
3387 2179 3816 2243 praevaricatum

2238 2266 2508 2335 mortique
2531 2266 2824 2320 obnoxium
2868 2264 3100 2327 factum,
3129 2265 3181 2318 in
3210 2265 3431 2326 Christo
3459 2276 3512 2322 et
3541 2282 3636 2337 per
3659 2267 3815 2322 Chri-

2237 2368 2377 2414 stum
2408 2359 2672 2414 salvatum
2703 2373 2823 2414 esse
2855 2365 2911 2412 et
2936 2358 3082 2412 vitae
3107 2366 3363 2413 aeternae
3391 2359 3652 2414 redditum
3687 2380 3734 2416 ι.
3757 2360 3814 2431 e)

2242 2469 2260 2500 ι
2295 2448 2617 2520 Superbiam
2641 2448 2899 2514 Luciferi,
2929 2449 3020 2517 qui
3065 2463 3161 2503 sua
3189 2450 3388 2505 virtute
3412 2451 3555 2507 Dens
3583 2467 3702 2509 esse
3723 2468 3820 2508 cu-

2237 2543 2442 2610 piisset,
2463 2542 2780 2598 detestabile
2798 2543 3005 2598 crimen
3031 2541 3195 2597 fuisse
3215 2561 3259 2596 ι.
3277 2542 3332 2612 d)
3360 2562 3378 2594 ι
3402 2543 3571 2598 Deum
3586 2545 3819 2611 edicere,

2237 2642 2295 2687 ut
2315 2632 2481 2686 multa
2503 2640 2656 2687 extra
2673 2646 3017 2687 communem
3036 2639 3264 2688 naturae
3280 2633 3523 2687 ordinem
3544 2636 3821 2702 eveniant,

2235 2738 2343 2794 quo
2397 2723 2667 2789 ostendat,
2723 2735 2787 2777 se
2840 2722 3014 2776 solum
3069 2737 3189 2777 esse
3245 2721 3522 2776 Dominum
3555 2741 3603 2776 ι.
3654 2722 3821 2779 Hisce

2235 2813 2481 2884 quintum
2505 2814 2723 2867 additur
2745 2814 2848 2867 hoc
2875 2831 2929 2866 ει
2950 2811 3198 2877 Scotum,
3225 2813 3267 2866 si
3283 2811 3680 2882 pantlteismum
3700 2813 3819 2867 Iuc-

2236 2903 2307 2956 rit
2333 2911 2590 2967 sectatus,
2622 2903 2894 2957 notionem
2940 2902 3168 2956 classice
3195 2900 3551 2972 dogmaticam
3583 2899 3643 2954 S.
3676 2900 3818 2955 Ter-

2234 2995 2371 3049 narii
2407 3009 2513 3049 non
2557 2996 2797 3064 potuisse
2835 2993 3089 3050 omnibus
3117 2993 3254 3050 locis
3283 2993 3517 3048 retinere
3563 3003 3821 3063 recteque

2233 3085 2505 3155 explicare
2531 3105 2576 3138 ι.

2155 3149 2202 3214 C
2302 3149 2580 3230 Ilabemus
2629 3172 2794 3243 igitur
2819 3183 3014 3228 cuncta
3047 3172 3134 3229 illa
3188 3180 3529 3244 argumenta,
3584 3186 3815 3242 quorum

2235 3265 2474 3334 pondere
2528 3263 2883 3320 Scltlueterus
2926 3280 3032 3319 non
3081 3265 3253 3319 solum
3299 3264 3666 3330 Goerresium,
3723 3264 3815 3318 sed

2236 3369 2342 3408 una
2386 3369 2508 3408 cum
2551 3352 2842 3410 Goerresio
2896 3354 3070 3424 (cf.p.
3095 3354 3236 3425 XIV)
3280 3356 3467 3420 etiam,
3510 3356 3814 3424 quicunque

2237 3459 2476 3512 unquam
2531 3443 2754 3499 Scotum
2803 3445 3130 3514 pantheismi
3179 3454 3521 3512 accusarunt.
3563 3446 3814 3502 satissat-

2236 3550 2439 3605 perque
2464 3535 2570 3591 sibi
2598 3536 2919 3605 repressisse
2936 3536 3085 3590 visus
3100 3543 3209 3590 ost.
3253 3523 3271 3544 ““

2970 3665 2998 3737 §
3035 3662 3123 3721 ts.

2309 3805 2419 3861 Nos
2444 3814 2624 3861 autem
2647 3805 2784 3861 haec
2812 3812 3127 3876 argumenta
3170 3810 3278 3857 tam
3305 3801 3590 3873 diligenter
3610 3797 3814 3856 descri‘

2236 3897 2447 3968 psimus
2481 3935 2498 3961 ,
2552 3911 2659 3950 non
2711 3909 2816 3964 quo
2873 3893 3103 3949 multum
3139 3893 3205 3947 iis
3261 3892 3486 3947 velimus
3533 3892 3812 3952 tribuere.

2240 3987 2292 4041 id
2342 3984 2485 4056 quod
2539 3981 2800 4052 profecto,
2848 3998 3012 4052 quum
3065 3990 3173 4036 tota
3222 3980 3486 4050 Erigenae
3532 3978 3814 4046 disciplina

2230 4077 2348 4147 jam
2402 4075 2715 4131 accuratius
2761 4089 2795 4130 a
2845 4073 3004 4130 nobis
3050 4073 3316 4142 explicata
3360 4071 3545 4137 fuerit,
3595 4083 3817 4125 necesse

2239 4184 2346 4224 non
2399 4176 2484 4224 est
2515 4206 2531 4232 ,
2582 4166 2678 4222 sed
2742 4179 2810 4220 ne
2874 4165 2998 4235 quis
3039 4163 3384 4235 arrogantiae
3429 4177 3530 4218 nos
3575 4169 3813 4225 accuset,

2237 4275 2325 4326 ea,
2351 4259 2550 4330 quibus
2579 4255 2787 4329 aliquid
2813 4256 3104 4322 tribuatur,
3139 4255 3229 4310 vix
3253 4253 3417 4324 digna
3450 4267 3572 4309 esse
3595 4259 3813 4310 conten-

2239 4350 2448 4408 dentes.

2310 4441 2351 4495 I.
2405 4441 2744 4512 Quantopere
2776 4437 2940 4510 igitur
2984 4436 3038 4508 (ᾗ
3087 4437 3183 4506 44)
3221 4433 3491 4492 Goerresii
3541 4431 3816 4487 accusatio

2239 4532 2532 4600 depravata
2555 4541 2640 4586 est
2660 4539 2824 4600 atque
2852 4529 3101 4584 mutilata
3128 4529 3142 4582 ι
3186 4525 3237 4582 Is
3260 4526 3403 4581 enim
3432 4523 3564 4577 satis
3599 4527 3810 4588 aperte,

2239 4622 2330 4692 qui
2357 4620 2429 4676 sit
2453 4620 2544 4676 ille
2567 4619 2969 4690 pantheismus,
2993 4618 3048 4672 in
3076 4631 3238 4688 quem
3257 4613 3530 4672 incidisset
3553 4609 3810 4678 Erigena.

2237 4709 2638 4774 declaraverat,
2667 4723 2832 4778 quam
2875 4707 2950 4762 ita
2991 4706 3220 4772 diceret,
3250 4724 3269 4758 ι
3303 4701 3642 4772 Areopagitae
3662 4697 3813 4754 idea:

2235 4803 2576 4859 evolventem
2628 4814 2752 4854 eum
2813 4800 2865 4853 in
2916 4797 3244 4868 pantheismi
3289 4792 3587 4866 periculum
3630 4790 3816 4846 incur-

2238 4892 2378 4947 risse
2398 4910 2442 4945 ι.
2475 4890 2652 4961 Atque
2678 4889 2782 4945 hoc
2806 4892 3001 4959 ipsum,
3031 4888 3159 4943 licet
3185 4888 3238 4942 in
3280 4887 3384 4942 hac
3412 4898 3577 4940 causa
3620 4879 3816 4950 dijudi-

2240 4983 2436 5049 canda,
2466 4991 2526 5037 ut
2548 4981 2601 5052 (ᾗ
2647 4979 2739 5034 9.9..
2779 4978 2808 5050 ᾗ
2838 4979 2990 5034 40-
3013 4978 3042 5050 ς
3064 4977 3158 5047 45)
3203 4975 3336 5032 satis
3359 4975 3582 5043 copiose
3599 4971 3816 5028 demon-

2239 5074 2551 5141 stravimus,
2577 5073 2732 5142 longe
2757 5069 2988 5126 maximi
3029 5068 3101 5124 sit
3146 5065 3430 5130 momenti,
3462 5061 3815 5117 Scltlueterus

2238 5167 2494 5238 neglexit.
2520 5165 2704 5234 Neque
2730 5162 2878 5217 illam
2905 5159 3182 5231 iniuriam,
3210 5157 3322 5214 sive
3347 5168 3453 5225 quo
3475 5153 3583 5208 alio
3595 5157 3817 5207 nomine

2238 5272 2353 5312 rem
2394 5255 2653 5326 appelles,
2705 5252 2923 5321 impune
2957 5247 3158 5311 tulerit,
3204 5253 3492 5316 propterea
3539 5241 3684 5310 quod
3713 5239 3822 5294 hac

2238 5364 2317 5410 re,
2344 5348 2647 5416 opinamur,
2693 5342 2893 5396 factum
2944 5346 3045 5402 est,
3098 5345 3158 5392 ut
3188 5335 3490 5391 doctrinam
3537 5327 3815 5416 Erigeniaf

2236 5413 2403 5501 nam,
2459 5431 2803 5504 pantbeismo
2853 5427 3068 5498 penitus
3124 5425 3381 5481 inlectam
3412 5461 3427 5488 ,
3489 5413 3814 5490 pantlieismi

2237 5568 2345 5646 div.
2371 5563 2492 5619 Nat.
2511 5562 2580 5646 Il,
2606 5565 2630 5616 l
2657 5561 3120 5634 praetermisimus
3147 5576 3158 5614 :
3183 5568 3306 5614 eum
3342 5554 3487 5612 enim
3509 5565 3671 5624 supra
3697 5547 3725 5620 ᾗ
3747 5543 3819 5600 42

2231 5639 2343 5711 jam
2373 5639 2664 5708 posuimus.
