4152 6276
546 326 622 389 79
1698 332 1787 388 DE
1825 334 1875 390 Ι.
1917 330 2141 392 ποτε)

2249 333 2691 392 ιΜΜΕΝΤΑτιθι
3752 342 3831 403 θα

568 484 585 500 .
620 442 710 499 IV.
754 439 952 496 Malum
988 449 1194 509 autem
1238 454 1409 512 quum
1449 458 1627 513 neque
1678 455 1827 501 certa
1871 448 2136 515 quaedam
2168 460 2213 519 Α
2241 447 2402 503 tinem
2434 448 2717 502 insitarum
2746 441 2970 502 naturae
2997 443 3259 501 virtutum
3301 442 3635 517 operationis
3675 453 3827 511 defe-

547 530 855 590 substantia
882 532 973 597 sit,
1004 547 1182 603 neque
1223 553 1242 584 ι
1290 533 1541 589 accidens
1582 536 1831 590 naturale
1858 555 1905 602 ι,
1936 536 2135 593 Scottis

551 625 718 682 etiam
746 624 853 680 hoc
880 625 1157 681 contendit
1196 639 1219 679 :
1261 624 1491 682 Animus
1519 626 1734 683 divinus
1766 626 1969 682 nullum
2014 642 2133 683 ma-

550 714 700 780 lum,
729 712 937 772 nullam
976 715 1241 772 malitiam
1284 715 1453 772 novit.
1493 715 1683 772 Divina
1721 717 1867 773 enim
1908 719 2136 775 scientia

554 820 721 865 ausa
745 817 831 865 est
861 810 1213 865 esistentium
1245 809 1329 883 (τι)
1353 827 1367 864 :
1395 810 1644 881 ideoque,
1675 810 1936 882 quidquid
1966 811 2132 878 novit,

552 915 778 958 necesse
816 910 920 969 est,
958 902 1014 957 in
1062 910 1255 958 natura
1285 914 1469 959 rerum
1499 903 1825 974 fieri;un
1869 911 2049 961 autem
2079 903 2136 960 in

551 1000 743 1047 natura
768 1006 952 1048 rerum
974 1007 1079 1048 non
1101 993 1396 1059 invenitur,
1424 1004 1599 1063 neque
1622 994 1675 1050 in
1701 994 1882 1050 divina
1908 994 2137 1050 scientia

550 1082 783 1138 inveniri
822 1089 1019 1153 potest.
1060 1083 1204 1139 Deus
1249 1084 1432 1155 itaque
1478 1085 1653 1140 nescit
1696 1098 1885 1140 omnes
1922 1083 2138 1141 divinae
2184 1144 2189 1147 λ

550 1172 684 1246 legis
706 1175 1206 1245 praevaricatores:
1230 1175 1442 1231 illorum
1464 1176 1819 1243 substantias,
1847 1189 2138 1244 omneque,

550 1265 777 1334 quodin
804 1265 871 1321 iis
904 1263 1056 1327 fecit,
1094 1265 1347 1337 quodque
1374 1265 1431 1320 in
1475 1267 1593 1337 ipso
1622 1265 1898 1332 subsistit,
1942 1266 2137 1332 novit;

551 1356 698 1425 quod
737 1364 917 1410 autem
960 1355 1173 1411 illorum
1207 1355 1478 1426 perversis
1510 1354 1749 1413 motibus
1771 1363 1997 1413 naturae
2024 1370 2055 1410 a
2077 1370 2141 1412 se

552 1446 881 1500 substitutae
908 1446 1125 1512 accidit,
1156 1446 1378 1502 omnino
1415 1446 1648 1517 ignorat.
1680 1445 1772 1516 (ν,
1807 1447 1878 1501 27
1911 1445 1971 1519 [1,
2006 1447 2044 1501 ι.
2081 1461 2137 1515 p.

551 1535 706 1608 259].
733 1537 753 1607 )
788 1536 966 1607 Atque
987 1536 1131 1592 hanc
1156 1538 1324 1607 ipsam
1353 1550 1465 1592 rem
1499 1536 1693 1594 Scottis
1723 1535 1911 1592 iisdem
1942 1550 2139 1607 prope-

553 1627 776 1683 modum
820 1626 1003 1687 verbis
1047 1627 1263 1696 saepius
1304 1627 1463 1684 docet
1506 1626 1601 1695 (ef.
1641 1628 1705 1693 ll,
1732 1627 1836 1693 38;
1871 1628 2046 1699 ejusd.
2075 1626 2143 1683 da

556 1718 829 1787 praedest.
856 1733 973 1789 sup.
1002 1717 1134 1789 Cap.
1158 1718 1364 1784 lV,col.
1389 1718 1459 1775 27
1493 1728 1605 1774 not.
1631 1737 1658 1774 ι
1676 1721 1879 1791 seqq)
1905 1719 2023 1787 Quo
2044 1734 2142 1774 au»

2241 548 2384 603 ctus,
2409 538 2841 608 naturaliumque
2861 538 3223 610 potentiarum
3251 552 3351 609 per
3380 537 3656 596 fallentem
3684 543 3831 613 fudi.

2241 630 2508 688 cationem
2539 629 2592 685 in
2608 624 2766 683 aliud
2787 637 3003 699 praeter
3027 626 3190 682 finem
3217 627 3604 685 irrationabilis
3626 643 3826 695 motus.

2239 717 2427 775 Finem
2451 734 2580 775 vero
2601 718 2722 774 dico
2745 734 2955 784 eorum,
2978 728 3119 789 quae
3140 728 3288 785 sunt,
3312 734 3531 775 causam
3553 741 3572 773 ι
3593 722 3720 793 (hoc
3745 733 3832 782 est

2239 807 2406 873 Deus,
2433 818 2494 865 ut
2521 827 2546 860 ι»
2575 807 2694 864 fons
2718 808 2896 864 omnis
2925 822 3087 865 verae
3123 810 3393 865 essentiae
3424 829 3453 863 ι
3492 809 3605 883 [lV,
3650 808 3675 869 l
3700 832 3715 880 ;
3743 812 3828 885 fil,

2238 896 2353 970 η),
2382 919 2400 950 ι
2436 914 2601 969 quam
2624 898 2942 955 naturaliter
2964 907 3226 968 appetunt
3248 901 3434 955 omnia
3461 919 3481 952 ι
3511 931 3585 942 -
3612 920 3632 954 ε
3660 919 3828 975 quum

2239 986 2386 1043 nulla
2409 997 2658 1043 creatura
2695 988 2786 1053 sit,
2812 1001 2953 1057 quae
2989 986 3117 1042 velit
3154 988 3241 1044 vel
3268 996 3488 1057 appetat
3526 991 3663 1046 nihil
3683 1009 3828 1061 esse,

2241 1095 2343 1136 nec
2380 1078 2571 1151 fugiat,
2614 1093 2681 1135 ne
2714 1080 2767 1135 ei
2790 1079 3069 1148 contingat
3111 1094 3220 1135 non
3265 1093 3387 1136 esse
3423 1080 3499 1154 (ὁ)
3554 1102 3599 1137 ι.
3638 1085 3730 1157 (V,
3759 1085 3830 1142 96

2242 1170 2349 1245 [ed.
2385 1170 2488 1257 0x.
2529 1187 2582 1242 p.
2625 1170 2791 1243 256];
2828 1169 2891 1236 V,
2922 1170 3002 1241 '5.)

2314 1280 2422 1338 Sed
2449 1281 2587 1338 haec
2606 1282 2901 1338 hactenus:
2925 1297 3049 1337 nam
3077 1281 3211 1337 satis
3232 1279 3353 1337 fuse
3377 1282 3704 1353 explicatum
3722 1296 3829 1354 est,

2243 1385 2407 1442 quam
2461 1369 2657 1427 Scottis
2711 1370 2929 1441 proprie
2982 1369 3181 1425 habeat
3229 1370 3504 1425 notionem
3555 1372 3829 1441 malitiae;

2244 1464 2505 1534 itemque,
2535 1474 2803 1533 quatenus
2850 1456 3215 1517 estomalitiae
3258 1462 3541 1533 opposita,
3590 1463 3837 1522 virtutis.

2246 1553 2612 1612 Transeamus
2640 1554 2708 1609 ad
2739 1552 2969 1623 reliqua.

2316 1663 2377 1718 Β.
2418 1662 2460 1718 l.
2507 1679 2527 1713 ι
2565 1661 2770 1717 Malitia
2810 1660 3327 1717 consummationem
3372 1660 3627 1732 accipiet,
3673 1670 3730 1718 et
3773 1663 3829 1719 ia

2247 1754 2390 1810 nulla
2421 1767 2613 1811 natura
2654 1753 2972 1809 remanebit.
3016 1753 3096 1811 Ae
3132 1766 3232 1823 per
3264 1754 3369 1808 hoc
3414 1764 3608 1809 natura
3645 1763 3841 1811 nostra

557 1818 670 1916 ιειξι
692 1807 2144 1916 9’29?“°°°““‘“,E‘:‘R§°El‘“°F"8°':E"‘“°“ﬁni?”
2172 1827 2219 1887 ιι
2247 1807 3291 1916 ;.;;‘...aa.....s..t-....;,‘..d
3309 1807 3461 1898 an.
3478 1807 3841 1899 mima;

555 1906 686 1952 nata
714 1896 936 1967 sit,jam
963 1913 1127 1970 supra
1158 1899 1210 1970 (ς
1230 1898 1320 1971 15)
1343 1899 1724 1955 indicavimus.
1746 1898 1926 1966 Quare
1948 1896 2143 1955 Scelus

555 1995 744 2045 noster
766 2002 984 2059 parum,
1011 1997 1075 2044 ut
1098 1989 1446 2053 arbitramur,
1477 1989 1579 2045 sibi
1621 1996 2019 2044 consentaneus
2041 1988 2144 2043 fuit

552 2077 612 2132 in
650 2077 774 2142 hoc,
800 2078 943 2147 quod
982 2077 1256 2133 nonnullis
1290 2078 1446 2143 locis,
1470 2094 1611 2148 quae
1637 2093 1668 2132 a
1697 2078 1809 2133 Deo
1831 2078 1882 2132 in
1911 2077 2145 2132 homini-

556 2164 666 2221 bus
706 2165 850 2222 facta
898 2167 1211 2233 creduntur,
1257 2167 1554 2223 secundum
1598 2168 1864 2237 Erigenae
1908 2167 2146 2238 philoso-

551 2257 740 2328 phiam
784 2266 963 2313 autem
1017 2269 1236 2329 propter
1285 2266 1569 2328 peccatum
1606 2259 1766 2330 primi
1806 2258 2041 2315 hominis
2079 2258 2148 2314 iis

560 2347 833 2403 accidisse
855 2356 982 2404 sunt
1000 2348 1251 2414 dieeMa,
1278 2349 1399 2404 ideo
1425 2362 1455 2403 a
1478 2362 1690 2405 summo
1716 2349 1935 2403 numine
1966 2347 2148 2404 divino

553 2437 613 2491 in
659 2437 789 2507 ipsis
817 2435 958 2492 facta
988 2452 1111 2493 esse
1150 2436 1459 2500 affirmavit,
1488 2436 1630 2506 quod
1650 2478 1666 2502 ,
1695 2438 1814 2493 fore
1853 2446 1913 2492 ut
1940 2437 2149 2508 primm

556 2527 723 2582 homo
746 2535 1017 2597 peccaret,
1033 2528 1417 2598 praescivisset
1441 2528 1553 2599 (iV,
1580 2529 1648 2583 ii
1670 2526 1777 2601 [ed.
1801 2527 1902 2584 Ox.
1923 2526 2146 2599 p.195],

553 2621 630 2675 95
652 2619 811 2693 [ibid.
833 2635 890 2692 ιν.
919 2619 1085 2694 itii];
1109 2621 1180 2676 cf.
1203 2620 1268 2687 ll,
1308 2620 1420 2690 l3).
1447 2619 1661 2690 Neque,
1692 2618 1903 2685 hercle,
1933 2619 2150 2690 ignora-

552 2726 703 2775 mus,
730 2726 892 2782 quam
919 2710 1116 2767 Noster
1140 2711 1388 2768 manibus
1408 2711 1761 2783 pedibusque,
1792 2720 1855 2767 ut
1878 2710 2055 2777 aiunt,
2079 2723 2150 2765 ne

554 2799 729 2868 ipsius
770 2800 1109 2872 philosophia
1155 2801 1435 2857 doctrinae
1470 2800 1814 2857 Christianae
1866 2800 2147 2856 adversari

558 2887 831 2955 videatur,
865 2889 1067 2945 obnixe
1094 2890 1274 2946 facere
1310 2889 1696 2954 consueverit;
1737 2905 1843 2960 qua
1875 2891 1929 2946 in
1971 2904 2057 2954 re,
2089 2898 2149 2945 ut

553 2978 750 3034 alicubi
781 2979 1007 3035 alteram
1038 2980 1261 3036 alterius
1283 2981 1568 3036 commodo
1596 2980 1758 3036 nimis
1782 2979 2146 3036 circumcide-

554 3075 663 3130 ret,
696 3066 967 3132 faeiliime,
997 3068 1305 3136 opinamur,
1332 3067 1447 3123 ﬁeri
1476 3069 1670 3136 potuit.

2243 1939 2371 2011 (hoc
2394 1945 2480 1994 est
2499 1948 2648 1993 motu
2674 1936 2766 1992 illo
2790 1929 3070 2007 pdrverso,
3092 1934 3184 2004 qui
3213 1934 3284 1990 ad
3309 1951 3335 1985 ι
3370 1949 3623 1992 nou-esse
3651 1955 3673 1988 ι
3710 1945 3841 1991 tunc»

2243 2031 2349 2098 dit)
2373 2050 2391 2082 ι
2429 2032 2498 2086 ad
2524 2029 2723 2085 bonum
2752 2043 3037 2085 reversura
3062 2037 3148 2084 est
3173 2046 3219 2084 ι.

2324 2161 2341 2192 ι
2376 2140 2529 2196 Sicut
2551 2140 2696 2196 enim
2724 2140 2915 2194 umbra
2943 2146 3146 2204 terrae,
3172 2137 3573 2194 coarctantibus
3596 2153 3710 2193 eam
3734 2151 3827 2192 so-

2245 2232 2452 2286 laribus
2487 2230 2690 2295 radiis,
2721 2229 2937 2284 tandem
2975 2229 3193 2298 penitus
3238 2227 3426 2284 deficit
3453 2245 3469 2285 ε
3498 2229 3574 2284 sic
3600 2226 3825 2293 malitia,

2248 2337 2389 2394 quae
2414 2321 2576 2377 veluti
2604 2323 2872 2392 quaedam
2917 2319 3110 2375 umbra
3157 2318 3475 2375 delictorum
3515 2328 3827 2374 nostrorum

2249 2421 2493 2469 nostram
2516 2420 2745 2481 occupat
2765 2419 3037 2475 naturam,
3060 2410 3392 2464 abundantia
3413 2407 3839 2465 aeternaeboni-

2250 2506 2379 2560 tatis
2423 2503 2789 2559 coarctabitur
2832 2510 2888 2557 et
2931 2501 3152 2557 omnino
3179 2500 3516 2567 abolebitur,
3547 2502 3839 2574 dpmirra-

2251 2594 2538 2650 tionabiles
2578 2595 2790 2649 animae
2837 2593 3107 2648 humanae
3148 2600 3330 2649 motus
3379 2592 3447 2646 ad
3486 2589 3838 2647 rationabile;

2248 2685 2494 2741 veritatis
2517 2681 2742 2741 affectus
2773 2691 3158 2740 convertentur
3186 2702 3234 2738 ι.

2326 2816 2344 2849 ι
2374 2797 2498 2868 Ipso
2542 2795 2898 2852 irrationabili
2942 2804 3090 2850 motu
3115 2825 3186 2836 ——
3206 2824 3274 2835 --
3293 2793 3546 2850 bonitatis
3573 2794 3841 2865 amplitu-

2252 2886 2377 2943 dine
2403 2886 2815 2957 circumscripto
2842 2895 2899 2941 et
2925 2886 3143 2955 penitus
3187 2883 3467 2940 terminato
3488 2923 3502 2949 ,
3532 2883 3841 2938 rationabi-

2248 2977 2375 3035 liter
2398 2978 2693 3034 seeundum
2715 2977 2909 3034 insitas
2931 2976 3031 3047 ipsi
3052 2974 3326 3031 naturales
3347 2974 3577 3028 virtutes
3595 2974 3838 3028 humana
3956 3002 3967 3012 -

2251 3077 2444 3123 natura
2496 3067 2797 3122 movebitur
2844 3081 3060 3121 sursum
3104 3064 3307 3120 versus
3344 3072 3561 3127 erecta,
3616 3076 3836 3117 causam

634 3154 787 3221 Quod
811 3154 858 3208 si
880 3155 1025 3209 Deus
1054 3168 1244 3210 revera
1266 3154 1453 3209 omnia
1482 3162 1706 3222 peccata
1745 3161 1966 3223 putatur
1990 3155 2147 3226 igno-
2176 3171 2220 3234 (ς
2254 3174 2407 3213 suam
2435 3172 2651 3227 semper
2676 3166 2934 3227 appetens
2968 3176 3011 3209 ι.
3041 3155 3128 3226 (ν,
3172 3155 3243 3210 26
3286 3154 3396 3227 [ed.
3425 3154 3531 3211 Ox.
3568 3168 3624 3224 p.
3661 3146 3836 3208 25$—

555 3258 708 3308 rare,
731 3259 914 3300 nonne
938 3245 1102 3300 etiam
1133 3246 1342 3315 ipsane
1372 3259 1566 3301 curare
1594 3246 1809 3316 quidem
1839 3253 1925 3301 est
1954 3255 2150 3315 putan-

557 3333 697 3388 dus?
724 3331 862 3390 illnc
889 3334 1176 3390 conﬁcitur
1211 3348 1318 3389 non
1347 3334 1520 3389 solum
1540 3376 1555 3400 ,
1596 3345 1677 3399 ut,
1708 3335 1799 3405 qui
1825 3335 2093 3405 peccavit,
2116 3352 2149 3392 a

556 3424 673 3480 Deo
698 3438 803 3479 non
835 3425 1112 3493 puniatur,
1141 3424 1194 3479 id
1216 3425 1359 3493 quod
1398 3424 1595 3481 Scottis
1620 3426 1737 3497 ipse
1763 3434 1818 3482 et
1844 3426 1898 3483 in
1924 3426 2064 3483 libro
2084 3427 2151 3483 de

559 3514 838 3584 praedest.
870 3513 963 3586 (cf.
992 3530 1115 3584 sup.
1140 3513 1273 3585 Cap.
1302 3515 1392 3587 IV)
1423 3526 1478 3572 et
1514 3518 1571 3571 in
1613 3516 1767 3573 libris
1792 3518 1858 3574 de
1884 3516 2152 3575 divisione

556 3602 798 3659 Naturae
822 3602 913 3675 (cf.
941 3603 1036 3659 inf.
1060 3603 1090 3676 ς
1110 3604 1200 3671 59,
1232 3605 1292 3661 Β.
1320 3605 1411 3676 ιν)
1432 3606 1703 3675 expressis
1734 3606 1915 3664 verbis
1944 3607 2149 3674 docuit,

559 3709 752 3750 verum
780 3694 945 3750 etiam
974 3693 1204 3751 alterum
1232 3695 1377 3751 istud
1406 3695 1576 3751 multo
1602 3696 1796 3766 majus,
1841 3705 1936 3763 nt,
1968 3698 2012 3752 si
2043 3712 2152 3768 qua

561 3783 621 3839 in
665 3797 727 3839 re
767 3799 980 3841 morum
1027 3794 1319 3856 praecepta
1363 3794 1461 3841 aut
1504 3786 1676 3843 simus
1723 3786 2028 3858 migraturl,
2058 3795 2154 3843 aut

560 3870 997 3943 migraverimus,
1018 3887 1087 3928 ne
1111 3876 1163 3929 in
1191 3874 1352 3929 ullam
1384 3876 1600 3945 quidem
1627 3877 1824 3932 summi
1857 3877 2020 3939 illius.
2039 3893 2151 3948 quo

556 3975 661 4019 nos
686 3962 830 4020 Deus
855 3964 1265 4036 complectatur,
1298 3966 1502 4020 amoris
1523 3964 1903 4037 cogitationem
1931 3967 2147 4034 deduci,

557 4063 727 4125 atque
777 4055 881 4113 hac
927 4071 1010 4122 re,
1062 4072 1203 4126 quae
1252 4056 1502 4127 profecto
1539 4056 1789 4129 ingenuis
1841 4058 2151 4114 hominibus

559 4147 888 4202 acerrimum
933 4145 1212 4202 stimulum
1263 4148 1464 4204 addere
1512 4145 1692 4214 debet,
1751 4147 1820 4204 ab
1870 4148 2150 4204 erroribus

559 4235 764 4292 nostris
789 4236 1063 4306 possimus
1086 4236 1301 4293 abduci.
1336 4236 1446 4292 Nec
1490 4237 1631 4292 male
1659 4252 1856 4293 sanum
1895 4237 2113 4307 quidem
2131 4276 2147 4304 ,

556 4337 849 4399 propterea
898 4328 1041 4399 quod
1079 4337 1303 4398 paterna
1351 4329 1447 4386 Dei
1497 4330 1728 4385 caritate
1776 4330 2058 4400 indignum
2090 4344 2149 4385 se

535 4420 923 4488 praestiterit,
953 4433 1213 4489 peccasse
1229 4419 1509 4488 poenitere
1527 4427 1715 4487 queat.
1745 4418 1855 4472 Sed
1881 4433 2027 4483 mox,
2055 4434 2151 4475 ex-

2250 3246 2419 3319 eso];
2453 3247 2519 3311 v,
2545 3246 2613 3301 28
2640 3245 2792 3318 [ibid.
2822 3262 2873 3316 p.
2905 3243 3103 3316 264].)

2325 3335 2473 3391 Haec
2501 3352 2632 3391 vero
2659 3336 2808 3391 Scoti
2836 3338 2995 3391 verba
3012 3375 3027 3400 ,
3054 3343 3435 3405 praeterquam
3454 3335 3599 3405 quod
3620 3346 3833 3390 omnem

2253 3426 2477 3486 omnino
2522 3427 2783 3481 malitiam
2840 3425 3128 3495 aliquando
3178 3424 3546 3493 defecturam,
3599 3426 3702 3479 hoc
3727 3433 3834 3489 est,

2253 3530 2607 3587 quaecunque
2626 3513 2886 3585 perverse
2931 3525 3235 3582 moventur,
3268 3516 3483 3571 tandem
3514 3524 3660 3570 recte
3690 3525 3835 3570 mota

2251 3609 2320 3662 ad
2350 3607 2515 3662 Deum
2537 3618 2864 3676 perventura
2889 3623 3009 3664 esse
3037 3611 3393 3673 contendunt,
3413 3623 3479 3663 eo
3503 3610 3639 3677 ipso,
3671 3608 3837 3677 quod,

2251 3711 2607 3767 quaecunque
2634 3712 2888 3767 perverso
2915 3707 3063 3752 motu
3094 3697 3405 3767 indulgent,
3446 3697 3576 3752 solis
3603 3695 3836 3751 fortasse

2259 3804 2279 3837 ι
2312 3787 2663 3843 daemonibus
2692 3806 2741 3854 ι,
2769 3797 2831 3841 ut
2852 3788 2960 3842 alio
2983 3788 3215 3857 quodam
3244 3787 3363 3842 loco
3397 3786 3484 3857 (Υ,
3516 3786 3609 3857 5i)
3630 3785 3833 3856 reperi-

2251 3887 2362 3944 tur,
2393 3880 2658 3949 exceptis,
2698 3881 2767 3934 atl
2813 3890 3017 3935 rectum
3048 3879 3209 3935 finem
3256 3880 3495 3935 reditura
3539 3878 3831 3941 affirmant,

2251 3967 2593 4037 apertissime
2617 3976 2671 4021 et
2695 3968 2800 4022 hoc
2826 3968 3056 4031 docent,
3102 3967 3350 4022 homines
3392 3968 3555 4022 etiam
3605 3966 3835 4031 invitos,

2250 4058 2449 4115 nedum
2472 4072 2577 4112 non
2601 4057 2866 4122 volentes,
2891 4059 2956 4112 de
2977 4057 3350 4127 perversitatis
3379 4056 3593 4110 tramite
3616 4055 3837 4109 abactos

2250 4151 2318 4206 ad
2345 4163 2534 4205 verum
2559 4164 2715 4203 suum
2747 4151 2909 4203 linem
2943 4155 3189 4204 coactum
3218 4147 3306 4202 iri.
3338 4145 3453 4204 Hoc
3491 4156 3667 4202 autem
3705 4159 3837 4200 con-

2250 4252 2424 4302 cesso,
2457 4238 2579 4309 quis
2606 4237 2675 4299 jn
2721 4238 2954 4303 virtute,
2981 4251 3147 4306 quam
3195 4251 3487 4302 vocamus,
3533 4233 3833 4292 exercenda

2249 4328 2402 4384 locus
2429 4329 2753 4400 relinquitur
2772 4328 3042 4384 libertati?
3069 4328 3181 4384 Nec
3211 4337 3392 4384 tamen
3427 4327 3680 4399 Erigena,
3709 4326 3833 4397 qui-

2251 4416 2354 4472 bus
2389 4417 2479 4473 ille
2514 4418 2599 4474 liis
2641 4418 2693 4471 in
2743 4418 2906 4474 rebus
2932 4419 3180 4474 artificiis
3218 4417 3468 4482 excellit,
3495 4417 3748 4481 omnino,
3777 4422 3838 4467 ut

555 4510 735 4577 posito
754 4548 770 4574 ,
813 4524 954 4579 quae
982 4509 1178 4565 Scotus
1206 4510 1273 4563 de
1320 4517 1669 4577 peccatorum
1711 4509 1905 4577 poenis
1926 4510 2146 4577 sentiat,
2182 4504 2231 4566 D
2256 4510 2506 4578 videtur,
2531 4511 2599 4564 ad
2628 4510 2822 4566 incitas
2867 4523 3015 4566 esset
3061 4511 3329 4567 redactus.
3373 4510 3488 4577 Quo
3517 4524 3576 4564 se
3604 4506 3838 4562 fortasse

554 4598 710 4667 plura
737 4599 843 4654 hac
862 4599 928 4653 de
957 4613 1019 4652 re
1040 4598 1303 4654 dicemus.

632 4689 699 4744 V.
723 4689 1189 4756 Quemadmodum
1224 4689 1389 4761 igitur
1416 4688 1609 4747 Scottis
1636 4690 1694 4746 in
1719 4689 1861 4747 libro
1888 4692 1955 4750 de
1992 4707 2153 4763 prae-

558 4779 700 4837 dest.
732 4778 916 4836 docuit
947 4797 967 4830 ι
988 4793 1303 4851 perversum
1332 4779 1497 4835 istum
1524 4787 1753 4848 motum,
1775 4781 1922 4852 quod
1949 4797 2147 4853 pecca—

561 4882 679 4927 tum
733 4870 999 4942 appellet,
1050 4886 1118 4926 eo
1166 4872 1528 4938 contendere,
1577 4881 1669 4942 ut,
1699 4874 1897 4932 divinis
1925 4885 1982 4932 et
2022 4891 2152 4931 vere

559 4963 909 5021 manentibus
938 4963 1142 5021 relictis
1163 5005 1178 5029 ,
1213 4964 1351 5021 adeo
1376 4964 1445 5020 ad
1474 4966 1650 5035 ipsum
1684 4968 1912 5024 nihilum
1954 4983 2147 5039 perve-

568 5054 688 5110 niat
712 5073 762 5119 ι,
792 5054 874 5111 sic
909 5055 1077 5112 etiam
1104 5055 1159 5110 in
1186 5054 1343 5112 libris
1366 5056 1437 5113 de
1456 5056 1567 5112 div.
1594 5057 1832 5113 Naturae
1874 5058 2103 5114 habetur
2134 5076 2147 5112 :

572 5163 592 5195 ι
631 5142 829 5199 Malitia
860 5154 946 5201 est
973 5144 1186 5200 animae
1214 5143 1592 5202 intellectualis
1616 5146 1949 5203 naturalium
1983 5148 2149 5203 bono-

561 5250 683 5292 rum
708 5254 731 5289 ι
762 5236 890 5307 (hoc
907 5245 994 5294 est
1016 5251 1379 5307 rerum,quae
1402 5252 1530 5294 vere
1551 5238 1701 5313 sunt)
1737 5258 1755 5293 ι
1781 5239 1980 5297 oblivio
2004 5247 2062 5296 et
2084 5239 2155 5296 ad

654 5343 816 5418 a)t_3f.
848 5361 1012 5417 supra
1047 5345 1075 5418 ς
1101 5345 1190 5401 i5.

659 5415 831 5499 b)Est
861 5415 1176 5499 autem'hoc
1365 5417 1753 5499 attendendum
1796 5416 1865 5472 ad
1896 5432 1985 5499 ea,
2017 5431 2156 5499 quae

564 5482 653 5537 de
679 5482 859 5556 causis
902 5485 1339 5556 primordialibus
1382 5494 1546 5556 atque
1585 5486 1822 5556 ipsarum
1872 5482 2156 5545 effectibus

540 5556 694 5605 ‘sunt
716 5551 859 5605 dicta
891 5551 919 5606 ε’
939 5554 1061 5610 illae
1090 5570 1276 5610 veram
1308 5551 1550 5611 omnium
1578 5551 1760 5609 rerum
1792 5556 2154 5612 substantiam

565 5620 867 5695 continent,
894 5622 950 5677 bi
966 5662 981 5685 ,
1001 5624 1194 5695 siquis
1217 5640 1314 5681 eos
1346 5639 1444 5695 per
1464 5640 1526 5681 se
1549 5625 1995 5690 consideraverit,
2021 5627 2154 5681 nihil

562 5702 688 5744 esse
716 5690 987 5747 dicuntur.
1022 5690 1139 5761 Quo
1163 5695 1241 5761 fit,
1261 5690 1511 5766 ut,'quae
1537 5710 1604 5750 ex
1634 5696 1739 5751 illis
1758 5697 1912 5767 quasi
1946 5697 2155 5767 longius

2247 4610 2408 4674 pacto
2451 4601 2781 4671 expedierit,
2830 4600 2958 4656 licet
2999 4617 3175 4671 neque
3223 4604 3324 4658 hac
3372 4614 3431 4665 re
3477 4597 3837 4668 gravissimos

2249 4707 2467 4749 errores
2496 4689 2731 4762 eﬂugerc
2757 4701 2947 4763 queat,
2970 4694 3159 4763 paucis
3189 4690 3481 4762 interiectis
3509 4686 3835 4745 videbimus.

2252 4782 2359 4853 (cr.
2387 4782 2419 4854 ς
2447 4782 2537 4847 57,
2566 4782 2629 4835 B.
2666 4781 2752 4846 ιιι,
2786 4782 2865 4854 b.)

2321 4872 2384 4928 ll.
2415 4872 2591 4927 Finita
2613 4884 2793 4929 autem
2815 4874 2963 4929 omni
2986 4875 3189 4930 malitia
3212 4884 3376 4946 atque
3400 4873 3695 4945 impietate,
3717 4870 3841 4942 quis

2254 4963 2559 5018 remanebit
2579 4963 2751 5020 malus
2771 4973 2865 5019 aut
2888 4965 3118 5035 impius?
3133 4964 3257 5021 Sola
3279 4966 3424 5021 enim
3449 4964 3651 5019 malitia
3678 4972 3843 5032 atque

2257 5053 2538 5123 impietate
2582 5061 2709 5109 sunt
2751 5062 2807 5109 et
2843 5054 2970 5108 mali
3013 5063 3069 5109 et
3098 5054 3268 5124 impii.
3316 5053 3470 5120 Quod
3495 5054 3542 5108 si
3566 5052 3747 5110 omnia
3788 5051 3840 5106 in

2254 5146 2444 5211 Deum,
2493 5162 2653 5217 quem
2702 5147 2977 5217 peccando
3028 5145 3357 5209 deseruere,
3408 5153 3535 5200 sunt
3577 5144 3841 5205 reditura,

2254 5246 2433 5293 nonne
2461 5252 2798 5307 consequens
2822 5237 2950 5303 erit,
2996 5236 3198 5290 nullam
3245 5235 3539 5305 impiorum
3588 5248 3844 5305 poenam,

2261 5349 2428 5404 etiam
2458 5349 2714 5406 recedere
2756 5358 2919 5419 atque
2946 5348 3141 5404 borum
3169 5349 3346 5412 viam,
3376 5356 3435 5403 ut
3476 5347 3551 5401 ita
3580 5345 3842 5419 dicamus,

2263 5420 2472 5473 acriore
2487 5420 2665 5492 etiam
2695 5414 2877 5475 animo
2900 5419 3149 5487 persequi
3179 5419 3531 5492 contendunt,
3558 5414 3626 5469 ad
3646 5433 3680 5492 _¢
3712 5428 3846 5492 tion—

2262 5502 2438 5558 esse)
2479 5488 2791 5553 festinent:
2820 5484 2961 5558 quae
3001 5484 3223 5551 contra,
3269 5486 3472 5541 relictis
3511 5484 3693 5540 causis
3736 5484 3849 5558 pri:
3884 5542 3893 5550 ι

2262 5556 2612 5615 mordialilms
2656 5561 2722 5614 ad
2758 5550 2903 5627 ipsas
2946 5558 3126 5614 redire
3183 5550 3489 5623 maturant,
3536 5550 3751 5617 revera
3781 5550 3848 5605 ad

2267 5647 2286 5682 ι
2313 5642 2433 5685 esse
2466 5648 2485 5682 ι
2521 5640 2828 5700 properent.
