4152 6276
333 303 406 364 8!
1186 294 1274 354 DE
1311 296 1471 352 VITA
1506 298 1594 354 ΕΤ
1631 296 1973 356 ΡΚᾸΞΟΕΡΤ

2072 298 2124 355 1.
2160 299 2376 360 SCO'I’I.
2416 331 2486 344 -—
2526 297 2703 357 PARS
2737 297 2800 357 11.
3485 358 3488 362 ,
3541 304 3622 372 ,81

338 415 556 472 nullam
613 421 895 468 aeternam
943 410 1196 466 miseriae
1241 419 1470 466 mortem
1525 411 1938 466 remansuram?
1963 423 2013 483 Α
2035 412 2358 486 jungendas,
2402 423 2462 470 ut
2493 430 2656 485 quam
2685 411 2983 484 posteriore
3017 409 3137 467 loco
3169 413 3464 481 posuimus,
3491 431 3619 485 pro-

347 505 497 562 llinc
528 519 660 559 vero
688 517 927 560 summae
965 501 1214 556 oriuntur
1256 499 1615 556 dilﬁeultates.
1651 501 1750 555 Ubi
1795 501 1938 555 enim
2038 507 2156 579 prie
2194 508 2543 571 retineamus,
2568 505 2794 560 alteram
2827 505 2895 560 ad
2939 503 3080 558 hanc
3122 503 3440 560 referamus.
3475 506 3623 568 Haec

350 597 468 653 erit
501 594 815 665 supplicium
843 601 1148 655 aeternum,
1179 592 1238 646 in
1271 592 1414 661 quod
1441 592 1566 646 ituri
1599 600 1722 646 sunt
1752 593 1942 662 impii?

357 685 470 743 Ubi
514 685 614 739 erit
655 671 838 738 aestus
891 681 979 737 ille
1025 680 1365 736 ﬂammarum
1411 681 1550 752 ignis
1598 683 1839 747 aeterni,
1887 681 1942 736 in

355 791 516 848 quem
539 776 800 831 severitas
831 772 1122 843 iustissimi
1156 773 1356 841 judicis
1402 772 1572 827 malos
1599 780 1682 826 est
1710 773 1942 826 missura

358 867 540 922 dicens
566 884 581 922 :
611 885 630 918 ι
651 864 755 931 lte,
787 863 1084 931 maledicti,
1121 864 1175 918 in
1216 863 1396 933 ignem
1444 871 1726 917 aeternum
1753 863 1817 914 »2
1848 859 1941 934 (γ,

352 957 467 1028 27.)

425 1049 628 1103 Scotus
659 1048 806 1102 hanc
837 1062 952 1102 rem
983 1047 1060 1102 ita
1101 1043 1350 1110 coniicit,
1375 1052 1438 1098 ut
1466 1043 1536 1098 ad
1569 1042 1702 1098 duas
1734 1041 1947 1112 potissi-

2039 598 2185 652 enim
2213 605 2270 651 et
2290 596 2344 650 in
2368 596 2524 651 libris
2549 596 2617 650 de
2647 596 2806 650 divis.
2852 593 3094 648 Naturae
3141 594 3360 663 saepius
3384 579 3626 651 occurrit

2041 685 2138 758 (cf.
2168 684 2233 750 V,
2264 685 2380 756 29),
2407 693 2462 740 et
2481 685 2534 738 in
2558 685 2697 738 libro
2725 685 2791 739 de
2821 683 3090 753 praedest.
3116 683 3360 746 docetur,
3388 698 3624 738 nec-non

2045 779 2195 834 Seoti
2223 779 2523 834 sententiae
2561 778 2628 831 de
2665 785 2886 846 peccato
2919 776 3075 844 longe
3113 774 3308 828 melius
3351 782 3626 844 congruit,

2044 871 2330 941 quamilla.
2360 870 2463 938 Qui
2489 870 2670 932 abiis,
2698 885 2837 938 quae
2866 884 2989 922 vere
3011 868 3444 932 sannt,reeedens
3473 866 3539 921 ad
3561 884 3626 923 ea

2048 961 2234 1022 tendit,
2259 974 2398 1029 quae
2421 975 2523 1012 non
2538 967 2684 1021 sunt,
2702 969 2908 1026 peccat.
2925 958 3273 1026 Quem-igitur
3286 959 3411 1014 huic
3425 957 3629 1013 homini

2047 1048 2311 1108 dolorem,
2337 1047 2429 1115 qui
2477 1046 2699 1116 quidem
2727 1047 2823 1114 ipsi
2856 1046 3038 1100 utilior
3084 1047 3176 1110 sit,
3202 1046 3418 1121 inurere
3438 1061 3629 1114 queas,

355 1152 509 1192 mum
561 1139 918 1208 quaestiones
966 1136 1285 1205 respondeat
1323 1152 1342 1189 :
1373 1153 1391 1185 ‹
1421 1133 1575 1200 Quae
1617 1143 1778 1188 erunt
1820 1148 1948 1203 poe-
2046 1152 2208 1207 quam
2235 1138 2337 1190 sia
2357 1137 2763 1206 perversissimo
2786 1137 2892 1191 isto
2915 1145 3062 1190 motu
3087 1145 3233 1191 recte
3260 1151 3385 1190 eum
3413 1150 3478 1188 ac
3497 1135 3630 1189 sim-

361 1245 470 1285 nae
503 1230 564 1282 »ἳ
593 1247 612 1279 ι
642 1229 746 1295 Qui
766 1229 1057 1296 punientur
1084 1227 1148 1280 »2

440 1319 530 1373 111.
559 1321 636 1390 a.)
664 1318 813 1384 Quae
840 1327 1000 1372 erunt
1021 1316 1266 1388 poenae?

2049 1227 2262 1297 pliciter
2286 1226 2610 1298 prohibeas?

2119 1318 2234 1372 Nec
2284 1326 2463 1371 tamen
2509 1318 2659 1386 prior
2712 1316 2799 1370 illa
2849 1317 3116 1371 sententia
3147 1325 3233 1371 est
3267 1315 3635 1387 negligenda:

442 1428 465 1459 ι
493 1407 748 1461 Diversas
767 1404 1155 1476 suppliciorum
1185 1403 1390 1459 formas
1418 1417 1588 1472 neque
1621 1402 1673 1456 in
1704 1401 1822 1457 1060
1858 1415 1952 1456 ηε-
2050 1423 2288 1478 namque
2332 1408 2450 1462 solo
2489 1407 2634 1462 illius
2688 1407 2886 1461 auxilio
2931 1405 3127 1461 Scotus
3155 1407 3224 1460 ad
3278 1405 3634 1474 posteriorem

372 1512 481 1568 que
502 1497 556 1551 in
583 1506 821 1566 tempore
857 1495 967 1552 ullo
997 1509 1120 1551 esse
1147 1495 1441 1551 credimus.
1469 1495 1636 1549 Erunt
1663 1502 1871 1547 tantum
1898 1492 1952 1544 in
2054 1487 2313 1566 tuendam
2349 1495 2512 1550 valet.
2538 1495 2710 1563 Quam
2747 1512 2860 1550 rem
2877 1497 3066 1565 paucis
3086 1495 3410 1564 aperiemus.
3441 1493 3640 1564 lmpios

370 1589 634 1643 malarum
661 1589 995 1642 voluntatum
1019 1596 1074 1642 et
1095 1594 1477 1656 corruptarum
1495 1584 1955 1640 conscientiarum
2054 1592 2220 1661 igiwr
2248 1589 2489 1644 aeternis
2515 1589 2706 1657 poenis
2733 1587 2987 1642 an‘ectum
3019 1587 3085 1641 iri
3124 1587 3301 1642 docui.
3333 1584 3470 1640 Hinc
3516 1598 3640 1654 pos—

368 1679 606 1734 motibus
630 1677 927 1748 perversis,
957 1678 1122 1748 inque
1149 1690 1440 1748 perversae
1465 1675 1740 1745 potentiae
1783 1673 1956 1728 omni-

2056 1679 2254 1734 teriore
2277 1677 2364 1731 illa
2389 1677 2656 1732 sententia
2687 1677 3009 1740 constituta,
3033 1683 3223 1744 sponte
3241 1673 3496 1738 eflicitur,
3525 1669 3643 1727 fore

367 1771 528 1825 modo
553 1770 925 1835 subversione,
944 1771 1046 1825 hoc
1065 1779 1169 1834 est,
1194 1770 1250 1824 in
1270 1769 1541 1824 exstincta
1566 1767 1715 1822 omni
1736 1766 1954 1820 omnino
1986 1766 2030 1824 B
2059 1770 2114 1825 in
2155 1777 2453 1830 aeternum,
2488 1769 2578 1837 qui
2625 1768 2693 1822 ad
2716 1783 2824 1831 res,
2850 1782 2989 1836 quae
3032 1783 3140 1820 non
3186 1780 3310 1820 esse
3362 1765 3643 1827 dicuntur,

367 1858 624 1913 facultate
670 1860 952 1929 peccandi,
1007 1857 1401 1922 malefaciendi,
1434 1857 1598 1926 impie
1633 1855 1844 1926 agendi.
1894 1883 1963 1892 —

369 1939 659 2006 Ubthidas
685 1951 932 2020 proditor
979 1949 1294 2020 torquetur?
1318 1980 1388 1988 —
1428 1947 1730 2018 Nusquam,
1758 1946 1862 2000 nisi
1907 1945 1962 1999 in

369 2043 568 2113 polluta
595 2058 692 2097 sua
724 2043 1091 2098 conscientia!
1119 2072 1191 2082 —
1225 2040 1450 2110 Qualem
1478 2055 1706 2111 poenam
1727 2037 1965 2109 patitur?

369 2130 557 2188 Seram
584 2133 970 2203 poenitentiam
1001 2141 1053 2186 et
1076 2131 1346 2196 inutilem,
1378 2146 1485 2200 qua
1521 2143 1741 2197 semper
1763 2127 1961 2180 uritur.

371 2221 836 2293 —-Unusquisque
863 2224 1026 2293 impie
1050 2222 1348 2278 viventium
1395 2221 1509 2291 ipsa
1540 2220 1796 2273 vitiorum
1837 2216 1966 2270 libi-

377 2312 520 2378 dine,
548 2328 655 2381 qna
700 2313 754 2366 in
798 2328 964 2367 carne
1005 2312 1227 2376 exarsit,
1272 2311 1424 2366 velut
1465 2310 1700 2379 quadam
1744 2308 1968 2361 ﬂamma

385 2399 806 2470 inexstinguihili
834 2401 1164 2468 torquebitur
1198 2419 1243 2453 ».
1271 2398 1365 2466 (V,
1391 2398 1510 2469 ‘29.)

455 2489 578 2545 Non
612 2501 738 2545 sunt
768 2491 931 2562 igitur
959 2490 1364 2545 malefactorum
1405 2504 1609 2560 poenae
1634 2487 1736 2544 nisi
1762 2488 1816 2542 in
1847 2501 1970 2556 per-

383 2597 542 2638 versa
594 2583 875 2637 voluntate
929 2592 1092 2650 atque
1143 2581 1198 2634 in
1250 2582 1491 2649 ipsorum
1533 2580 1672 2634 male
1701 2581 1966 2633 factorum

381 2675 735 2732 conscientia.
769 2674 924 2742 Quod
959 2673 1175 2738 Scotus,
1208 2682 1267 2727 ut
1306 2673 1360 2726 in
1402 2671 1542 2727 libro
1573 2672 1640 2726 de
1675 2671 1968 2740 praedesti-

381 2769 626 2835 natione,
647 2769 723 2822 ita
773 2776 830 2823 et
879 2768 937 2822 in
982 2766 1134 2822 libris
1152 2766 1232 2834 _de
1268 2765 1380 2820 div.
1422 2763 1658 2818 Naturae
1691 2763 1972 2834 diligenter

383 2862 576 2916 tenuit.
607 2859 748 2914 [line
791 2857 996 2913 factum
1034 2865 1140 2920 est,
1170 2864 1250 2920 ut,
1285 2856 1380 2925 qui
1419 2862 1637 2910 aeterna
1682 2853 1969 2921 impiorum

325 3007 332 3011 ,
386 2952 670 3006 hominum
698 2949 961 3020 supplicia
986 2964 1016 3001 a
1042 2946 1208 3002 Seoto
1247 2955 1434 3001 nostro
1488 2944 1700 3014 penitus
1751 2941 1966 3011 explodi

392 3040 752 3104 allirmarent,
782 3039 1087 3094 exstiterint
1133 3036 1466 3108 perplurimi.
1498 3035 1569 3090 At
1598 3034 1794 3088 Scotus
1829 3031 1965 3086 nihil

2061 1859 2339 1922 festinent,
2374 1869 2536 1928 atque
2558 1860 2626 1913 ab
2653 1859 2755 1913 hoc
2777 1873 3046 1927 perverso
3059 1867 3203 1911 motu
3223 1856 3385 1926 quasi
3408 1856 3643 1910 violenta

2063 1965 2227 2004 manu
2258 1951 2618 2005 retineantur.
2647 1949 2825 2004 Hasce
2853 1959 3032 2003 autem
3064 1963 3168 2012 res,
3199 1957 3259 2002 ut
3282 1945 3420 2001 infra
3443 1945 3648 2001 videbi-

2063 2057 2206 2107 mus,
2232 2041 2462 2112 Erigena
2518 2050 2776 2110 perpetuo
2830 2055 3114 2094 mansuras
3160 2055 3280 2095 esse
3315 2046 3492 2109 negat,
3523 2053 3646 2093 nam

2064 2138 2186 2202 post
2220 2149 2238 2180 ι
2277 2129 2436 2200 hujus
2476 2130 2640 2185 seculi
2679 2149 2727 2192 ».
2771 2138 2830 2184 ιιι
2874 2131 2970 2194 ait,
3009 2148 3026 2180 ι
3059 2129 3584 2184 consummationem
3623 2146 3642 2178 »

2067 2237 2172 2276 non
2202 2221 2434 2290 amplius
2462 2231 2638 2276 erunt.
2671 2220 2808 2287 Quid
2841 2221 3002 2275 inde?
3029 2220 3366 2289 Simulatque
3402 2219 3525 2273 illae
3553 2233 3647 2273 res

2066 2328 2383 2377 evanuere,
2421 2328 2577 2367 nemo
2638 2321 2785 2367 certe
2849 2313 3089 2382 impius,
3145 2312 3236 2381 qui
3297 2309 3528 2379 amplius
3583 2310 3652 2363 ad

2067 2419 2162 2458 eas
2187 2412 2441 2473 pr0peret
2480 2411 2571 2458 aut
2599 2403 2666 2456 ab
2713 2403 2778 2456 iis
2807 2403 3079 2471 prohiberi
3108 2401 3300 2470 possit,
3322 2398 3648 2469 reperietur.

2068 2492 2280 2549 Poenae
2311 2493 2474 2563 igitur
2501 2492 2831 2548 cessabunt?
2875 2491 3026 2546 lianc
3071 2489 3448 2546 difﬁcultatem
3502 2489 3652 2559 prior

2070 2583 2346 2641 sententia
2369 2583 2541 2637 tollit!

2140 2675 2318 2742 Atque
2360 2680 2443 2726 est
2489 2679 2792 2741 praeterea,
2821 2672 2914 2726 ubi
2973 2670 3176 2726 Scotus
3225 2667 3297 2724 ita
3351 2669 3653 2738 scripserit,

2069 2765 2223 2834 quasi
2254 2762 2368 2816 sola
2395 2777 2576 2815 rerum
2599 2763 2902 2816 divinarum
2935 2761 3234 2830 ignorantia
3256 2769 3418 2829 atque
3441 2758 3654 2814 inscitia

2072 2857 2265 2925 impios
2299 2854 2370 2908 sit
2401 2854 2711 2907 cruciatura
2738 2851 2834 2922 (V,
2857 2853 2920 2905 5t
2951 2851 3061 2921 [ed.
3096 2849 3198 2902 0x.
3228 2866 3282 2918 p.
3321 2847 3506 2919 270D.
3547 2846 3660 2902 lloe

2071 2955 2222 3001 certe
2244 2943 2495 2997 omnibus
2519 2941 2902 3010 propemodum
2924 2937 3056 2993 locis
3075 2938 3288 3006 legitur,
3321 2951 3460 3006 quae
3488 2951 3574 2991 res
3601 2944 3658 2989 et

2075 3035 2400 3106 Hegelianae
2427 3032 2621 3087 rationi
2646 3031 3041 3102 quodammodo
3079 3029 3331 3086 convenit
3367 3030 3464 3098 (α),
3489 3028 3659 3082 bono-

394 3131 541 3185 aliud
582 3129 829 3201 negavit,
868 3129 971 3184 nisi
1008 3129 1058 3183 id
1096 3099 1251 3196 quod.
1269 3127 1359 3197 qui
1393 3133 1537 3181 recte
1576 3125 1820 3180 sentiunt
1851 3138 1968 3177 om-
1997 3099 2043 3160 Ο
2080 3099 2200 3182 τιιῶ
2227 3127 2507 3180 hominum
2530 3099 2770 3195 praemia
2798 3125 2933 3179 ineo
2957 3139 3076 3179 esse
3108 3121 3306 3193 posita,
3338 3121 3479 3190 quod
3513 3139 3531 3171 ι
3569 3135 3662 3175 ve-

388 3235 489 3276 lles
524 3229 756 3290 negant,
778 3226 985 3274 certum
1013 3218 1295 3287 quemdam
1326 3226 1417 3270 aut
1440 3229 1568 3269 vero
1607 3216 1728 3285 igne
1758 3212 1974 3282 plenum

385 3313 610 3366 istorum
635 3311 1018 3381 suppliciorum
1042 3309 1220 3365 locum
1238 3323 1380 3363 esse.
1404 3306 1511 3378 (Cf.
1535 3306 1602 3372 ν,
1623 3305 1738 3374 57.)
1764 3307 1796 3341 δ*

451 3405 573 3462 iam
602 3419 731 3460 vero
760 3405 828 3458 de
856 3403 972 3473 ipsa
997 3417 1292 3472 poenarum
1319 3410 1512 3455 natura
1528 3413 1595 3454 ac
1621 3399 1831 3452 ratione
1856 3395 1976 3450 aliis

381 3495 706 3568 quihusdam
733 3495 867 3550 locis
897 3494 1063 3549 multo
1081 3492 1389 3548 accuratius
1415 3491 1680 3560 scriptum
1705 3497 1808 3543 est.
1828 3489 1978 3542 Duae

384 3598 563 3643 autem
586 3587 813 3658 proponi
842 3585 1403 3640 videntursententiae
1435 3601 1450 3639 :
1482 3597 1622 3654 quae
1651 3591 1830 3637 tamen
1855 3594 1977 3650 per-

384 3678 542 3736 facile
568 3680 711 3733 inter
739 3693 799 3734 se
826 3677 1205 3732 conciliantur.

458 3770 712 3825 Pluribus
747 3769 886 3824 locis
915 3767 1223 3838 huiusmodi
1252 3767 1418 3822 verba
1448 3763 1722 3820 habentur
1754 3779 1768 3815 :
1812 3779 1830 3811 ι
1869 3761 1976 3816 lm-

393 3863 470 3932 pii
503 3863 695 3918 inanes
721 3876 901 3916 rerum
930 3860 1266 3916 sensibilium
1296 3856 1560 3928 imagines
1580 3855 1849 3926 patientes
1883 3851 1977 3906 tle-

402 3954 537 4006 bunt
572 3971 614 4006 ».
664 3971 684 4005 ‹
728 3951 913 4022 impiis
967 3949 1274 4005 mortalium
1326 3962 1509 4002 rerum
1564 3957 1779 4015 semper
1820 3949 1982 3997 erunt

395 4046 712 4117 pbantasiae
735 4061 799 4099 ac
822 4045 1070 4099 diversae
1107 4041 1382 4110 falsaeque
1422 4037 1634 4109 species
1685 4035 1979 4090 secundum

394 4137 640 4193 diversos
699 4137 963 4190 malarum
1020 4148 1240 4190 suarum
1283 4130 1673 4202 cogitationum
1717 4134 1898 4181 motus
1931 4141 1978 4176 ».

397 4229 491 4301 (γ,
510 4229 627 4296 3|.)
1527 4276 1542 4287 .

475 4318 618 4373 Alibi
645 4330 820 4374 autem
845 4319 1069 4389 legimus
1089 4319 1228 4372 haec
1256 4335 1270 4371 :
1311 4335 1329 4367 ι
1366 4314 1481 4370 Hoc
1502 4321 1588 4368 est
1623 4319 1813 4370 totum,
1840 4309 1984 4378 quod

403 4408 629 4473 diciutr,
657 4408 849 4464 liberae
887 4425 952 4464 ac
993 4422 1281 4478 perversae
1305 4405 1599 4460 voluntatis
1636 4401 1978 4472 supplicium,
2013 4439 2060 4498 υ

399 4499 547 4567 quod
579 4499 806 4568 impetus
849 4498 966 4568 ejus
1005 4497 1325 4552 libidinosus
1347 4494 1686 4555 retinebitur,
1720 4506 1808 4555 ne,
1838 4488 1981 4557 quod

375 4589 591 4645 .illicite
612 4590 830 4660 appetit,
856 4589 1242 4659 apprehendat,
1276 4587 1379 4640 hoe
1404 4593 1511 4651 est,
1541 4586 1610 4638 ab
1637 4581 1837 4637 illicitis
1869 4579 1983 4634 suis

395 4679 638 4734 motibus
684 4678 1082 4748 prohibebitur,
1125 4691 1193 4731 ne
1222 4676 1289 4730 ad
1314 4673 1474 4730 linem
1510 4686 1641 4728 suae
1673 4667 1985 4738 cupiditatis

398 4771 569 4840 possit
590 4770 875 4839 pervenire
907 4788 954 4822 ι.
985 4767 1076 4839 (V,
1105 4769 1177 4823 56
1200 4766 1310 4838 [ed.
1342 4766 1443 4822 0x.
1477 4779 1530 4833 p.
1555 4761 1734 4833 282].)

470 4861 584 4918 llas
605 4862 767 4934 igitur
793 4861 1091 4918 sententias
1123 4861 1196 4914 ita
1235 4859 1564 4914 arbitramur
1594 4856 1737 4909 inter
1765 4866 1824 4908 se
1849 4865 1984 4908 con-

2080 3234 2174 3273 rae
2205 3217 2335 3288 ipsis
2361 3216 2574 3271 futurae
2593 3216 2704 3271 sint
2728 3213 3212 3286 contemplationes
3243 3233 3289 3278 ι,
3313 3211 3454 3282 quod
3485 3229 3503 3262 ι
3520 3225 3662 3266 ινθη

2081 3307 2175 3362 Dei
2204 3306 2654 3376 contemplatione
2679 3306 2787 3361 sint
2821 3305 3074 3377 gavisuri,
3109 3319 3276 3374 quum
3320 3302 3466 3372 impii
3512 3317 3660 3356 mor-

2080 3398 2264 3452 talium
2295 3413 2474 3452 rerum
2499 3397 2798 3466 phantasiis
2823 3405 3176 3465 torqueantur
3208 3415 3252 3450 ».
3284 3393 3379 3463 (V,
3409 3394 3468 3447 5|
3505 3393 3661 3465 Libid.

2079 3505 2132 3558 p.
2167 3487 2326 3559 270];
2364 3487 2428 3550 ν,
2458 3488 2572 3557 39.)
2602 3487 2765 3542 Libro
2789 3489 2963 3557 primo
2986 3488 3123 3557 (cap.
3159 3486 3213 3557 8)
3249 3485 3475 3556 legimus
3501 3486 3664 3540 etiam

2080 3579 2216 3634 haec
2245 3597 2257 3631 :
2293 3597 2311 3629 ε
2343 3578 2676 3633 Felicitatem
2700 3588 3010 3633 sanctorum
3039 3576 3168 3631 nihil
3189 3577 3336 3631 aliud
3365 3591 3483 3632 esse
3515 3582 3668 3646 puta-

2084 3687 2225 3734 mus,
2265 3681 2480 3740 praeter
2532 3672 2704 3740 ipsius
2743 3671 2956 3724 divinae
2984 3669 3252 3725 essentiae
3299 3683 3488 3738 puram
3536 3683 3666 3721 con-

2085 3763 2484 3833 templationem
2517 3772 2677 3831 atque
2707 3763 3073 3817 immediatam
3109 3781 3154 3816 ».

2153 3853 2279 3908 lllos
2305 3862 2484 3907 autem
2519 3853 2614 3922 qui
2644 3853 2698 3908 in
2743 3849 2944 3923 Hegelii
3001 3853 3161 3906 verba
3206 3849 3480 3918 iurarunt,
3511 3847 3671 3917 longe

2081 3943 2189 4000 alia
2218 3945 2444 4010 ratione,
2484 3960 2550 4000 ac
2571 3943 2850 4010 Nostrum,
2881 3943 2934 3996 in
2955 3942 3090 3998 istas
3114 3942 3398 4012 opiniones
3415 3939 3671 4053 glapsos

2085 4041 2322 4088 constat.

2157 4122 2449 4190 Postquam
2496 4123 2661 4192 igitur
2705 4121 3215 4186 demonstravimus,
3246 4116 3434 4186 quales
3465 4130 3674 4185 poenae

2087 4210 2197 4268 sint
2224 4208 2460 4273 futurae,
2489 4210 2558 4263 ad
2580 4208 2804 4263 alteram
2827 4209 3196 4278 quaestionem
3221 4205 3673 4276 progrediendum

2087 4308 2192 4356 est.

2158 4390 2238 4460 b.)
2269 4388 2368 4458 Qui
2391 4387 2502 4445 sint
2526 4386 2820 4459 puniendi?

2158 4480 2303 4536 Haec
2331 4479 2578 4552 quaestio
2599 4493 2739 4533 vana
2771 4476 3001 4533 fortasse
3043 4474 3311 4530 videatur.
3344 4474 3401 4531 Si
3443 4472 3534 4544 qui
3561 4471 3672 4530 sint

2087 4571 2370 4644 puniendi,
2405 4581 2555 4627 certe
2595 4569 2897 4638 puniendos
2933 4583 3056 4625 esse
3085 4566 3332 4623 homines
3362 4567 3574 4637 impios.
3604 4565 3676 4619 At

2085 4665 2226 4733 apud
2255 4663 2477 4719 Scotum
2509 4677 2595 4717 res
2614 4671 2700 4715 est
2713 4662 3003 4717 admodum
3018 4673 3232 4731 magna.
3261 4657 3466 4716 Scribit
3491 4657 3673 4714 enim:

2092 4776 2110 4806 ι
2127 4757 2272 4825 ipsos
2282 4756 2529 4811 homines
2543 4754 2862 4824 impios,hoc
2873 4764 2979 4820 est,
2994 4753 3278 4823 impiorum
3293 4753 3570 4808 hominum
3583 4764 3676 4803 na-

2093 4855 2292 4911 turam,
2310 4845 2689 4910 substantiam,
2711 4855 2898 4916 utpote
2921 4861 3060 4915 quae
3088 4846 3158 4899 ab
3181 4843 3297 4912 ipso
3309 4843 3423 4899 Deo
3437 4841 3677 4912 profecta

477 5000 555 5069 (α)
586 4997 670 5069 Cf.
699 4997 936 5069 Baltzctf.
967 4995 1210 5065 Beitrr‘ige
1240 5010 1334 5047 πυτ
1365 4991 1710 5059 l'ermittlung
1741 4987 1881 5041 ciues
1911 4978 2162 5049 richtigen
2193 4974 2419 5033 Urtheils
2447 4981 2572 5035 iiber
2609 4979 3018 5036 Katltolicisntus
3053 4978 3161 5032 und
3191 4975 3678 5035 Proteuantisntus.

402 5067 616 5126 FaScic.
644 5068 690 5134 l,
719 5085 772 5138 p.
794 5067 948 5122 9—H.

484 5205 516 5240 "
566 5203 778 5258 Poenas
799 5213 1039 5257 aeternas
1072 5201 1272 5258 Scotus
1302 5209 1485 5269 aperte
1505 5193 1866 5269 profiteturjn
1891 5207 1991 5269 ex-

413 5275 774 5345 positionibus
800 5272 1047 5345 caelestis
1062 5262 1398 5345 lcrarclriae,
1420 5262 1700 5345 Ca_p._\llll_,
1855 5263 1943 5345 ubi
1973 5279 1988 5319 :

415 5335 439 5396 ἱ
478 5345 593 5398 Non
623 5345 792 5405 enim,
825 5343 1020 5411 inquit,
1042 5342 1260 5396 divinae
1276 5335 1535 5411 bonitatis
1564 5335 1849 5411 i‘nellabilis
1886 5335 1998 5402 pie-

411 5421 499 5470 tas
531 5415 662 5468 sinit
685 5405 962 5475 naturain,
991 5427 1154 5481 quam
1185 5411 1266 5481 sui
1307 5407 1538 5481 similem
1567 5405 1718 5470 fecit,
1747 5415 1998 5481 aeterna-

2135 5191 2338 5248 itudine
2358 5187 2605 5245 detineri.
2627 5188 2877 5256 Alioquin
2898 5196 3181 5242 coaeterna
3204 5185 3309 5256 erit
3318 5182 3538 5256 miseria
3557 5179 3684 5256 bea-

2099 5245 2339 5331 Evl'lltlltli,
2363 5261 2564 5314 malitia
2599 5245 2856 5331 bonitati.
2885 5253 3330 5331 regnum_diaboli
3360 5264 3525 5331 regno
3567 5245 3680 5306 Dei.

2105 5323 2230 5400 Non
2252 5323 2425 5388 autem
2454 5332 2550 5384 hoc
2572 5329 2817 5392 dicimus,
2838 5323 2989 5400 quoii
3012 5323 3344 5400 nullayoena
3359 5323 3684 5400 sit‘aet‘erna,

2257 5386 2612 5468 unusquisque
2636 5414 2735 5452 sua
2771 5386 3094 5468 conscientia
3125 5386 3230 5468 sine
3278 5386 3683 5468 beatiﬁcabimr,

993 5457 1154 5562 ῖιῖεῖίίῖ
1171 5457 1668 5562 ,ῐδὲὶεῐιίἰξί.ίί’έίιὶξέῖίί
1683 5457 1775 5531 eui
1790 5457 2002 5562 έριηριιε
2102 5457 2648 5562 ἓεὶἓζάανηιιίιδίίιὲτέίτ
2671 5457 3425 5562 af'ticz'j'zt:.35f‘..t"{"at”?
3457 5459 3684 5562 2253.22:

415 5570 536 5606 eam
559 5553 784 5621 corrigi,
811 5562 872 5606 ut
892 5545 1104 5607 avidius
1132 5558 1188 5621 et
1211 5548 1486 5621 ardentius
1505 5547 1572 5621 ad
1592 5561 1745 5621 suam
1773 5545 2001 5621 dignita-
2104 5551 2242 5621 quod
2275 5545 2421 5621 nulla
2449 5545 2992 5621 nutumggff’fut’ffﬁ

1172 5561 1188 5604 ι
1211 5561 1486 5605 ardentius
1505 5561 1572 5602 au
1592 5561 1745 5600 suam
1773 5561 1822 5600 (11
1865 5561 2001 5622 ιιιιξι-
2104 5561 2242 5622 quod
2276 5561 2421 5597 nuua
2449 5561 2640 5618 "fuit":
2674 5561 2730 5612 τις
2756 5561 2863 5583 (μιν
2884 5561 3117 5606 plut-mm
3162 5561 3205 5578 --
3236 5561 3316 5583 υι.
3347 5561 3436 5595 ca,
3468 5561 3606 5613 l||l:l13
3632 5561 3683 5581 lu

1172 5620 1218 5675 is
1238 5617 1554 5678 iustissimis
1584 5561 2002 5671 eruditajlauo
2105 5624 2248 5678 hunc
2275 5619 2452 5672 Iocum
2479 5605 2606 5661 Ibzd.
2641 5597 3136 5655 annnadverttmus.
3217 5600 3486 5657 Μηίων.
3525 5599 3683 5654 ινιτ.

418 5693 685 5763 siquidem
707 5708 815 5750 non
843 5692 1112 5758 concedit,
1139 5691 1426 5762 imaginem
1452 5688 1543 5746 Dei
1569 5690 1618 5742 iu
1645 5695 1863 5741 aeterna
1893 5691 2004 5735 tur-

420 5633 528 5675 tem
555 5616 1067 5685 redea't,aerumnis
1105 5620 1218 5676 suis
1237 5617 1554 5686 iustissimis
1584 5616 1815 5671 erudita.

2104 5528 2242 5622 Enim
2276 5542 2421 5597 nulla
2449 5547 2640 5622 natura
2674 5534 2730 5612 in
2756 5532 2863 5622 uti?
2884 5531 3128 5622 punimur
3162 5547 3205 5578 ».
3226 5529 3316 5622 Pl.
3347 5544 3436 5595 ea,
3468 5543 3606 5622 mulae
3631 5528 3688 5581 ita
