4152 6276
481 280 554 349 ss
1322 264 1349 273 "
1468 263 1475 268 ’
1558 260 1565 269 ’
1623 276 1712 331 es
1748 273 1796 328 ι.
1840 268 2063 329 scoro
2099 266 2618 327 COMMENTATIO.

3675 228 3756 318 si

483 401 577 465 sit,
608 396 759 452 nullo
804 366 966 465 pacto
1018 404 1178 462 posse
1224 389 1409 462 puniri
1443 409 1488 444 ι.
1522 388 1609 459 (ν,
1648 388 1835 443 50-51.
1866 386 1968 450 ’55;
2000 385 2066 439 de
2096 392 2140 449 Α
2170 396 2452 437 recensere
2488 394 2743 434 nauseam
2786 350 3158 432 tantummodo
3202 375 3565 430 excitaturum
3599 375 3751 430 arbi-

482 491 671 560 praed.
693 500 814 555 sup.
839 484 974 553 Cap.
1003 484 1117 549 IV.)
1149 504 1166 534 ‹
1196 480 1380 551 Neque
1406 483 1539 535 haec
1564 480 1757 548 poenis
1785 479 2063 546 cstdigna,

482 594 650 649 quum
673 578 795 646 ipsa
809 573 1146 644 nihilpeccet
1164 582 1257 627 aut
1279 584 1506 642 peccare
1520 578 1683 640 queat
1714 588 1758 621 ι.
1792 566 1896 639 (Cf.
1924 567 1952 639 §
1979 567 2065 630 57’,

488 670 559 734 Α,
588 668 657 735 l.)
2032 654 2041 660 ’

558 757 917 812 Nihilominus
947 774 966 806 ς
1005 762 1272 809 tormenta
1315 753 1405 808 illa
1459 755 1621 823 (quae
1651 766 1859 821 poenae
1883 751 2072 805 dicun-

484 850 600 918 tur)
628 846 863 901 naturali
907 844 1168 915 subjecto,
1198 846 1342 915 quod
1372 853 1683 914 torqueant,
1715 859 1905 898 carere
1962 856 2069 895 non

486 947 717 1009 possunt
755 957 800 991 ι.
841 936 928 1007 (ν,
960 937 1030 990 50
1054 936 1236 1005 seqq.)

565 1027 714 1096 Quae
739 1048 757 1079 α
787 1029 989 1083 nodosa
1006 1029 1284 1097 perplexio
1307 1034 1367 1080 ut
1388 1026 1530 1095 jnsle
1543 1026 1801 1089 solvatur,
1834 1034 2073 1079 statuen-

490 1120 617 1173 dum
670 1127 777 1183 est,
810 1119 986 1188 puniri
1039 1118 1264 1187 aliquid,
1292 1118 1437 1186 quod
1493 1132 1599 1170 non
1637 1118 1708 1169 sit
1746 1117 2068 1179 substantia,

489 1206 583 1261 sed
609 1214 820 1262 tantum
842 1207 1171 1262 substantiae
1199 1208 1506 1271 inhaerens,
1534 1207 1603 1259 ita
1628 1214 1829 1270 tamen,
1861 1214 1916 1258 ut
1942 1207 2074 1260 haec

488 1297 606 1365 ipsa
631 1295 933 1351 substantia
960 1297 1107 1350 omni
1141 1312 1311 1365 poena
1342 1306 1557 1349 maneat
1578 1295 1749 1349 libera
1786 1315 1828 1349 ι.
1864 1294 1958 1349 Est
1986 1312 2076 1349 au-

492 1398 603 1442 tem
653 1388 989 1442 substantiae
1024 1390 1292 1443 humanae
1334 1389 1623 1442 inhaerens
1664 1401 1916 1457 perversa
1970 1388 2073 1442 ista

494 1477 783 1532 voluntas:
810 1486 867 1532 et
905 1479 1041 1533 haec
1096 1478 1232 1547 ipsa,
1261 1479 1709 1547 quemadmodum
1765 1493 1862 1532 suo
1905 1475 2076 1531 Marte

491 1576 700 1637 peccat,
726 1568 799 1622 ita
826 1568 988 1623 etiam
1013 1568 1123 1623 sola
1147 1584 1243 1637 per
1262 1583 1320 1622 se
1337 1568 1587 1637 punitur;
1620 1568 2074 1636 quemadmodum

482 1657 734 1725 ‘pcccutis
768 1658 880 1711 suis
918 1658 1160 1711 naturale
1209 1657 1432 1721 bonum,
1467 1664 1713 1710 naturam
1758 1658 2074 1719 humanam,

2171 479 2397 526 tramur.
2436 471 2525 524 Illa
2555 478 2753 531 autem,
2789 483 2927 536 quae
2949 484 3156 521 summa
3189 467 3255 519 ab
3285 465 3581 534 istisnugis
3608 465 3757 518 vitae

2170 564 2289 619 usui
2318 563 2514 616 damna
2541 569 2741 629 queant
2790 558 3000 619 inferri,
3030 557 3201 625 magis
3256 555 3409 624 quasi
3434 632 3437 635 ν
3463 555 3515 608 in
3565 564 3757 623 aperta

2168 654 2289 709 luce
2317 650 2626 708 collocanda
2654 665 2773 705 esse
2799 651 3095 703 rideantur.
3127 647 3270 702 llaec
3299 647 3461 717 igitur
3488 646 3763 714 imprimis

2172 746 2225 800 in
2273 745 2376 798 isto
2427 759 2534 797 uno
2579 743 2749 811 posita
2800 748 2921 795 sunt
2955 739 3159 804 onmia,
3186 741 3327 808 quod
3357 738 3500 792 Deus
3525 752 3624 792 nec
3662 732 3759 806 qui

2170 842 2417 905 peccant,
2451 848 2551 886 nec
2571 847 2710 901 quae
2734 840 3054 901 peccantur,
3082 829 3186 881 ulla
3214 812 3421 881 ratione
3444 828 3639 883 dicitur
3662 835 3761 883 aut

2172 942 2368 981 curare
2413 936 2504 979 aut
2546 926 2774 979 novisse.
2809 923 2935 976 Sola
2980 922 3385 975 malefat-torum
3423 921 3761 975 conscientia

2173 1033 2315 1081 eum,
2341 1017 2429 1085 qui
2459 1016 2730 1086 peccando
2760 1013 3016 1083 indulget,
3046 1028 3217 1082 poena
3247 1012 3437 1077 afticit,
3462 1011 3571 1064 sola
3601 1011 3764 1077 male-

2176 1102 2439 1162 factorum
2496 1107 2830 1161 conscientia
2860 1122 2887 1159 a
2916 1106 3191 1175 peccando
3236 1113 3415 1174 potest
3461 1105 3759 1161 deterrere.

2176 1198 2365 1252 Nonne
2387 1199 2519 1252 haec
2544 1214 2645 1261 res,
2672 1197 2932 1266 quidquid
2960 1200 3025 1250 ad
3054 1196 3317 1250 scelerum
3342 1194 3593 1251 libidines
3609 1212 3764 1254 coer-

2176 1290 2375 1344 cendas
2396 1297 2478 1342 est
2500 1289 2878 1353 constitutum,
2912 1286 3153 1341 funditus
3184 1290 3570 1356 propemodum
3612 1303 3768 1343 ever-

2178 1380 2260 1443 tit,
2295 1378 2607 1447 disjicit,ab
2663 1381 2942 1435 hominum
2986 1390 3275 1451 conspectu
3332 1383 3609 1437 removet?
3655 1384 3768 1438 Nec

2174 1470 2489 1539 punientem
2521 1470 2689 1524 Deum
2719 1471 2873 1539 quasi
2913 1472 3274 1526 exacerbandi
3311 1473 3470 1525 timor
3518 1474 3768 1531 homines

2180 1560 2351 1629 magis
2376 1560 2596 1623 ferreos,
2629 1576 2727 1615 nec
2750 1569 3019 1615 amantem
3045 1559 3211 1616 Deum
3229 1563 3381 1632 quasi
3400 1563 3768 1617 contristandi

2183 1666 2356 1709 metus
2381 1655 2626 1709 homines
2642 1656 2812 1724 magis
2844 1654 3127 1725 ingenuos,
3155 1666 3480 1709 neurentem
3508 1654 3771 1725 peccandi

493 1748 579 1800 (ui
612 1748 881 1812 inhaeret,
905 1750 1129 1803 omnino
1160 1762 1265 1802 non
1290 1749 1640 1809 contaminat,
1670 1748 1740 1802 ita
1766 1763 1937 1816 neque
1958 1756 2069 1800 tor-
2102 1736 2143 1795 Β
2174 1743 2519 1812 cupiditatem
2535 1743 2805 1813 peccando
2819 1742 3769 1812 expleantatqueexstiuguant,dum

492 1838 690 1892 mentis
734 1839 865 1905 Suis,
893 1839 1087 1908 quibus
1147 1840 1390 1909 punitur,
1446 1837 1692 1893 naturale
1748 1837 2074 1906 subjectum,

494 1926 649 1994 cujus
694 1928 807 1997 ipsa
863 1939 947 1984 est
974 1930 1246 1992 accidens,
1272 1940 1325 1984 et
1366 1930 1417 1982 in
1467 1946 1574 1999 quo
1603 1930 1931 1992 continetur,
1969 1928 2076 1981 ulla

486 2015 706 2069 ratione
724 2024 961 2084 torquet.
988 2016 1172 2085 Itaque
1197 2017 1786 2071 irrationabilesmotus
1814 2018 2077 2070 malarum

490 2104 838 2159 voluntatum
870 2107 1166 2174 puniuntur
1200 2107 1250 2159 in
1282 2107 1386 2171 his,
1409 2108 1502 2175 qui
1535 2116 1783 2160 naturam
1814 2107 2081 2161 bonamet

496 2193 876 2250 rationabilem
924 2203 979 2248 et
1026 2195 1411 2263 impassibilem
1442 2196 1770 2265 participant
1799 2217 1842 2250 ι.
1872 2197 1959 2267 (V,
1990 2194 2083 2250 50-

499 2283 564 2339 3i
608 2283 726 2356 {ed.
756 2283 860 2340 0x.
890 2299 942 2355 p.
990 2284 1298 2356 267-270).)
1346 2304 1364 2337 ‹
1417 2284 1531 2339 Non
1586 2286 1766 2341 minus
1820 2286 1984 2356 igitur
2026 2288 2079 2339 in

500 2377 663 2432 malis
704 2377 1038 2442 hominibus,
1086 2392 1247 2446 quam
1291 2377 1346 2430 in
1389 2376 1808 2441 bonis—salva,
1850 2377 2077 2445 integra,

496 2465 947 2532 iucmataminata,
974 2469 1120 2522 omni
1145 2469 1391 2538 passione
1416 2468 1689 2522 contraria
1705 2468 1956 2521 imnumis
1979 2467 2084 2521 erit

498 2565 554 2610 et
582 2571 798 2627 semper
825 2557 1141 2612 eritnatura
1172 2559 1414 2611 humana
1451 2576 1463 2610 :
1500 2566 1739 2611 attamen
1782 2556 2082 2611 contraria-

500 2661 620 2700 rum
647 2639 988 2716 qualitatum,
1015 2649 1273 2701 bonarum
1299 2647 1421 2701 dico
1442 2647 1812 2715 malarumque
1838 2645 2082 2700 volunta-

488 2745 636 2800 tum,
673 2735 889 2791 virtutis
936 2737 1369 2807 ignominiaeque
1402 2756 1448 2798 ι,
1479 2746 1533 2789 et
1565 2735 1667 2790 hac
1719 2736 1951 2804 denique
1999 2750 2085 2787 ra-

492 2827 646 2882 tione
678 2847 697 2878 ‹
734 2829 900 2882 etiam
931 2829 1326 2883 contrariarum
1368 2829 1679 2898 passionum
1713 2837 1796 2882 est
1830 2842 1999 2897 capax
2036 2847 2079 2880 ι.

501 2916 588 2987 (L.
617 2916 658 2970 ι.
686 2930 739 2985 p.
776 2915 1063 2989 για-2η.)

569 3005 657 3060 IV.
694 3005 840 3062 llaec
865 3006 1094 3075 denique
1128 3017 1412 3077 postquam
1446 3016 1573 3062 sunt
1602 3009 1895 3075 disputata,
1929 3006 2084 3060 facile

2179 1832 2325 1887 Scoti
2358 1834 2655 1887 doctrinam
2677 1833 2828 1902 sequi
2856 1832 3146 1895 voluerint,
3172 1834 3526 1900 permovebit.
3557 1831 3771 1898 Quotus

2181 1933 2363 1978 autem
2417 1924 2648 1993 quisque
2701 1923 3069 1978 conscientiae
3120 1938 3249 1976 suae
3301 1924 3401 1977 hoc
3460 1924 3678 1984 tribuet,
3713 1932 3768 1976 ut

2179 2027 2299 2066 eam
2337 2013 2506 2067 solam
2540 2014 2642 2067 sibi
2676 2013 2866 2068 ducem
2896 2011 3088 2083 eligat,
3121 2029 3312 2081 neque,
3346 2013 3675 2083 voluptatum
3714 2014 3765 2067 vi

2181 2104 2487 2170 allectante,
2509 2122 2745 2175 unquam
2778 2107 3022 2161 deseratl
3050 2107 3201 2173 Quod
3230 2107 3271 2160 si
3300 2108 3399 2160 ista
3428 2106 3661 2160 doctrina
3694 2107 3762 2160 ad

2181 2196 2324 2249 vitae
2356 2198 2661 2252 connnunis
2700 2213 2859 2251 nsunt
2916 2198 3230 2263 referretur,
3259 2199 3475 2252 remotis
3503 2196 3767 2269 profecto,

2182 2302 2535 2359 quaecunque
2581 2289 2884 2345 furentibus
2936 2291 3192 2359 peccandi
3236 2290 3542 2345 libidinibus
3587 2309 3606 2340 «ι
3655 2307 3769 2343 mo-

2183 2377 2260 2430 les
2298 2397 2343 2441 i,
2378 2388 2434 2431 ut
2489 2378 2697 2447 Virgilii
2738 2379 2917 2433 verbis
2966 2388 3202 2444 utamur,
3236 2400 3254 2431 ι
3294 2390 3348 2434 et
3375 2390 3582 2433 montes
3626 2379 3716 2432 alti
3751 2398 3771 2429 ι

2184 2479 2307 2523 sunt
2371 2470 2641 2540 imposita,
2676 2470 2855 2523 omnia
2901 2470 3153 2524 misceret
3206 2471 3529 2539 peuitusrpae
3577 2470 3778 2523 distur-

2182 2558 2247 2612 ba
2259 2568 2360 2614 ret.
3520 2550 3525 2555 ’

2901 2630 2928 2702 §
2963 2631 3052 2687 59.

2254 2736 2513 2793 Venimus
2545 2739 2761 2793 tandem
2789 2740 2855 2793 ad
2886 2749 3137 2808 quartam
3183 2739 3321 2793 illam
3367 2737 3608 2793 Naturae
3656 2753 3778 2808 spe-

2186 2829 2347 2893 ciem,
2371 2844 2511 2898 quae
2539 2844 2637 2882 nec
2663 2839 2879 2883 creatur
2904 2843 3001 2883 nec
3042 2839 3212 2883 creat.
3240 2827 3343 2883 Sed
3370 2844 3507 2897 quae
3530 2829 3638 2881 huc
3661 2843 3775 2897 per-

2188 2918 2379 2983 tinent,
2405 2934 2509 2973 non
2552 2928 2658 2972 tam
2714 2934 2841 2989 prae
2864 2920 3059 2974 ceteris
3083 2919 3394 2988 perniciosa
3436 2928 3586 2982 sunt,
3618 2932 3783 2985 quam

2193 3009 2438 3063 ridicula.
2475 3009 2653 3077 Quare
2681 3024 2848 3078 quum
2878 3009 2931 3063 in
2962 3010 3047 3073 iis,
3069 3023 3209 3078 quae
3236 3009 3456 3077 proprie
3478 3007 3777 3076 perniciosa

499 3104 587 3150 est
636 3096 703 3149 ad
749 3096 1363 3166 intelligendum,quam
1397 3096 1732 3166 SCOlllsthl‘e
1753 3111 1850 3151 suo
1871 3106 1925 3150 et
1953 3097 2086 3150 haec
2113 3074 2157 3137 (ἶ
2190 3108 2391 3163 essent,
2441 3099 2714 3169 longiores
2756 3098 3034 3163 fuerimus,
3078 3100 3129 3151 in
3177 3099 3284 3163 his,
3337 3112 3481 3166 quas
3554 3095 3777 3150 fortasse

496 3186 826 3256 scripserit:
860 3205 880 3236 ι
914 3188 1056 3242 Deus
1101 3199 1320 3256 peccata
1370 3189 1545 3257 punit,
1574 3196 1650 3252 et,
1675 3197 1730 3240 ut
1784 3189 1953 3240 verius
2006 3187 2089 3238 di-

501 3293 641 3342 cam,
693 3279 869 3347 puniri
907 3278 1031 3332 sinit
1083 3299 1126 3333 ι.
1171 3299 1189 3331 ι
1226 3280 1362 3333 Mala
1413 3280 1666 3333 voluntas
1708 3281 2088 3347 praevarican-

506 3367 642 3422 tium
697 3369 861 3422 totius
908 3371 1115 3439 peccati
1167 3379 1223 3423 et
1244 3372 1404 3423 tot-ius
1433 3386 1631 3439 poenae
1675 3373 1873 3439 perculi
1926 3373 2087 3428 causa

502 3455 702 3511 efﬁcax
731 3464 813 3511 est
844 3476 888 3511 θ.
914 3459 997 3528 (L.
1027 3459 1063 3512 l.
1097 3475 1146 3528 p.
1169 3459 1495 3529 269—270.)
1525 3460 1578 3513 In
1604 3460 1739 3514 libro
1771 3463 1837 3517 de
1864 3464 2089 3530 praede-

505 3546 801 3602 stinatione
824 3547 920 3618 (cf.
952 3564 1073 3618 sup.
1098 3549 1229 3619 Cap.
1263 3549 1384 3620 IV),
1410 3564 1519 3620 quo
1551 3550 1665 3619 ipse
1695 3553 2088 3606 sententiarum

506 3650 699 3703 nexus,
731 3646 792 3690 ut
841 3637 1128 3709 diligenter
1169 3642 1235 3692 de
1266 3653 1392 3693 vero
1419 3654 1714 3709 poenarum
1751 3649 1975 3694 auctore
2003 3642 2088 3693 in-

508 3729 838 3795 quireretur,
867 3729 1034 3784 multo
1056 3730 1235 3784 acrius
1248 3731 1575 3799 postulabat,
1609 3730 1739 3783 illud
1758 3730 1953 3798 ipsum,
1972 3729 2090 3783 nul-

506 3816 589 3872 las
616 3834 650 3872 α
672 3817 783 3872 Deo
809 3833 1014 3888 poenas
1039 3821 1313 3884 constitui,
1343 3821 1488 3874 omni
1517 3820 1712 3874 virium
1748 3822 2092 3874 contentione
2178 3830 2183 3833 ‘

506 3907 651 3962 tueri
689 3908 918 3963 studuit.
971 3908 1124 3976 Quod
1178 3921 1358 3967 autem
1396 3910 1569 3980 majus
1626 3910 1792 3964 etiam
1826 3918 1934 3975 est,
1974 3910 2090 3980 ipsa

510 3996 626 4067 ejus
658 3998 1019 4070 philoSOpbia,
1061 4008 1120 4054 ut
1159 4000 1262 4054 hoc
1287 4001 1522 4064 doceret,
1548 4014 1671 4054 eum
1698 4000 1900 4069 coegit.
1926 3998 2092 4053 Natu-

508 4099 703 4154 (μιθοι
734 4086 894 4156 hujus
943 4089 1157 4158 placitis
1210 4089 1352 4144 Deus
1397 4090 1529 4143 nihil
1577 4090 1722 4145 aliud
1770 4089 1955 4152 novit,
1984 4089 2088 4143 nisi

508 4190 650 4246 quae
667 4188 792 4233 sunt
832 4197 851 4229 ι
888 4180 1190 4237 substantia
1222 4199 1241 4231 ι
1266 4189 1362 4236 aut
1385 4182 1818 4236 substantialium
1845 4182 2091 4235 acciden-

511 4269 585 4326 tia
631 4256 934 4338 naturalia,
981 4275 1318 4344 proindeque
1370 4292 1388 4324 ι
1438 4282 1649 4339 totum,
1691 4274 1836 4344 quod
1891 4274 2093 4327 dicitur

511 4360 709 4415 malum
745 4379 980 4431 i,qunm
1024 4365 1078 4417 in
1103 4366 1253 4419 hisee
1296 4380 1402 4418 non
1455 4365 1775 4432 reperiatur,
1806 4381 1824 4412 ι
1868 4363 2091 4416 omnino

506 4451 721 4523 ignorat
765 4472 810 4504 ι.
858 4455 966 4523 (Cf.
998 4455 1140 4525 557.
1187 4457 1257 4518 Α,
1306 4455 1420 4523 IV.)
1444 4455 1564 4518 Quo
1611 4454 1852 4522 profecto
1892 4454 1973 4518 fit,
2006 4463 2084 4519 ut,

510 4540 722 4595 etiamsi
752 4539 894 4594 Deus
917 4543 1031 4609 ipse
1069 4544 1375 4598 hominibus
1399 4543 1597 4612 impiis,
1625 4544 1825 4611 quibus
1852 4544 2089 4613 puniun-

514 4639 620 4690 tur,
643 4630 961 4693 constituat,
1004 4631 1106 4685 hoc
1150 4641 1328 4686 tamen
1372 4633 1701 4702 imprudens,
1732 4635 1929 4688 nedum
1982 4650 2088 4689 non

514 4715 700 4771 volens
718 4717 901 4774 faciat.
928 4720 1111 4789 Itaque
1138 4723 1277 4777 Deus
1305 4732 1525 4792 peccata
1550 4741 1652 4780 non
1681 4727 1853 4796 punit,
1886 4727 1995 4791 sed,
2023 4727 2090 4783 ad

516 4824 808 4878 summum,
842 4828 862 4866 α
888 4816 1071 4885 puniri
1099 4818 1228 4872 sinit
1250 4817 1326 4890 (η)
1357 4836 1404 4872 ι.

1216 4948 1245 5021 §
1282 4949 1373 5006 δε.

594 5087 788 5144 Totum
816 5084 981 5157 igitur
999 5086 1102 5163 hoc
1129 5088 1303 5142 nostri
1331 5088 1606 5155 decretum
1622 5089 1688 5144 de
1713 5090 1949 5160 peccatis
1971 5102 2095 5158 pec-

516 5191 871 5248 catorumque
899 5177 1108 5247 poenis,
1133 5176 1186 5232 id
1225 5179 1369 5248 quod
1395 5180 1528 5234 satis
1557 5181 1880 5251 patefecisse
1919 5177 2094 5233 arbri-

516 5280 745 5337 tramur,
774 5271 1012 5327 maxima
1039 5283 1169 5325 sane
1188 5270 1634 5338 gravissimorum
1663 5286 1911 5325 errorum
1959 5264 2096 5322 mul-

517 5360 746 5415 titudine
784 5371 869 5417 est
894 5360 1176 5416 refertum.
1227 5360 1376 5428 Quos
1428 5363 1495 5416 de
1546 5361 1760 5430 integro
1819 5358 2096 5427 sigillatim

524 5462 556 5564 Α,
589 5488 666 5557 (α)
699 5488 1069 5564 _Schlueterus,
1096 5494 1223 5549 licet
1248 5494 1325 5564 (p.
1355 5508 1454 5548 xm
1492 5491 1843 5564 seqq.)_Scoti
1876 5500 2099 5564 senten-

516 5557 649 5633 tiam
679 5559 745 5613 de
776 5577 795 5607 ι
835 5561 975 5633 malo
1005 5573 1061 5633 et
1085 5565 1154 5618 de
1176 5557 1524 5633 peccatorum
1542 5557 1730 5631 poenis
1759 5582 1777 5614 ι
1810 5559 2101 5633 defendeti-

522 5629 644 5681 dam
670 5630 991 5696 susceperit,
1025 5629 1250 5706 ideoque
1282 5633 1349 5688 de
1378 5629 1641 5687 industria
1665 5630 1958 5694 examinet,
1986 5629 2101 5682 illo-

2190 3190 2361 3245 aniles
2420 3199 2627 3244 tantum
2677 3189 2883 3243 fabulas
2915 3190 3286 3260 appellaveris,
3338 3191 3541 3245 erimus
3569 3189 3775 3245 brevio-

2192 3297 2303 3337 res.
2362 3272 2365 3275 ’

2898 3369 2926 3442 §
2968 3371 3054 3425 eo.

2263 3481 2328 3536 D.
2375 3504 2391 3532 ‹
2423 3480 2623 3549 Quarta
2648 3479 2884 3535 Naturae
2907 3482 3135 3550 species,
3159 3495 3298 3549 quae
3323 3487 3422 3534 nec
3448 3485 3665 3534 creatur
3685 3491 3778 3531 nec

2190 3584 2358 3637 creat,
2389 3574 2629 3642 profecto
2674 3574 2787 3641 ipse
2818 3573 2957 3626 Deus
3012 3580 3114 3625 est.
3148 3571 3335 3624 Divina
3363 3568 3550 3642 (enim)
3592 3578 3777 3622 natura

2191 3667 2432 3719 creditur
2478 3681 2587 3719 non
2641 3664 2837 3730 creari,
2884 3660 3141 3732 quoniam
3209 3661 3480 3733 primitiva
3540 3661 3781 3716 omnium
3872 3688 3885 3697 ~

2192 3764 2355 3810 causa
2380 3765 2484 3821 est,
2517 3755 2658 3809 ultra
2684 3771 2847 3824 quam
2879 3755 3012 3808 nihil
3039 3765 3142 3819 est,
3172 3768 3203 3807 a
3230 3768 3337 3823 quo
3390 3753 3560 3823 possit
3586 3752 3775 3806 creari.

2193 3846 2368 3915 Quum
2402 3859 2527 3905 vero
2576 3852 2697 3913 post
2741 3844 2972 3898 reditum
3029 3842 3398 3915 universitatis
3450 3842 3701 3896 conditae
3729 3841 3781 3894 in

2194 3914 2318 3989 suas
2346 3934 2723 4005 primordiales
2747 3948 2962 3998 causas,
2993 3914 3213 4003 quaelin
3245 3933 3359 4002 ipsa
3375 3920 3558 3986 divina
3582 3940 3775 3985 natura

2193 4027 2560 4090 continentur,
2596 4024 2740 4078 nulla
2785 4024 3010 4078 ulterius
3062 4032 3256 4077 natura
3291 4038 3359 4077 ex
3383 4039 3445 4078 ea
3469 4020 3779 4091 procreabi-

2196 4125 2282 4169 tur
2311 4132 2405 4170 seu
2439 4116 2492 4168 in
2519 4116 2728 4185 Species
2751 4114 3035 4168 seusibiles
3068 4112 3500 4180 intelligibilesve
3524 4107 3777 4179 multipli-

2194 4207 2428 4272 cabitur,
2457 4223 2563 4261 non
2618 4207 2891 4260 immerito
2947 4205 3083 4259 nihil
3133 4218 3322 4260 creare
3346 4212 3403 4258 et
3449 4202 3687 4258 creditur
3729 4200 3785 4254 et

2194 4296 2507 4368 intelligitur
2536 4316 2580 4350 ι.
2618 4294 2728 4365 (IV,
2754 4294 2964 4364 9.6527.)
3382 4288 3387 4293 ’

2920 4431 2949 4502 §
2991 4432 3080 4486 et.

2272 4564 2293 4597 ι
2329 4545 2468 4601 Sunt
2513 4552 2829 4616 argumenta
2856 4544 3236 4614 probatissima
3266 4558 3331 4599 ex
3360 4542 3521 4596 rebus
3548 4537 3776 4592 sensibi-

2151 4676 2165 4685 .
2199 4637 2361 4703 libus,
2394 4651 2531 4706 quae
2558 4636 2788 4690 reditum
2819 4636 2966 4688 illum
2986 4636 3227 4689 futurum
3253 4647 3371 4689 esse
3388 4632 3777 4685 demonstrant.

2199 4761 2269 4770 —-
2299 4729 2539 4798 Sphaera
2573 4727 2822 4781 caelestis
2847 4726 3107 4796 astrigera
3135 4724 3304 4780 XXIV
3326 4727 3581 4779 horarum
3611 4717 3785 4789 spatio

2201 4821 2269 4875 ad
2291 4819 2540 4874 eumdem
2567 4818 2806 4873 locorum
2838 4818 3003 4872 situm
3029 4818 3171 4872 redit
3197 4836 3210 4870 :
3240 4816 3324 4872 Sol
3364 4817 3436 4869 ad
3482 4814 3623 4868 idem
3652 4825 3785 4879 pun-

2199 4920 2344 4967 ctum
2369 4908 2780 4981 aequinoctialis
2798 4908 3050 4963 diametri
3079 4908 3314 4978 peractis
3336 4906 3406 4960 lV
3424 4905 3583 4961 annis
3600 4903 3785 4957 eodem

2198 5004 2455 5071 temporis
2514 5011 2789 5055 momento
2845 5001 3107 5071 pervenit.
3158 4998 3299 5064 Quid
3326 4999 3391 5052 de
3416 4997 3581 5059 aeris,
3612 5002 3786 5049 terrae

2198 5092 2582 5158 animantibus,
2625 5092 2882 5156 surculis,
2912 5090 3130 5145 herbis?
3154 5087 3343 5144 Nonne
3390 5085 3642 5141 similiter
3669 5096 3785 5158 sua

2200 5192 2442 5250 tempora
2488 5183 2800 5242 observant,
2854 5180 3049 5250 quibus
3100 5179 3155 5233 in
3202 5175 3397 5242 foetus,
3424 5174 3609 5239 ﬂores,
3641 5170 3784 5236 folia,

2200 5274 2410 5328 fructus
2462 5273 2797 5343 erumpunt?
2847 5301 2921 5311 ——
2973 5272 3042 5326 Et
3096 5271 3415 5341 simpliciter
3477 5264 3784 5328 dicendum,

2200 5369 2349 5423 nulla
2406 5382 2662 5437 corporea
2711 5373 2959 5420 creatura
3007 5373 3090 5420 est
3139 5364 3291 5419 vitali
3339 5370 3492 5417 motu
3516 5366 3783 5430 vegetata,

2202 5512 2324 5551 runt
2372 5507 2554 5561 tamen
2601 5511 2870 5559 errorum,
2904 5495 2995 5566 qui
3038 5512 3067 5549 a
3116 5496 3273 5551 nobis
3310 5501 3445 5549 sunt
3498 5489 3691 5553 notati,
3722 5499 3786 5541 ne

2205 5568 2372 5622 ullum
2401 5566 2615 5635 quidem
2646 5567 2913 5637 reperisse
2944 5567 3182 5623 videtur!
