4152 6276
319 303 406 370 ὃ

1161 291 1252 345 DE
1289 288 1447 344 VITA
1487 287 1576 344 ΕΤ
1610 285 2015 342 PR.ECEPTIS
2053 286 2102 342 J.
2144 285 2362 343 SCOTI.
2400 313 2473 352 -_-—
2509 284 2690 340 PAR’S
2727 285 2794 340 ll.

3541 281 3622 340 ὃὸ

321 424 478 482 quae
505 423 613 462 nou
643 405 712 460 ad
745 403 1070 474 principium
1089 410 1284 462 motus
1329 399 1410 452 sui
1459 401 1784 454 revertatur.
1811 397 1924 452 Hoc
1951 398 2000 454 Δ
2029 411 2124 468 per
2145 411 2204 452 se
2239 406 2296 450 et
2321 396 2597 450 mutabilia
2625 404 2830 450 suntet
2855 393 3616 465 transitoria,loeistempori-,

327 503 518 574 ipsum
545 500 612 556 de
649 506 760 552 toto
803 509 1017 565 quoque
1063 493 1262 546 mtmdo
1317 489 1721 558 intelligendum
1759 505 1774 542 :
1805 487 1927 542 linis

329 591 488 648 enim
518 587 634 658 ejus
661 594 742 642 est
769 585 938 654 ipsius
970 580 1312 651 principium,
1341 579 1482 648 quod
1507 578 1715 648 appetit
1739 587 1794 632 et
1817 591 1928 646 quo

333 689 558 750 reperto
585 676 836 740 cessabit,
867 689 976 728 non
1005 680 1064 726 ut
1089 670 1388 726 substantia
1415 669 1582 738 ipsius
1607 676 1816 738 pereat,
1834 667 1928 724 sed

335 780 400 832 ut
422 772 471 824 in
499 783 690 826 causas
719 782 848 822 suas
877 765 1080 835 redeat.
1113 792 1182 800 —
1211 760 1473 816 Similiter
1497 760 1713 814 animae
1760 759 1928 812 ratio-

333 863 530 922 nabilis
555 859 972 928 conccptiones,
1001 855 1150 924 quod
1185 854 1383 908 artium
1415 850 1715 906 liberalium
1745 863 1930 914 exenia

329 951 420 1023 pio
444 952 726 1020 probatur,
756 946 1024 1017 principia
1053 959 1146 1000 sua
1176 947 1450 1012 repetunt,
1474 941 1528 993 in
1549 939 1743 1008 quibus
1766 939 1930 990 ﬁnem

331 1051 518 1098 motus
547 1041 632 1096 sui
688 1038 1072 1094 constituunt:
1103 1033 1428 1102 principium
1479 1031 1676 1100 quippe
1717 1039 1770 1084 et
1809 1027 1930 1082 linis

334 1135 398 1188 in
429 1135 496 1188 iis
523 1133 780 1188 omnibus
809 1129 866 1184 id
895 1130 1068 1196 ipsum
1091 1135 1190 1180 est.
1227 1126 1286 1180 in
1328 1125 1580 1179 omnibus
1627 1123 1934 1177 hominibus

341 1203 488 1276 unus
515 1228 680 1288 atque
703 1218 846 1272 idem
877 1216 1148 1285 appetitus
1169 1221 1251 1268 est
1276 1213 1512 1275 essendi,
1537 1213 1675 1272 bene
1698 1210 1932 1276 esscndi,

345 1308 742 1381 perpetuahter
765 1305 1018 1360 essendi:
1051 1304 1170 1358 etsi
1223 1303 1399 1358 omnis
1449 1311 1624 1356 motus
1677 1301 1936 1354 naturalis

354 1414 466 1470 non
497 1397 714 1462 desinit,
743 1396 912 1451 donec
935 1397 1002 1448 ad
1049 1392 1212 1448 linem
1267 1407 1421 1446 suum
1461 1389 1754 1460 perveniat,
1807 1388 1937 1458 quid

357 1499 610 1544 naturam
665 1488 952 1540 lnnnanam
983 1484 1176 1538 sistere
1205 1482 1366 1545 valet,
1394 1495 1458 1534 ne
1480 1481 1546 1534 ad
1575 1477 1647 1542 id,
1676 1479 1817 1548 quod
1849 1493 1940 1546 pe-

353 1580 438 1652 tit,
463 1577 775 1648 perveniat?
809 1575 1146 1644 Quapmpter
1184 1572 1351 1626 etiam
1381 1572 1444 1624 de
1483 1570 1714 1624 humana
1747 1577 1941 1624 natura

347 1677 518 1738 patet,
539 1665 608 1722 ad
633 1667 804 1724 Deum
831 1666 1002 1736 ipsam
1032 1678 1152 1718 esse
1183 1662 1476 1716 redituram
1513 1679 1564 1714 ι.

1077 1770 1106 1842 §
1141 1770 1231 1826 62.

425 1904 444 1937 ι
477 1884 756 1939 Redihunt
781 1891 964 1937 autem
988 1882 1190 1945 omnia,
1222 1895 1362 1950 quae
1412 1895 1475 1934 ex
1509 1879 1620 1932 Deo
1668 1891 1944 1946 processe-

347 1985 494 2040 runt,
533 1975 724 2028 eadem
750 1974 860 2038 via,
889 1987 996 2042 qua
1027 1971 1300 2042 processio
1331 1969 1418 2022 illa
1447 1967 1717 2022 estfacta.
1745 1967 1944 2032 Quem-

349 2067 638 2120 admodum
663 2064 829 2134 igitur
851 2061 1127 2132 processio
1156 2075 1218 2114 ea
1277 2058 1398 2123 fuit,
1425 2067 1485 2112 ut
1515 2058 1698 2112 omnia
1728 2071 1760 2110 a
1783 2071 1946 2124 snpe-

353 2159 588 2212 rioribus
618 2158 685 2212 ad
709 2156 962 2210 inferiora
997 2151 1296 2209 deﬂuerent
1327 2151 1420 2222 (cf.
1455 2149 1482 2221 §
1513 2149 1629 2218 54),
1657 2150 1736 2202 sic
1777 2148 1944 2200 etiam

355 2246 410 2299 in
435 2246 610 2300 reditu
634 2245 888 2299 inferiora
913 2257 1124 2312 semper
1153 2241 1206 2295 in
1231 2241 1510 2311 superiora
1527 2245 1940 2294 convertentur;

361 2363 432 2374 -——
465 2333 582 2388 Non
618 2336 762 2388 enim
807 2347 939 2387 vera
977 2334 1116 2387 ratio
1153 2333 1282 2386 sinit
1337 2331 1616 2400 superiora
1673 2327 1945 2382 inferiori-

291 2435 302 2440 '
364 2425 472 2478 bus
499 2423 582 2476 vei
609 2423 893 2487 contineri,
921 2421 1006 2475 vel
1032 2423 1253 2485 attrahi,
1279 2420 1366 2474 vei
1413 2419 1644 2474 absumi.
1677 2418 1944 2473 inferiora

365 2525 502 2564 vero
527 2525 556 2563 a
589 2509 956 2582 superioribus
987 2509 1304 2562 naturaliter
1325 2508 1664 2561 attrahuntur
1685 2505 1946 2560 etabsoré

361 2599 582 2660 bentur,
616 2611 722 2650 non
755 2605 814 2652 ut
843 2611 948 2649 non
977 2596 1104 2658 sint,
1131 2595 1222 2648 sed
1253 2601 1314 2647 ut
1335 2595 1388 2648 in
1411 2594 1478 2646 iis
1522 2595 1642 2661 plus
1676 2593 1950 2648 salventur

357 2699 414 2743 et
439 2687 740 2742 subsistant
769 2695 823 2742 et
853 2701 1022 2740 unum
1052 2687 1162 2740 sint
1211 2703 1254 2736 ›.
1289 2683 1376 2754 (ν,
1407 2684 1460 2739 8.
1488 2683 1560 2738 20
1583 2701 1598 2749 ;
1624 2683 1690 2749 ll,
1719 2683 1754 2737 5
1778 2683 1948 2754 seqq.)

1087 2793 1114 2866 ξ
1149 2793 1236 2850 65.

445 2924 466 2957 ι
497 2905 684 2974 itaque
735 2903 992 2959 inferiora
1047 2919 1076 2956 a
1123 2902 1490 2972 superioribus
1555 2901 1949 2976 absorbentur,

375 3011 487 3049 non
512 3004 572 3047 ut
597 2973 704 3048 non
737 2995 868 3056 sint,
898 2994 990 3046 sed
1015 3003 1078 3045 ut
1101 2992 1153 3044 in
1184 2992 1252 3046 iis
1275 2991 1391 3060 plus
1413 2991 1683 3046 solventur
1718 3001 1772 3044 et
1824 2973 1949 3044 sub;

383 3087 596 3140 sistant.
629 3083 796 3152 Hujus
821 3085 894 3138 rei
922 3094 1232 3152 argumenta
1258 3083 1309 3135 in
1343 3096 1518 3134 rerum
1563 3091 1753 3154 natura
1803 3081 1952 3134 inve—

381 3176 623 3229 niuntur.
663 3173 796 3227 Nam
820 3188 995 3240 neque
1025 3188 1119 3226 aer
1152 3187 1301 3224 suam
1341 3171 1516 3241 perdit
1557 3171 1946 3236 substantiam,

373 3279 494 3318 cum
523 3271 664 3317 totus
687 3263 740 3316 in
767 3261 946 3315 lumen
975 3261 1149 3314 solare
1173 3257 1522 3326 convertitur,
1557 3261 1610 3314 in
1639 3269 1870 3324 tantum,
1895 3269 1956 3314 ut

367 3350 504 3405 nihil
533 3363 804 3420 appareat,
835 3349 936 3402 nisi
978 3349 1087 3412 lux,
1115 3365 1236 3402 cum
1269 3347 1408 3402 aliud
1432 3350 1504 3403 sit
1532 3349 1644 3414 lux,
1678 3349 1820 3402 aliud
1837 3363 1948 3401 aer.

367 3438 636 3492 Metalluin
689 3439 925 3507 aliquod,
970 3439 1022 3490 iu
1075 3439 1197 3508 igne
1255 3437 1624 3508 liquefactum,
1673 3439 1724 3492 in
1769 3440 1950 3508 ignem

369 3529 609 3583 converti
632 3527 846 3582 videtur
876 3529 1022 3582 salva
1048 3527 1246 3582 metalli
1269 3527 1590 3582 substantia.
1632 3527 1834 3582 Eadem
1868 3529 1954 3580 ra"-

367 3619 514 3672 tione
557 3618 811 3672 existimo
861 3617 1200 3686 corporalem
1250 3617 1608 3670 substantiam
1640 3617 1693 3669 in
1719 3613 1954 3670 animam

372 3723 492 3764 esse
523 3709 898 3774 transituram,
939 3725 1042 3762 non
1075 3717 1136 3762 ut
1163 3715 1350 3778 pereat
1375 3709 1518 3777 quod
1564 3709 1656 3771 sit,
1685 3705 1777 3762 sed
1807 3715 1864 3760 ut
1900 3707 1954 3760 in

373 3801 578 3854 meliori
623 3799 863 3856 essentia
917 3799 1066 3852 salva
1093 3799 1164 3853 sit
1196 3818 1240 3852 ι.
1279 3796 1368 3867 (ν,
1394 3798 1448 3852 8.
1505 3797 1598 3852 20.
1631 3797 1700 3852 59
1733 3807 1790 3851 et
1835 3807 1958 3866 pas-

373 3889 526 3962 an...)

1087 3959 1246 4031 564.

447 4077 562 4134 Hoc
612 4089 792 4135 autem
835 4081 1000 4136 etiam
1049 4065 1214 4148 atque
1241 4065 1406 4134 etiam
1453 4077 1610 4134 nobis
1634 4077 1958 4142 iaculentur,

381 4188 402 4221 ι
437 4169 516 4224 sic
567 4171 824 4224 interiora
889 4183 1104 4238 seraper
1165 4183 1195 4222 a
1243 4155 1613 4238 superioribus
1659 4169 1960 4232 absorberi,

377 4265 444 4309 ut
467 4255 616 4308 salva
640 4267 853 4312 maneat
871 4256 1186 4310 inferiorum
1215 4257 1514 4312 substantia
1549 4275 1591 4328 ι,
1637 4255 1986 4326 (V,20.59._),

383 4343 524 4397 Hinc
553 4359 762 4412 quoque
781 4345 1020 4414 profecto
1053 4346 1295 4415 colligas,
1352 4345 1534 4409 rebus,
1585 4360 1722 4414 quae
1771 4346 1962 4398 absor-

2026 485 2236 553 busque
2279 487 2544 554 subjecta,
2595 486 3042 556 generationibus
3079 493 3136 540 et
3176 488 3618 554 corruptionibus

2027 575 2258 632 obnoxia
2295 594 2344 629 ι.
2367 575 2454 646 (V,
2486 575 2700 641 15—16.)

2750 705 2776 776 ς
2817 705 2906 760 es.

2099 843 2462 908 Quaecunque
2499 850 2775 908 praeterea
2812 853 2974 906 super
3027 837 3116 890 illo
3165 852 3344 890 rerum
3371 838 3616 894 omnium

2030 934 2228 994 reditu,
2255 932 2298 986 si
2327 946 2437 984 rem
2463 929 2758 999 generatim
2787 937 2948 994 atque
2993 927 3246 980 universe
3287 936 3622 994 spectamus,

2031 1033 2332 1078 memoratu
2363 1023 2521 1090 digna
2545 1020 2846 1081 videantur,
2877 1017 3074 1074 Scottis
3099 1018 3214 1088 ipse
3245 1019 3298 1072 in
3325 1018 3612 1088 augustius

2033 1113 2248 1166 redacta
2274 1113 2360 1166 his
2385 1109 2562 1163 verbis
2602 1108 2840 1175 exponit.

2108 1222 2126 1252 ι
2165 1202 2348 1254 Visum
2373 1207 2454 1253 est
2487 1198 2659 1262 nobis,
2689 1198 2945 1264 quasdam
2972 1198 3208 1252 tltcorias
3235 1201 3302 1252 de
3331 1201 3506 1256 redittt
3543 1200 3622 1257 ef-

2035 1287 2270 1342 fecluum
2326 1287 2378 1340 in
2425 1300 2638 1347 causas,
2683 1287 2781 1338 hoc
2830 1286 2994 1338 estin
3039 1287 3294 1352 rationes,
3327 1289 3380 1340 in
3427 1290 3626 1356 quibus

2038 1378 2360 1440 subsistunt,
2391 1373 2733 1444 subiungere.
2779 1373 2943 1442 Cujus
2971 1377 3164 1428 iterum
3195 1377 3398 1431 reditus
3423 1379 3624 1448 triplex

2036 1467 2358 1522 occurrebat
2391 1466 2602 1518 modus.
2651 1466 2888 1529 Quorum
2917 1467 3122 1534 primus
3145 1468 3360 1534 quidem
3391 1485 3622 1538 genera-

2037 1557 2162 1612 liter
2185 1557 2237 1610 in
2271 1556 2718 1610 transmutatione
2773 1557 2934 1609 totius
2989 1557 3256 1611 sensibilis
3307 1569 3620 1630 creaturae,

2041 1649 2336 1718 quaeintra
2361 1646 2516 1713 hujus
2542 1649 2725 1702 mundi
2751 1649 3009 1702 ambitum
3036 1650 3362 1716 continetur,
3391 1652 3490 1720 hoc
3513 1661 3628 1716 est,

1969 1727 2018 1788 B
2046 1740 2286 1792 omnium
2313 1753 2600 1806 corporum
2632 1754 2724 1792 seu
2765 1739 3013 1794 sensibus
3052 1742 3328 1807 corporeis
3379 1757 3629 1796 succum--

2042 1829 2310 1892 bentium,
2336 1843 2430 1881 seu
2479 1843 2572 1881 eos
2621 1842 2748 1895 prae
2779 1828 2944 1880 nimia
2975 1828 3057 1882 sui
3093 1829 3388 1882 subtilitate
3421 1829 3629 1898 fugien-

2045 1920 2202 1983 tium,
2233 1918 2668 1981 considerantur,
2693 1918 2764 1970 ita
2807 1927 2864 1970 ut
2889 1917 3097 1970 nullum
3137 1932 3332 1986 corpus
3371 1918 3442 1971 sit
3487 1919 3631 1972 intra

2044 2019 2250 2064 textum
2273 2021 2564 2076 corporeae
2594 2015 2840 2070 naturae,
2880 2008 2993 2060 sive
3039 2007 3189 2060 vitali
3234 2015 3382 2060 motu
3429 2007 3632 2060 solum-

2043 2097 2227 2162 modo,
2255 2111 2352 2151 seu
2397 2095 2608 2150 occulte
2653 2110 2746 2150 seu
2791 2105 2976 2164 aperte
3007 2103 3333 2166 vegetatnm,
3367 2111 3458 2150 seu
3491 2095 3630 2149 irra-

2047 2188 2290 2246 tionabili
2311 2189 2489 2242 anima
2519 2203 2886 2258 corporeoque
2915 2203 3074 2240 sensu
3105 2187 3328 2256 pollens,
3347 2188 3489 2254 quod
3515 2202 3624 2242 non

2049 2285 2102 2338 in
2128 2300 2253 2340 suas
2274 2298 2467 2336 causas
2511 2282 2750 2336 occultas
2775 2290 3088 2335 revertatur.
3114 2281 3192 2334 Ad
3229 2280 3455 2340 nihilum
3483 2280 3628 2334 enim

2048 2375 2319 2445 redigetur
2346 2374 2398 2426 in
2433 2373 2536 2436 his,
2577 2387 2716 2442 quae
2767 2371 3196 2426 substantialiter
3243 2384 3274 2436 a
3324 2383 3484 2422 causa
3518 2383 3633 2420 om-

2049 2465 2196 2518 nium
2226 2453 2512 2518 s'ubstituta
2539 2470 2682 2516 sunt.
2719 2460 2998 2515 Secundus
3024 2457 3156 2512 vero
3175 2459 3363 2532 modus
3389 2457 3636 2530 specula-

2049 2555 2211 2610 tionis
2236 2569 2364 2608 suae
2391 2552 2570 2608 sedem
2612 2551 2820 2606 obtinet
2855 2552 2913 2604 in
2961 2551 3138 2606 reditu
3193 2551 3432 2621 generali
3476 2550 3640 2602 tutius

2051 2643 2321 2698 humanae
2353 2651 2594 2702 naturae,
2623 2640 2675 2692 in
2720 2639 2936 2694 Christo
2979 2639 3234 2704 salvatae,
3269 2641 3320 2692 in
3349 2639 3640 2708 pristinum

2052 2746 2183 2786 suae
2227 2729 2552 2784 conditionis
2597 2736 2792 2782 statum
2831 2743 2895 2782 ac
2935 2727 3098 2781 veluti
3123 2728 3386 2796 quendam
3421 2729 3632 2797 paradi-

2053 2839 2190 2886 sum,
2215 2824 2270 2877 in
2293 2822 2504 2876 divinae
2534 2820 2781 2886 imaginis
2815 2819 3148 2886 dignitatem,
3193 2819 3402 2871 ’merito
3453 2818 3632 2878 unius,

2052 2913 2208 2982 cujus
2228 2912 2448 2982 sanguis
2467 2907 2825 2964 communiter
2851 2922 2952 2978 pro
2977 2907 3151 2962 salute
3182 2907 3346 2960 totius
3391 2907 3639 2960 Immani-

2057 3005 2183 3060 tatis
2209 3003 2358 3058 fusus
2385 3009 2486 3067 est,
2515 3003 2584 3054 ita
2609 3008 2670 3054 ut
2697 3013 2856 3054 nemo
2883 2997 3162 3052 hominum
3194 2996 3526 3052 naturalibus
3551 2998 3639 3050 bo-

2056 3095 2160 3158 nis,
2189 3095 2243 3150 in
2273 3091 2464 3161 quibus
2491 3090 2739 3146 conditus
2757 3098 2864 3152 est,
2902 3088 3160 3158 privetur,
3193 3088 3307 3142 sive
3343 3086 3639 3150 bene,sive

2055 3184 2195 3238 male
2223 3183 2274 3236 in
2307 3183 2404 3236 hac
2429 3181 2535 3234 vita
2579 3179 2791 3232 vixerit.
2821 3179 2900 3232 Ac
2926 3177 3006 3232 sic
3033 3177 3250 3230 divinae
3293 3176 3552 3230 bonitatis
3578 3184 3635 3230 et

2055 3272 2321 3344 largitatis
2353 3269 2635 3326 incﬂ'abilis
2663 3278 2718 3324 et
2744 3267 3306 3340 incomprehensibilis
3337 3266 3553 3321 did‘usio
3587 3267 3644 3322 in

2061 3377 2276 3417 omnem
2325 3363 2614 3416 humanam
2647 3369 2896 3413 naturam
2931 3358 3231 3428 apparebit,
3265 3359 3388 3412 dum
3423 3360 3476 3412 in
3500 3356 3647 3412 nullo

2059 3455 2297 3524 punitur,
2336 3454 2478 3522 quod
2507 3467 2536 3506 a
2565 3466 2779 3506 summo
2811 3451 2951 3504 bono
2988 3459 3190 3504 manat.
3221 3449 3438 3504 Tertius
3463 3451 3528 3504 de
3557 3464 3646 3504 re-

2057 3547 2170 3600 ditu
2201 3546 2440 3600 theoriae
2465 3545 2656 3598 modus
2678 3554 2924 3598 versatur
2954 3543 3007 3598 in
3043 3543 3146 3608 his,
3175 3543 3268 3612 qui
3319 3558 3426 3596 non
3471 3541 3644 3596 solum

2061 3637 2114 3691 in
2146 3635 2527 3690 sublimitatem
2559 3641 2784 3686 naturae
2812 3632 2864 3685 in
2899 3633 2964 3686 iis
2998 3631 3320 3686 substitutae
3347 3629 3648 3694 ascensuri,

2059 3741 2244 3778 verum
2274 3725 2435 3778 etiam
2463 3737 2557 3792 per
2580 3721 2961 3774 abundantiam
2999 3719 3211 3773 divinae
3243 3719 3470 3789 gratiae,
3503 3731 3644 3786 quae

2053 3803 2156 3882 per
2181 3813 2456 3867 Christum
2501 3819 2554 3864 et
2584 3811 2635 3863 in
2682 3809 2898 3864 Christo
2920 3810 3104 3863 electis
3135 3809 3248 3862 suis
3273 3808 3534 3870 tradetur,
3559 3823 3644 3861 su-

2057 3917 2158 3972 pra
2187 3915 2375 3956 omnes
2393 3909 2620 3953 naturae
2654 3899 2798 3969 leges
2824 3913 2886 3952 ac
2917 3898 3180 3951 terminos
3206 3896 3632 3965 superessentia—

2061 3991 2187 4045 liter
2214 3990 2267 4043 in
2307 3991 2478 4058 ipsum
2525 3990 2692 4043 Deum
2752 3987 3030 4041 transituri
3086 3995 3235 4050 sunt,
3271 3997 3544 4052 unumque
3582 3981 3642 4037 in

2063 4081 2180 4149 ipso
2199 4077 2396 4134 etcum
2421 4081 2537 4147 ipso
2567 4077 2751 4132 l‘ntnri.
2779 4077 3020 4143 Quorum
3049 4075 3288 4130 recursio
3316 4074 3478 4127 veluti
3523 4080 3647 4141 post

2065 4169 2324 4238 quosdam
2366 4169 2562 4236 gradus
2586 4176 2788 4235 septem
2825 4167 3172 4219 discernitur.
3207 4161 3283 4215 Ac
3312 4164 3517 4231 primus
3546 4163 3654 4214 erit

2015 4289 2028 4296 -
2066 4255 2294 4312 mutatio
2323 4253 2518 4308 terreni
2540 4252 2784 4320 corporis
2805 4251 2858 4303 in
2883 4260 3084 4303 motum
3109 4249 3345 4310 vitalem,
3380 4248 3650 4302 secundus

2067 4345 2252 4400 vitalis
2293 4351 2470 4398 motus
2507 4343 2561 4394 in
2593 4353 2827 4400 sensum,
2861 4338 3052 4390 tertius
3072 4336 3333 4388 sensusin
3363 4337 3650 4398 rationem,

381 4433 634 4500 Βθθηιιπν
671 4449 850 4490 veram
885 4449 952 4492 ac
981 4437 1256 4506 propriam
1273 4443 1346 4490 ex
1379 4435 1560 4490 causis
1595 4434 1960 4503 'primordiali-
1985 4423 2036 4483 ῐ)
2061 4435 2259 4492 dehinc
2283 4431 2508 4490 rationis
2533 4431 2588 4487 in
2619 4430 2900 4485 animum:
2933 4429 2988 4482 in
3015 4442 3122 4496 quo
3151 4425 3272 4480 ﬁnis
3295 4425 3460 4480 totius
3483 4425 3651 4480 rana-

375 4525 484 4578 bus
527 4523 850 4593 impertitam
879 4525 1048 4581 fuisse
1087 4525 1467 4588 substantiam,
1523 4539 1662 4592 quae
1687 4526 1800 4592 ipsa
1829 4525 1956 4577 sub-

375 4615 594 4676 stantia,
627 4615 789 4670 rebus
815 4617 870 4670 in
896 4631 1086 4671 causas
1109 4631 1234 4671 suas
1271 4614 1686 4680 revertentibus,
1710 4614 1856 4668 salva
1881 4622 1959 4667 at-

375 4720 484 4775 que
509 4705 821 4774 incorrupta
853 4721 1070 4761 manere
1092 4707 1319 4760 dicatur.
1347 4704 1415 4758 At
1439 4704 1726 4774 praecipue
1751 4705 1803 4757 in
1821 4703 1959 4758 libro

375 4797 589 4864 quinto,
633 4812 742 4865 quo
778 4797 844 4850 de
879 4811 1060 4850 rerum
1107 4797 1351 4852 omnium
1409 4796 1582 4850 reditu
1633 4795 1959 4863 disputatur,

377 4883 546 4937 altera
573 4883 666 4937 ilia
698 4885 986 4950 sententia,
1013 4897 1175 4954 quam
1205 4897 1362 4954 supra
1407 4884 1521 4953 jam
1574 4883 1978 4964 explicavimus.

377 4975 476 5045 (cf.
509 4973 539 5044 ᾗ
571 4975 688 5044 '56),
711 4975 932 5030 uberius
963 4984 1046 5030 est
1074 4976 1334 5044 exposita.
1365 4973 1548 5043 itaque
1597 4975 1729 5027 haec
1773 4973 1966 5046 docen-

381 5075 491 5119 tur.
519 5065 697 5132 Quum
726 5081 832 5122 non
865 5068 1011 5135 ipsae
1041 5081 1221 5121 rerum
1249 5067 1583 5120 substantiae
1616 5079 1680 5118 ex
1711 5063 1888 5117 causis
1911 5063 1962 5116 in

379 5157 528 5210 hunc
558 5160 817 5212 mundum
849 5152 1155 5228 fingendum
1207 5155 1580 5228 proﬂuxerint,
1610 5155 1704 5210 sed
1735 5169 1800 5208 ex
1837 5155 1966 5208 sub-

381 5247 731 5312 stantiarum,
761 5261 901 5316 quae
923 5247 976 5301 in
999 5249 1180 5302 causis
1201 5257 1600 5312 remanserunt,
1639 5263 1657 5296 ‹
1691 5245 1968 5314 qualitati-

379 5335 486 5389 bus
519 5355 538 5385 ι
567 5337 656 5390 hic
705 5339 938 5392 mundus
971 5337 1265 5392 fabricatus
1308 5351 1468 5407 atque
1507 5345 1816 5404 compactos
1870 5329 1970 5401 sit,

391 5443 412 5476 α
451 5427 568 5494 ipse
595 5427 802 5482 reditus
833 5445 941 5483 non
970 5437 1052 5484 est
1073 5429 1518 5491 substantiarum,
1546 5443 1684 5498 quae
1717 5429 1971 5482 immuta-

377 5515 566 5571 biliter
589 5525 644 5571 et
675 5518 1036 5576 insolubiliter
1063 5523 1115 5575 in
1141 5537 1198 5575 se
1225 5527 1566 5596 permanent,
1607 5521 1700 5576 sed
1748 5521 1976 5590 qualita-

385 5613 498 5661 tum
529 5619 588 5664 et
623 5611 986 5678 quantitatum
1038 5612 1373 5682 aliorumque
1419 5613 1798 5676 accidentium,
1838 5627 1976 5680 quae

2061 4530 2199 4586 nalis
2224 4537 2508 4584 creaturae
2537 4523 2904 4582 constituitur.
2933 4521 3069 4576 'Post
3119 4521 3256 4574 hanc
3287 4519 3450 4574 veluti
3485 4517 3650 4588 quin-

2063 4635 2170 4691 que
2197 4621 2432 4690 partium
2461 4627 2680 4671 nostrae
2723 4623 2948 4668 naturae
2979 4612 3385 4676 adimationcm,
3413 4609 3664 4681 corporis

2067 4713 2334 4776 videlicet,
2363 4720 2417 4765 et
2443 4711 2620 4764 vitalis
2655 4715 2856 4773 motus,
2911 4721 3229 4775 sensusque,
3289 4706 3664 4774 rationisque,

2070 4801 2496 4868 intellectusque,
2559 4799 2634 4852 ita
2673 4805 2727 4850 ut
2758 4813 2860 4851 non
2891 4799 3150 4866 quinque,
3183 4795 3276 4850 sed
3321 4812 3486 4850 nomn
3523 4795 3660 4858 sint,

2071 4891 2416 4946 inferioribus
2472 4903 2690 4957 semper
2737 4904 2767 4942 a
2812 4889 3183 4958 superioribus
3241 4884 3658 4947 consummatis,

2068 4998 2173 5037 non
2203 4990 2260 5034 ut
2282 4998 2385 5035 non
2413 4981 2541 5045 sint,
2570 4981 2660 5034 sed
2687 4989 2744 5032 ut
2767 4994 2931 5032 unum
2961 4979 3088 5042 sint,
3113 4985 3408 5045 sequentur
3434 4974 3526 5028 alii
3546 4985 3664 5026 tres

2069 5073 2401 5128 ascensionis
2424 5072 2641 5141 gradus,
2675 5081 2906 5139 quorum
2937 5075 3168 5122 unusest
3199 5067 3456 5119 transitus
3487 5061 3662 5115 animi

2067 5163 2122 5216 in
2154 5160 2432 5216 scientiam
2455 5160 2717 5220 omnium,
2745 5173 2885 5225 quae
2921 5165 3040 5224 post
3075 5157 3240 5208 Deum
3274 5143 3432 5216 sunt,
3465 5164 3658 5202 secun-

2075 5251 2174 5305 dus
2203 5249 2464 5304 scientiae
2491 5249 2543 5301 in
2573 5248 2912 5316 sapientiam,
2943 5245 3045 5299 hoc
3097 5253 3200 5304 est,
3246 5237 3662 5306 contemplatio-

2055 5358 2200 5404 _nem
2235 5343 2478 5396 intimam
2503 5339 2772 5404 veritatis,
2802 5345 3062 5406 quantum
3099 5339 3379 5384 creaturae
3410 5329 3661 5383 concedi.

2077 5443 2199 5496 tur,
2239 5433 2449 5494 tertius,
2480 5431 2646 5498 quiet
2677 5441 2934 5484 summus,
2993 5417 3493 5498 purgatissimorum
3546 5419 3634 5474 ani

2079 5535 2288 5574 morum
2319 5519 2372 5571 in
2405 5497 2578 5584 ipsum
2605 5513 2773 5564 Deum
2803 5497 3289 5574 supernaturaliler
3316 5519 3562 5569 occasus,
3598 5521 3665 5560 ar.

2080 5609 2241 5663 veluti
2269 5599 2836 5670 incomprehensibilis
2857 5605 2908 5650 cl
2935 5595 3325 5654 inaccessibilis
3352 5597 3486 5652 lucis
3513 5605 3636 5651 tene
